2197 3121
950 152 1087 184 OPT—

199 236 248 266 (sc.
267 234 374 265 tutoris)
394 233 485 261 datur.
506 238 548 260 aut
568 237 683 269 angusta.
704 232 760 260 Gai.
781 233 798 260 1.
819 235 876 260 151.
897 244 936 270 sq.
974 235 1041 261 Data
1063 236 1064 270 J

199 278 316 314 optione,
337 277 358 303 si
379 278 438 313 quis
458 277 587 313 optaverit
601 276 712 302 alienum
726 286 838 307 servum.
853 293 885 296 —
899 277 1041 304 videndum
1062 277 1064 307 ,¹1

199 325 255 352 est,
279 330 310 346 an
331 320 504 346 consumserit
523 320 664 356 optionem.
689 318 718 345 l'r.
738 321 762 346 2.
787 320 809 353 5.
828 322 853 346 2.
877 319 909 346 de
934 321 1041 357 optione
1062 323 1063 348 i

199 362 248 398 leg.
263 364 303 388 33.
319 365 342 389 5.
366 362 479 398 Quoties
494 362 563 388 servi
584 361 686 392 electio,
705 362 748 388 vel
767 363 849 399 optio,
869 362 952 389 datur.
973 363 1002 389 fr.
1015 365 1039 389 2.
1062 382 1063 395 ,

198 415 237 442 pr.
253 405 286 431 ib.
301 406 342 431 33.
356 407 380 431 5.
418 405 499 442 Optio
519 404 596 440 legati
615 414 662 441 per
676 404 877 432 vindicationem
892 404 958 431 data.
978 405 1039 443 le.

197 447 294 475 XXIV.
316 450 355 474 14.
392 447 420 474 In
440 448 556 485 optionis
576 446 661 483 legato
687 452 793 484 captus,
818 447 878 474 dum
899 447 977 484 elegit
996 448 1039 475 de·

198 492 329 517 teriorem.
350 490 379 517 fr.
400 492 422 517 7.
446 491 468 524 5.
489 492 511 516 7.
532 490 564 516 de
583 491 675 516 minor.
694 493 718 516 4.
738 492 762 517 4.
800 489 882 527 Optio
902 492 1040 517 continuae
1061 492 1063 523 l

198 533 340 559 viduitatis.
360 533 426 560 Nov.
448 533 537 560 Maior.
558 532 590 559 de
610 534 763 559 sanctimon.
778 532 821 559 IV.
835 534 858 559 6.
879 543 900 559 c.
916 535 938 559 1.
957 534 979 568 5.
994 536 1016 560 7.

233 576 354 609 Optio.
380 576 410 609 ξ.
426 577 460 602 l.
479 578 640 603 Tribunus
660 578 816 607 militum,
836 577 926 608 (item
945 586 1038 610 prae·
1060 598 1061 621 ἶ

192 620 304 654 fectus
332 621 560 653 operariorum
594 620 641 645 vel
672 620 884 655 officialium
913 622 1061 647 milita-¹

197 663 306 691 rium.)
345 661 387 687 111.
408 663 473 689 (711.
494 661 591 688 Milites
611 661 823 698 adpellamus,—
845 671 892 687 nec
911 672 963 688 non
983 673 1037 694 ρος,
1059 667 1061 678 ¹

197 705 242 740 qui
261 704 310 730 sub
330 704 442 730 diversis
462 704 614 741 optionibus
635 703 683 737 [al.
703 703 885 740 opinionibus,
906 715 929 730 v.
950 707 1038 742 opina·
1059 723 1060 734 2

197 747 316 780 toribus]
337 747 575 779 „foederatoruuw
599 747 703 772 nomine
726 751 787 772 sunt
807 746 930 773 decorati.
956 758 976 774 c.
995 750 1037 774 35.

196 790 229 816 de
247 789 324 817 locat.
345 792 368 816 4.
388 791 428 816 65.
466 790 617 820 Mensores,
642 789 714 825 optio
739 788 786 822 [al.
808 790 944 826 opinator]
969 791 1037 817 vale·
1058 815 1059 823 ἶ

196 832 328 865 tudinarii,
346 833 441 859 medici
461 838 510 860 etc.
530 849 561 852 —
586 831 677 868 Neque.
696 831 876 868 speculatores
896 832 965 859 ultro
985 834 1036 859 sibi
1058 826 1060 868 ἑ

196 875 338 907 vindicent,
356 885 443 912 neque
463 876 592 912 optiones
614 890 644 893 —
669 873 724 900 Nec
744 876 797 911 pati
817 876 955 912 optiones,
981 878 1036 903 sive

196 919 444 944 commentarienses
471 929 499 944 ea
523 918 630 955 pecunia
655 917 734 944 abuti.
759 918 788 944 sr.
808 919 831 944 6.
857 918 889 944 dc
913 918 972 945 bon.
994 919 1035 945 da·
1057 910 1059 963 l

195 966 272 987 mnat.
292 963 332 987 48.
352 964 393 987 20.
415 977 446 980 -
466 962 496 994 §.
511 963 546 987 2.
573 961 795 996 Officialium
815 963 966 988 cit-ilium
982 973 1034 997 ge-

194 1014 261 1030 nus.
302 1006 423 1031 Scriba.
460 1003 502 1030 III.
523 1005 588 1030 Cn.
614 1002 743 1035 curialis.
763 1009 807 1030 aut
825 1005 974 1040 quicunque
993 1004 1035 1030 ad·
1057 1012 1058 1021 ¹

195 1048 307 1084 paritor,
330 1046 372 1072 vel
399 1048 485 1084 optio,
509 1045 551 1072 vel
577 1047 721 1076 actuarius,
745 1046 787 1072 vel
807 1046 917 1083 quilibet
935 1047 1034 1084 publici
1056 1066 1057 1083 1

195 1089 277 1115 debiti
297 1094 402 1116 exactor
421 1091 476 1115 sive
496 1088 657 1125 compulsor.
679 1099 698 1115 e.
713 1091 736 1114 3.
758 1089 789 1116 de
809 1091 900 1127 apoch.
916 1090 978 1127 pub.
994 1093 1033 1117 10.
1055 1089 1057 1125 j

193 1134 236 1158 22.
274 1132 340 1158 Nov.
360 1132 480 1158 Marcian.
502 1132 533 1158 de
553 1131 650 1168 indulg.
671 1131 764 1167 reliqu.
784 1131 826 1158 111.
846 1134 869 1158 2.
891 1143 911 1159 c.
932 1135 953 1159 1.
974 1134 995 1167 5.
1009 1135 1032 1160 3.
1055 1149 1057 1168 g

194 1174 244 1201 Th.
259 1174 289 1201 C.
304 1174 358 1201 VH.
374 1176 397 1201 4.
417 1185 438 1201 c.
452 1176 492 1200 24.
514 1174 546 1201 de
565 1183 635 1207 erog.
655 1174 707 1200 mil.
728 1185 822 1202 annon.
859 1175 1034 1203 Subscriben-

193 1217 290 1249 darius,
310 1222 336 1243 et
355 1219 435 1254 optio.
456 1217 506 1244 Th.
527 1216 556 1243 C.
578 1217 594 1243 l.
614 1217 630 1243 l.
652 1228 673 1243 c.
694 1219 716 1243 1.

228 1260 397 1293 optivus.
436 1260 574 1293 (Adiect.)
611 1262 784 1287 Electione
807 1262 910 1288 libera
934 1265 1033 1289 nomi-

192 1305 323 1330 nandus.
360 1303 378 1329 I.
401 1304 462 1337 Sy.
489 1303 542 1338 Qui
567 1313 598 1329 ex
627 1304 736 1339 optione
760 1309 910 1336 sumuntur,
939 1304 1032 1342 Optivi

192 1347 336 1379 (tutores.)
360 1345 416 1372 Gai.
441 1345 458 1371 I.
480 1347 538 1371 154.
575 1345 606 1371 II.
628 1347 694 1380 Op.
722 1346 811 1373 Dativi
832 1349 975 1381 (tutores.)
995 1348 1031 1375 ld.

193 1389 208 1415 i.
229 1389 245 1415 l.

226 1432 472 1465 Opulenffare.
518 1432 711 1466 Opulentum
736 1434 865 1468 facere,
893 1435 1030 1469 Augere.

190 1474 234 1500 111.
253 1476 320 1502 Cn.
339 1474 367 1501 In
388 1475 483 1511 quibus
504 1474 552 1507 (sc.
573 1475 708 1511 personis)
729 1491 758 1495 —-
785 1480 858 1502 ortus
878 1486 940 1503 suos
960 1488 1032 1514 prae-

191 1518 260 1544 senti
278 1528 385 1544 munere
404 1518 541 1555 opulentat
560 1520 609 1549 (sc.
629 1517 694 1551 lex.)
720 1517 803 1544 Yatic.
824 1519 847 1553 5.
866 1521 925 1546 219.

225 1561 441 1593 opulentia.
483 1562 713 1591 Abundantia,
746 1563 855 1596 Copia.
897 1562 938 1589 III.
964 1564 1029 1591 011.

192 1603 335 1640 Opulentia
360 1603 521 1630 facultatum.
550 1602 599 1630 Th.
621 1602 651 1629 C.
671 1603 742 1630 XII.
761 1607 785 1631 2.
810 1615 831 1631 c.
851 1607 873 1632 6.
899 1605 931 1632 de
950 1608 1029 1644 episc.

193 1645 256 1671 eccl.
1051 1666 1053 1679 ἱ

225 1689 445 1721 opulentus.
475 1688 603 1721 (Adiect.)
630 1690 803 1723 Locuples,
831 1692 972 1725 Opimus.
1010 1693 1028 1719 1.

192 1732 253 1765 Sy.
272 1730 383 1758 Idoneus
404 1732 595 1768 (patrimonio.)
614 1732 651 1758 lb.
673 1743 693 1759 c.
714 1735 737 1759 6.
759 1733 774 1759 l.
811 1733 841 1760 II.
855 1736 922 1768 011.
943 1736 1028 1771 Quem

190 1773 356 1800 mediocritas
377 1779 492 1801 excusat.
529 1774 638 1812 Pauper.
663 1775 698 1801 lb.
719 1775 763 1801 XI.
785 1777 807 1802 1.
834 1786 856 1802 c.
874 1779 915 1803 27.
936 1778 968 1804 de
987 1789 1028 1804 an-

190 1821 297 1842 non..ct
315 1817 404 1843 trihut.
424 1817 493 1843 XVI.
513 1820 536 1843 2.
563 1828 585 1843 (·.
604 1819 628 1844 6.
666 1818 829 1855 opulentae.
849 1835 880 1838 —
900 1820 1028 1847 Desertae.
1049 1819 1051 1822 ’

190 1860 356 1892 (centuriae.)
376 1859 411 1886 lb.
424 1860 469 1886 xl.
486 1862 507 1886 1.
528 1870 549 1886 c.
571 1862 611 1887 10.
647 1860 690 1886 Ill.
704 1862 768 1888 Cn.
788 1861 903 1888 Divitiae
922 1868 947 1889 et
966 1874 1028 1901 opn-
1049 1858 1051 1863 ’

191 1902 286 1928 lentior
306 1902 416 1928 fortuna.
437 1902 503 1929 Nov.
523 1902 645 1929 IIIarcian.
666 1903 698 1929 de
717 1905 825 1930 matrim.
846 1904 990 1932 Senat.111.
1003 1909 1026 1933 4.

190 1956 211 1970 e.
228 1947 249 1970 1.
270 1946 291 1978 5.
305 1947 328 1971 2.
367 1946 427 1980 Quo
448 1947 559 1982 quisque
579 1946 732 1972 honoratior
751 1952 793 1973 aut
814 1948 964 1984 opulentior
979 1954 1026 1975 est.
1048 1948 1050 1977 ἑ

189 1986 256 2013 Νῦν.
272 1987 328 2013 tal.
344 1987 384 2014 III.
423 1987 514 2024 Neque
533 1988 601 2015 dom.
622 1989 673 2015 div.
694 1989 715 2015 Il
745 1992 783 2016 10.
805 2001 824 2017 c.
846 1993 868 2017 1.
888 1992 909 2024 5.
923 1993 947 2017 3.
978 1991 1027 2018 He-

190 2030 287 2056 reditas
307 2030 438 2067 opulenta.
459 2030 488 2057 fr.
511 2033 532 2057 1.
553 2032 573 2065 5.
593 2034 617 2058 2.
638 2032 670 2058 de
689 2032 732 2058 ofi'.
750 2032 823 2059 Proc.
839 2033 915 2060 Caes.
931 2036 953 2061 l.
969 2037 1008 2061 19.

226 2073 339 2106 Opus.
369 2073 495 2106 (Subst.)
527 2075 557 2108 ᾗ.
578 2076 612 2101 1.
635 2076 771 2109 Operae,
794 2077 1024 2104 Ministerium.
1047 2084 1049 2108 ξ

191 2115 209 2141 1.
223 2117 283 2150 Sy.
303 2117 410 2153 Operis,
431 2117 565 2153 Operibus
585 2118 676 2149 (servi,
696 2128 731 2144 sc.
747 2118 905 2155 adquirere.)
925 2120 980 2146 Gai.
995 2120 1024 2147 ll.
1047 2113 1049 2152 l

191 2159 232 2183 94.
252 2158 311 2195 le.
331 2159 402 2185 XIX.
421 2161 462 2185 21.
483 2159 551 2186 Cotl.
571 2159 622 2186 LL.
643 2160 676 2186 Μ,
696 2160 738 2187 ΙΙΙ,
757 2163 780 2187 3.
818 2161 860 2188 III.
881 2164 947 2190 Gn.
967 2162 1025 2189 Non

192 2200 276 2227 solum
296 2203 413 2238 imperio,
434 2202 480 2228 sed
500 2202 686 2234 moderatione,
706 2208 730 2229 et
746 2204 938 2232 sufficientibus
953 2216 1026 2243 prae-

193 2243 254 2269 bitis
283 2248 308 2269 et
333 2245 409 2270 iustis
438 2245 562 2282 operibus
588 2247 733 2278 (contineri
760 2252 865 2283 oportet
889 2258 1025 2275 servorum
1046 2261 1048 2281 ς

192 2285 371 2321 obsequium.)
399 2287 467 2313 Coll.
491 2287 543 2314 LL.
569 2287 601 2314 Μ.
626 2287 642 2314 l.
662 2287 678 2314 l.
722 2288 870 2316 Fabrilibus
898 2292 1022 2328 operibus
1046 2284 1048 2288 Ι

192 2329 309 2354 exerceri
335 2327 473 2362 (milites.)
498 2331 527 2357 sr.
550 2333 588 2356 12.
612 2341 651 2367 pr.
676 2330 707 2357 de
730 2331 761 2358 R.
781 2332 814 2359 M.
838 2334 881 2360 49.
907 2336 946 2360 16.
983 2335 1024 2361 Ad
1046 2326 1048 2344 l

192 2380 259 2407 opus
279 2371 422 2407 privatum,
446 2373 585 2408 piscatum,
608 2378 729 2400 venatum
749 2376 895 2409 (mittere.)
915 2376 951 2404 lb.
970 2377 987 2404 1.
1008 2377 1024 2404 l.

192 2413 329 2449 Mancipia,
349 2423 415 2449 quac
434 2414 459 2439 in
478 2414 517 2441 his
536 2416 650 2452 praediis
663 2422 760 2443 morata
774 2417 886 2450 fuerunt,
905 2419 947 2446 vel
965 2430 1025 2457 ope-

192 2457 228 2482 ris
249 2456 341 2481 rustici
361 2465 445 2483 causa.
464 2456 506 2482 vel
525 2458 630 2485 alterius
650 2459 738 2486 officii.
758 2459 786 2486 fr.
801 2462 840 2487 78.
861 2462 882 2495 5.
896 2464 919 2489 2.
940 2462 969 2489 sr.
983 2464 1024 2489 93.

192 2500 213 2532 5,
233 2500 257 2523 2.
277 2497 307 2524 fr.
326 2499 367 2524 99.
388 2508 426 2535 pr.
447 2497 479 2524 de
498 2498 571 2535 legat.
590 2501 632 2528 111.
653 2503 719 2535 (32.)
739 2502 809 2529 Paul.
829 2503 871 2530 III.
891 2506 914 2531 6.
934 2506 1024 2539 5535.

192 2541 232 2567 70.
271 2540 300 2566 ln
324 2550 390 2577 opus
414 2540 546 2578 publicum
569 2550 695 2580 perpetuo
719 2545 779 2572 dati.
800 2562 831 2565 —
857 2547 945 2584 Opere
963 2553 1026 2574 tem-

192 2584 296 2620 porario
315 2583 424 2610 multati.
445 2583 474 2610 sr-
496 2585 534 2610 10.
555 2585 576 2617 5.
595 2588 621 2611 2.
641 2587 670 2613 fr.
692 2590 731 2615 17.
751 2589 773 2622 5.
795 2591 815 2616 1.
835 2589 864 2616 fr.
878 2592 919 2616 34.
940 2601 977 2628 pr.
993 2591 1024 2617 de

193 2636 268 2662 poen.
288 2626 328 2651 48.
350 2628 388 2652 19.
414 2625 484 2652 Paul.
505 2625 539 2652 Ill
566 2627 627 2654 4.A.
651 2630 673 2662 5.
691 2633 715 2657 9.
758 2631 786 2658 In
810 2632 941 2659 metallum
961 2633 1023 2666 dati⁷

194 2674 219 2695 et
238 2670 263 2695 in
283 2678 349 2705 opus
368 2668 473 2695 metalli.
493 2669 522 2695 fr.
545 2671 583 2695 17.
604 2680 642 2706 pr.
661 2672 695 2698 ib.
714 2675 754 2701 48.
776 2676 814 2702 19.
841 2675 912 2702 Paul.
932 2676 962 2703 II.
984 2679 1022 2704 19.

193 2713 215 2745 5.
235 2714 258 2738 9.
278 2711 309 2737 V.
329 2713 353 2738 3.
373 2712 393 2745 5.
414 2713 437 2737 5.
457 2711 488 2738 V.
508 2713 531 2737 4.
554 2712 575 2745 5
596 2716 619 2738 δ.
656 2713 684 2740 Ιι]
703 2717 833 2744 metallum
852 2718 978 2749 damnati.
1002 2721 1024 2746 si

195 2771 225 2776 —
246 2754 352 2781 inutiles
373 2755 446 2790 operi
464 2754 582 2781 faciendo
607 2755 838 2792 deprehendantur.
864 2760 892 2787 fr.
910 2763 952 2788 22.
972 2762 988 2788 l.
1008 2762 1024 2789 l.

195 2798 235 2823 48.
256 2799 296 2824 19.
334 2797 361 2823 ln
386 2807 453 2834 opus
477 2797 614 2824 salinarum
635 2798 697 2825 dari.
722 2799 751 2826 fr.
771 2802 794 2827 6.
820 2802 852 2829 de
871 2805 964 2841 captiv.
984 2806 1024 2831 49.

1052 1547 1053 1550 ,
1075 1524 1188 1560 reliquit.
1216 1523 1245 1550 ΓΡ.
1265 1526 1290 1550 2.
1315 1525 1336 1558 5.
1355 1526 1396 1551 46.
1417 1525 1448 1551 de
1469 1525 1502 1551 Ο.
1522 1525 1539 1552 Ι.
1561 1528 1582 1552 1.
1602 1528 1625 1552 2.

1097 153 1196 185 ΟΒΑ.
1860 164 1922 194 665

1089 237 1128 262 15.
1148 252 1181 256 —
1200 237 1231 270 ἓ.
1246 238 1281 264 2.
1304 239 1393 271 Quod
1412 241 1520 273 operis
1537 243 1747 274 praestandis
1767 243 1920 278 efficien-

1086 281 1156 306 dum
1179 285 1232 306 est.
1272 281 1487 317 Quodcunque
1506 285 1538 309 in
1557 286 1624 310 solo
1643 286 1856 318 exstruimus,
1876 290 1922 314 vel

1085 324 1240 348 molimur.
1283 322 1326 349 111.
1346 325 1411 351 οη.
1439 325 1468 351 Si
1493 330 1602 352 testator
1628 326 1682 353 dari
1706 326 1769 363 quid
1792 329 1922 361 iussisset,

1085 369 1128 390 aut
1148 375 1214 402 opus
1234 365 1299 397 fieri,
1319 371 1361 392 aut
1381 377 1475 394 munus
1489 368 1551 394 dari.
1572 368 1601 395 fr.
1614 371 1655 396 49.
1675 370 1697 403 5.
1711 372 1734 396 4.
1755 370 1787 397 de
1800 370 1875 408 legat.
1889 372 1919 399 II.

1084 408 1151 440 (31.)
1189 407 1313 440 Pecunia,
1340 419 1405 445 quae
1429 411 1455 437 in
1478 421 1556 448 opera
1581 422 1646 439 nova
1670 412 1751 449 legata
1776 418 1823 440 est.
1847 415 1877 442 fr.
1897 417 1919 443 7.

1084 460 1121 487 pr.
1143 450 1175 476 de
1195 461 1255 489 opp.
1275 451 1336 489 pub.
1350 454 1390 479 50.
1408 454 1446 479 10.
1476 453 1586 481 Pecunia
1607 455 1638 482 ad
1657 466 1724 493 opus
1743 457 1919 493 aquaeductus

1084 493 1147 530 reip.
1168 510 1199 513 —
1219 493 1318 521 relicta.
1338 495 1368 521 fr.
1388 497 1410 522 9.
1436 497 1456 530 5.
1477 499 1501 522 5.
1523 497 1555 523 de
1574 499 1621 524 iur.
1642 504 1667 525 et
1686 499 1746 525 sacti
1764 500 1814 536 ign.
1833 503 1874 528 22.
1894 504 1919 528 6.

1084 535 1184 572 Opera.
1209 547 1275 573 quae
1294 539 1320 564 in
1339 539 1436 567 muris.
1459 539 1500 565 vel
1520 542 1617 576 portis,
1642 541 1683 567 vel
1707 542 1786 569 rebus
1804 543 1919 580 publicis

1083 578 1156 605 fiunt.
1177 579 1206 606 t'r.
1221 582 1243 606 6.
1259 580 1291 606 de
1305 591 1364 618 opp.
1380 581 1442 618 pub.
1457 584 1550 609 50.10.
1581 583 1668 610 Aedes
1688 594 1775 612 sacras
1795 591 1820 612 et
1840 597 1918 624 opera

1083 621 1187 658 publica
1208 624 1351 651 circumire.
1376 624 1406 651 fr.
1427 627 1449 651 7.
1475 625 1496 659 5.
1519 627 1540 651 l.
1561 625 1592 651 de
1613 626 1655 652 oss.
1676 626 1749 654 Proc.
1769 634 1795 655 et
1813 629 1874 666 Leg.
1895 632 1917 656 1.

1084 666 1122 690 16.
1161 665 1274 692 Cui-ator
1293 676 1401 704 operum
1420 673 1531 694 creatus.
1552 668 1581 694 fr.
1604 670 1624 695 l.
1644 680 1682 706 pr.
1708 670 1737 696 fr.
1757 673 1781 697 2.
1801 672 1822 705 5.
1844 674 1865 699 l.
1886 673 1918 700 de

1082 717 1143 744 opp.
1163 708 1225 744 pub.
1244 710 1286 735 50.
1308 711 1347 736 10.
1385 710 1413 737 Si
1432 712 1482 738 iter
1500 711 1612 748 legatum
1631 713 1680 744 sit,
1701 723 1749 749 qua
1768 715 1819 740 nisi
1838 725 1918 753 opere

1059 752 1060 783 J
1082 750 1149 776 sacto
1169 752 1200 777 iri
1220 761 1271 777 non
1291 754 1385 789 possit.
1408 753 1437 780 fr.
1459 756 1498 780 10.
1519 754 1552 781 de
1571 756 1659 781 servit.
1679 757 1702 782 8.
1724 758 1745 782 1.
1783 757 1918 785 cameram

1081 803 1113 819 ex
1132 793 1221 829 figlino
1242 804 1321 832 opere
1340 795 1432 823 factam
1452 797 1582 830 (habere.)
1601 798 1631 824 fr.
1652 800 1692 825 19.
1712 799 1733 832 5
1756 801 1776 826 l.
1797 800 1828 827 de
1848 802 1874 828 S.
1888 802 1915 828 P.

1081 835 1111 861 V.
1127 838 1150 861 S.
1164 838 1188 862 2.
1214 836 1288 871 Quae
1307 842 1375 864 terra
1395 849 1447 866 uon
1466 845 1596 873 tenentur,
1616 851 1734 878 quaeque
1753 853 1832 880 opere
1850 849 1916 872 stru-

1080 878 1135 904 ctili
1155 881 1297 906 tectoriove.
1316 891 1367 907 non
1392 883 1566 909 continentur.
1593 883 1623 910 sr.
1643 886 1701 911 241.
1726 885 1758 911 de
1778 885 1807 913 V.
1828 887 1855 913 S.
1874 890 1915 914 50.

1081 922 1120 947 16.
1158 922 1252 957 Quoad
1278 924 1303 949 in
1328 934 1394 960 opus
1418 924 1512 961 lapidis
1533 936 1600 963 opus
1620 929 1684 959 erit,
1710 938 1757 965 pro
1785 928 1871 966 lapide
1891 936 1916 957 et

1057 980 1058 995 3
1079 966 1242 1002 manupretio
1267 965 1387 993 dominus
1412 967 1551 994 redemtori
1577 970 1601 995 in
1625 970 1707 1007 pedes
1731 972 1848 1008 singulos
1869 973 1915 1000 VII

1080 1007 1157 1034 dabit.
1179 1008 1208 1034 tr.
1227 1010 1268 1035 30.
1288 1009 1309 1042 5.
1329 1011 1352 1036 3.
1373 1010 1403 1036 t'r.
1423 1012 1463 1036 51.
1483 1011 1505 1044 5.
1527 1012 1548 1037 1.
1568 1011 1643 1039 locat.
1665 1015 1703 1040 19.
1723 1016 1746 1040 2.
1784 1015 1860 1051 Opus
1879 1016 1914 1043 lo-

1080 1055 1164 1076 catum
1181 1051 1346 1078 conductum.
1362 1069 1393 1072 —
1413 1053 1441 1079 In
1461 1053 1516 1089 lege
1535 1054 1674 1082 locationis
1689 1058 1914 1094 comprehensum.

1079 1098 1107 1120 ut
1126 1093 1252 1120 arbitratu
1271 1094 1369 1121 domini
1389 1105 1456 1132 opus
1475 1096 1642 1134 adprobetur.
1662 1099 1691 1126 sr.
1711 1102 1752 1126 24.
1772 1111 1810 1137 pr.
1829 1101 1859 1128 sr.
1873 1104 1914 1130 36.

1078 1137 1112 1162 ib.
1134 1138 1173 1163 19.
1192 1139 1216 1164 2.
1236 1136 1266 1163 fr.
1286 1139 1310 1164 5.
1334 1138 1356 1172 5.
1377 1140 1399 1165 1.
1425 1138 1458 1165 de
1477 1138 1508 1165 V.
1529 1139 1556 1166 S.
1576 1142 1617 1166 50.
1638 1143 1677 1168 16.
1715 1142 1791 1180 Opus
1811 1144 1913 1172 factum.

1079 1178 1169 1205 Facies
1198 1180 1323 1216 quaedam
1354 1181 1417 1208 Pacta
1443 1184 1538 1219 operis.
1580 1182 1691 1210 Pristina
1720 1185 1798 1212 facies
1826 1190 1914 1225 operis

1078 1227 1181 1250 mutata.
1201 1223 1232 1249 fr.
1252 1224 1293 1249 21.
1313 1224 1334 1257 5.
1354 1225 1377 1250 3.
1398 1224 1429 1252 ct‘.
1453 1225 1483 1251 sr.
1504 1227 1526 1252 1.
1551 1226 1648 1259 5511.
1668 1237 1706 1263 sq.
1727 1228 1759 1255 de
1778 1229 1810 1256 Ο.
1830 1229 1862 1257 N.
1881 1230 1912 1257 N.

1076 1267 1117 1292 39.
1140 1267 1161 1291 1.
1200 1266 1285 1301 Quem
1305 1267 1330 1293 iu
1350 1266 1436 1294 locum
1455 1269 1606 1295 nunciatum
1626 1274 1673 1301 est,
1693 1280 1724 1296 ne
1744 1272 1805 1307 quid
1826 1275 1913 1310 operis

1077 1309 1137 1334 novi
1157 1308 1240 1335 tieret.
1261 1308 1290 1335 fr.
1310 1312 1351 1336 20,
1372 1311 1393 1344 5.
1414 1313 1437 1337 9.
1458 1311 1493 1338 ib.
1513 1311 1544 1338 cf.
1564 1311 1594 1338 fr.
1615 1314 1656 1338 72.
1676 1312 1707 1339 de
1727 1324 1828 1349 procur.
1848 1318 1872 1342 3.
1887 1318 1912 1343 3.

1077 1368 1109 1371 —
1129 1352 1208 1385 §.3.
1229 1354 1303 1385 Ars,
1324 1354 1494 1381 Doctrina.
1533 1354 1550 1381 1.
1571 1356 1629 1389 Sy.
1649 1355 1779 1389 Eruditio,
1798 1357 1913 1385 Scientia

1077 1394 1187 1431 (legum,
1207 1405 1228 1421 S.
1248 1394 1382 1431 legitima.)
1411 1396 1487 1433 Opus
1507 1397 1684 1433 (legitimum.)
1712 1398 1830 1427 Prooem.
1850 1401 1912 1428 Inst.

1076 1438 1112 1471 55.
1132 1440 1155 1464 3.
1175 1448 1214 1474 sq.
1235 1439 1257 1464 7.
1295 1438 1338 1465 111.
1357 1441 1422 1466 011.
1442 1439 1508 1466 Iuris
1528 1440 1627 1478 publici
1647 1446 1672 1467 et
1690 1443 1785 1479 privati
1804 1444 1913 1477 (doetis-

1076 1482 1157 1507 simus
1177 1481 1281 1507 habitus
1297 1483 1357 1513 est.)
1377 1487 1403 1508 et
1416 1482 1564 1519 complures
1579 1485 1715 1520 utriusque
1728 1487 1815 1522 operis
1830 1487 1912 1514 libros

1663 1526 1736 1554 Libri
1755 1528 1787 1555 de
1805 1530 1861 1557 iure
1879 1532 1912 1558 ci-

1075 1567 1120 1593 vili
1145 1566 1264 1604 plurimi.
1287 1572 1313 1593 et
1337 1569 1380 1604 qui
1405 1578 1507 1594 omnem
1530 1573 1629 1605 partem
1654 1571 1741 1606 operis
1766 1571 1910 1600 fundarent.

1076 1610 1104 1636 fr.
1124 1612 1148 1636 2.
1175 1611 1196 1644 5.
1217 1611 1257 1636 44.
1279 1609 1310 1636 cf.
1336 1611 1357 1643 5.
1376 1612 1416 1637 39.
1438 1611 1472 1637 ib.
1494 1613 1514 1637 l.
1535 1614 1558 1638 2.
1586 1629 1615 1632 -
1644 1614 1675 1646 §.
1697 1615 1735 1640 ⁴.
1762 1616 1910 1643 Littera-

1075 1655 1157 1679 rium
1178 1663 1261 1687 opus.
1300 1652 1318 1679 1.
1342 1654 1403 1687 Sy.
1423 1654 1566 1691 Scriptura.
1588 1654 1629 1681 Cs.
1649 1656 1673 1681 h.
1695 1667 1718 1683 v.
1738 1657 1758 1690 5
1778 1659 1800 1683 5.

1108 1696 1221 1727 Opus.
1253 1695 1413 1729 (Indeclin.)
1448 1698 1533 1731 Opus
1552 1704 1610 1727 est.
1630 1700 1647 1724 i.
1667 1709 1686 1725 e.
1707 1701 1839 1727 ,Necesse
1856 1708 1909 1728 est.

1073 1738 1091 1764 1.
1109 1739 1169 1772 Sy.
1188 1738 1284 1769 Debet,
1304 1737 1486 1766 Necessarium
1507 1744 1555 1765 est.
1581 1739 1637 1766 Gai.
1658 1740 1688 1767 lt.
1709 1744 1767 1768 257.
1788 1753 1827 1779 sq.
1849 1743 1908 1781 le.

1049 1802 1051 1818 ι,
1073 1780 1116 1807 XI.
1135 1783 1177 1806 27.
1215 1780 1257 1806 III.
1273 1782 1338 1808 Gn.
1358 1781 1416 1807 Non
1435 1782 1541 1813 sufficit.
1556 1798 1588 1801 ——
1602 1783 1649 1809 sed
1669 1793 1735 1820 opus
1755 1790 1795 1811 est
1814 1791 1842 1812 ut
1860 1792 1908 1814 etc.

1073 1822 1129 1849 Gai.
1149 1823 1179 1850 lt.
1196 1824 1252 1849 156.
1270 1825 1328 1850 248.
1366 1824 1445 1859 Quod
1465 1830 1492 1851 ut
1511 1825 1675 1853 manifestum
1695 1827 1747 1859 fiat.
1768 1838 1808 1865 op.
1828 1834 1909 1856 estut

1073 1870 1121 1891 etc.
1141 1865 1176 1891 Il).
1198 1865 1241 1892 IV.
1260 1868 1299 1892 10.
1337 1865 1417 1893 Nullo
1437 1878 1525 1894 eorum
1545 1868 1622 1895 modo
1638 1869 1708 1895 —id
1728 1870 1831 1897 efficere
1850 1882 1908 1908 pos-

1072 1918 1137 1939 sum.
1157 1907 1204 1934 sed
1223 1919 1265 1946 op.
1286 1914 1326 1935 est
1345 1914 1373 1936 ut
1391 1914 1439 1936 etc.
1458 1910 1495 1937 lb.
1514 1910 1543 1937 II.
1563 1912 1604 1937 38.
1640 1911 1751 1939 Heredis
1770 1913 1829 1940 loco
1849 1925 1909 1941 con-

1072 1953 1223 1978 stituuntur.
1260 1951 1375 1988 Ideoque
1390 1969 1420 1972 —-
1434 1953 1539 1980 ficticiis
1558 1954 1705 1981 actionibus
1720 1966 1762 1993 op.
1777 1962 1823 1984 est.
1846 1957 1905 1995 le.

1072 1993 1190 2020 XXVIII.
1205 1996 1243 2020 12.
1267 1993 1296 2021 Si
1310 2005 1376 2032 opus
1396 2001 1475 2028 esset,
1494 2007 1517 2023 v.
1538 1997 1623 2024 suerit.
1661 1998 1773 2034 QuotIes
1793 2010 1834 2036 op.
1850 2001 1905 2026 erit.

1072 2037 1101 2063 fr.
1123 2039 1144 2063 l.
1165 2036 1197 2062 de
1216 2037 1259 2063 oll'.
1280 2036 1332 2064 Prf.
1352 2037 1425 2074 Vigg,
1447 2041 1468 2065 l.
1491 2041 1529 2066 15.
1550 2040 1580 2066 fr.
1596 2042 1618 2067 7.
1638 2041 1659 2075 5.
1676 2043 1696 2068 l.
1717 2041 1749 2068 de
1769 2042 1811 2068 off.
1832 2042 1904 2070 Proc.

1074 2084 1099 2105 et
1118 2079 1180 2115 Leg.
1202 2081 1223 2105 1.
1246 2081 1284 2105 16.
1304 2079 1334 2106 fr.
1355 2082 1377 2107 7.
1397 2082 1462 2115 5.1.
1482 2082 1514 2109 de
1534 2083 1625 2110 edenti.
1645 2086 1669 2110 2.
1690 2086 1728 2110 13.

1105 2123 1192 2149 Ora.
1212 2124 1313 2158 Regio
1329 2127 1505 2152 maritima.
1526 2125 1544 2151 I.
1557 2127 1617 2160 Sy.
1628 2125 1724 2153 Litora.
1746 2127 1799 2153 Ora
1813 2132 1904 2155 terrae.

1070 2164 1136 2191 Nov.
1151 2164 1207 2191 Val.
1219 2165 1260 2191 III.
1281 2165 1313 2192 de
1332 2166 1404 2193 redd.
1424 2168 1480 2194 iure
1499 2179 1559 2195 arm.
1571 2168 1599 2195 ll.
1612 2171 1634 2196 9.
1650 2180 1670 2195 c.
1684 2171 1704 2195 l.
1732 2170 1764 2205 Q.
1776 2169 1903 2206 Ligarius.

1070 2209 1127 2244 qui,
1154 2218 1212 2235 cum
1235 2208 1339 2235 Africae
1363 2219 1434 2236 oram
1453 2216 1565 2242 teneret,
1589 2212 1718 2238 infirmum
1739 2212 1903 2239 Tuberonem

1070 2250 1201 2287 adplicare
1221 2261 1272 2277 nou
1293 2253 1418 2288 permisit.
1439 2253 1468 2279 fr.
1488 2256 1510 2279 2.
1531 2254 1552 2287 5.
1567 2255 1607 2280 46.
1628 2254 1660 2280 de
1680 2254 1711 2281 Ο,
1732 2255 1749 2282 1.
1770 2257 1792 2281 1.
1811 2258 1834 2280 2.

1104 2294 1319 2321 Graculum.
1365 2297 1524 2322 Voluntas
1554 2298 1725 2331 Principis
1752 2308 1902 2331 expressa

1069 2338 1166 2372 (lege,
1187 2340 1237 2363 rel
1254 2339 1442 2372 rescripto.)
1471 2338 1490 2364 1.
1505 2340 1565 2373 Sy.
1580 2338 1726 2377 Principale
1739 2341 1901 2376 reserIptum.

1069 2378 1095 2406 S.
1116 2379 1255 2405 oraculum.
1276 2379 1312 2412 55
1334 2381 1355 2405 l.
1376 2382 1399 2407 3.
1421 2382 1460 2407 11.
1480 2380 1498 2407 l.
1519 2381 1550 2407 de
1570 2382 1657 2420 adopt.
1673 2384 1694 2409 1.
1709 2384 1747 2408 ll.
1784 2382 1825 2408 111.
1837 2384 1901 2410 Gn.

1069 2422 1124 2448 Nec
1142 2421 1198 2458 lege
1218 2423 1384 2458 pragmatica,
1410 2433 1458 2450 nec
1482 2423 1568 2450 diviua
1593 2425 1774 2455 adnotatione,
1794 2434 1901 2451 sacrove

1069 2464 1174 2491 oraculo
1199 2466 1322 2491 excusati.
1348 2475 1368 2491 c.
1389 2467 1412 2492 2.
1441 2466 1484 2502 de„
1498 2467 1568 2503 quib.
1592 2467 1717 2493 munerib.
1744 2469 1783 2493 10.
1803 2469 1843 2494 48.
1868 2468 1899 2494 cs.

1069 2507 1118 2534 Th.
1139 2507 1169 2534 C.
1189 2507 1233 2533 XI.
1253 2509 1293 2532 21.
1321 2517 1341 2534 c.
1361 2509 1384 2534 3.
1411 2508 1443 2535 de
1467 2510 1553 2536 collat.
1578 2520 1626 2536 aer.
1669 2509 1810 2537 Oraculum
1830 2520 1900 2547 prae-

1069 2551 1150 2576 sentis
1171 2549 1256 2575 edicti.
1280 2559 1301 2575 c.
1321 2551 1344 2576 4.
1364 2550 1396 2577 de
1414 2551 1465 2579 LL.
1490 2555 1509 2578 l.
1532 2554 1570 2577 14.
1607 2552 1697 2578 Nostri
1716 2552 1813 2579 oraculi
1833 2555 1899 2580 sacri

1046 2616 1047 2623 ,
1069 2593 1176 2619 sanctio.
1205 2591 1254 2618 Th.
1279 2591 1310 2619 C.
1333 2593 1402 2620 XYI.
1426 2597 1449 2621 5.
1480 2605 1500 2621 c.
1522 2596 1560 2620 17.
1585 2593 1617 2620 de
1640 2594 1736 2621 havret.
1777 2595 1899 2623 Precator

1069 2635 1166 2661 oraculi
1185 2635 1322 2670 impetrati.
1342 2647 1362 2663 c.
1377 2639 1399 2663 7.
1420 2647 1457 2674 pr.
1478 2636 1509 2662 dc
1529 2636 1579 2662 div.
1599 2646 1678 2663 rescr.
1694 2639 1715 2663 1.
1728 2639 1770 2664 23.
1807 2637 1898 2675 Neque

1068 2678 1127 2704 huic
1147 2678 1184 2703 rei
1203 2677 1366 2715 obreptivum
1385 2680 1490 2705 ol'ticere
1509 2680 1618 2705 sinimus
1637 2680 1776 2707 oraculum.
1797 2680 1845 2708 Th.
1866 2682 1895 2709 C.

1068 2719 1137 2746 XVI.
1154 2721 1191 2746 10.
1212 2730 1232 2746 c.
1251 2721 1274 2747 8.
1295 2721 1326 2747 de
1345 2732 1433 2758 pagan.
1470 2721 1523 2747 Eos
1542 2722 1723 2758 praesentibus
1742 2724 1898 2751 insectamur

1069 2762 1190 2794 oraculiS.
1210 2764 1253 2800 qui
1272 2769 1320 2789 etc.
1340 2764 1376 2790 lb.
1396 2763 1464 2790 XVI.
1486 2765 1507 2789 7.
1529 2774 1548 2790 c.
1570 2766 1592 2790 7.
1612 2764 1633 2798 5.
1652 2766 1675 2791 3.
1696 2765 1727 2792 de
1747 2771 1856 2803 apostat..

1104 2805 1233 2833 Orare.
1275 2807 1305 2839 ξ.
1326 2808 1359 2834 1.
1391 2808 1490 2833 rerba
1513 2808 1640 2842 facere,
1669 2810 1888 2836 Pronunciare

1423 2850 1456 2875 84
