2197 3121
970 165 1049 196 Du}
1072 183 1113 187 -
1137 165 1220 196 Du..
1871 206 1875 210 ⁵
1891 166 1954 196 ‘285

227 252 258 285 ξ.
270 253 305 278 2.
320 252 477 278 Mensura
497 252 638 281 minum,
662 249 789 275 Meatnn
801 249 949 283 exiguus.
974 247 992 273 I.
1005 248 1067 281 Sy.

227 295 360 322 Δάκτυλος
380 294 492 326 (basnag
511 295 558 318 τοῦ
578 292 706 324 (isurun.)
731 291 761 317 sr.
780 292 822 317 37.
843 290 875 317 (Ie
894 290 921 316 S.
941 289 969 316 P.
988 289 1019 316 R.
1042 293 1066 315 ὅ.

226 338 250 362 3.
288 335 329 362 III.
345 337 410 363 (Ἶι.
440 335 465 361 Is
485 335 592 362 Praetor
611 333 763 360 sortieolam
782 343 858 360 unam
880 333 991 359 buxeam
1010 332 1066 358 lon-

227 389 282 415 gam
302 378 400 415 digitos
422 377 458 404 IV
478 383 527 404 etc.
548 377 589 404 Fr.
609 376 638 403 L.
659 376 753 403 Servil.
778 387 798 403 c.
820 378 858 402 13.
1088 366 1089 376 l

260 422 409 456 Dignust.
447 422 625 451 Indicium,
646 422 818 454 Specimen.
850 418 868 445 I.
889 420 951 452 Sy.
970 418 1064 444 Proba.

227 463 277 490 Th.
298 464 328 491 C.
348 464 392 490 w.
411 465 453 490 31.
473 474 494 490 e.
516 465 538 489 1.
558 463 591 489 de
610 467 714 489 strator.
735 462 870 488 Indicium.
890 461 927 487 lb.
940 461 986 488 XI.
1007 463 1029 487 1.
1045 472 1065 487 c.
1088 465 1089 474 ¹

227 508 268 533 13.
287 507 320 533 de
339 517 396 533 anu.
422 511 448 532 et
471 505 560 532 tribut.
579 505 624 532 XI.
650 507 674 532 8.
700 516 720 532 c.
740 507 765 532 3.
788 514 828 541 pr.
847 503 880 530 de
898 508 1065 541 superexact.

225 548 296 576 XIV.
316 551 339 575 4.
361 559 382 575 e.
402 550 425 575 9.
446 548 479 575 de
498 558 566 575 suar.

260 592 446 625 Dignam-e,
476 601 501 618 v.
530 591 703 625 Dignam-i.
754 591 897 624 Dignum
932 596 1065 624 putare,

226 636 294 661 Non
312 641 517 661 contemnere.
554 633 596 660 Ill.
618 635 684 661 Gn.
712 633 756 659 Dii
780 631 943 658 immortales
967 631 1066 667 dignati

225 682 287 704 sunt
311 676 449 711 (ordinare
473 681 499 703 et
522 676 691 713 disponere.)
728 674 797 702 Coll.
822 674 875 702 LL.
901 674 934 701 Μ.
958 674 1016 701 XV.
1041 676 1065 701 3.

224 720 308 757 Rogo,
327 719 444 751 Praetor⁷
465 735 498 739 —
518 719 625 746 libellos
645 719 764 755 accipere
784 717 907 754 digneris.
939 717 1023 744 vatic.
1042 718 1065 751 5.

225 764 282 789 166.
313 762 433 798 Quorum
447 763 615 799 suggestione
626 778 657 781 -
668 760 819 787 adtentione
832 761 976 796 dignamus.
998 760 1064 787 Nov.

223 805 357 832 lllaiorian.
378 805 410 831 de.
429 805 527 842 iudulg.
548 804 640 841 reliqu.
659 804 704 831 IV.
723 806 748 830 3.
768 814 789 830 c.
811 806 833 830 1.
854 805 876 838 5.
896 806 920 830 5.

257 848 449 882 Dignafio.
479 849 510 882 ξ.
534 849 568 874 1.
588 849 816 874 Existimatio.
846 846 864 873 I.
885 848 946 881 Sy.
965 847 1064 873 Aucto-

223 891 321 923 ruatis,
350 891 517 927 Dignationis
542 891 697 924 (maximae,
722 889 791 927 apud
816 890 970 927 populum.)
990 890 1020 916 fr.
1040 892 1064 916 2.

222 934 260 967 55.
280 935 322 960 35.
341 935 383 960 42.
404 934 437 960 de
456 933 489 960 Ο.
508 933 527 960 I.
548 935 569 959 l.
584 935 609 959 2.
623 949 655 952 -
670 934 700 966 ξ.
715 934 752 959 3.
768 934 983 965 Liberalitas,
1004 935 1065 959 Be-

221 987 238 1003 u
246 979 384 1011 ignitae.
422 976 465 1002 III.
481 977 545 1004 Gn·
566 976 641 1011 Quae
660 978 710 1008 (sc.
729 975 845 1012 peculia)
865 980 909 1002 aut
927 976 1018 1003 labore
1032 992 1064 995 -—

222 1021 339 1057 proprio,
359 1024 403 1045 aut
421 1018 571 1054 dignatione
590 1023 678 1044 nostra
699 1019 884 1055 quaesiverint.
904 1018 954 1045 Th.
969 1018 1000 1045 C.
1020 1018 1063 1045 VI.

221 1064 263 1088 35.
283 1072 305 1089 c.
326 1064 365 1088 15.
386 1061 418 1088 de
437 1062 503 1098 priv.
524 1071 577 1088 eor.
598 1072 641 1098 qu.
662 1062 688 1087 iu
706 1061 733 1088 S.
754 1061 831 1098 palat.
852 1077 885 1080 —
905 1062 935 1094 §0
950 1063 988 1088 3.
1012 1063 1064 1088 Ti-

221 1107 311 1132 tulus
329 1107 534 1134 honorarius.
572 1104 614 1130 Ill.
638 1105 704 1131 Gn.
735 1104 840 1130 Adeaut
859 1109 919 1130 tuae
937 1104 1065 1140 dignatio-

221 1148 262 1174 nis
282 1146 405 1173 officium.
427 1157 448 1173 c.
468 1149 492 1173 2.
513 1146 545 1173 de
565 1147 638 1174 fund.
658 1148 695 1174 rei
715 1148 781 1184 priv.
804 1149 843 1173 11.
863 1148 904 1173 65.

255 1190 390 1223 Digne.
411 1189 525 1223 (Advb.)
563 1192 722 1225 Congrue.
754 1189 796 1216 III.
812 1191 877 1217 (7η.
899 1189 929 1216 Si
948 1191 1004 1216 eius
1023 1199 1063 1216 ro-

220 1232 293 1258 boris
316 1231 359 1258 vel
383 1232 487 1259 artificii
511 1234 580 1265 sint,
608 1238 637 1259 ut
661 1233 739 1269 digne
763 1232 864 1270 populo
888 1232 919 1260 R.
944 1233 1062 1260 exhiberi

220 1276 333 1313 possint.
354 1275 383 1302 sr.
403 1277 445 1302 31.
466 1286 504 1313 pr.
526 1275 559 1302 de
577 1286 655 1313 poen.
675 1278 716 1302 48.
739 1278 778 1302 19.

254 1319 441 1352 Dignitas.
461 1320 493 1352 §.
513 1320 547 1345 1.
569 1320 753 1354 Dignatio,
774 1321 935 1346 Claritas.
959 1318 978 1345 1.
999 1320 1060 1353 Sy.

219 1360 359 1387 Honestas.
378 1361 409 1387 sr.
428 1363 452 1388 2.
473 1361 503 1388 sr.
522 1363 546 1388 3.
566 1361 588 1395 5.
611 1363 632 1388 1.
653 1362 683 1388 fr.
703 1364 744 1388 21.
764 1362 785 1395 5.
807 1363 831 1388 3.
857 1361 889 1388 de
908 1362 998 1388 testib.
1017 1363 1059 1388 22.

218 1406 243 1430 5.
280 1404 311 1431 II.
328 1406 394 1438 Op.
422 1403 525 1440 Integra
544 1404 665 1440 dignitas.
690 1421 723 1424 —
746 1404 861 1431 Infamia.
886 1416 906 1431 c.
929 1407 950 1431 l.
972 1405 1004 1431 de
1024 1406 1061 1431 in-

218 1446 306 1473 famib.
327 1448 367 1473 10.
386 1448 428 1473 57.
449 1458 469 1474 c.
489 1449 513 1474 3.
534 1447 566 1473 de
586 1447 616 1473 R.
637 1447 670 1474 Μ,
693 1449 731 1474 12.
750 1449 793 1474 36.
830 1447 872 1474 III.
893 1449 959 1475 Cn.
991 1448 1061 1483 Qua-

218 1489 258 1516 les
277 1490 327 1523 (se.
347 1491 454 1526 operae)
475 1500 507 1517 ex
525 1495 617 1522 aetate,
638 1490 772 1526 dignitate,
792 1490 950 1523 valetudiue,
970 1501 1060 1517 neces-

219 1533 304 1563 sitate,
323 1533 462 1569 proposito
488 1549 520 1552 —
544 1534 570 1559 iu
597 1538 705 1569 utraque.
729 1543 842 1570 persona
866 1535 996 1560 aestimari
1016 1534 1059 1560 de-

218 1574 289 1601 bent.
315 1574 345 1601 fr.
368 1576 407 1601 16.
434 1575 456 1608 5
478 1577 499 1602 1.
524 1575 554 1602 sr.
574 1578 615 1602 50.
640 1586 679 1613 pr.
706 1576 738 1602 de
763 1587 835 1614 oper.
861 1576 948 1603 libert.
972 1578 1014 1603 38.
1036 1578 1057 1602 l.
1081 1591 1083 1608 3

219 1617 351 1644 Ordinum
370 1617 483 1653 dignitas
503 1617 709 1656 familiarumque
729 1619 800 1646 salva
819 1621 862 1646 sit.
882 1620 912 1646 fr.
934 1621 955 1646 l.
975 1620 996 1653 5.
1019 1620 1058 1645 13.

219 1659 253 1686 de
270 1661 339 1697 insp.
358 1665 457 1687 ventre.
477 1662 519 1687 25.
538 1662 563 1687 4.
601 1662 734 1698 Dignitate
754 1668 779 1689 et
799 1663 863 1689 fama
882 1663 975 1689 domus
995 1664 1059 1689 inte·
1081 1690 1082 1698 ἵ

220 1712 264 1738 gra
282 1708 408 1729 manente.
429 1703 460 1729 fr.
482 1705 521 1730 14.
541 1705 563 1738 5.
585 1706 607 1731 l.
628 1705 660 1731 de
679 1716 756 1732 servo
777 1716 843 1732 corr.
865 1708 905 1732 ll.
924 1707 948 1732 3.
987 1706 1059 1740 Quo-
1080 1709 1082 1728 ⁴.

221 1746 270 1771 ties
289 1760 321 1764 —
341 1746 408 1771 eirca
427 1751 523 1772 statum
547 1747 681 1783 dignitatis
706 1759 790 1785 poena
814 1749 961 1786 plectimur.
982 1748 1014 1774 l'r.
1034 1750 1057 1774 5.

218 1788 241 1821 5.
259 1789 282 1814 2.
303 1787 335 1814 cf,
355 1788 375 1821 5.
398 1791 420 1814 1.
441 1788 473 1815 de
493 1794 558 1816 extr.
579 1801 652 1826 cogn.
671 1793 713 1818 50.
730 1793 769 1817 13.
807 1791 858 1818 Pro
878 1791 1001 1818 facultate
1015 1801 1059 1828 pa-

219 1830 349 1862 trimonii,
372 1840 420 1866 pro
444 1831 570 1867 dignitate
593 1833 717 1860 natalium
740 1835 945 1867 (constituere.)
966 1834 995 1860 tr.
1017 1835 1056 1860 12.

218 1873 240 1906 5.
259 1874 284 1898 3.
304 1872 334 1899 fr.
356 1874 394 1899 13.
414 1883 452 1910 pr.
473 1873 505 1900 de
523 1874 590 1901 adm.
615 1881 641 1902 et
667 1878 747 1913 peric.
771 1879 812 1903 26.
834 1879 856 1903 7.
894 1877 922 1903 Iu
942 1878 1058 1903 testimo·
1079 1892 1081 1903 ι

218 1916 268 1941 niis
288 1915 409 1951 dignitaS,
428 1916 503 1948 fides,
523 1927 618 1950 mores.
636 1920 748 1955 gravitas
768 1919 937 1946 examinanda
958 1925 1006 1946 est.
1026 1919 1057 1946 fr.

216 1960 241 1985 2.
261 1958 291 1985 sr.
310 1962 335 1985 3.
355 1959 420 1993 5.1.
440 1959 473 1985 de
492 1960 579 1986 testib.
604 1963 645 1987 22.
669 1964 693 1988 5.
731 1962 802 1988 Paul.
823 1963 854 1989 V.
875 1965 914 1989 15.
939 1964 961 1996 5.
983 1965 1005 1989 l.
1025 1962 1057 1989 cf.
1079 1994 1081 1997 .

218 2001 247 2028 fr.
267 2003 291 2027 3.
311 2002 333 2035 5.
355 2003 394 2028 12.
415 2001 448 2028 de
467 2002 536 2028 hom.
556 2003 602 2030 lib.
623 2004 710 2031 exhib.
730 2006 770 2031 43.
791 2007 832 2032 29.
845 2007 919 2039 —§.
934 2007 970 2032 2.
983 2007 1057 2032 Con·
1079 2005 1081 2026 l

216 2046 309 2070 ditio.
341 2043 359 2070 I.
382 2046 443 2079 Sy.
462 2044 514 2072 Pro
533 2046 658 2082 qualitate
677 2047 819 2083 diguitatis.
857 2048 908 2075 Pro
928 2059 1057 2085 personae
1079 2041 1080 2045 ¹

218 2087 273 2112 eius
292 2087 451 2114 conditione.
472 2087 510 2114 lb.
531 2088 562 2115 v.
581 2091 622 2116 22.
643 2090 664 2124 ξ.
686 2092 708 2116 ι.
730 2090 760 2117 v.
779 2093 821 2117 25.
842 2091 863 2125 ς.
883 2093 906 2118 9.
927 2091 970 2118 111.
991 2093 1056 2119 cn.
1079 2081 1080 2096 ¹

218 2127 406 2166 Cquscunque
425 2130 559 2166 dignitatis
579 2132 777 2169 (deprehensus
802 2133 931 2168 adulter.)
968 2134 1005 2161 Ib.
1025 2135 1055 2161 II.
1079 2123 1080 2138 l

218 2172 259 2196 ⁶26.
278 2172 299 2205 5.
320 2174 342 2198 1.
379 2172 530 2200 Secundum
554 2175 672 2202 ordinem
696 2180 722 2201 et
744 2176 897 2212 dignitatem
916 2179 1058 2215 mancipio-

219 2223 282 2239 rum.
306 2214 336 2241 I'r.
356 2217 396 2242 15.
421 2217 442 2250 5.
462 2219 485 2243 2.
513 2217 545 2243 de
570 2218 651 2244 usufr.
677 2220 699 2244 7.
728 2220 750 2245 l.
770 2235 802 2238 —
822 2219 853 2252 ξ.
874 2221 911 2246 3.
936 2222 1056 2253 Honor,

221 2256 312 2282 Ordo.
347 2257 365 2283 I.
385 2260 446 2293 Sy.
475 2259 605 2291 Potestas,
626 2260 723 2287 Houor.
743 2261 793 2288 Th.
814 2261 845 2288 C.
864 2262 909 2289 III.
930 2264 970 2289 11.
991 2274 1011 2289 c.
1034 2265 1055 2290 l.
1079 2289 1080 2298 ¹

219 2299 242 2323 si
262 2308 335 2334 quac.
355 2301 441 2335 praed.
461 2307 515 2339 pot.
536 2303 619 2329 Ordo.
640 2303 670 2330 fr.
691 2305 714 2329 4.
738 2314 777 2340 pr.
799 2304 829 2330 fr.
848 2306 872 2333 6,
896 2305 918 2338 5
940 2307 962 2332 1.
982 2306 1012 2332 sr.
1032 2307 1055 2332 8.

219 2339 251 2366 de
271 2340 359 2367 senat.
381 2344 402 2368 l.
421 2346 444 2371 9.
480 2345 511 2372 Il.
527 2348 594 2380 Op.
614 2346 667 2381 Qui
688 2346 812 2382 dignitate
828 2347 969 2379 excellunt,
989 2359 1009 2375 s.
1031 2350 1057 2375 in
1078 2351 1080 2371 'v

219 2382 306 2418 aliqua
326 2382 450 2419 dignitate
467 2390 548 2424 positi
567 2394 636 2415 suut.
657 2405 689 2408 —
708 2389 877 2421 Humiliores‚
897 2390 1006 2417 Plebeii.
1026 2391 1056 2418 l'r.
1078 2406 1080 2414 ι

221 2427 260 2451 ll.
285 2426 307 2459 5.
335 2428 357 2453 l.
383 2426 415 2452 de
439 2427 463 2454 (1.
486 2439 518 2457 ιιι.
541 2433 566 2457 4.
590 2433 614 2457 3.
639 2432 669 2458 fr.
692 2434 713 2458 l.
733 2432 754 2465 5.
775 2433 798 2458 8.
824 2431 853 2458 fr.
872 2434 896 2459 3.
922 2434 943 2466 5.
964 2435 1003 2460 16.
1024 2434 1056 2461 de

218 2478 291 2505 susp.
313 2473 392 2495 tutor.
412 2471 453 2496 26.
474 2472 512 2498 10.
547 2473 590 2501 111.
611 2476 677 2502 Cn.
705 2474 894 2511 Cuiuscunque
914 2475 1056 2512 dignitatis,
1078 2502 1079 2510 ¹

220 2512 324 2537 etiamsi
343 2512 379 2537 sit
398 2511 561 2542 Consularis.
602 2517 660 2544 Nisi
683 2517 751 2544 forte
774 2518 810 2543 sit
828 2518 854 2544 in
873 2518 961 2554 aliquo
979 2521 1057 2555 magi-

218 2557 303 2579 stratu
327 2554 431 2590 positus
456 2559 504 2582 etc.
528 2556 558 2583 fr.
581 2560 605 2585 3.
629 2560 651 2593 5.
673 2562 698 2586 3.
725 2559 758 2586 de
779 2570 830 2586 rec.
851 2571 892 2597 qu.
914 2561 968 2588 arb.
988 2564 1012 2589 4.
1031 2563 1055 2588 8.

218 2594 260 2621 Fr.
284 2597 305 2621 1.
326 2596 347 2629 5.
367 2598 391 2623 3.
412 2596 445 2623 de
463 2596 490 2624 S.
505 2598 536 2625 C.
555 2599 619 2627 Mae.
639 2604 679 2629 14.
699 2604 723 2629 6.
759 2603 794 2629 Et
806 2608 911 2636 statum,
931 2609 956 2630 et
975 2604 1056 2641 digni·
1077 2621 1078 2633 ι

218 2643 296 2664 tatem
316 2639 343 2664 iu
363 2649 412 2675 qua
432 2639 488 2672 fuit,
509 2646 535 2667 et
552 2644 737 2679 magistratum,
757 2650 783 2671 et
795 2651 952 2682 potestatem
972 2647 1056 2680 (vide-
1077 2674 1078 2682 ἵ

218 2685 261 2707 tur
281 2681 415 2714 retinere.)
435 2682 465 2709 fr.
478 2686 520 2709 20.
540 2683 573 2711 de
591 2690 660 2712 statu
678 2687 747 2714 hom.
762 2690 784 2714 l.
798 2691 822 2714 5.
859 2688 995 2721 Honorati.
1012 2696 1056 2717 aut
1076 2683 1078 2704 ?

217 2723 361 2750 cuiuslibet
381 2724 523 2759 dignitatis,
542 2727 585 2753 vel
604 2730 718 2761 maioris,
739 2741 874 2767 personae.
912 2732 981 2759 Coll.
1000 2732 1053 2759 LL.
1076 2730 1077 2737 ¹

217 2766 250 2792 M.
270 2766 329 2793 XV.
349 2768 373 2793 3.
395 2767 426 2793 cl'.
447 2767 496 2794 Th.
517 2767 547 2795 C.
568 2769 636 2797 VIII.
657 2773 679 2798 7.
704 2782 724 2798 c.
745 2775 784 2799 14.
809 2774 830 2807 5.
852 2776 874 2800 l.
894 2774 927 2801 de
946 2775 997 2802 div.
1018 2776 1055 2802 os·
1075 2783 1076 2805 ξ

215 2808 257 2835 fic.
295 2808 422 2845 Regimen
440 2811 601 2847 provinciae,
620 2812 662 2839 vel
682 2813 813 2850 cingulum
828 2817 969 2844 cuiuslibet
987 2818 1054 2845 mili·
1074 2812 1076 2828 ⁴

1111 248 1175 279 tiae,
1199 247 1380 283 dignitatisve,
1406 248 1593 284 quoquomodo
1618 257 1726 274 merere.
1748 258 1769 273 c.
1792 248 1830 272 13.
1857 246 1889 272 de
1909 246 1952 272 off.

1088 277 1090 290 l
1111 290 1184 317 ltect.
1204 289 1246 317 Pr.
1268 291 1289 316 I.
1310 292 1351 316 40.
1372 301 1392 316 (·.
1413 293 1435 316 7.
1456 291 1488 317 dc
1508 290 1598 317 iurisd.
1619 300 1688 316 omn.
1709 289 1761 316 iud.
1780 291 1804 316 3.
1825 291 1861 315 [3.
1900 288 1950 315 Th.

1111 332 1142 359 C.
1163 333 1218 359 VII.
1238 334 1262 359 4.
1282 343 1303 359 c.
1322 335 1364 359 32.
1384 333 1416 360 de
1436 344 1504 367 erog.
1525 333 1579 360 mil.
1599 344 1656 359 ann.
1676 332 1744 359 VIII.
1766 335 1788 359 7.
1809 343 1830 358 e.
1852 333 1892 358 14.
1912 341 1951 368 pr.

1111 375 1144 401 de
1163 375 1214 402 div.
1235 375 1303 402 offic.
1341 376 1394 411 Qui
1420 377 1445 402 in
1471 376 1583 402 diversis
1603 375 1792 411 dignitatibus,
1812 375 1854 401 vel
1873 374 1952 400 admi-

1111 418 1311 445 nistrationibus
1330 420 1419 456 positi.
1440 430 1461 445 c.
1481 421 1523 445 37.
1543 429 1582 456 pr.
1603 418 1634 445 de
1654 418 1726 445 inoff.
1747 423 1849 444 testam.
1869 419 1893 444 3.
1908 420 1949 444 28.

1111 461 1201 487 Honor
1219 462 1394 499 municipalis,
1414 467 1454 488 est
1474 461 1664 488 administratio
1684 462 1748 499 reip.
1769 472 1828 487 cum
1841 461 1951 496 dignita-

1111 506 1145 530 tis
1164 504 1253 540 gradu.
1273 505 1303 531 fr.
1319 506 1358 531 14.
1378 515 1417 542 pr.
1437 505 1459 538 5.
1475 507 1496 531 1.
1517 504 1549 530 de
1568 515 1637 530 mun.
1652 509 1677 531 et
1690 504 1750 530 hon.
1764 507 1805 531 50.
1820 505 1844 530 4.
1875 503 1950 530 Prae-

1088 549 1089 552 ’
1112 552 1184 574 turae
1208 549 1318 582 insignia
1343 547 1548 584 dignitatemque
1572 549 1715 584 suscipere..
1740 547 1789 574 Th.
1810 547 1841 573 C.
1861 545 1905 572 VI.
1925 547 1949 572 4.

1112 600 1133 616 c.
1155 592 1194 617 12.
1215 590 1248 617 (Ie
1263 590 1348 618 Praet.
1369 596 1395 617 et
1407 591 1459 626 Qu.
1497 590 1556 616 Non
1575 591 1701 616 amittitur
1719 591 1850 617 senatoria
1869 588 1950 624 digni-

1109 638 1149 659 tas
1170 633 1311 670 adoptione
1331 634 1462 660 inferioris
1482 632 1624 669 dignitatis
1644 633 1674 659 l'r.
1694 635 1717 659 6.
1737 633 1758 667 5.
1781 635 1802 659 l.
1823 632 1852 658 fr.
1873 632 1897 657 8.
1917 630 1950 657 du

1111 676 1199 702 Senat.
1221 678 1243 702 1.
1263 678 1286 702 9.
1323 677 1444 712 Dignitas
1465 675 1541 708 clara,
1560 686 1584 702 v.
1605 675 1755 702 clarissima.
1786 675 1950 702 Clarissima-

1111 724 1153 745 tus
1178 719 1247 755 dign.
1272 719 1302 745 fr.
1322 722 1345 745 8.
1366 719 1382 746 l.
1404 721 1425 746 1.
1446 721 1469 746 9.
1493 718 1524 745 fr.
1544 720 1585 745 23.
1611 728 1650 755 pr.
1689 719 1740 753 Qu.
1760 723 1819 745 met.
1840 729 1861 744 c.
1881 719 1905 744 4.
1924 719 1948 743 2.

1111 762 1160 788 Th.
1182 762 1212 788 C.
1232 762 1289 788 XII.
1311 764 1332 788 1.
1354 772 1374 789 c.
1395 764 1436 789 74.
1456 772 1495 799 pr.
1515 761 1548 788 de
1566 761 1699 788 decurion.
1737 760 1766 787 Si
1786 761 1897 797 dignitas
1910 770 1950 786 ac—

1111 806 1222 831 cesserit
1242 806 1441 842 (procuratori.)
1461 804 1491 831 sr.
1505 808 1530 831 8.
1549 805 1570 838 5.
1585 807 1608 831 3.
1623 804 1655 830 de
1668 813 1772 840 procur.
1786 805 1810 829 3.
1820 805 1844 829 3.
1869 802 1950 838 Quod

1111 847 1245 884 dignitatis
1269 849 1374 874 nomine
1398 860 1410 874 a
1435 853 1509 885 patre
1532 847 1621 874 datum
1644 851 1692 873 est.
1716 846 1746 872 fr.
1768 848 1790 872 l.
1814 847 1896 880 516.
1917 845 1950 871 de

1111 890 1198 916 collat.
1218 892 1259 918 37.
1279 892 1303 916 6.
1341 892 1394 926 Qui
1414 891 1566 927 dignitatem
1588 891 1690 916 meruit.
1722 889 1758 915 Ib.
1779 889 1795 915 l.
1815 888 1832 915 l.
1863 888 1948 915 Patria

1110 933 1223 970 dignitas
1248 933 1383 970 (quaesita
1403 944 1450 971 per
1468 933 1662 971 adoptionem.)
1686 932 1716 959 [ι’.
1744 934 1784 958 13.
1808 931 1840 958 de
1859 930 1947 968 adopt.

1086 974 1133 1003 ³1.
1163 978 1187 1002 7.

1144 1020 1388 1053 „ignoscere.
1409 1021 1664 1053 Deprehendere,
1680 1020 1885 1054 Cognoscere.
1905 1016 1947 1042 III.

1110 1064 1176 1090 Cn.
1195 1062 1337 1091 Exhibere,
1356 1073 1380 1089 v.
1401 1062 1494 1098 Agere.
1515 1067 1542 1088 ut
1561 1063 1648 1099 possit
1667 1061 1786 1097 dignosci
1805 1066 1855 1087 ete.
1874 1060 1904 1086 fr.
1923 1061 1947 1086 3.

1109 1106 1130 1139 5.
1150 1107 1174 1131 2.
1195 1105 1228 1131 de
1247 1105 1379 1142 publiran.
1403 1107 1444 1131 39.
1466 1107 1489 1131 4.
1509 1105 1539 1131 fr.
1562 1107 1601 1131 16.
1622 1115 1660 1142 pr.
1681 1109 1727 1130 rat.
1747 1114 1809 1130 rem.
1828 1103 1886 1130 hab.
1905 1104 1947 1129 46.

1108 1150 1132 1174 8.
1170 1148 1342 1183 Diguoscere,
1362 1164 1394 1168 ·—-
1415 1158 1444 1174 ac
1463 1148 1495 1174 de
1515 1147 1619 1174 duobus
1643 1147 1753 1174 alterum
1771 1147 1874 1183 eligere.
1897 1144 1947 1171 Th.

1109 1191 1140 1217 C.
1159 1190 1230 1217 XIV.
1250 1193 1274 1217 4.
1295 1201 1315 1217 c.
1338 1193 1359 1217 l.
1381 1191 1413 1217 de
1432 1201 1500 1217 suar.
1539 1191 1613 1227 Quae
1637 1192 1703 1222 siut,
1724 1206 1755 1209 —-
1775 1190 1836 1216 iude
1859 1189 1948 1224 digno-

1107 1244 1224 1265 scemuS‚
1244 1235 1267 1260 si
1286 1239 1334 1260 otc.
1354 1233 1385 1260 fr.
1404 1235 1445 1260 99.
1465 1234 1487 1267 5.
1507 1236 1530 1260 2.
1556 1233 1588 1260 de
1608 1233 1639 1259 V.
1659 1233 1686 1259 S.
1706 1235 1748 1259 50.
1769 1234 1809 1259 16.
1846 1232 1875 1258 Si
1894 1233 1947 1258 iuo-

1106 1278 1148 1314 pia
1168 1277 1332 1313 dignoscitur
1351 1277 1477 1303 lahorare.
1498 1276 1528 1303 [ι’.
1548 1279 1589 1303 25.
1611 1276 1643 1302 de
1661 1277 1688 1302 iu
1708 1277 1748 1302 ius
1768 1285 1825 1301 voc.
1844 1277 1868 1301 2.
1888 1276 1912 1300 4.

1139 1321 1297 1354 Dignus.
1317 1319 1446 1353 (Adiect.)
1467 1320 1498 1353 §.
1517 1321 1550 1346 1.
1574 1321 1706 1346 Merens.
1728 1319 1758 1345 ΙΙ,
1772 1320 1839 1352 ΟΡ.
1859 1316 1947 1353 Negli-

1105 1373 1176 1399 gens.
1197 1362 1246 1389 Th.
1268 1363 1298 1389 C.
1318 1363 1336 1389 1.
1358 1364 1397 1389 16.
1418 1373 1439 1389 c.
1458 1365 1483 1389 3.
1504 1361 1607 1395 (ch.)
1628 1362 1660 1388 de
1680 1362 1723 1388 off,
1743 1361 1817 1387 Reet.
1832 1360 1874 1386 Pr.
1904 1359 1946 1386 III.

1106 1408 1172 1434 Cn·
1195 1406 1362 1442 Dignissimi.
1388 1411 1414 1431 et
1438 1406 1539 1431 meritis
1563 1410 1588 1431 et
1607 1404 1790 1435 facultatibus.
1811 1404 1946 1440 eligantur.

1105 1449 1141 1476 lb.
1160 1449 1219 1475 XII.
1242 1450 1263 1475 1.
1285 1460 1307 1475 c.
1329 1451 1385 1475 140.
1411 1448 1442 1475 de
1466 1448 1600 1474 decurion.
1643 1447 1745 1484 Dignus
1771 1448 1856 1473 notari
1875 1448 1946 1483 igno-

1104 1493 1190 1519 minia.
1212 1508 1243 1511 —
1263 1491 1346 1518 Venia
1366 1492 1468 1527 dignus.
1488 1491 1518 1519 fr.
1538 1493 1577 1517 11.
1598 1491 1619 1524 5.
1635 1492 1657 1516 4.
1678 1490 1710 1517 de
1730 1490 1754 1516 h.
1770 1501 1812 1527 qu.
1832 1489 1945 1516 110t.iuf.

1081 1550 1083 1555 ν
1103 1537 1127 1562 3.
1147 1538 1171 1561 2.
1192 1535 1222 1561 l'r.
1244 1536 1283 1560 11.
1303 1535 1386 1569 5.10.
1407 1534 1439 1560 de
1458 1535 1547 1560 interr.
1569 1535 1595 1559 ἰιι
1615 1534 1679 1559 iure.
1702 1535 1741 1559 11.
1763 1535 1784 1560 l.
1806 1549 1838 1553 —-
1857 1534 1888 1566 ξ.
1909 1534 1945 1559 2.

1105 1580 1316 1609 Conveniens,
1339 1580 1460 1604 [astus.
1489 1576 1506 1603 I.
1528 1578 1589 1611 Sy.
1614 1576 1736 1608 Idoneus⁷
1758 1576 1944 1612 Dignissimus

1105 1620 1155 1647 Th.
1176 1620 1206 1647 C.
1227 1620 1268 1647 III.
1291 1622 1330 1647 17.
1351 1631 1371 1646 c.
1391 1622 1415 1646 3.
1436 1630 1474 1657 pr.
1495 1619 1527 1646 de
1546 1624 1593 1645 tut.
1615 1624 1640 1645 et
1664 1629 1717 1646 cur.
1743 1629 1777 1645 cr.
1816 1619 1858 1645 III.
1879 1620 1945 1646 Gn.

1104 1663 1143 1690 Ne
1162 1664 1257 1695 miuus.
1278 1674 1354 1700 quam
1373 1663 1478 1699 dignum
1492 1663 1542 1689 erit
1555 1672 1612 1688 eum
1626 1663 1761 1698 consequi,
1781 1662 1944 1699 (percipiat.)

1104 1707 1134 1733 fr.
1156 1708 1195 1733 17.
1215 1707 1236 1740 5.
1256 1708 1281 1733 3.
1301 1706 1333 1732 de
1353 1706 1440 1743 adopt.
1463 1708 1484 1731 l.
1505 1707 1528 1731 7.
1566 1704 1679 1731 Poenam
1693 1706 1746 1742 pati
1761 1705 1865 1741 diguam
1882 1714 1944 1731 suae

1102 1759 1240 1786 personae.
1264 1749 1295 1775 fr.
1318 1750 1356 1775 18.
1382 1750 1402 1782 5.
1423 1750 1446 1774 9.
1467 1748 1499 1774 dc
1519 1749 1574 1774 iure
1593 1748 1659 1774 fisci.
1680 1750 1721 1774 49.
1749 1750 1788 1774 14.
1814 1747 1844 1774 cf.
1869 1747 1899 1774 fr.
1919 1749 1944 1773 4.

1102 1793 1124 1825 5.
1148 1794 1173 1818 2.
1199 1791 1231 1817 ad
1254 1791 1284 1817 L.
1310 1791 1356 1817 lul.
1380 1795 1461 1828 repet.
1486 1791 1528 1816 48.
1553 1792 1592 1816 13.
1631 1790 1680 1817 Th.
1702 1790 1732 1817 C.
1753 1790 1797 1817 IV.
1816 1792 1858 1816 20.
1878 1801 1899 1816 c.
1921 1792 1943 1816 l.

1103 1835 1156 1870 Qui
1175 1834 1236 1860 bon.
1257 1844 1289 1860 ex
1307 1834 1336 1860 L.
1358 1834 1404 1860 Iul.
1441 1833 1502 1860 Alio
1527 1838 1626 1859 emtore
1646 1844 1699 1860 non
1718 1835 1877 1865 exsistente,
1901 1833 1943 1859 vel

1102 1878 1247 1904 exsistente
1266 1877 1385 1914 quidem,
1411 1876 1460 1903 sed
1478 1886 1531 1902 non
1550 1876 1655 1912 dignum
1675 1878 1788 1914 pretium
1807 1877 1942 1903 offerente.

1103 1930 1123 1947 c.
1143 1922 1168 1947 2.
1188 1921 1256 1946 siin
1276 1930 1296 1946 c.
1317 1920 1370 1946 iud.
1390 1921 1414 1946 8.
1434 1921 1476 1945 23.
1492 1935 1524 1938 —
1540 1919 1570 1952 §0
1582 1921 1619 1946 3.
1640 1922 1757 1946 Pretio
1776 1925 1943 1951 constans,

1104 1965 1151 1989 vel
1168 1965 1397 1989 aestimandas.
1423 1962 1441 1988 I.
1462 1963 1523 1996 Sy.
1546 1962 1613 1989 Esse
1633 1962 1669 1999 (p.
1690 1963 1740 1994 se.)
1761 1962 1863 1998 Dignus
1883 1972 1943 1988 esse

1102 2006 1202 2039 (tanti.)
1223 2005 1252 2031 sr.
1272 2007 1313 2031 ⁶25.
1334 2006 1355 2039 5.
1375 2008 1400 2032 3.
1420 2005 1451 2031 l'r.
1470 2007 1512 2031 31.
1533 2006 1554 2039 5.
1574 2007 1598 2032 3.
1619 2005 1652 2031 de
1671 2005 1731 2031 don.
1751 2006 1796 2031 int.
1812 2004 1841 2031 V.
1861 2006 1941 2031 24.1.

1102 2048 1144 2075 III.
1159 2050 1225 2076 Cn.
1245 2047 1274 2074 Si
1293 2048 1400 2084 dignum
1413 2048 1445 2074 X.
1466 2047 1575 2074 fundum
1589 2048 1726 2074 damnetur
1746 2048 1822 2074 hert-s
1836 2047 1867 2074 V.
1882 2058 1942 2074 veu-

1102 2091 1173 2117 dere.
1192 2090 1222 2117 fr.
1246 2092 1284 2117 19.
1305 2091 1336 2117 cf.
1357 2091 1386 2117 fr.
1406 2092 1447 2116 65.
1468 2090 1498 2117 fr.
1518 2094 1559 2117 88.
1580 2101 1619 2128 pr.
1639 2090 1672 2117 ad
1691 2090 1720 2117 L.
1741 2090 1809 2117 Falc.
1829 2093 1871 2117 35.
1890 2093 1914 2116 2.

1136 2134 1306 2167 Digredi.
1339 2136 1449 2165 Abire,
1470 2134 1651 2160 Discedere.
1689 2133 1719 2159 II.
1745 2135 1812 2167 Op.
1838 2133 1941 2170 Ingrcdi

1078 2185 1080 2194 ¹
1102 2177 1335 2214 (possessionem.)
1355 2176 1386 2203 fr.
1406 2178 1447 2202 44,
1467 2176 1489 2209 5.
1509 2179 1533 2203 2.
1553 2176 1585 2203 de
1604 2177 1635 2202 A.
1655 2187 1679 2202 v.
1698 2176 1730 2202 A.
1750 2175 1778 2202 P.
1798 2178 1839 2203 41.
1859 2179 1882 2202 2.

1136 2220 1372 2246 Diiudficare.
1410 2220 1440 2252 ᾗ.
1470 2220 1504 2246 l.
1539 2220 1773 2254 Distinguere,
1805 2222 1939 2254 Perpen-

1102 2265 1179 2289 dere.
1199 2262 1241 2288 III.
1258 2263 1323 2289 Gn.
1337 2262 1426 2288 Diiud.
1443 2267 1467 2288 et
1486 2262 1623 2288 aestimare
1642 2262 1783 2295 (eiusmodi
1803 2262 1888 2293 sacta.)
1908 2261 1937 2287 fr.

1078 2310 1080 2346 ]
1102 2306 1125 2331 4.
1145 2305 1167 2338 5.
1188 2306 1211 2330 4.
1250 2304 1303 2340 Qui
1327 2310 1380 2342 pet.
1400 2309 1447 2330 tut.
1466 2307 1507 2330 26.
1527 2306 1551 2330 6.
1589 2305 1674 2342 Culpa
1698 2306 1724 2331 iu
1747 2305 1816 2331 huuc
1834 2304 1939 2330 modum

1102 2348 1268 2374 diiudicatur.
1288 2347 1318 2373 fr.
1339 2349 1380 2373 91.
1401 2348 1422 2380 5.
1444 2348 1466 2372 l.
1487 2346 1519 2373 de
1539 2347 1569 2373 V.
1591 2347 1622 2373 O.
1644 2350 1683 2374 45.
1706 2350 1727 2374 1.
1743 2364 1773 2367 -
1789 2348 1818 2379 §-
1830 2349 1864 2372 2.
1885 2348 1938 2373 Ia-

1101 2393 1224 2422 dicare,
1245 2392 1373 2416 Indicio
1392 2400 1588 2423 componere.
1608 2390 1651 2417 III.
1665 2393 1730 2418 (511.
1750 2390 1785 2415 Vt.
1799 2391 1820 2415 is
1835 2405 1865 2407 —
1881 2399 1938 2425 pre-

1102 2434 1165 2459 tium
1185 2438 1310 2464 servaret,
1331 2432 1414 2459 donec
1436 2434 1504 2458 iuter
1527 2443 1575 2459 vos
1600 2433 1757 2459 diiudicetur
1777 2431 1820 2465 [al.
1839 2431 1938 2459 deiudi-

1102 2476 1196 2509 cetur.]
1217 2476 1291 2502 cuius
1311 2481 1389 2502 esset.
1411 2475 1440 2502 fr.
1460 2477 1483 2502 9.
1504 2476 1524 2510 5.
1544 2478 1569 2501 3.
1589 2476 1621 2501 de
1641 2476 1665 2501 d.
1684 2486 1716 2501 m.
1736 2477 1759 2500 4.
1779 2476 1802 2500 3.

1135 2518 1380 2546 Diiudicatio.
1406 2521 1589 2550 ludit-atio,
1610 2519 1779 2545 Iudicium.
1809 2516 1850 2543 Ill.
1871 2518 1937 2544 (7η.

1101 2561 1157 2588 Sub
1182 2560 1341 2598 episcopalis
1366 2561 1561 2588 diiudicatiouis
1584 2561 1704 2591 arbitrio,
1729 2558 1805 2592 (loco
1827 2569 1858 2586 eo
1877 2560 1937 2586 sub—

1100 2605 1185 2637 moti.)
1207 2603 1256 2629 Th.
1277 2603 1308 2630 C.
1328 2603 1372 2630 IX.
1393 2606 1434 2630 45.
1455 2614 1475 2630 c.
1495 2606 1518 2630 5.
1539 2603 1571 2630 de
1590 2603 1613 2628 h.
1635 2612 1676 2638 qu.
1696 2601 1728 2627 ad
1747 2601 1810 2629 eccl.

1134 2646 1274 2674 nimbi.
1307 2647 1338 2680 §.
1359 2647 1393 2673 l.
1430 2648 1541 2676 Elabi,
1563 2646 1695 2671 occulte
1713 2647 1853 2671 evadere.
1892 2646 1934 2672 III.

1100 2691 1166 2717 Cn.
1186 2689 1330 2716 Continere
1349 2692 1397 2722 (sc.
1418 2690 1521 2725 aquam)
1540 2689 1587 2718 sic,
1606 2697 1639 2713 ne
1658 2686 1768 2719 diffluat,
1787 2698 1820 2714 ne
1839 2688 1935 2715 dilaba-

1100 2737 1149 2758 tur.
1169 2732 1200 2758 sr.
1221 2734 1243 2758 1.
1263 2733 1284 2766 5
1305 2734 1328 2759 9.
1350 2732 1382 2758 de
1400 2732 1479 2758 sonte.
1498 2732 1538 2756 43.
1552 2732 1593 2756 22.
1631 2729 1859 2767 Comprehensum
1877 2741 1935 2757 eum

1098 2774 1177 2801 iudex
1197 2774 1246 2801 sub
1267 2775 1385 2801 custodia
1410 2774 1565 2804 constituat,
1584 2789 1618 2792 —
1637 2783 1669 2799 ne
1688 2789 1720 2792 —
1740 2772 1853 2799 facinora
1872 2773 1933 2799 dila-

1098 2817 1200 2845 bantur.
1238 2817 1288 2844 Th.
1313 2817 1343 2844 C.
1369 2817 1413 2843 IX.
1438 2818 1462 2842 2.
1482 2826 1503 2842 c.
1522 2818 1546 2842 2.
1566 2815 1599 2842 de
1622 2815 1709 2843 exhib.
1732 2826 1755 2843 v.
1776 2821 1880 2842 transm.
1901 2831 1931 2835 —
