2197 3121
267 186 329 216 128

266 267 366 294 dentis.
385 267 556 295 vindicantiS.
577 267 731 294 addicentis.
760 265 821 304 le.
841 265 912 293 XIX.
932 266 956 292 9.
976 275 1016 301 sq.
1049 263 1107 291 Gai.

268 310 297 337 11.
317 312 358 337 24.
397 310 527 336 Dominus
548 311 719 348 proprietatis
744 308 787 335 alii
812 309 920 335 usumt'r.
941 309 966 334 in
993 309 1049 334 iure
1069 318 1108 334 ce·
1130 321 1131 329 1

267 353 329 380 dere
348 358 444 390 potest.
464 358 491 379 ut
512 352 556 379 ille
576 352 682 379 usumt'r.
703 352 805 379 habeat.
825 353 922 389 etipse
935 351 1029 377 nudam
1049 360 1109 387 pro·
1130 357 1131 367 ¹

267 398 403 434 prietatem
423 397 540 422 retineat.
570 396 606 421 Il).
623 395 652 421 11.
666 397 708 421 30.
747 394 783 421 Vt
802 395 908 422 habenti
928 394 1031 421 mulieri
1053 394 1109 420 fun-

268 440 329 466 dum
348 439 444 466 ususfr.
464 439 583 465 cedatur.
604 443 629 464 et
648 439 683 464 ita
703 448 762 465 cum
780 439 943 476 proprietate
962 436 1110 463 consolide-

268 489 317 509 tnr.
338 483 367 508 11.
388 484 428 508 78.
448 483 469 516 5.
489 484 512 507 2.
533 480 565 507 de
585 482 640 507 iure
660 480 713 507 dot.
738 483 780 508 23.
799 483 823 507 3.
862 480 956 507 Vicina
977 496 1009 500 —
1028 490 1109 517 posse

268 532 293 552 te
313 525 417 553 cedere.
443 526 482 551 ius
509 525 531 550 ei
557 534 629 555 esse,
656 529 750 551 terram
770 529 819 551 etc.
846 540 877 543 -
898 525 995 550 iacere.
1022 524 1110 560 posita

269 569 371 595 hahere.
401 568 430 594 11.
449 570 473 594 3.
499 568 521 601 5.
541 570 564 594 2.
596 567 628 593 cs.
649 566 679 593 fr.
701 569 740 593 10.
766 577 806 603 sq.
832 566 864 593 de
883 566 910 592 S.
932 565 959 592 P.
980 565 1011 592 R.
1036 567 1060 592 8.
1083 568 1108 592 3.

268 629 299 631 —
320 612 351 645 ξ.
373 613 411 637 4.
440 612 627 641 Accenseri,
648 612 810 637 Arc-edere.
848 609 866 635 Ι.
888 610 949 643 Sy.
975 609 1109 646 lmputari.

268 656 297 681 l'r.
318 658 342 680 Η.
361 655 383 688 5
403 655 444 679 22.
464 652 496 679 de
516 658 639 680 transact.
657 655 682 679 2.
706 654 743 678 15.
782 652 946 689 Computari⁷
966 651 1065 678 Yenire
1083 653 1109 678 in

268 698 498 735 computationem.
529 696 558 722 l'r.
578 698 621 722 51.
643 696 674 722 de
694 700 777 722 contr.
798 700 857 721 emt.
880 696 919 720 18.
941 696 963 721 1.
993 694 1023 720 fr.
1044 696 1067 720 7.
1088 694 1109 728 5.

271 744 309 768 12.
330 740 408 766 solut.
429 740 539 766 matrim.
559 741 600 765 24.
619 741 643 765 3.
665 738 694 765 l'r.
714 740 756 765 30.
777 738 814 772 55.
835 740 858 764 ὅ.
879 748 919 774 sq.
940 736 972 763 ad
990 736 1019 763 L.
1040 736 1110 763 Falc.

267 786 309 810 35.
329 786 353 809 2.
390 782 525 809 Pertinere
545 782 584 808 ad.
617 782 763 808 Contineri.
796 781 903 807 Deberi.
935 779 1007 806 Paul.
1027 779 1110 806 1116,

268 828 305 861 55.
325 828 366 853 22.
387 836 446 862 sqq.
465 827 506 851 34.
528 835 585 861 sqq.
606 827 646 851 55.
662 835 720 861 sqq.
741 826 782 851 (57.
798 834 856 860 sqq.
893 823 1028 850 Accedere
1048 824 1112 857 (em-

269 871 319 896 tori
339 870 410 901 etc).
438 869 468 895 11.
488 870 529 895 68.
550 879 588 905 pr.
608 868 638 894 sr.
660 869 700 894 76.
720 878 760 905 pr.
782 868 821 894 78.
842 878 881 905 pr.
902 867 934 893 de
955 871 1037 893 contr.
1051 871 1110 892 emt.

273 916 310 940 18.
333 915 354 938 1.
384 912 414 938 fr.
434 913 474 937 53.
500 922 537 948 pr.
565 911 597 936 de
620 911 652 937 Λ.
673 911 702 937 E.
728 910 759 937 V.
786 912 826 937 19.
849 913 871 936 1.
917 909 960 936 III.
984 912 1050 938 Cn.
1082 909 1111 936 111

269 956 402 994 publicum
427 954 527 981 cedere.
557 953 614 980 Gai.
640 953 684 980 11.
712 956 751 980 13.
772 956 812 981 16.
853 953 897 980 Ad
920 952 1061 980 utilitates.
1086 962 1110 978 V.

269 998 431 1026 Commodo.
452 997 561 1023 alicuius
583 996 637 1023 ced.
668 997 698 1023 sr.
719 999 759 1024 17.
780 1007 820 1034 pr.
845 996 877 1023 de
897 996 972 1033 legat.
993 996 1023 1022 11.
1044 996 1110 1029 (31.)
1133 1001 1134 1006 ¹

270 1054 291 1069 e.
315 1044 351 1068 16.
378 1041 409 1067 d·-
429 1040 517 1077 praed.
545 1045 568 1066 et
590 1040 621 1066 al.
641 1040 695 1066 reb.
722 1041 814 1066 minor.
839 1042 862 1066 5.
884 1042 924 1066 71.
966 1039 1052 1065 Lucro
1073 1049 1112 1065 ce·

269 1086 330 1112 clere
350 1084 503 1117 (creditoris
524 1084 595 1114 ete).
628 1082 685 1109 Gai.
706 1082 750 1109 11.
772 1084 811 1108 13.
840 1082 913 1109 Paul.
934 1082 963 1108 ll.
983 1084 1025 1108 22.
1045 1082 1067 1115 5.
1089 1084 1111 1108 l.

269 1130 299 1155 sr.
320 1130 362 1154 35.
382 1128 448 1162 5.1.
469 1126 501 1152 de
520 1125 551 1152 R.
571 1125 603 1152 1.
623 1128 647 1152 6.
669 1128 691 1152 l.
728 1125 792 1152 Pars
813 1127 862 1159 (sc.
882 1126 1026 1159 thesauri),
1046 1134 1112 1161 quae

270 1172 413 1198 inventori.
436 1180 459 1195 v.
481 1170 525 1205 qui
546 1168 665 1194 domino.
693 1169 770 1195 cedit.
802 1168 832 1195 fr.
853 1170 893 1195 (33.
914 1169 995 1203 55.1.
1016 1178 1055 1205 sq.
1080 1167 1112 1194 (le

270 1215 300 1241 A.
321 1214 350 1240 11.
370 1214 403 1240 1).
425 1214 465 1238 41.
489 1214 509 1238 1.
548 1211 613 1237 (ed.
635 1213 659 1237 in
681 1222 829 1239 numerum.
849 1222 873 1238 v.
894 1213 991 1239 vicem.
1012 1214 1114 1244 (causa-

269 1268 326 1284 rum
346 1256 417 1289 etc).
442 1255 472 1281 fr.
492 1257 516 1281 5.
536 1255 558 1288 5.
578 1257 619 1281 21.
641 1259 667 1281 ut
689 1256 713 1280 in
733 1265 806 1291 poss.
828 1255 903 1290 legat.
923 1256 964 1281 36.
985 1256 1009 1281 4.
1037 1254 1068 1281 11.
1088 1256 1112 1280 6.

270 1302 291 1335 5.
311 1302 335 1326 3.
356 1299 395 1325 ad.
415 1298 444 1325 L.
466 1298 512 1324 Iul.
534 1297 566 1323 de
585 1297 665 1324 adult.
690 1300 732 1323 48.
757 1300 780 1324 5.
826 1298 890 1324 Solo
911 1298 981 1324 cedit
1005 1298 1113 1334 (super-

270 1344 369 1375 licies).
407 1342 463 1368 (iai.
490 1341 519 1367 ll.
545 1343 585 1367 73.
628 1340 742 1367 Litteras
770 1341 909 1368 chartulis.
934 1352 958 1368 v.
984 1340 1112 1367 Tabulam

270 1388 395 1424 picturae.
415 1384 516 1411 cedere.
545 1383 582 1410 lb.
603 1383 632 1410 ll.
654 1386 694 1410 77.
715 1394 754 1420 sq.
781 1400 812 1403 —
841 1384 873 1417 ξ.
894 1385 932 1411 5.
962 1386 1113 1418 Incipere

272 1431 408 1460 (tulere,
428 1438 447 1453 8.
468 1430 614 1457 durare).
643 1429 690 1453 Ad
707 1429 984 1461 computationem
1004 1430 1112 1454 ineun-

269 1475 337 1499 dam
355 1472 531 1506 proficere.
568 1469 585 1495 1.
606 1470 668 1504 Sy.
698 1469 835 1496 Nmnerari
855 1470 960 1497 debere.
998 1470 1114 1508 Compu-

271 1516 326 1541 tari.
355 1514 385 1540 fr.
405 1515 428 1539 6.
449 1512 482 1539 de
501 1512 610 1539 ealumn.
635 1515 659 1539 -3.
678 1514 702 1539 6.
732 1514 762 1540 fr,
782 1516 823 1540 28.
844 1514 881 1548 55.
901 1515 926 1540 3.
944 1524 984 1551 sq.
1011 1525 1043 1541 ex
1069 1524 1112 1551 qu.

271 1570 292 1585 e.
323 1558 381 1583 mai.
411 1558 434 1582 4.
461 1558 484 1582 6.
522 1556 553 1582 fr.
579 1557 619 1582 15.
644 1556 666 1590 5.
691 1558 715 1583 4.
745 1557 797 1592 Qu.
822 1557 848 1583 vi
877 1562 920 1583 aut
944 1557 976 1584 cl.
1004 1559 1046 1584 43.
1070 1559 1112 1584 24.

271 1602 350 1628 Diem
371 1599 472 1626 cedere.
511 1598 629 1635 Incipere
653 1598 745 1626 deberi
771 1601 916 1637 pecuniam.
945 1599 976 1627 11.
995 1602 1054 1627 213.
1081 1600 1113 1627 de
1134 1601 1136 1607 '

271 1644 302 1670 V.
324 1643 351 1670 S.
376 1644 417 1668 50.
439 1643 478 1668 16.
527 1641 556 1667 ll.
584 1643 650 1676 Op.
678 1642 777 1669 Venire
802 1642 917 1676 (diem).
947 1643 977 1669 fr.
998 1645 1021 1669 1.
1047 1643 1068 1677 5.
1088 1645 1112 1669 3.

271 1688 323 1723 Qu.
348 1686 405 1712 dies
429 1684 511 1711 ususs.
537 1686 559 1710 7.
579 1686 603 1710 3.
633 1684 663 1711 fr.
682 1687 742 1712 213.
761 1695 808 1723 prs
831 1685 847 1712 l.
873 1688 914 1712 50.
937 1688 976 1712 16.
1019 1686 1114 1712 Statim

271 1730 373 1757 cedere.
402 1744 434 1748 -—
463 1727 605 1764 suspendi.
639 1727 722 1755 Vatic.
747 1729 769 1762 5.
795 1731 836 1755 55.
878 1728 921 1755 111.
946 1730 1011 1756 On.
1040 1728 1115 1755 Prae-

272 1775 351 1799 terire.
370 1782 465 1809 operae
484 1781 536 1797 non
556 1776 682 1807 possunt,
703 1776 842 1808 antequam
861 1773 988 1809 incipiant
1007 1771 1114 1803 cedere·⁷

273 1822 297 1843 et
317 1817 458 1852 incipiunt.
476 1819 646 1851 posteaquam
667 1813 763 1840 suerint
782 1814 903 1841 indictae.
938 1815 967 1841 11.
989 1816 1028 1841 13.
1049 1816 1070 1849 5.
1089 1817 1114 1841 2.

273 1858 305 1885 cs.
327 1858 357 1885 11.
376 1860 417 1884 23.
438 1858 497 1891 5.1.
519 1856 551 1883 ‹Ie›
571 1866 643 1893 oper.
663 1856 782 1883 liberter.
801 1860 843 1884 38.
860 1860 882 1884 1.
920 1858 991 1884 Dum
1010 1858 1116 1894 languet

273 1902 397 1928 libertus.
422 1905 533 1937 patrono
554 1910 662 1937 operae.
691 1910 757 1936 quae
781 1901 829 1926 iam
851 1901 944 1927 cedere
963 1906 1115 1938 coeperunt,

272 1948 392 1982 pereunt.
421 1943 450 1969 l'r.
470 1944 511 1968 34.
537 1942 571 1968 ih.
591 1944 633 1968 38.
656 1944 676 1968 1.
715 1943 783 1969 Cum
804 1948 907 1980 tempus
928 1943 1014 1970 luctus
1035 1945 1116 1970 eonti-
1137 1937 1139 1944 l

274 1997 352 2013 nuum
372 1991 425 2013 est.
445 1987 538 2012 merito
558 1991 583 2011 et
603 1987 732 2021 ignoranti
753 1985 822 2012 cedit
842 1997 873 2013 ex
893 1986 935 2012 die
953 1988 1047 2013 mortis
1065 1997 1116 2013 ma-

275 2031 324 2056 riti.
355 2030 384 2056 fr
406 2032 430 2055 8.
455 2029 487 2055 de
507 2029 531 2055 h.
553 2039 595 2065 qu.
616 2033 669 2055 not.
690 2028 775 2055 insam.
799 2030 824 2055 3.
844 2032 868 2055 2.
912 2030 972 2065 Quo
998 2034 1116 2067 tempore

772 2071 828 2098 Gai.
858 2072 888 2099 11.
912 2074 971 2098 244.
1001 2072 1032 2099 cs.
1058 2074 1115 2099 190.

276 2117 344 2152 Quia
365 2117 390 2141 in
415 2126 493 2141 unmn
514 2115 658 2146 com-urrit.
683 2119 712 2140 ut
737 2120 761 2141 et
781 2115 857 2142 heres
877 2117 996 2147 exsistat,
1016 2120 1041 2141 et
1060 2115 1116 2142 dies

275 2074 330 2099 dies
359 2073 502 2109 legatorum
532 2072 624 2099 cedere
652 2071 727 2098 solet.

278 2159 355 2195 legati
375 2158 456 2185 cedat.
483 2159 512 2184 l'r.
532 2160 573 2184 68.
594 2158 614 2191 5.
639 2160 658 2184 l.
679 2157 712 2183 de
731 2157 806 2194 legat.
828 2158 845 2185 1.
865 2159 933 2192 (30.)
970 2158 1059 2185 Semel
1078 2169 1118 2185 ce-

277 2202 327 2228 dit.
349 2217 380 2221 --
402 2201 450 2227 l'er
469 2201 525 2227 dies
545 2200 679 2237 singulos,
705 2211 728 2227 v.
749 2212 867 2231 menseS,
886 2212 910 2228 v.
931 2212 1027 2234 annos⁷
1049 2201 1118 2228 cedit

278 2244 349 2277 (dies
369 2244 466 2277 legati).
489 2244 517 2270 t'r.
540 2246 560 2270 1.
582 2255 619 2281 pr.
641 2246 693 2280 Qu.
714 2244 770 2271 (lies
790 2244 872 2271 ususs.
894 2247 916 2271 7.
936 2247 960 2271 3.

313 2287 460 2314 Celare.
490 2289 700 2319 Abxruudere,
722 2289 904 2315 Occultare.
934 2288 1026 2322 [Sy.
1043 2287 1119 2315 Clam

282 2330 373 2355 l'acere.
403 2329 431 2355 11.
452 2332 475 2355 53.
496 2330 532 2363 55.
554 2332 576 2356 7.
598 2340 636 2366 sq.
657 2332 708 2365 Qu.
730 2331 754 2356 vi
775 2335 819 2357 aut
838 2330 869 2357 el.
890 2332 930 2357 43.
950 2333 992 2357 24.
1030 2331 1119 2357 Susci-

278 2420 299 2449 5.
319 2418 342 2441 2.
364 2415 396 2441 de
415 2425 491 2441 servo
512 2425 577 2441 corr.
600 2417 638 2441 ll.
653 2418 677 2441 3.
716 2416 865 2442 Occultare.
891 2416 920 2442 11.
934 2419 975 2442 25.
997 2416 1029 2443 de
1043 2417 1118 2443 iniur.

280 2460 321 2484 47.
345 2460 382 2484 lt).
404 2469 425 2484 (·.
445 2460 468 2484 2.
490 2469 510 2483 e.
525 2460 548 2483 9.
569 2458 599 2483 ad
620 2458 648 2484 L.
666 2458 726 2485 Fah.
747 2459 780 2485 (le
799 2459 865 2496 plag.
886 2460 909 2485 9.
924 2462 965 2485 20.
994 2459 1119 2487 111.(7η.

281 2502 333 2535 Qui
355 2517 386 2520 —-
408 2500 500 2527 l'alsum
521 2500 651 2527 svm-runt.
676 2501 730 2527 vel.
758 2507 784 2527 ut
809 2512 897 2528 verum
917 2512 969 2528 11011
989 2502 1120 2539 adpareat.

281 2543 343 2578 quid
363 2543 527 2575 celaverunt.
547 2544 747 2581 subripuerunt.
768 2545 950 2573 subiecerunt.
974 2546 1122 2581 resignave-

281 2590 349 2611 111111,
384 2586 413 2612 t‘r.
435 2589 474 2612 111.
500 2587 522 2620 5.
542 2589 566 2613 2.
597 2587 629 2613 de
652 2587 681 2613 L.
703 2587 764 2613 (for.
791 2588 823 2613 (1(-
848 2588 904 2614 sais.
928 2591 969 2615 48.
991 2590 1029 2614 lo.
1067 2589 1121 2623 Qui

285 2633 467 2655 testamentum
492 2631 631 2656 amoverit.
655 2630 790 2656 celaverit.
817 2632 955 2667 eripuerit.
984 2630 1121 2659 deleverit,

283 2670 453 2697 interit-verit.
473 2672 629 2700 subiecerit.
649 2674 827 2707 resignaverit.
860 2673 890 2699 11.
910 2676 933 2699 2.
964 2674 997 2700 ib.
1018 2676 1059 2700 *18.
1083 2675 1121 2699 10.

283 2714 314 2739 cl'.
334 2713 364 2739 l'r.
378 2715 401 2739 3.
417 2714 438 2745 5.
453 2717 476 2740 ti.
497 2715 528 2741 de
548 2716 628 2742 tahul.
647 2715 733 2742 exhih.
754 2717 795 2741 43.
810 2718 832 2741 5.
872 2716 901 2741 Si
921 2727 967 2752 per
987 2716 1122 2747 fallaciam,

283 2756 380 2783 dolove
400 2756 480 2787 malo.
501 2759 605 2785 amovit.
626 2758 666 2784 vel
681 2769 734 2785 rem
749 2768 910 2785 communem
924 2759 1024 2786 (τι-11111111
1039 2761 1123 2786 animo

284 2804 438 2825 contrectet.
460 2799 489 2825 11.
509 2802 549 2826 45.
569 2811 618 2838 pro
638 2811 691 2827 soc.
714 2803 752 2828 17.
772 2804 796 2827 2.
823 2801 853 2827 cl'.
876 2800 947 2827 Paul.
963 2801 993 2827 V.
1013 2804 1036 2828 3.
1056 2803 1078 2835 5.
1098 2805 1122 2828 2.

285 2842 313 2868 Si
339 2841 431 2868 celavit
458 2844 624 2879 mancipium.
657 2845 697 2870 vel
728 2844 791 2880 qnid
821 2843 891 2870 allud
915 2844 1015 2870 furandi
1040 2845 1124 2871 auimo

1085 181 1179 214 CEL.

1130 268 1131 302 J
1153 264 1223 291 fecit.
1251 263 1282 290 sr.
1302 265 1343 290 25.
1364 263 1397 290 de
1415 264 1491 291 iniur.
1512 267 1552 292 47.
1574 266 1615 292 10.
1646 265 1677 292 εἰ.
1704 265 1761 293 Gai.
1779 266 1822 294 111.
1842 269 1901 294 200.
1941 268 1995 304 Qui

1152 317 1257 333 servum
1277 307 1386 344 recepit.
1407 312 1433 333 et
1451 308 1558 335 celavit.
1584 313 1607 335 et
1628 309 1786 336 deteriorem
1804 310 1873 337 fecit.
1903 310 1934 338 fr.
1956 313 1995 338 11.

1153 350 1174 384 5.
1195 352 1219 376 2.
1245 349 1278 376 de
1297 360 1375 376 servo
1395 360 1462 377 corr.
1495 353 1534 378 11.
1553 353 1578 378 3.
1621 352 1675 388 Qui
1695 353 1779 379 civem
1797 351 1828 379 R.
1847 354 1995 389 ingenuum,

1154 392 1321 425 libertinum,
1350 402 1490 420 servamve
1513 393 1639 421 alienum.
1669 395 1806 428 celaverit,
1834 396 1996 426 vendiderit.

1153 436 1276 461 vinxerit.
1297 437 1496 473 comparaverit.
1525 436 1594 464 Coll.
1608 437 1661 464 LL.
1682 438 1715 465 M.
1734 437 1805 465 XIV.
1824 440 1848 464 2.
1869 439 1901 465 cs.
1920 441 1945 466 3.
1965 440 1995 466 11.

1153 480 1176 505 6.
1197 479 1220 512 5
1233 480 1258 504 2.
1283 478 1316 505 de
1336 478 1365 505 L.
1381 478 1442 505 Fal).
1457 478 1489 505 de
1502 478 1569 516 plag.
1589 481 1631 507 48.
1647 483 1686 507 15.
1725 480 1754 507 Si
1773 480 1872 507 arbiter
1885 491 1944 508 sese
1957 492 1997 509 ce—

1153 521 1207 548 lare
1226 523 1374 549 tentaverit.
1395 521 1504 548 Praetor
1528 532 1586 549 eum
1598 524 1756 559 investigare
1769 523 1857 556 debet,
1877 529 1901 551 et
1916 525 1938 551 si
1953 524 1997 551 diu

1153 574 1206 591 non
1225 566 1350 601 paruerit.
1371 565 1401 591 fr.
1421 567 1462 592 32.
1500 587 1504 591 .
1527 567 1566 592 12.
1586 565 1618 592 de
1637 576 1688 593 ree.
1709 576 1752 603 qu.
1772 566 1826 593 arb.
1846 568 1870 593 4.
1883 570 1907 593 8.
1936 566 1997 594 Non

1154 607 1259 634 videtur
1278 618 1337 634 esse
1357 608 1470 640 celatim,
1492 609 1536 645 qui
1555 609 1620 640 scit;
1639 619 1724 646 neque
1744 611 1879 636 certiorari
1897 610 1997 641 debuit,

1132 667 1133 671 =
1155 651 1200 687 qui
1220 660 1274 676 uon
1293 652 1430 687 ignoravit.
1460 651 1490 677 11.
1512 653 1533 677 l.
1554 651 1575 685 5.
1596 653 1619 677 l.
1640 651 1672 678 de
1691 652 1722 679 A.
1742 653 1772 679 E.
1794 652 1825 679 V.
1847 654 1886 679 19.
1908 655 1930 679 l.
1968 652 1997 679 Si

1155 710 1187 713 —
1208 704 1309 720 morum
1329 699 1387 720 ante
1407 693 1503 726 celata.
1528 694 1570 720 vel
1590 695 1719 729 ignorata,
1743 696 1850 722 emersit
1874 696 1998 733 improbi-

1155 742 1203 763 tas,
1223 736 1254 763 sr.
1274 740 1298 763 8.
1319 736 1352 763 de
1373 737 1490 763 confirm.
1510 742 1557 763 tut.
1577 739 1619 763 26.
1638 738 1662 763 3.

1191 781 1362 807 Celeber.
1400 779 1441 806 Cf.
1461 790 1485 806 v.
1506 779 1637 807 Celebris.

1192 823 1411 850 celebrare.
1440 823 1471 856 ξ.
1486 824 1520 849 l.
1547 825 1781 858 Frequenlare,
1802 827 1999 860 Perpetuam

1155 867 1365 892 constituere.
1408 864 1426 891 I.
1446 866 1507 900 Sy.
1535 865 1679 903 Ysurpare.
1699 866 1792 895 Coire.
1811 867 1914 894 llabere
1934 868 2000 901 (col-

1156 908 1278 944 legium).
1304 908 1334 934 fr.
1355 910 1377 934 1.
1390 908 1419 942 5.
1442 910 1482 935 14.
1502 908 1543 935 de-
1554 910 1597 935 off.
1618 908 1669 935 l‘rs.
1690 908 1735 935 Vr.
1758 911 1780 936 l.
1801 912 1840 937 12.
1866 910 1896 937 11.
1918 913 1939 937 1.
1959 921 1999 948 pr.

1156 952 1238 985 551.
1259 961 1299 987 sq.
1318 950 1349 977 11.
1369 953 1393 977 2.
1414 950 1444 977 fr.
1464 953 1488 977 3.
1508 952 1574 985 5.1.
1595 952 1627 978 de
1647 951 1739 987 colleg.
1761 957 1786 978 et.
1805 963 1876 990 corp.
1896 955 1937 979 47.
1957 956 1998 980 22.

1156 994 1199 1020 111.
1222 995 1287 1021 Cn.
1320 993 1398 1026 Viae.
1422 999 1532 1031 pontes.
1557 1005 1604 1032 per
1629 1005 1696 1031 quos
1715 996 1807 1021 itinera
1827 995 1999 1024 celebrantur.

1158 1037 1207 1063 Th.
1235 1036 1266 1063 C.
1285 1036 1344 1063 XV.
1366 1039 1388 1063 1.
1414 1047 1435 1064 c.
1454 1039 1496 1064 36.
1527 1037 1560 1064 de
1579 1048 1640 1075 opp.
1660 1037 1722 1074 pub.
1765 1037 1840 1064 Nova
1859 1048 1889 1064 ac
1907 1039 2001 1066 tumul·

1157 1085 1234 1107 tuosa
1248 1080 1432 1107 conventicula
1446 1085 1518 1107 extra
1533 1080 1670 1107 ecclesiam
1685 1080 1858 1108 celebrantes.
1878 1081 1915 1108 lb.
1929 1081 2001 1108 XVI.

1156 1126 1180 1150 2.
1200 1135 1221 1151 c.
1241 1125 1283 1150 37.
1303 1123 1335 1149 de
1357 1124 1440 1160 episc.
1462 1123 1525 1150 eccl.
1563 1122 1613 1150 Per
1632 1132 1744 1159 quorum
1763 1128 1846 1150 terras
1866 1124 1935 1151 idem
1948 1135 2002 1151 mu-

1157 1177 1202 1193 rus
1222 1183 1255 1187 --
1280 1176 1312 1193 ex
1337 1171 1443 1193 nostrae.
1468 1167 1618 1193 serenitatis
1643 1166 1751 1193 arbitrio
1776 1166 1932 1194 celebratur.
1963 1167 2000 1194 lb.

1157 1209 1216 1236 XV.
1239 1211 1260 1236 l.
1282 1220 1303 1236 c.
1323 1212 1365 1236 51.
1385 1226 1418 1230 —
1443 1211 1473 1244 §.
1493 1211 1528 1236 2.
1557 1211 1734 1244 Peragere,
1761 1212 1921 1245 Exsequi,
1941 1212 2002 1237 Aa·

1157 1255 1361 1280 ministrare.
1399 1253 1417 1280 I.
1435 1255 1497 1288 sy.
1521 1252 1607 1279 Edere
1627 1252 1842 1289 (spectaculum).
1863 1253 1894 1279 11.
1909 1254 1949 1280 16.
1969 1253 2002 1280 de

1158 1306 1206 1323 usu
1226 1301 1252 1322 et
1271 1296 1340 1323 usul'.
1360 1296 1408 1332 leg.
1432 1298 1474 1322 33.
1499 1298 1523 1322 2.
1562 1296 1644 1327 Dare.
1671 1295 1807 1322 Praestare
1827 1296 2002 1329 (aestimatio-

1158 1340 1236 1371 nem).
1263 1350 1284 1366 c.
1304 1341 1345 1366 35.
1365 1340 1387 1373 5.
1407 1340 1431 1365 3.
1458 1338 1490 1365 de
1510 1338 1598 1365 donat.
1619 1340 1642 1365 8.
1662 1340 1704 1365 54.
1742 1338 1785 1365 III.
1810 1340 1876 1367 Cn.
1905 1339 2003 1366 Rerum

1156 1382 1309 1409 venditione
1328 1382 1468 1414 celebrata.
1489 1382 1578 1409 dotem
1598 1383 1769 1409 constituere.
1789 1381 1819 1408 fr.
1834 1383 1876 1409 61.
1890 1382 1912 1416 5.
1927 1384 1950 1408 l.
1970 1382 2004 1409 de

1157 1427 1212 1452 iure
1232 1425 1286 1452 dot.
1305 1427 1347 1452 23.
1367 1427 1391 1452 3.
1430 1425 1591 1452 Contractus
1610 1427 1668 1452 siue
1687 1424 1740 1451 ulla
1753 1424 1829 1462 culpa
1843 1424 2001 1451 celebratus.

1158 1468 1207 1495 Th.
1226 1468 1257 1495 C.
1278 1468 1320 1495 III.
1342 1470 1364 1495 1.
1386 1479 1407 1495 c.
1431 1471 1452 1495 l.
1482 1469 1513 1495 cl'.
1535 1480 1556 1495 c.
1576 1471 1601 1494 2.
1621 1478 1660 1505 sq.
1686 1467 1719 1494 de
1743 1472 1827 1494 contr.
1853 1472 1913 1494 emt.
1952 1466 2004 1494 No-

1157 1513 1264 1538 miuatio
1283 1513 1481 1549 magistratuum
1500 1511 1664 1538 celebranda.
1693 1510 1730 1537 lb.
1744 1510 1802 1537 XII.
1824 1513 1847 1537 1.
1867 1520 1889 1537 c.
1909 1511 1951 1537 84.
1971 1510 2004 1537 de

1158 1555 1291 1581 decurion.
1319 1554 1376 1581 XII.
1396 1557 1420 1582 5.
1445 1565 1466 1581 c.
1488 1557 1510 1582 1.
1536 1554 1665 1589 Quemad.
1685 1564 1755 1580 mun.
1775 1555 1824 1580 civ.
1871 1553 2004 1581 Modicum

1159 1603 1261 1635 tempus
1281 1598 1450 1625 statuendum
1473 1603 1525 1630 est,
1551 1614 1583 1617 —
1610 1602 1638 1623 ut
1663 1598 1765 1624 exactio
1786 1596 1942 1623 celebretur.
1972 1597 2002 1623 11.

1157 1643 1199 1667 21.
1223 1641 1290 1674 5.1.
1320 1641 1352 1667 ‹le
1377 1642 1481 1667 constit.
1506 1651 1601 1678 perun.
1628 1641 1667 1666 13.
1688 1642 1712 1666 5.
1755 1639 1876 1666 Formam
1903 1650 1935 1666 ex
1955 1639 2004 1666 hac

1159 1685 1349 1711 constitutione
1373 1684 1460 1711 datam
1483 1683 1563 1710 hodie
1582 1680 1607 1709 in
1627 1693 1676 1709 usu
1696 1684 1730 1709 ita
1751 1682 1886 1709 celebrari.
1918 1681 2004 1713 Vatic.

1158 1728 1180 1761 5.
1202 1729 1259 1754 156.
1301 1727 1429 1764 Alioquin
1454 1727 1519 1753 haec
1542 1727 1627 1752 onmia
1647 1726 1735 1752 officio
1754 1725 1849 1752 iudicis
1877 1725 2004 1752 celebrari

1162 1775 1276 1807 oportet.
1304 1769 1334 1796 fr.
1355 1772 1377 1796 7.
1398 1771 1420 1804 5.
1439 1772 1463 1796 3.
1490 1770 1541 1805 Qu.
1562 1770 1587 1795 vi
1607 1774 1650 1795 aut
1670 1768 1702 1795 cl.
1722 1770 1764 1795 43.
1783 1770 1825 1795 24.
1864 1768 1905 1795 De
1923 1769 2005 1795 omni-

1160 1812 1209 1839 bus
1233 1812 1312 1838 rebus
1337 1812 1503 1839 hereditariis
1527 1812 1607 1839 iudex
1632 1821 1792 1847 cognoscere
1815 1811 1907 1843 (lebet,
1938 1811 2005 1839 cele-

1161 1856 1232 1881 brata
1257 1855 1402 1885 divisione,
1428 1861 1457 1882 ut
1480 1860 1529 1882 etc.
1562 1871 1594 1875 -—
1626 1856 1657 1889 §.
1679 1857 1716 1882 3.
1745 1857 1822 1881 Cum
1850 1856 2004 1882 laudibus

1160 1900 1319 1930 recitare,
1344 1909 1365 1926 v.
1396 1908 1594 1933 nuncupare.
1633 1897 1675 1924 III.
1701 1899 1767 1925 Gn.
1795 1896 1839 1923 Ad
1865 1897 2004 1934 sarcopha-

1160 1951 1220 1977 gum
1238 1951 1322 1968 meum
1336 1943 1488 1968 memoriam
1500 1952 1584 1968 meam
1598 1942 1739 1978 quotannis
1754 1940 1896 1967 celebrent.
1916 1940 1947 1966 11.
1962 1942 2003 1966 18.

1160 1986 1183 2019 5.
1202 1987 1226 2011 5.
1246 1984 1279 2010 de
1298 1984 1366 2010 alim.
1387 1995 1411 2011 v.
1432 1984 1511 2011 cibar.
1530 1986 1574 2011 34.
1590 1987 1612 2010 1.
1650 1983 1767 2019 Recepta
1787 1983 1943 2009 auctoritate
1962 1983 2004 2009 {ir-

1160 2027 1252 2054 manda
1272 2032 1342 2059 sunt,
1362 2032 1388 2053 et
1407 2029 1477 2054 omui
1497 2027 1665 2053 veneratione
1684 2025 1848 2057 celebranda,
1868 2026 1917 2059 (sc.
1938 2036 2004 2063 quac

1161 2071 1290 2107 scriptura
1314 2070 1388 2096 Pauli
1418 2070 1612 2103 continentur).
1649 2068 1698 2095 Th.
1724 2069 1754 2096 C.
1779 2068 1797 2095 I.
1824 2070 1848 2095 4.
1878 2079 1899 2095 0.
1918 2071 1942 2096 2.
1972 2068 2005 2095 dc

1162 2123 1282 2150 respon&
1302 2112 1378 2150 prud.
1416 2112 1451 2139 Vt
1465 2111 1608 2139 Scaevolae
1628 2117 1676 2138 etc.
1697 2127 1729 2131 —-
1749 2112 1918 2148 omniumque
1937 2121 2004 2149 quos

1162 2156 1200 2183 illi
1220 2156 1399 2184 eelebrarunt.
1420 2172 1452 2176 —-
1472 2155 1593 2182 codicum
1619 2155 1760 2182 collatione
1784 2155 1930 2182 firmentur.
1967 2155 2004 2181 lb.

1163 2210 1184 2226 c.
1203 2202 1227 2226 3.
1248 2200 1264 2226 l.
1285 2200 1301 2225 l.

1198 2242 1429 2270 (ἚΙΘΙΠἮῐίο.
1467 2243 1646 2269 Exsecutio
1675 2243 1832 2267 solemnis.
1874 2240 1917 2267 111.
1937 2241 2005 2268 Cn·

1163 2287 1239 2322 Quos
1259 2287 1316 2312 sine
1336 2286 1446 2312 honesta
1471 2285 1647 2311 celebratione
1671 2285 1828 2310 matrimonii
1851 2288 2005 2320 procreatos

1140 2326 1142 2331 ⁴
1163 2335 1212 2356 etc.
1240 2329 1276 2355 lh.
1297 2328 1340 2355 IV.
1360 2330 1384 2355 6.
1405 2339 1426 2354 e.
1447 2330 1470 2355 7.
1492 2327 1596 2362 (ch.)
1622 2326 1654 2352 de
1675 2332 1758 2353 natur.
1779 2326 1815 2353 fil.
1853 2326 1916 2353 Ideo
1936 2328 2005 2353 enim

278 2383 352 2409 pere.
372 2372 552 2398 Abscondere.
583 2372 652 2399 l'aul.
674 2373 703 2399 V.
723 2376 747 2400 3.
768 2374 789 2407 5.
803 2376 827 2399 2.
847 2373 877 2399 fr.
899 2375 921 2400 1.
939 2374 960 2407 5.
981 2376 1005 2399 2.
1026 2373 1055 2400 t'r.
1078 2375 1117 2400 11.
1141 2373 1142 2376 ¹

1164 2378 1189 2399 et
1208 2372 1307 2411 decreti
1327 2372 1469 2398 celebratio
1488 2371 1616 2408 permissa
1637 2375 1685 2401 est.
1706 2375 1733 2396 ut
1753 2374 1802 2396 etc.
1831 2369 1923 2397 Iuliani
1942 2371 2003 2407 epit.

1164 2426 1223 2442 nov.
1244 2426 1264 2441 c.
1287 2417 1325 2441 14.
1345 2415 1367 2448 5.
1387 2417 1429 2441 50.

1200 2458 1380 2486 Celebris.
1410 2456 1539 2489 (Adit-ct.)
1577 2458 1711 2488 Clarus,
1732 2457 1843 2483 Notus.
1881 2455 2005 2483 111οη.

1166 2501 1194 2528 Si
1218 2502 1243 2528 in
1268 2501 1343 2527 aliam
1369 2510 1445 2536 quam
1465 2499 1594 2525 celebrem
1616 2499 1761 2531 civitatem.
1789 2498 1831 2525 vel
1854 2499 2005 2535 provinciae

1142 2561 1144 2575 f
1166 2549 1257 2582 caput,
1277 2543 1419 2570 advenerit.
1440 2542 1470 2568 sr.
1486 2544 1507 2568 7.
1529 2552 1567 2579 pr.
1589 2542 1620 2568 de
1640 2542 1684 2568 oss.
1705 2541 1780 2568 Prae.
1800 2546 1825 2567 et
1843 2541 1906 2578 Leg.
1928 2543 1949 2568 l.
1965 2543 2003 2568 16.

1167 2587 1338 2614 Feleberrinii
1358 2586 1422 2612 iuris
1442 2590 1490 2615 est.
1511 2590 1559 2611 etc.
1580 2595 1601 2611 c.
1616 2587 1641 2611 2.
1661 2585 1684 2610 si
1704 2594 1746 2621 qu.
1768 2584 1847 2621 aliqu.
1868 2589 1927 2611 test.
1946 2593 2005 2621 pro-

1167 2631 1219 2657 hib.
1242 2633 1266 2657 6.
1285 2632 1327 2657 3-1.

1203 2673 1426 2701 celebritas.
1468 2673 1499 2705 §.
1523 2673 1557 2698 1.
1597 2673 1815 2698 Conversatiu
1841 2672 2005 2707 frequens.

1168 2716 1210 2743 111.
1235 2717 1301 2743 Gn.
1330 2716 1430 2751 Quive,
1450 2716 1482 2741 iis
1501 2714 1694 2752 praesentibus7
1715 2729 1747 2733 ——
1766 2715 1793 2740 in
1811 2713 1944 2740 hominum
1957 2713 2007 2738 erit.

1168 2759 1320 2785 eelebritate
1344 2763 1473 2785 versatus.
1507 2757 1557 2784 Th.
1578 2757 1608 2784 C.
1629 2757 1672 2783 lv.
1693 2758 1716 2783 8.
1742 2767 1763 2783 0.
1782 2758 1806 2784 9,
1831 2754 1944 2788 (ch.)
1973 2754 2007 2781 de

1169 2802 1269 2829 liberal.
1294 2812 1314 2828 0.
1348 2817 1379 2821 -
1416 2802 1446 2834 ,6.
1471 2803 1506 2828 2.
1541 2802 1768 2832 Οαενίηιοιιία,
1801 2799 2004 2825 solemnitas.

1146 2881 1147 2892 η
1170 2845 1186 2872 l.
1212 2846 1274 2879 Sy·
1303 2844 1426 2871 Laetitia.
1453 2844 1633 2871 Caerimoniae
1653 2842 1811 2875 (Paschae).
1844 2840 1880 2866 lb.
1901 2840 1945 2867 IX.
1963 2842 2004 2866 35.
