2197 3121
265 177 329 207 954

267 257 314 285 sac.
335 267 360 295 p.
374 258 414 283 28.
432 258 454 283 Ι.
473 256 545 283 Paul.
565 255 607 282 111.
622 255 674 282 4Λ.
695 256 716 290 §.
734 257 772 283 13.
810 256 864 292 Qui
884 255 965 282 latine
983 256 1112 287 nesciant,

267 316 299 321 -
319 300 431 327 adhibiti
451 309 503 325 uon
523 300 616 325 vitiant
636 303 829 325 testamentum.
849 298 886 325 Id.
906 298 923 325 l.
944 298 960 326 l.
981 300 1002 333 ξ.
1019 300 1058 325 13.
1079 298 1112 325 cl'.

266 344 390 378 §.10.—
411 343 442 376 §.
457 344 493 369 3.
516 344 684 369 Successit)
704 344 968 369 testamentaria.
989 341 1032 368 111.
1045 343 1111 369 Gn.

266 386 326 414 Non
341 386 442 413 admitti
456 385 487 411 ad
502 390 694 412 testamentum.
714 385 828 412 Excludi
841 390 1007 412 testamento.
1026 384 1056 411 sr.
1074 387 1112 411 14.

266 429 300 457 de
319 429 342 456 h.
363 439 405 466 qu.
427 433 454 454 ut
473 427 572 464 indign.
585 430 627 454 34.
647 430 670 455 9.
690 428 720 455 fr.
737 430 775 454 12.
797 428 830 455 de
848 428 877 454 B.
894 428 920 454 1'.
941 438 962 454 s.
984 433 1000 454 t.
1014 430 1056 455 37.
1071 429 1111 454 11.

266 472 408 500 Vindicate
428 481 460 497 ex
480 475 638 497 testamento
658 471 819 505 (caducum.)
840 470 900 508 Ἤρ.
920 470 1006 498 XXV.
1028 473 1068 499 17.

302 514 466 543 Testari.
503 515 535 548 §0
556 516 591 542 1.
616 517 662 542 Ad
685 516 908 541 testimonium
926 524 1112 549 provocare.

266 558 310 585 111.
326 559 392 586 Cn.
418 558 472 593 Qui
491 567 521 583 se
541 558 615 583 sierit
634 558 770 590 testarier,
793 557 957 594 libripensve
975 557 1066 589 suerit,
1086 558 1112 584 ni

266 601 445 628 testimonium
465 599 573 627 l'ariatur
587 605 636 627 etc.
656 600 686 627 L.
699 600 748 627 XII
762 600 826 628 Tab.
842 600 910 627 VIII.
924 602 966 627 22.
981 617 1012 621 —
1033 601 1064 634 ξ.
1075 602 1111 628 2.

270 645 505 671 Testimonium
534 653 624 670 uuum
654 645 870 678 interponere.
915 646 1113 671 Solemniter

263 688 438 723 profiteri.
458 686 476 712 1.
490 688 553 721 Sy.
566 686 759 713 Testimonium
773 697 848 713 suum
863 687 1010 724 perhibere.
1030 686 1060 713 l'r.
1070 689 1112 713 21.

266 729 289 763 §.
303 732 327 756 2.
349 730 402 765 Qui
422 734 524 756 testam.
545 729 592 756 sac.
613 740 637 767 p.
651 733 693 757 28.
716 732 737 757 l.
774 729 817 756 111.
831 731 898 757 Gn.
917 729 1050 762 Scribere,
1069 734 1113 757 aut

266 774 366 799 testari.
391 772 420 799 fr.
440 775 464 799 2.
489 774 511 807 ᾗ.
531 774 572 800 47.
597 772 630 800 de
651 774 683 800 Ο.
704 773 722 799 I.
745 775 766 799 1.
785 776 809 800 2.
846 773 930 799 Adire
952 772 1112 805 Praefectos,

266 821 292 842 et
311 815 343 842 ad
363 826 409 842 eos
430 815 476 850 [al.
491 816 561 854 apud
582 815 655 850 eum]
677 817 776 842 testari.
812 816 1006 843 Accusaturum
1025 826 1063 848 se,
1083 815 1113 843 li-

265 858 344 885 bellis
362 858 482 886 Praesidi
506 859 574 886 datis
598 864 719 886 testatus.
744 859 774 886 fr.
795 861 818 886 7.
844 859 877 886 de
901 859 1005 886 incend.
1029 860 1112 886 ruina.

265 903 308 929 47.
328 904 351 928 9.
371 902 402 928 fr.
425 904 464 929 11.
484 903 506 936 ς’.
520 904 544 929 3.
564 902 597 929 ad
616 901 645 929 L.
660 902 707 929 Iul.
728 902 760 928 de
780 901 860 929 adult.
880 904 922 929 48.
942 905 966 930 5.
1004 902 1113 929 Testata

265 945 336 983 apud
355 945 470 972 iudicem
490 950 683 983 competentem
703 946 780 972 actio.
801 945 851 972 Th.
872 945 903 972 C.
922 945 968 973 IX.
989 948 1029 973 19.
1050 956 1072 973 c.
1087 949 1112 972 2.

265 989 288 1022 §.
308 990 332 1015 2.
353 988 385 1015 ad
404 988 433 1015 L.
455 988 536 1015 Corn.
557 988 590 1015 de
609 988 666 1015 sals.
705 988 865 1026 Competere
884 988 1061 1021 interdictum,
1080 1005 1111 1009 —

265 1033 411 1068 testarique
437 1031 571 1058 dominum
591 1037 640 1058 etc.
667 1031 697 1058 fr.
716 1033 740 1058 3.
765 1032 787 1066 §.
806 1034 830 1058 3.
850 1033 888 1059 uti
906 1031 1050 1069 posssidet.
1070 1034 1111 1058 43.

266 1075 307 1100 17.
345 1073 439 1100 Solent
463 1075 568 1107 testari,
588 1091 621 1094 —
645 1085 698 1101 non
723 1076 809 1101 animo
833 1075 938 1101 heredis
962 1085 991 1101 se
1014 1085 1112 1110 gerere.

264 1116 296 1143 fr.
315 1118 358 1142 20.
378 1117 399 1150 §.
422 1119 443 1144 l.
464 1116 497 1144 de
516 1118 548 1144 A.
568 1128 592 1144 v.
613 1117 647 1145 O.
666 1117 697 1144 Η.
718 1120 758 1144 29.
780 1120 804 1144 2.
824 1118 856 1144 cs.
878 1117 907 1144 l'r.
925 1120 963 1144 14.
984 1118 1021 1152 ἓξ.
1035 1120 1058 1144 7.
1072 1127 1112 1154 sq.

265 1159 299 1186 de
318 1159 392 1196 relig.
413 1162 452 1187 ll.
473 1162 496 1187 7.
518 1177 550 1180 —
570 1161 601 1195 ξ.
623 1162 660 1188 3.
694 1162 843 1188 Testibua
867 1163 986 1187 accitis
1008 1163 1113 1187 decla-

265 1212 352 1235 rare,
372 1205 422 1229 vel
438 1205 585 1237 probare.
621 1203 639 1230 1.
660 1204 722 1238 Sy.
748 1202 844 1229 Testes
864 1204 996 1230 inducere.
1020 1204 1050 1230 l'r.
1070 1206 1112 1230 25.

264 1255 304 1283 pr.
325 1246 362 1280 §§.
381 1247 405 1272 4.
420 1256 459 1282 sq.
480 1246 512 1272 ad
531 1245 622 1273 L.1u1.
642 1246 675 1273 de
694 1246 774 1273 adult.
795 1248 835 1272 48.
856 1248 880 1273 5.
918 1246 960 1273 III.
977 1248 1044 1275 Cn.
1063 1246 1113 1274 Te-

265 1290 343 1321 stari,
368 1289 494 1315 adhibitis
518 1299 571 1316 non
595 1291 682 1316 minus
707 1300 783 1326 quam
802 1289 849 1316 VII
869 1290 991 1316 testibus.
1017 1290 1074 1317 Gai.
1093 1289 1111 1316 I.

264 1333 307 1358 29.
345 1331 396 1358 Die
419 1337 519 1358 statuto
545 1338 630 1359 emtor
653 1338 766 1359 testatus
785 1337 839 1359 est:
863 1332 922 1364 ..Se
941 1349 973 1352 —
993 1338 1112 1370 paratum

265 1373 349 1401 fuisse
367 1374 534 1401 exsolvere.‘⁴
554 1375 584 1402 fr.
598 1378 622 1402 8.
643 1375 675 1402 dc
694 1375 724 1402 L.
745 1386 836 1402 comm.
851 1377 890 1402 18.
908 1377 932 1403 3.
970 1376 1112 1409 Prot'essis,

265 1419 423 1454 testatisque
447 1417 593 1445 sceleribus
613 1419 756 1445 involutus.
782 1418 831 1446 Th.
852 1419 882 1446 C.
903 1419 947 1446 IX.
967 1421 1008 1447 42.
1029 1430 1050 1447 c.
1069 1421 1112 1447 24.

265 1470 305 1498 pr.
326 1460 359 1487 de
385 1461 445 1487 bon.
470 1471 571 1498 proscr.
598 1477 629 1481 —
654 1463 685 1495 ξ.
707 1463 746 1488 4.
778 1463 1014 1490 Testamentum
1043 1473 1115 1490 con-

265 1506 344 1530 dere.
381 1503 400 1530 1.
421 1505 484 1538 Sy.
511 1504 618 1541 Legare.
639 1504 696 1531 Gai.
716 1504 746 1531 ΙΙ.
765 1506 825 1531 224.
863 1505 1060 1532 Testamentum
1080 1505 1114 1532 fa-

267 1556 333 1576 cere.
353 1556 373 1573 S.
394 1547 515 1574 condere.
536 1547 573 1574 Id.
593 1547 623 1574 11.
645 1550 703 1574 112.
723 1558 763 1584 sq.
784 1547 846 1585 le.
860 1548 958 1575 XXIX.
972 1552 996 1576 3.
1016 1548 1066 1576 Th.
1081 1549 1113 1576 C.

265 1589 337 1616 XVI.
358 1591 380 1616 7.
401 1600 422 1616 c.
444 1592 466 1617 1.
487 1600 526 1627 sq.
546 1591 579 1617 de
597 1595 708 1628 apostat.
738 1591 871 1618 Testatur.
900 1591 1023 1619 Testans.
1051 1591 1113 1629 le.

265 1632 361 1660 XVIII.
384 1635 406 1660 1.
426 1633 510 1660 XXII.
528 1635 606 1660 412.
628 1633 677 1660 Th.
698 1634 727 1660 C.
748 1633 793 1661 lV.
812 1635 837 1661 4.
858 1644 879 1661 c.
900 1636 922 1661 l.
943 1645 966 1662 c.
977 1637 1002 1661 3.
1021 1645 1061 1672 pr.
1081 1635 1114 1662 de

266 1680 369 1702 testam.
390 1681 415 1702 et.
435 1676 519 1703 codic.
558 1676 602 1704 111.
617 1678 683 1705 Gn.
704 1677 774 1704 Ilaec
793 1683 822 1704 ut
840 1678 867 1704 in
887 1677 928 1704 his
948 1678 1054 1710 tabulis,
1074 1689 1114 1705 ce-

266 1719 337 1745 risve
356 1721 456 1756 scripta
476 1725 546 1751 sunt,
566 1721 600 1747 ita
621 1720 663 1751 do,
683 1721 718 1747 ita
738 1720 805 1756 lego,
825 1721 859 1746 ita
880 1725 965 1747 testor
984 1726 1032 1748 etc.
1056 1721 1113 1748 Gai.

266 1761 297 1789 11.
315 1764 371 1789 104.
392 1762 453 1800 le.
467 1763 527 1789 XX.
542 1764 565 1789 9.
579 1773 619 1800 sq.
648 1763 753 1790 Testari
766 1763 927 1796 volentibus,
947 1769 973 1790 et
991 1774 1021 1791 se
1039 1766 1114 1802 ipsos

268 1810 294 1831 et
313 1805 393 1838 allos,
418 1810 501 1832 testes
522 1805 564 1832 vel
583 1808 730 1843 signatores
749 1807 884 1844 praebere.
910 1807 940 1834 fr.
960 1809 1002 1833 22.
1027 1807 1060 1834 de
1079 1812 1115 1833 te-

267 1848 329 1875 stib.
354 1851 396 1875 22.
420 1851 444 1875 5.
487 1848 638 1876 Secundum
663 1851 728 1877 iuris
752 1850 801 1876 civ.
828 1850 932 1886 regulas
956 1866 989 1870 -
1014 1851 1114 1877 testari.

268 1890 326 1918 Gai.
346 1891 376 1918 ll.
398 1893 455 1918 109.
478 1893 535 1919 114.
560 1892 621 1930 le.
641 1893 701 1920 XX.
722 1895 762 1920 14.
781 1893 877 1919 XXIII.
900 1895 939 1920 10.
977 1893 1114 1926 Testandi,

268 1944 298 1961 ac
317 1934 437 1967 vivendi,
460 1936 516 1961 iure
536 1935 566 1962 R.
587 1936 705 1963 facultas.
732 1935 782 1962 Th.
803 1936 834 1962 C.
854 1935 925 1963 XVI.
944 1939 969 1963 5.
989 1947 1010 1964 c.
1031 1938 1054 1963 7.
1074 1947 1113 1974 pr.

269 1976 302 2003 de
321 1976 418 2004 haeret.
455 1977 582 2005 Testandi
603 1980 657 2012 ius,
681 1989 702 2006 s.
722 1979 885 2011 libertatem,
910 1979 1015 2006 habere.
1037 1980 1068 2006 fr.
1088 1981 1112 2006 3.

269 2020 291 2054 §.
311 2023 334 2047 5.
355 2020 388 2047 de
406 2021 436 2047 B.
457 2020 485 2047 P.
504 2022 547 2047 37.
570 2024 589 2047 1.
610 2021 660 2048 Th.
681 2022 712 2049 C.
732 2022 774 2049 111.
796 2024 836 2049 18.
857 2033 878 2049 c.
897 2025 921 2049 2.
942 2023 996 2059 Qui
1015 2028 1112 2060 petant.

269 2063 339 2090 XVI.
361 2065 383 2090 7.
404 2074 426 2091 c.
447 2065 470 2090 1.
490 2074 512 2090 c.
531 2066 555 2090 6.
580 2064 612 2090 de
631 2070 743 2102 apostat.
769 2064 836 2092 Nov.
857 2065 979 2092 Anthem.
1000 2065 1032 2093 de
1051 2065 1113 2093 mul.

270 2116 314 2143 qu.
334 2116 363 2132 se
382 2116 450 2133 serv.
470 2106 514 2134 VI.
536 2109 558 2133 1.
580 2118 600 2133 c.
624 2110 644 2134 1.
665 2108 686 2142 ξ.
709 2110 729 2134 1.

306 2150 489 2177 Testatio.
527 2151 558 2185 ξ.
578 2151 613 2177 l.
639 2152 811 2187 Profe-§sio
836 2153 978 2178 testium.
1011 2153 1116 2179 Testi-

271 2195 409 2219 monium
428 2194 660 2230 (pronunciatum,
685 2194 865 2231 scripturaeve
884 2195 1059 2229 mandatnm.)
1096 2195 1115 2223 Ι.

271 2236 333 2270 Sy.
353 2235 553 2263 Testimonium.
574 2236 603 2263 sr.
615 2238 657 2263 21.
678 2236 711 2263 de
730 2237 756 2264 h.
774 2237 818 2273 qui
838 2241 891 2263 not.
906 2238 950 2264 inf.
964 2239 988 2264 3.
1001 2240 1026 2265 2.
1047 2238 1076 2265 fr.
1094 2240 1115 2265 l.

271 2288 309 2315 pr.
337 2277 367 2305 fr.
387 2280 410 2304 2.
431 2278 464 2305 de
483 2280 571 2306 testib.
591 2282 633 2306 22.
653 2282 677 2306 5.
715 2279 756 2306 111.
778 2281 844 2307 Cn.
868 2280 926 2306 Etsi
951 2282 1014 2307 citra
1038 2287 1116 2308 testa-

272 2322 378 2353 tionem,
397 2321 500 2349 scilicet
519 2322 702 2359 undecunque,
722 2324 854 2359 cognovit.
885 2323 914 2349 fr.
934 2325 957 2350 5.
978 2324 1062 2358 §.10.
1083 2324 1116 2351 de

271 2363 338 2390 adm.
359 2369 385 2390 et
398 2366 477 2401 peric.
492 2367 533 2392 26.
555 2368 576 2392 7.
615 2365 642 2391 ln
663 2376 690 2392 re
710 2365 816 2402 agenda,
838 2367 978 2393 testatione
993 2366 1114 2403 probare.

271 2406 302 2433 sr.
321 2409 363 2433 27.
387 2417 427 2445 pr.
451 2407 485 2434 de
504 2408 535 2435 B..
555 2407 586 2435 V.
607 2410 630 2434 6.
653 2410 674 2435 l.
699 2408 729 2435 fr.
752 2410 790 2435 14.
815 2410 837 2443 §.
857 2411 880 2436 5.
906 2409 938 2435 dc
962 2414 1027 2436 cust.
1047 2420 1114 2436 reor.

271 2451 312 2476 48.
326 2452 350 2476 3.
389 2450 496 2477 Crimen
515 2451 629 2478 intendit
642 2451 673 2478 C.
688 2451 759 2483 Scin,
779 2453 852 2488 quasi
872 2453 992 2479 iniuriam
1010 2462 1115 2490 passuS,

272 2535 298 2562 h.
317 2537 361 2573 qui
385 2541 439 2563 not.
463 2537 508 2563 inf.
527 2539 552 2564 3.
572 2540 595 2564 2.
627 2551 660 2556 -
688 2538 719 2571 §.
739 2539 774 2564 Β.
805 2540 976 2574 Profeasio
1004 2545 1115 2565 nostra

273 2582 438 2612 solemnis,
454 2582 677 2612 Contentotio,
697 2582 865 2617 (praesertim
886 2581 939 2611 illa,
959 2591 1025 2618 quae
1045 2582 1116 2608 testi-

273 2620 323 2647 bus
342 2622 467 2649 adhibitis
482 2623 650 2656 celebratur.)
686 2623 704 2650 1.
719 2624 780 2657 Sy.
800 2622 976 2651 Contestatio.
997 2624 1037 2651 Cf.
1052 2624 1076 2650 h.
1090 2634 1114 2651 v.

274 2663 296 2697 §.
319 2665 339 2689 1.
377 2664 544 2703 Nuncupatio
563 2667 748 2698 (testamenti.)
769 2666 825 2692 Gai.
846 2666 875 2692 11.
898 2669 953 2694 104.
974 2667 1035 2704 le.
1055 2668 1114 2694 XX.

273 2707 298 2733 9.
336 2705 378 2732 III.
398 2709 463 2736 Cn.
488 2709 588 2736 Contra
613 2711 794 2741 testationem,
824 2709 1114 2747 donnnciationemque,

275 2749 367 2776 facere.
393 2750 423 2776 fr.
446 2754 466 2778 l.
491 2752 512 2786 ξ.
533 2754 556 2779 4.
586 2753 637 2788 Qu.
662 2754 688 2779 vi
713 2757 756 2779 aut
780 2752 811 2779 cl.
832 2754 872 2778 43.
892 2755 934 2779 24.
961 2753 991 2779 fr.
1011 2755 1052 2779 40,
1075 2764 1113 2791 pr.

276 2792 306 2819 sr.
325 2794 383 2819 238.
403 2793 424 2827 ᾗ.
442 2795 462 2819 l.
482 2794 514 2820 de
527 2795 558 2822 V.
573 2796 600 2822 S.
615 2798 656 2822 50.
673 2797 711 2822 16,
748 2796 928 2822 Testationrm
947 2797 1115 2834 interponere

276 2838 421 2864 contrariae
440 2836 590 2865 voluntatis.
609 2838 640 2865 sr.
656 2840 695 2865 16.
715 2839 746 2865 ad
766 2839 792 2865 S.
802 2839 832 2866 C.
851 2838 914 2865 Mae.
931 2840 969 2865 14.
984 2840 1007 2865 6.
1047 2838 1116 2866 on-

1088 173 1177 204 TES.

1157 264 1210 282 rem
1229 254 1335 285 ducere,
1355 255 1497 282 testatione
1516 256 1672 294 interposita
1691 256 1762 293 quod
1776 262 1825 284 etc.
1845 257 2000 295 le.111.3.

1158 298 1186 324 t'r.
1206 299 1230 324 3.
1250 308 1289 335 pr.
1310 297 1343 324 de
1362 298 1500 324 concubin.
1514 301 1556 326 25.
1573 301 1595 326 7.
1617 300 1648 326 ef.
1668 299 1699 326 I'r.
1713 302 1736 327 4.
1756 299 1792 327 de
1808 299 1861 327 fide
1881 302 2001 328 instrum.

1156 343 1197 368 22.
1217 342 1241 367 4.
1279 340 1315 367 Vt
1338 355 1370 359 —
1395 340 1587 379 qualiscunque
1612 344 1719 369 testatio
1742 343 1941 380 amplectendae
1958 343 2002 371 he-

1157 382 1277 410 reditatis
1297 383 1459 410 ostendatur.
1481 394 1502 411 e.
1522 386 1546 412 9.
1572 386 1625 421 Qui
1645 385 1712 413 adm.
1731 385 1764 412 ad
1782 386 1813 413 Β.
1832 386 1861 414 P.
1881 388 1905 414 6.
1924 388 1948 414 9.
1968 386 2001 414 cf.

1157 426 1187 452 sr.
1201 428 1242 452 20.
1263 425 1295 452 de
1314 432 1368 463 opt.
1389 426 1438 462 leg.
1456 428 1497 454 33.
1517 429 1541 454 5.
1578 428 1668 455 Solam
1688 430 1855 456 testationem
1874 429 1945 457 dotis
1964 439 2003 456 re-

1157 468 1286 506 petendae
1305 479 1358 496 non
1378 470 1503 496 sufficere
1526 470 1558 497 ad
1584 481 1683 498 moram
1709 472 1765 499 doti
1789 472 1891 499 factam.
1916 471 2001 500 Vatic.

1157 513 1178 546 ξ.
1199 514 1240 539 95.
1278 511 1371 539 Valeat
1395 512 1517 550 deposita
1540 523 1621 551 super
1639 515 1802 542 instituenda
1820 515 1867 542 lite
1886 516 2002 543 testatio.

1158 555 1207 582 Th.
1222 554 1253 582 C.
1267 554 1325 582 XV.
1347 557 1386 582 14.
1407 566 1428 582 c.
1447 558 1471 583 9.
1493 556 1526 583 dc
1544 557 1638 584 infirm.
1658 557 1682 584 h.
1703 568 1746 595 qu.
1766 568 1788 585 s.
1807 563 1858 594 tyr.
1877 558 1919 586 Cf.
1938 557 2002 586 lust.

1158 597 1189 625 C.
1209 609 1231 625 c.
1251 601 1275 625 4.
1299 598 1332 625 de
1352 598 1440 625 testib.
1459 600 1484 626 4.
1503 601 1546 626 20.
1571 615 1604 620 —
1631 601 1662 634 ᾖ.
1680 602 1718 628 3.
1748 603 1938 636 Scriptura,
1957 607 2003 629 te·

1157 643 1256 668 stium
1279 643 1523 676 subscriptione
1546 646 1679 671 munita.
1716 644 1760 671 111.
1779 645 1847 672 Cn.
1871 644 1901 671 ln
1924 649 2003 671 testa—

1158 685 1256 710 tionem
1275 684 1405 720 redigere,
1425 689 1454 711 ut
1473 691 1566 723 postea
1584 686 1681 713 nullam
1701 689 1883 724 quaestionem
1902 693 2003 725 patere-

1158 732 1208 754 tur.
1228 727 1258 754 fr.
1272 729 1296 754 8.
1315 738 1364 766 pro
1377 728 1456 755 derel.
1470 731 1511 755 41.
1524 731 1546 755 7.
1567 730 1713 756 Arcessitis
1732 731 1832 763 amicis,
1845 747 1877 751 —
1891 730 2003 763 dixisse,

1158 786 1190 790 —
1211 780 1293 807 eaque
1316 771 1385 798 dicta
1409 773 1435 798 in
1460 773 1628 799 testationem
1652 773 1794 810 redegisse.
1819 773 1850 800 fr.
1869 775 1911 800 39.
1935 774 1958 808 §.
1979 775 2002 800 l.

1158 813 1190 840 de
1214 813 1292 850 legat.
1313 814 1356 841 111.
1376 815 1454 848 (32.)
1490 814 1530 842 Ne
1553 816 1726 843 instrumenta
1750 818 1856 843 omnino
1879 816 2002 849 forment,

1157 867 1225 883 neve
1252 856 1361 884 libellos
1389 859 1555 895 concipiant,
1583 858 1627 885 vel
1654 860 1810 886 testationes
1838 861 2002 897 consignent.

1157 899 1190 927 fr.
1209 901 1231 927 9.
1253 900 1275 934 §.
1295 902 1319 927 5.
1340 900 1373 927 de
1390 911 1468 938 poen.
1487 902 1529 928 48.
1550 903 1590 929 19.
1627 902 1776 938 Adsignare
1788 918 1821 923 —
1839 907 1866 930 et
1883 913 1932 940 per
1950 903 2004 940 epi-

1157 943 1261 975 stolam,
1280 943 1322 970 vel
1336 945 1513 976 testationem,
1530 944 1572 971 vel
1586 944 1788 983 chirographum
1802 946 1918 983 (posse.)
1937 945 1968 973 fr.
1978 947 2003 972 7.

1157 986 1190 1013 de
1208 986 1308 1023 adsign.
1327 986 1415 1013 libert.
1434 988 1477 1013 38.
1497 988 1520 1013 4.
1557 988 1611 1023 Qui
1631 988 1710 1015 salsas
1733 990 1890 1015 testationes
1909 989 2004 1016 facien-

1157 1029 1213 1061 das,
1232 1031 1418 1056 testimoniave
1436 1029 1500 1056 salsa
1520 1031 1631 1057 invicem
1651 1031 1762 1058 dicenda
1781 1048 1813 1052 —
1833 1031 1859 1059 d.
1878 1042 1911 1059 m.
1932 1042 2005 1059 cura-

1157 1074 1233 1099 verit.
1254 1072 1325 1099 Coll.
1345 1071 1398 1099 LL.
1419 1072 1452 1099 M.
1473 1072 1540 1100 VIII.
1561 1075 1584 1100 7.
1603 1074 1633 1101 fr.
1656 1076 1677 1101 1.
1697 1085 1737 1112 pr.
1757 1075 1788 1102 fr.
1802 1076 1827 1102 9.
1846 1075 1869 1109 §.
1882 1077 1907 1102 3.
1926 1075 1959 1102 de
1973 1074 2004 1102 L.

1158 1115 1239 1142 Corn.
1262 1114 1295 1141 de
1314 1115 1373 1142 fals.
1392 1116 1434 1142 48.
1456 1117 1495 1142 10.
1520 1115 1570 1143 Th.
1590 1116 1621 1143 C.
1640 1117 1686 1144 lx.
1708 1119 1747 1145 19.
1772 1128 1794 1145 c.
1814 1120 1838 1145 4.
1858 1119 1880 1153 §.
1903 1120 1925 1145 1.
1945 1118 2003 1145 eod.

1158 1158 1230 1185 Paul.
1250 1158 1282 1185 V.
1301 1161 1343 1185 25.
1368 1159 1391 1193 §.
1410 1161 1435 1185 5.

1193 1203 1363 1229 Testato.
1383 1201 1506 1235 (Advb.)
1531 1202 1562 1235 ξ.
1580 1203 1617 1229 1.
1637 1204 1753 1231 Coram
1772 1206 1920 1232 testibus.
1958 1204 2003 1232 111.

1158 1246 1224 1272 Cn.
1243 1244 1307 1271 Sive
1326 1250 1437 1277 testato,
1457 1245 1514 1271 sive
1532 1255 1581 1282 per
1599 1245 1747 1283 epistolam,
1765 1248 1822 1273 sive
1841 1247 1940 1280 verbis,
1959 1252 2005 1274 aut

1157 1298 1205 1326 per
1228 1289 1352 1314 nuncium
1376 1288 1514 1321 (iubere.)
1541 1287 1572 1315 fr.
1594 1290 1617 1315 1.
1643 1289 1664 1323 §.
1687 1291 1709 1316 l.
1734 1289 1787 1325 Qu.
1810 1291 1893 1317 iussn.
1919 1292 1958 1317 15.
1978 1292 2003 1317 4.

1157 1331 1256 1358 Notum
1275 1331 1391 1358 debitori
1410 1330 1509 1363 facere,
1529 1347 1562 1351 —
1581 1336 1607 1358 et
1626 1331 1731 1368 quando
1750 1332 1827 1365 licet,
1848 1338 1946 1360 testato
1965 1333 2004 1361 di-

1158 1385 1226 1401 cere.
1246 1385 1267 1401 c.
1288 1376 1312 1400 4.
1332 1374 1365 1401 de
1384 1374 1460 1401 distr.
1480 1375 1550 1412 pigu.
1569 1375 1594 1401 8.
1613 1377 1655 1402 28.
1691 1375 1733 1402 Ex
1757 1385 1809 1412 quo
1831 1376 1860 1402 in
1883 1377 2004 1403 notitiam

1158 1419 1215 1444 eius
1234 1417 1369 1444 decretum
1388 1417 1521 1455 prolatum
1541 1423 1582 1444 est
1600 1423 1660 1444 test.
1684 1418 1769 1446 Vatic.
1788 1419 1810 1451 ξ.
1832 1420 1889 1447 156.
1927 1419 2001 1447 Test.

1159 1462 1309 1493 convenire,
1329 1466 1356 1488 et
1374 1460 1526 1488 desiderare
1545 1466 1574 1487 ut
1593 1466 1641 1488 etc.
1662 1461 1692 1488 fr.
1707 1463 1765 1488 122.
1785 1462 1807 1496 ᾗ.
1826 1464 1850 1489 3.
1871 1462 1954 1490 de·V.
1969 1462 2003 1489 Ο.

1158 1507 1200 1531 45.
1221 1506 1243 1531 1.
1264 1504 1297 1531 cf.
1322 1504 1352 1531 fr.
1372 1505 1396 1531 8.
1422 1505 1443 1538 §.
1463 1505 1487 1531 8.
1512 1504 1597 1532 mand.
1624 1506 1664 1531 17.
1686 1507 1708 1532 1.
1736 1521 1768 1525 —
1796 1505 1828 1538 §·
1849 1506 1885 1532 Ε.
1910 1507 2003 1533 Iusto

1158 1554 1354 1576 testamento
1372 1549 1512 1575 condito.
1549 1547 1580 1574 11.
1605 1549 1673 1582 ΟΡ.
1692 1547 1820 1575 Intestato
1839 1548 2004 1582 (decedere.)

1159 1590 1200 1617 Cf.
1220 1590 1245 1617 h.
1264 1600 1288 1618 v.

1194 1634 1383 1661 Τυπαῖον.
1403 1633 1610 1661 Testatrix.
1649 1635 1725 1667 Qui,
1745 1635 1884 1667 Quaeve,
1903 1640 2004 1662 testa-

1158 1683 1295 1703 mentum
1315 1679 1473 1704 condidit.
1510 1676 1530 1703 1.
1547 1678 1610 1711 Sy.
1633 1676 1757 1704 Testans.
1786 1676 1828 1703 Cf.
1847 1686 1870 1703 v.
1890 1676 2004 1705 Testari.

1158 1721 1179 1754 §.
1194 1721 1218 1746 4.
1256 1719 1310 1755 Qui
1330 1719 1392 1746 facit
1404 1724 1598 1746 testamentum.
1622 1718 1755 1746 Conditor
1768 1722 1926 1748 testamenti.
1946 1721 2004 1748 Gai.

1158 1762 1188 1789 11.
1211 1764 1267 1790 103.
1287 1772 1326 1799 sq.
1348 1762 1398 1789 Th.
1418 1762 1450 1789 C.
1470 1762 1514 1790 IV.
1534 1764 1558 1790 4.
1579 1773 1600 1790 c.
1619 1764 1644 1789 3.
1664 1772 1704 1800 pr.
1724 1763 1746 1797 §.
1767 1765 1790 1789 l.
1810 1763 1843 1790 de
1861 1768 1963 1791 testam.
1978 1769 2005 1791 et

1159 1805 1242 1833 codic.
1280 1805 1323 1832 111.
1344 1807 1411 1834 Cn.
1437 1805 1574 1837 Testatur,
1597 1805 1700 1832 tabulas
1725 1808 1876 1834 testamenti
1900 1812 2004 1840 tenens,

1159 1850 1194 1875 ita
1214 1848 1286 1875 dicit.
1314 1848 1371 1875 Gai.
1391 1848 1421 1875 11.
1443 1850 1501 1875 104.
1538 1848 1597 1875 Nisi
1621 1850 1647 1875 in
1671 1853 1829 1876 testamento
1848 1851 1948 1877 caverit
1966 1855 2004 1877 te-

1159 1897 1250 1919 stator.
1275 1891 1311 1918 ld.
1331 1891 1361 1918 II.
1381 1893 1441 1919 270.
1478 1891 1614 1918 Familiam
1633 1893 1769 1919 testatoris
1787 1894 1919 1930 mancipio
1938 1894 2005 1920 acei-

1159 1945 1229 1973 pere.
1249 1934 1286 1961 Id.
1305 1934 1336 1961 11.
1357 1936 1413 1961 103.
1430 1936 1487 1961 105.
1509 1936 1565 1961 116.
1603 1933 1767 1962 Testamenti
1786 1935 1926 1963 factionem
1945 1946 2003 1964 cum

1158 1983 1285 2005 testatore
1307 1977 1412 2004 babere.
1440 1977 1502 2015 le.
1522 1977 1606 2004 XXII.
1627 1980 1649 2005 1.
1686 1978 1780 2015 Neque
1798 1980 1935 2006 testatoris
1952 1981 2003 2007 iam

1159 2021 1289 2053 defuncti,
1312 2031 1398 2058 neque
1417 2020 1537 2053 heredis,
1557 2021 1601 2057 qui
1620 2020 1738 2048 nondum
1757 2021 1832 2054 adiit,
1851 2023 2002 2059 (negotium

1158 2064 1297 2101 gessisse.)
1320 2063 1350 2090 fr.
1370 2066 1394 2090 3.
1414 2063 1437 2097 ᾗ.
1456 2064 1480 2090 6.
1500 2063 1532 2089 de
1552 2063 1583 2090 N.
1604 2064 1636 2091 G.
1655 2065 1679 2090 3.
1699 2066 1723 2091 5.
1760 2064 1850 2092 Liberi
1868 2070 1894 2092 et
1911 2075 2003 2102 paren-

1160 2113 1199 2134 tes
1219 2107 1363 2134 testatoris.
1387 2105 1448 2143 le.
1468 2105 1563 2132 XVIII.
1585 2108 1606 2134 1.
1644 2106 1775 2134 Voluntas
1793 2108 1940 2140 testatoris,
1959 2107 2002 2135 vel

1159 2151 1311 2177 testatricis.
1331 2160 1352 2176 c.
1371 2150 1414 2176 26.
1434 2148 1468 2175 de
1486 2154 1588 2176 testam.
1608 2151 1632 2177 6.
1652 2152 1694 2177 23.
1714 2151 1746 2178 cf.
1770 2151 1802 2178 fr.
1822 2152 1862 2178 18.
1887 2151 1909 2185 §.
1930 2153 1953 2178 1.
1973 2155 2002 2178 ut

1160 2194 1236 2230 legat.
1256 2203 1325 2219 serv.
1346 2203 1367 2219 c.
1386 2194 1428 2219 36.
1447 2194 1471 2218 3.

1196 2237 1387 2264 Testatus.
1425 2234 1556 2269 (Partic.)
1593 2236 1624 2270 §.
1648 2237 1683 2263 1.
1711 2238 1759 2264 Ad
1779 2238 1928 2270 testium,
1952 2240 2002 2264 vel

1160 2281 1418 2314 scripturorum,
1446 2281 1672 2313 probationem
1699 2286 1857 2313 spectans.
1898 2280 1917 2307 I.
1937 2281 2000 2316 Sy.

1160 2322 1188 2349 In
1208 2323 1384 2354 testationem,
1404 2321 1432 2348 ln
1447 2326 1570 2348 testatum
1584 2321 1735 2357 (redigere.)
1754 2322 1785 2349 fr.
1798 2324 1821 2349 1.
1840 2323 1897 2356 §.4
1918 2323 2000 2350 usufr.

1160 2365 1279 2402 quemad.
1300 2375 1353 2391 cav.
1375 2366 1397 2391 7.
1417 2366 1441 2391 9.
1461 2365 1490 2392 l'r.
1510 2367 1552 2392 39.
1572 2365 1593 2398 §.
1614 2366 1636 2390 l.
1656 2363 1688 2390 de
1707 2363 1782 2400 legat.
1803 2365 1845 2392 111.
1864 2366 1932 2399 (32.)
1956 2366 1999 2394 111.

1160 2411 1226 2436 Gn.
1247 2408 1331 2435 Cuius
1351 2409 1400 2441 (sc.
1414 2408 1554 2445 pecuniae)
1573 2406 1649 2433 nobis
1669 2406 1857 2434 sueritsumma
1870 2410 2000 2436 testatior.

1136 2469 1138 2484 g
1160 2451 1209 2478 Th.
1230 2451 1261 2478 C.
1281 2451 1313 2478 X.
1336 2453 1357 2477 1.
1379 2461 1399 2478 c.
1416 2453 1455 2477 15.
1475 2450 1508 2477 de
1526 2451 1582 2476 iure
1600 2450 1666 2476 fisci.
1687 2450 1741 2483 (Cf.
1755 2461 1779 2477 v.
1794 2450 1907 2478 Testari.
1925 2451 1947 2485 §.
1960 2452 2000 2485 3.)

273 2497 352 2529 atque
375 2494 401 2519 in
427 2504 482 2520 eam
501 2504 555 2521 rem
579 2496 747 2521 testationem
767 2511 798 2514 —
819 2496 947 2522 recitavit.
972 2496 1002 2522 sr.
1021 2498 1062 2522 21.
1082 2495 1115 2522 de
1136 2505 1137 2508 ¹

1160 2510 1191 2514 -—
1212 2495 1243 2528 §.
1264 2496 1300 2521 2.
1327 2496 1402 2521 Cum
1421 2498 1621 2520 testamento.
1645 2494 1783 2520 Testato.
1820 2493 1851 2520 11.
1873 2496 1941 2528 Op.
1960 2494 2000 2521 In—

1161 2542 1280 2564 testatus.
1301 2537 1342 2563 Cl'.
1363 2536 1387 2562 h.
1407 2546 1431 2562 v.
1468 2534 1510 2561 ΙΙΙ.
1531 2536 1597 2562 On.
1623 2534 1684 2572 Ipso
1709 2535 1815 2572 quidem
1834 2537 1891 2563 iure
1909 2538 1999 2564 testati

1160 2580 1301 2612 decedunt,
1319 2579 1366 2606 sed
1385 2588 1432 2616 per
1451 2578 1653 2613 consequentias
1671 2594 1703 2598 -
1722 2579 1840 2606 intestati
1858 2579 1998 2607 decedunt.

1159 2622 1231 2649 Paul.
1252 2622 1295 2650 lv.
1315 2624 1339 2650 S.
1359 2623 1381 2656 ξ.
1400 2623 1424 2647 2.

1194 2666 1419 2693 Testieulus.
1457 2666 1626 2696 Globulus,
1652 2666 1707 2698 qui
1731 2670 1837 2691 scroto
1855 2666 1997 2692 includi-

1158 2715 1225 2740 tur,
1244 2710 1283 2741 (in
1304 2717 1414 2745 corpore
1429 2708 1560 2740 marium.)
1595 2706 1638 2733 ΠΙ.
1655 2708 1721 2734 Cn.
1741 2707 1794 2742 Qui
1814 2717 1872 2734 cum
1891 2717 1942 2734 uno
1962 2712 1998 2734 te-

1159 2751 1255 2778 sticulo
1275 2757 1351 2778 natus
1370 2755 1418 2778 est.
1438 2751 1516 2787 quive
1535 2751 1628 2777 amisit.
1648 2749 1678 2776 fr.
1698 2751 1722 2776 4.
1742 2760 1781 2787 pr.
1801 2749 1834 2776 de
1852 2749 1883 2777 R.
1902 2750 1935 2777 M.
1954 2751 1995 2776 49.

1160 2796 1200 2821 16.
1220 2794 1251 2820 cf.
1271 2795 1300 2821 fr.
1320 2796 1343 2820 6.
1363 2794 1384 2827 ς,
1403 2796 1427 2820 2.
1448 2793 1480 2820 de
1499 2793 1564 2820 Aed.
1584 2792 1661 2819 edict.
1678 2794 1720 2819 21.
1742 2795 1764 2819 1.

1195 2837 1422 2865 Tesfifieari.
1442 2838 1629 2868 Declarore,
1644 2836 1859 2872 Manifestum
1871 2837 1993 2871 facere.
