2197 3121
268 168 330 199 504

304 248 533 277 Iracundus.
575 245 712 279 (Adiect.)
755 245 803 271 Aa
830 245 913 270 iram
940 242 1110 277 proclivis.

270 292 312 319 111.
336 293 402 319 ίίι.
431 289 536 321 Levem,
556 289 780 326 superstitiosum,
799 285 960 317 iracundum,
981 289 1113 311 contuma·
1134 287 1135 315 Ξ

271 345 334 366 cem.
355 339 379 360 et
400 334 422 359 si
441 343 491 369 qua
512 332 606 359 similia
625 336 687 357 sunt
706 331 785 357 animi
803 330 874 356 vitia.
894 328 925 355 sr.
948 330 969 354 l.
994 328 1016 362 §.
1036 329 1060 354 9.
1080 326 1112 354 cf.
1134 324 1135 331 ¹

269 379 292 412 §.
314 379 353 403 ll.
373 376 406 402 de
418 375 505 402 Aedil.
527 375 604 401 edict.
624 376 665 400 21.
688 375 710 400 l.

305 420 447 447 Iratus.
484 417 613 451 (Adieet.)
650 418 705 444 Ira
723 422 907 444 commotus.
944 412 1043 448 [Sy.
1067 411 1114 439 Os-

271 464 352 491 seusa.
372 461 438 488 Irata
459 462 574 494 (mater.)
603 460 634 487 I'r.
653 462 695 486 29.
716 459 737 493 §.
759 460 782 485 1.
803 458 835 484 de.
855 456 956 495 probat.
975 457 1018 482 22.
1037 456 1062 482 3.
1082 454 1113 482 fr.

269 508 311 533 31.
336 506 358 540 5
381 507 401 531 1.
423 504 455 531 de
479 504 566 530 donat.
586 505 628 530 39.
648 505 672 529 5.
710 502 752 529 111.
774 503 840 529 Cn.
872 499 1012 526 Offensum
1036 503 1114 535 atque
1135 527 1137 533 .

270 550 363 576 iratum
375 549 487 585 (patrem
500 546 533 573 ad
547 545 759 573 exlwredationis
771 549 858 570 notam
869 541 1023 580 prolapsum
1033 542 1113 574 esse.)

270 602 292 619 c.
314 594 353 618 18.
374 591 405 617 de
425 590 496 617 inoI'I'.
517 594 619 616 testam.
639 590 663 615 3.
683 591 725 614 28.
764 586 812 613 Vel
832 597 845 613 a
865 585 1007 624 perversis,
1027 583 1068 611 vel
1082 583 1113 610 ab
1135 588 1137 603 t

270 636 343 662 iratis
364 633 512 667 (iudicibus
532 631 734 670 expavescere.)
759 629 809 656 Th.
830 628 862 655 C.
881 627 927 655 XI.
948 629 971 654 7.
996 637 1018 654 c.
1036 628 1061 653 3.
1082 626 1115 653 de
1136 636 1137 642 ¹

271 679 400 705 exaction.

306 723 384 749 Ire.
413 720 444 753 §.
456 720 490 746 1.
514 720 649 749 radere,
670 718 868 747 Commeare,
888 715 996 741 Adire.
1021 712 1115 746 [Sy.

270 764 360 792 Abire.
381 763 438 790 Gai.
458 762 490 788 II.
510 763 552 788 68.
572 760 602 787 fr.
621 762 645 786 5.
666 760 687 793 5.
707 761 731 785 5.
752 758 785 785 de
803 757 835 785 A.
855 757 887 784 R.
906 757 940 784 D.
954 758 996 782 41.
1018 757 1040 781 l.
1065 755 1118 781 Ex-

271 809 316 834 ire.
336 806 378 834 Cf.
398 805 423 832 h.
443 815 468 831 v.
488 805 553 838 5.1.
592 803 755 830 Commeare.
776 801 806 828 fr.
828 803 849 827 1.
870 810 910 838 pr.
931 800 961 827 I'r.
982 801 1005 826 7.
1025 808 1064 835 pr.
1085 797 1116 824 fr.
1137 794 1139 819 l

272 852 313 877 12.
339 849 371 876 de
391 848 418 875 S.
438 847 466 874 P.
486 847 518 874 R.
537 850 561 874 8.
580 848 604 872 3.
643 845 789 872 Proficisci.
815 843 846 870 fr.
866 845 890 870 5.
915 853 954 880 pr.
981 841 1014 869 de
1039 839 1115 867 cond.

272 904 294 920 c.
313 892 365 920 dat.
387 893 426 918 12.
447 892 470 916 4.
510 889 606 916 Venire
626 889 669 922 (in
689 888 757 920 ius.)
784 886 815 913 fr.
834 889 859 913 2.
883 896 923 924 pr.
943 886 965 920 §.
987 887 1009 911 l.
1030 885 1052 910 si
1073 893 1116 920 qu.

271 938 298 963 in
317 937 358 962 ius
377 944 435 961 voc.
454 936 478 959 2.
499 935 523 959 5.
556 932 608 958 .III.
635 933 702 959 Gn.
730 929 830 963 Eundi,
855 928 965 966 agendi,
991 936 1117 964 aquamve

272 977 385 1006 ducendi
404 978 453 1003 ius.
486 975 544 1002 Gai.
564 974 608 1001 IV.
633 976 657 1001 3.
678 973 709 1000 cf.
738 973 769 1000 II.
787 974 830 999 31.
855 972 887 999 cI.
907 972 937 998 fr.
963 972 1003 997 16.
1023 979 1116 996 comm.

271 1021 361 1060 praed.
374 1022 399 1046 8.
414 1022 438 1046 4.
475 1018 527 1044 Iter
547 1022 587 1044 est
607 1018 647 1044 ius
667 1016 755 1054 eundi,
775 1014 924 1042 ambulandi
943 1014 1052 1045 homini,
1073 1011 1116 1046 [al.

271 1063 415 1096 l1omiuis‚]
436 1072 490 1088 non
509 1062 586 1087 etiam
606 1062 749 1087 iumentum
768 1058 868 1095 agendi.
888 1059 919 1084 I‘r.
941 1059 963 1083 l.
983 1067 1022 1094 pr.
1042 1055 1072 1082 fr.
1093 1057 1116 1081 7.

271 1118 311 1145 pr.
337 1106 369 1133 de
388 1105 415 1132 S.
437 1104 464 1131 P.
484 1104 514 1131 R.
535 1106 558 1130 8.
578 1105 602 1130 3.
645 1102 716 1129 Satis
740 1106 797 1133 est,
822 1101 896 1128 fundi
925 1101 1029 1126 nomine
1053 1099 1117 1124 itum
1138 1119 1140 1139 ι

273 1160 340 1177 esse.
360 1149 390 1176 I'r.
411 1150 434 1174 6.
452 1158 490 1185 pr.
512 1145 640 1183 Quemad.
660 1145 750 1172 servit.
770 1146 794 1171 8.
814 1146 838 1171 6.
876 1143 905 1170 Si
924 1144 951 1170 in
971 1144 1011 1169 ius
1030 1145 1116 1173 vocat,

272 1195 299 1220 ni
319 1194 347 1225 it,
368 1195 522 1218 antestator.
552 1188 581 1215 L.
595 1188 644 1215 XII
663 1187 747 1215 Tabb.
762 1187 779 1214 I.
801 1189 822 1213 l.
860 1187 927 1213 Eum
946 1187 972 1212 in
992 1186 1117 1212 Senatum
1138 1181 1140 1220 ¹.

273 1237 357 1263 —ire
376 1235 475 1266 iubeto,
491 1249 522 1253 —
537 1242 604 1258 neve
624 1242 680 1258 eum
701 1231 736 1257 ibi
756 1231 912 1257 sententiam
926 1233 1025 1265 rogato.
1051 1226 1116 1254 Tab.
1139 1221 1140 1272 ζ

273 1278 375 1306 Heracl.
400 1278 445 1304 lin.
465 1279 506 1303 54.
526 1286 566 1312 sq.
590 1285 641 1301 aer.
662 1273 743 1311 Neap.
781 1273 861 1300 lussit
885 1277 1012 1299 emtori-iu
1030 1271 1057 1297 in
1076 1280 1118 1297 va·
1139 1273 1140 1287 ³

274 1332 348 1349 cuam
366 1321 566 1358 possessionem
586 1319 630 1344 ire.
651 1318 680 1344 fr.
697 1319 735 1344 125.
754 1326 792 1353 pr.
812 1315 845 1342 de
864 1316 890 1342 vi
909 1320 935 1341 et
953 1315 980 1341 vi
999 1324 1062 1340 arm.
1076 1313 1117 1339 43.

274 1367 314 1392 16.
353 1364 421 1390 Cum
441 1363 549 1390 Praetor
569 1361 667 1387 idcirco
688 1361 714 1386 in
733 1359 934 1396 possessionem
954 1358 991 1384 rei
1011 1358 1048 1383 ire
1067 1357 1119 1382 ius·
1139 1358 1141 1382 i

273 1409 317 1437 sit.
337 1406 409 1444 quod
428 1411 476 1432 etc.
498 1405 527 1432 I'r.
547 1406 588 1431 30.
609 1404 630 1438 5.
650 1406 675 1430 2.
696 1402 728 1429 de
747 1403 778 1429 A.
797 1412 821 1428 v.
842 1402 873 1427 A.
894 1400 922 1427 P.
940 1402 981 1427 41.
1000 1402 1024 1426 2.
1043 1398 1074 1426 sr.
1093 1400 1118 1425 3.

274 1452 295 1486 5.
317 1453 357 1477 14.
384 1450 414 1476 I'r.
434 1452 458 1475 4.
485 1448 507 1482 5.
526 1450 550 1474 3.
575 1447 607 1474 de
631 1446 677 1473 lib.
704 1446 772 1472 honi.
798 1444 884 1471 exhib.
904 1445 945 1470 43.
965 1445 1007 1470 ⁶29.
1050 1441 1120 1469 Belli

274 1503 352 1520 causa
371 1492 402 1519 ad
422 1501 533 1529 pugnam
553 1492 598 1516 ire.
619 1490 676 1516 Gai.
696 1489 727 1515 II.
748 1490 806 1515 101.
827 1503 859 1507 —-
885 1488 916 1521 §.
937 1488 972 1513 2.
995 1487 1119 1521 Confu—
1140 1496 1142 1509 v

270 1547 360 1573 gere,
387 1536 546 1570 Conferre
571 1543 608 1560 se.
645 1532 687 1559 111.
709 1533 774 1560 Cn.
804 1530 876 1558 Dedi
900 1530 948 1556 tibi
972 1529 1121 1566 pecuniam,

274 1590 306 1606 ne
326 1578 357 1605 ad
376 1578 489 1604 iudicem
508 1577 597 1602 iretur.
623 1575 653 1602 sr.
673 1578 696 1602 3.
717 1585 755 1612 pr.
776 1574 808 1600 de
829 1572 904 1600 cond.
926 1583 947 1599 c.
967 1573 1019 1599 dat.
1040 1574 1080 1597 12.
1095 1573 1119 1598 4.
1140 1571 1142 1600 I

275 1623 376 1649 Cavere
396 1620 516 1651 debebit.
541 1619 698 1655 exceptione
717 1628 746 1644 se
770 1627 822 1643 non
842 1626 960 1647 usuram,
985 1620 1011 1641 et
1030 1615 1069 1640 sic
1088 1613 1120 1640 ad
1141 1631 1142 1654 3

275 1665 389 1692 iudicem
408 1665 453 1690 ire.
475 1663 504 1688 I‘r.
523 1664 565 1688 32.
586 1662 607 1695 5.
627 1663 651 1687 4.
672 1660 704 1687 ad
724 1659 790 1687 S.C.
810 1659 878 1686 Veli.
900 1660 939 1684 16.
962 1659 984 1683 l.
1022 1656 1064 1683 Ad
1083 1657 1120 1682 iu·
1141 1656 1142 1664 ¹

275 1708 360 1736 dicem
379 1710 612 1743 recuperatoresve
632 1705 692 1736 itur,
713 1708 738 1729 et
757 1702 794 1729 ibi
814 1701 891 1729 editis
910 1699 1029 1728 formulis
1044 1709 1120 1736 quae·
1141 1684 1143 1707 ¹

274 1753 348 1779 ritur.
376 1750 432 1776 Gai.
453 1748 497 1775 IV.
520 1750 576 1774 141.
607 1746 638 1773 cf.
657 1748 700 1773 31.
738 1745 806 1772 Cum
827 1755 858 1771 ex
877 1744 1068 1781 compromisso
1088 1742 1120 1768 ad
1142 1765 1143 1771 ,

275 1795 401 1821 arbitrum
421 1793 485 1818 itum
505 1796 553 1817 cst.
573 1790 603 1817 fr.
622 1791 663 1816 76.
682 1799 731 1827 pro
752 1798 805 1815 soe.
826 1789 866 1814 17.
880 1790 903 1814 2.
920 1787 950 1813 cf.
972 1786 1001 1813 I'r.
1017 1788 1040 1813 9.
1059 1786 1081 1820 5.
1096 1787 1120 1811 5.

277 1837 308 1864 sr.
327 1839 368 1863 32.
393 1836 415 1869 5.
436 1836 460 1861 6.
486 1834 515 1861 I'r.
535 1836 577 1860 37.
603 1833 635 1860 de
658 1843 710 1859 rec.
735 1842 778 1869 qu.
804 1831 858 1857 arb.
878 1832 902 1857 4.
921 1834 945 1858 ὅ.
982 1829 1024 1856 Ad
1043 1830 1121 1855 inter·
1143 1856 1144 1864 ἵ

277 1880 375 1906 dictum
402 1895 431 1898 —
457 1879 487 1904 iri
514 1877 618 1903 debere.
643 1875 673 1902 fr.
694 1877 717 1901 4.
743 1874 775 1901 de
800 1873 875 1900 liber.
903 1872 988 1899 exhib.
1013 1874 1054 1899 43.
1079 1873 1120 1898 30.
1142 1867 1144 1883 ⁴¹

276 1922 370 1949 Potest
389 1922 419 1947 iri
439 1920 470 1946 ad
491 1920 662 1946 lidi-iussores
682 1918 746 1944 eius.
767 1916 797 1944 fr.
818 1918 858 1943 76.
879 1916 910 1943 de
929 1926 1033 1954 procur.
1053 1916 1077 1942 3.
1096 1916 1120 1940 3.
1143 1929 1144 1935 .

278 1982 310 1987 -—
331 1966 362 1999 §.
382 1966 419 1991 3.
440 1964 567 1997 Redtgt.
604 1961 622 1988 I.
645 1962 706 1995 Sy.
737 1960 822 1986 Simul
845 1960 911 1986 sacta
936 1964 1011 1990 sunt,
1037 1957 1122 1985 Simul
1143 1987 1144 1991 Ἰ

279 2013 341 2035 eunt
361 2007 486 2041 (nomina.
508 2016 543 2031 sc.
565 2004 790 2040 argentariorum.)
811 2003 841 2029 I'r.
855 2004 878 2029 9.
899 2013 938 2040 pr.
958 2002 990 2028 de
1011 2006 1077 2038 pact.
1097 2003 1121 2027 2.
1143 2009 1145 2042 i

280 2053 319 2077 14.
341 2050 370 2077 fr.
390 2052 432 2076 311.
452 2059 491 2086 pr.
519 2048 551 2074 de
575 2057 625 2074 rcc.
647 2056 689 2083 qu.
715 2047 768 2073 arb.
790 2048 813 2073 4.
833 2050 857 2072 8.
896 2045 1000 2077 Fidem,
1025 2055 1048 2072 v.
1069 2044 1121 2070 No⁴
1143 2045 1144 2054 ¹

279 2104 347 2122 nien.
368 2093 478 2120 alicuius
497 2091 581 2127 sequi.
618 2090 646 2116 ln
667 2089 795 2116 creditum
815 2091 859 2116 ire.
880 2090 909 2116 Ir.
932 2090 954 2115 1.
974 2088 1004 2114 fr.
1017 2090 1042 2114 2.
1062 2088 1121 2121 5.1.

280 2137 313 2163 (Ie
332 2137 362 2162 R.
383 2136 413 2162 C.
436 2137 474 2161 12.
498 2136 520 2160 l.
540 2134 570 2160 fr.
592 2134 631 2159 19.
652 2133 672 2166 5.
694 2135 718 2158 5.
738 2133 770 2159 ad
789 2133 816 2159 S.
829 2133 858 2159 C.
880 2132 947 2159 Yell.
969 2133 1008 2157 le.
1030 2132 1052 2156 l.

318 2179 541 2206 lrenarcha.
581 2177 808 2211 Magistratus
829 2177 1010 2207 militaris,
1028 2175 1123 2201 disci-

280 2224 391 2257 plinae
414 2223 562 2255 publicae
586 2221 618 2245 ιἰ(
642 2220 816 2253 provincia
838 2220 1042 2253 praefectus.
1080 2214 1146 2242 111..

283 2267 349 2293 Cn.
368 2263 529 2293 Irenarcliae,
551 2263 595 2299 qui
615 2262 771 2299 disciplinae
787 2261 907 2298 puincac
922 2266 947 2286 et
962 2259 1123 2296 corrigendis
1145 2261 1146 2296 J

282 2307 400 2334 moribus
421 2307 615 2342 prat-licinium:
637 2305 667 2331 I'r.
684 2307 723 2331 18.
744 2305 764 2338 5.
780 2306 802 2330 7.
823 2303 854 2330 dc
874 2314 943 2330 mun.
964 2308 989 2329 et
1009 2302 1068 2329 lion.
1083 2304 1124 2328 50.
1146 2304 1147 2314 ¹

283 2354 306 2377 4.
328 2350 359 2377 cf.
385 2350 413 2375 I‘r.
433 2350 457 2374 6.
478 2358 516 2385 pr.
537 2348 568 2373 do
589 2353 653 2374 mist.
675 2353 699 2373 et
719 2347 807 2373 exhib.
828 2349 866 2373 48.
890 2349 914 2373 3.
947 2346 996 2372 Th.
1017 2345 1047 2372 C.
1068 2344 1124 2371 XII.

286 2395 324 2420 14.
345 2403 366 2419 c.
390 2394 410 2418 I.
431 2391 462 2417 dc
483 2390 607 2416 irenarch.
647 2390 848 2427 Cephalaeotis.
873 2389 1030 2420 irenarchis,
1056 2388 1126 2423 logo.

285 2435 390 2473 graphis
411 2434 566 2464 cliomaqui,
588 2438 612 2457 vt
632 2435 741 2459 caeteris
762 2433 864 2469 liturgis
885 2438 933 2459 etc.
963 2432 999 2458 Ib.
1019 2431 1064 2458 XI.
1084 2432 1125 2456 24.
1147 2448 1148 2458 ι

286 2491 307 2506 ‹·.
327 2482 350 2505 6.
371 2479 393 2512 5.
414 2479 435 2503 7.
458 2477 490 2503 (Ie
509 2476 635 2513 patrocin.
656 2477 736 2502 vicar.
758 2476 798 2502 CI'.
819 2476 852 2502 λ.
873 2478 894 2501 1.
916 2486 937 2501 c.
960 2477 998 2501 17.
1019 2474 1051 2500 dc
1070 2475 1126 2500 iure.
1147 2466 1148 2472 ¹

287 2523 351 2548 Iisci.
389 2519 554 2551 1renarclme,
575 2523 599 2544 vt
624 2520 742 2544 actuarii.
769 2524 793 2544 ct
818 2518 984 2545 cornicularii
1003 2522 1051 2543 etc.
1089 2516 1126 2543 lb.
1148 2519 1149 2546 I

290 2564 353 2591 IIII.
375 2566 396 2590 7.
418 2574 438 2589 c.
458 2565 499 2588 21.
520 2562 552 2589 (Ie
572 2561 624 2587 div.
644 2561 712 2586 ol'Iic.

324 2605 618 2634 lrratiounbilis.
656 2603 793 2637 (Adivcr.)
836 2605 1150 2635 1t11ti011i00111ra-.

288 2652 364 2675 rius.
404 2649 445 2675 III.
469 2650 534 2675 (Ἦ.
566 2648 637 2673 Satis
662 2646 803 2672 absurdum
829 2653 867 2672 vsi
893 2652 914 2673 vt
941 2645 1127 2673 irrationabile.
1148 2646 1150 2674 ᾗ

290 2703 311 2717 c.
330 2694 353 2717 3.
374 2693 394 2724 5.
414 2695 438 2717 2.
459 2701 550 2717 coium.
572 2690 603 2717 de
623 2690 700 2725 legat.
719 2691 742 2715 6.
763 2690 803 2714 43.
843 2689 1021 2715 irrationabili:
1040 2689 1127 2714 odium

291 2733 323 2760 ad
346 2735 446 2770 priores
475 2734 573 2760 liberos
603 2733 712 2759 forsitan
736 2731 872 2758 habentes.
902 2743 922 2757 c.
951 2735 989 2757 10.
1020 2731 1051 2758 de
1077 2732 1151 2758 sec.)

291 2781 363 2813 nupt.
383 2779 406 2801 5.
427 2779 449 2801 9.

328 2819 604 2846 1ιϊ(·(·ιικει1»ἰιίε.

651 2817 787 2851 (Adit-ct.)
832 2819 893 2850 Qui
920 2819 1043 2843 orituri
1071 2827 1130 2843 non

1008 159 1082 191 IRA
1107 177 1146 183 —
1170 159 1255 189 IRR.

1132 244 1135 278 ᾗ
1156 246 1272 276 potest.
1309 239 1352 266 III.
1376 241 1442 268 C'n.
1474 240 1524 267 Vel
1543 246 1627 267 morte
1647 241 1755 274 iudicis,
1775 241 1817 269 vel
1836 241 1885 269 alia
1904 243 2000 269 irrecu-

1157 283 1234 310 sabili
1254 283 1406 315 occasione,
1431 283 1573 318 (iudicium
1593 285 1746 318 mutatum.)
1775 295 1797 311 c.
1818 287 1857 312 13.
1881 286 1903 320 5.
1923 287 1947 312 8.
1968 285 2000 312 de

1157 326 1237 354 indic.
1255 328 1279 353 3.
1302 328 1324 352 1.

1192 368 1448 403 Irreligiosus.
1476 368 1605 403 (Adiect.)
1643 371 1775 404 Impius.
1812 369 1855 397 [II.
1875 372 1941 399 Gn·
1964 370 2000 398 Ir-

1157 412 1281 449 religioso
1301 411 1442 438 alienatum
1461 411 1669 449 translatumque
1689 418 1844 440 commento.
1868 412 1935 441 Νῦν.
1949 413 2001 441 Ma-

1158 456 1249 482 iorian.
1270 454 1302 482 de
1321 456 1476 481 sanctimou.
1495 454 1539 482 IV.
1559 458 1583 482 6.
1604 466 1624 482 c.
1646 458 1668 482 1.
1689 456 1710 490 5.
1727 458 1752 482 8.

1194 500 1386 534 ltrepere·
1413 499 1526 530 Illam,
1546 500 1730 526 humittere
1748 509 1785 525 se.
1822 498 1865 525 III.
1880 500 1946 527 Gn.
1965 498 2003 526 Vt

1158 540 1247 568 nullus
1266 541 1309 568 vel
1327 542 1367 573 vi,
1387 540 1429 567 vel
1449 541 1528 573 clam,
1547 541 1590 568 vel
1610 546 1709 579 aperto,
1728 541 1771 568 vel
1791 542 1867 568 etiam
1887 541 2001 575 occulto,

1159 585 1243 611 nostri
1263 585 1350 622 possit
1368 585 1471 622 imperii
1491 584 1611 620 regiones
1630 586 1753 622 irrepere.
1774 584 1824 611 Th.
1845 584 1875 612 C.
1890 584 1946 611 VII.
1961 586 2002 612 16.

1159 638 1180 654 c.
1198 629 1223 653 2.
1243 627 1275 654 de.
1294 627 1364 654 litor.
1385 632 1410 653 et
1429 628 1485 653 itin.
1506 631 1572 653 cust.
1609 626 1651 654 Ad
1670 627 1786 654 indebita
1806 627 1893 654 officia
1912 627 2004 655 fraude

1160 669 1271 697 callidae
1289 670 1434 696 molitionis
1453 671 1577 707 irrepere.
1596 669 1634 696 lb.
1647 670 1705 697 XII.
1720 673 1743 697 1.
1763 680 1785 697 c.
1800 672 1858 698 161.
1873 670 1904 698 cf.
1924 681 1946 698 c.
1960 671 2002 698 49.

1159 713 1181 747 5.
1202 715 1224 740 l.
1245 712 1277 740 de
1297 712 1429 740 decurion.
1450 712 1482 739 cs.
1502 712 1570 739 wll.
1590 714 1614 739 4.
1635 723 1655 739 c.
1675 715 1698 740 7.
1718 713 1751 740 de
1771 713 1898 740 colim-tal.
1935 712 2004 740 ludi-

1161 757 1229 783 cium
1248 757 1327 783 animi
1350 755 1403 783 tale
1421 755 1550 793 proferat,
1575 760 1604 782 ut
1628 755 1700 783 nulla
1719 757 1840 793 quaestio
1858 755 2004 783 voluntatis

1160 800 1247 836 possit
1266 799 1390 835 irrepere.
1419 798 1455 825 lb.
1469 797 1537 824 Vlll.
1554 800 1593 825 12.
1615 809 1635 825 c.
1655 800 1679 826 4.
1700 799 1732 826 de
1752 799 1839 826 donat.
1876 798 1933 826 Nec
1952 799 2006 826 dis-

1138 855 1139 859 *
1161 841 1336 868 simulandum
1351 846 1399 873 est,
1418 851 1605 878 nonnunquam
1624 842 1766 879 irrepsisse
1782 843 1809 868 in
1823 852 1899 869 usum
1912 847 1942 869 ut
1954 847 2004 869 etc.

1138 891 1139 895 ¹
1161 884 1231 912 Coll.
1252 884 1304 911 LL.
1325 883 1358 910 M.
1377 883 1436 911 XV.
1455 886 1481 911 2.
1501 884 1532 911 cf.
1553 884 1582 911 sr.
1604 886 1644 911 14.
1665 884 1686 918 5.
1708 886 1730 911 l.
1755 884 1788 911 de
1807 890 1890 912 const.
1909 895 2005 923 pecua.

1162 929 1201 954 13.
1222 929 1245 954 5.
1274 926 1337 953 Sive
1357 931 1494 963 antequam
1514 937 1543 953 ea
1562 927 1605 954 lex
1624 928 1770 965 irrepserit,
1789 929 1846 955 sive
1865 933 1928 966 post
1947 938 2005 955 ean-

1162 970 1220 997 dem
1240 970 1332 1006 legem.
1352 980 1374 996 c.
1394 972 1418 997 7.
1437 969 1470 996 de
1489 974 1572 997 natur.
1592 969 1668 997 liber.
1688 973 1712 997 5.
1731 972 1773 997 27.

1197 1014 1507 1046 [rreprehensus.
1528 1014 1596 1040 Nun
1617 1015 1864 1048 riluperandus.
1883 1013 2005 1041 mvn.

1162 1056 1237 1092 Quae
1262 1065 1310 1092 per
1333 1056 1386 1082 vim
1410 1059 1503 1092 stupro
1528 1066 1695 1093 compressae
1719 1061 1793 1089 sunt,
1822 1056 2005 1094 irreprehensa

1161 1098 1304 1126 voluntate.
1325 1108 1346 1125 c.
1359 1100 1401 1125 20.
1422 1098 1454 1124 ad
1472 1097 1502 1124 L.
1521 1097 1569 1124 Iul.
1589 1098 1622 1125 de
1641 1099 1721 1126 adult.
1742 1101 1765 1126 9.
1784 1101 1808 1126 9.

1197 1143 1384 1175 Irreptor.
1422 1143 1622 1176 Adgressor,
1641 1145 1776 1176 Raptor.
1813 1142 1832 1169 I.
1852 1144 1915 1178 Sy.
1934 1142 2007 1170 Inva-

1162 1195 1207 1212 sor
1226 1185 1381 1221 (agrorum.)
1402 1183 1443 1211 Cf.
1462 1183 1487 1210 h.
1507 1194 1532 1210 v.

1197 1228 1372 1256 Irretire.
1401 1228 1591 1261 1mylicare,
1613 1229 1858 1263 Constringere.
1884 1228 2006 1256 HLGn.

1162 1271 1284 1299 Clericos
1304 1270 1396 1296 litibus
1419 1270 1532 1302 irretire,
1553 1275 1578 1296 et
1591 1286 1624 1290 —
1638 1271 1749 1306 negotiis
1769 1271 1910 1297 innectere.
1931 1272 2006 1298 c.25.

1162 1325 1202 1352 pr.
1222 1314 1255 1341 de
1274 1314 1355 1351 episc.
1376 1318 1401 1339 et
1420 1312 1482 1340 cler.
1503 1315 1526 1339 l.
1545 1314 1569 1339 3.
1609 1312 1799 1340 conditionum
1822 1313 1924 1350 laqueis
1944 1315 2007 1340 irre-

1163 1359 1240 1389 titus,
1267 1356 1299 1383 ad
1322 1355 1442 1382 inilitiain
1460 1371 1493 1376 -—
1513 1357 1633 1383 transire.
1666 1356 1716 1383 Th.
1737 1356 1768 1383 C.
1788 1355 1855 1383 VIII.
1874 1358 1898 1383 4.
1923 1367 1944 1383 c.
1964 1358 2006 1384 28.

1163 1401 1195 1428 de
1215 1399 1342 1427 cohortal.
1380 1399 1439 1425 Nisi
1459 1415 1489 1418 —
1509 1399 1595 1435 aliqua
1614 1400 1859 1436 circumscriptione
1877 1398 1956 1426 suerit
1974 1400 2008 1426 ir-

1164 1445 1266 1471 retitus.
1304 1442 1341 1469 lb.
1361 1442 1394 1469 X.
1416 1444 1456 1468 15.
1476 1452 1498 1468 c.
1517 1443 1542 1468 3.
1563 1441 1595 1468 de
1614 1442 1705 1469 advoc.
1725 1442 1792 1468 fisci.

1198 1488 1438 1513 Irreverens.
1477 1484 1616 1519 (Adiect.)
1656 1487 1719 1518 Qui
1740 1495 1801 1512 non
1819 1487 1900 1512 colit
1919 1495 2008 1512 reve-

1164 1531 1312 1556 rentiam.
1349 1528 1392 1555 111.
1409 1528 1475 1556 Gn.
1495 1527 1647 1554 Irreverens
1666 1527 1742 1555 miles
1758 1528 1932 1562 (coercendus
1946 1529 2008 1562 est.)

1165 1572 1194 1599 fr.
1215 1573 1255 1598 13.
1275 1572 1297 1605 §.
1317 1573 1341 1598 4.
1362 1571 1394 1598 de
1414 1571 1446 1598 R.
1466 1571 1499 1598 m.
1520 1573 1561 1598 49.
1583 1573 1623 1598 16.

1199 1616 1481 1642 Irreverenter.
1502 1614 1614 1647 (Advb.)
1635 1615 1859 1641 Inverecunde.
1885 1613 1928 1640 111.
1941 1615 2008 1642 Gn·

1164 1658 1204 1685 ‘Ne
1223 1658 1334 1684 feminae
1353 1673 1385 1676 —
1404 1658 1430 1683 in
1444 1656 1628 1683 contumeliam
1641 1656 1794 1684 matronalis
1806 1656 1916 1694 pudoris
1930 1658 2008 1683 irrev.

1165 1702 1271 1728 irruant.
1293 1710 1314 1726 c.
1334 1701 1375 1726 21.
1399 1699 1431 1726 de
1450 1710 1555 1736 procur.
1574 1702 1598 1726 2.
1620 1701 1660 1726 13.

1200 1743 1478 1771 Irreverentia.
1510 1745 1689 1770 Indevotio.
1719 1742 1761 1770 111.
1776 1743 1842 1770 Cn.
1862 1742 1905 1768 Ad
1924 1742 2009 1779 ipsius

1165 1787 1354 1824 omnipotentis
1374 1785 1417 1812 dei
1435 1786 1634 1812 irreverentiam
1653 1786 1814 1819 (committi.)
1834 1796 1855 1812 c.
1874 1786 1898 1811 1.
1916 1795 1956 1822 pr.
1976 1784 2009 1811 de

1165 1834 1241 1867 raptu
1260 1830 1324 1865 virg.
1345 1830 1368 1856 9.
1390 1830 1430 1855 13.

1201 1871 1486 1899 Irrevocabilis.
1524 1870 1663 1905 (Adiect.)
1701 1873 1771 1898 Non
1795 1873 2008 1903 revocandus,

1166 1918 1356 1950 Perpetuus.
1395 1914 1414 1940 1.
1435 1916 1497 1949 Sy.
1520 1913 1650 1941 Revocari
1670 1924 1723 1940 non
1742 1924 1832 1951 posse,
1850 1912 2009 1941 Irrevocabi-

1166 1958 1217 1985 lem
1236 1968 1295 1984 esse
1315 1957 1526 1991 (donationem.)
1546 1957 1577 1983 I'r.
1596 1959 1637 1984 31.
1657 1967 1696 1994 pr.
1717 1957 1747 1983 I'r.
1766 1958 1808 1983 34.
1828 1957 1892 1991 5.1.
1913 1955 1945 1982 de
1964 1955 2009 1982 do-

1166 2006 1216 2028 nat.
1235 2002 1277 2028 39.
1297 2003 1320 2027 5.
1341 2010 1362 2026 c.
1383 2002 1406 2026 7.
1427 1999 1459 2026 de
1478 1999 1531 2026 dot.
1551 2001 1675 2037 promiss.
1695 2003 1719 2027 5.
1741 2002 1780 2026 ll.
1816 1999 1860 2025 III.
1876 2000 1936 2027 Cn.
1957 1999 2008 2026 Ex-

1166 2044 1226 2071 silio
1246 2043 1413 2070 irrevocabili
1433 2043 1608 2070 condcmuari.
1645 2042 1691 2069 Iul.
1712 2053 1752 2079 ep.
1772 2052 1830 2069 nov.
1851 2052 1872 2068 c.
1886 2043 1910 2068 6.
1931 2042 1952 2076 5.
1965 2043 2007 2068 24.

1167 2098 1188 2113 ο.
1208 2089 1230 2113 τ.
1250 2087 1271 2120 ς’,
1291 2088 1332 2112 33.
1659 2079 1665 2087 ’

1202 2130 1388 2158 irridere.
1428 2130 1600 2159 Dcridere.
1625 2129 1841 2154 Contemnere.
1879 2126 1920 2154 111.
1942 2128 2008 2155 011.

1168 2172 1352 2208 Frugalitatem
1372 2171 1482 2197 irridere
1501 2170 1646 2197 donatoris.
1666 2180 1686 2196 c.
1703 2172 1741 2196 10.
1763 2169 1794 2196 dc
1814 2179 1898 2196 revoc.
1921 2169 2009 2197 donat.

1167 2218 1191 2242 8.
1212 2217 1252 2242 56.
1292 2216 1394 2241 Statum
1413 2214 1516 2240 suturae
1535 2213 1717 2239 conventionis
1736 2212 1807 2239 irrid.
1832 2212 1881 2240 Th.
1901 2213 1932 2240 C.
1953 2213 2008 2240 VII.

1170 2261 1207 2285 13.
1229 2268 1250 2285 c.
1270 2258 1293 2284 6.
1314 2258 1335 2291 5.
1357 2260 1379 2283 1.
1400 2257 1432 2283 de
1453 2258 1529 2283 tiron.

1204 2301 1387 2335 Irrigare.
1419 2302 1519 2328 Biz-os
1537 2302 1703 2330 deducere,
1720 2300 1897 2333 Adaqnare.
1918 2297 2009 2333 [Sy.

1170 2345 1263 2381 Rigare
1284 2347 1401 2380 (agrum,
1421 2353 1456 2370 sc.
1478 2344 1569 2379 aqua.)
1591 2341 1620 2368 I'r.
1640 2344 1663 2367 3.
1684 2342 1705 2375 5.
1725 2344 1749 2367 2.
1770 2341 1802 2368 de
1822 2351 1887 2377 aqua
1906 2346 1932 2367 et
1951 2351 2010 2378 aqu.

1146 2389 1147 2399 ¹
1170 2388 1205 2425 pl.
1224 2390 1265 2414 39.
1286 2389 1310 2413 3.
1330 2386 1360 2414 sr.
1383 2389 1404 2413 1.
1425 2387 1517 2420 5511.
1539 2387 1578 2411 13.
1599 2384 1631 2411 (Ιυ
1651 2395 1715 2421 aqua
1736 2389 1807 2421 quot.
1827 2386 1868 2410 43.
1888 2386 1929 2411 20.
1966 2383 2009 2410 III.

1171 2433 1238 2459 Cn.
1256 2431 1360 2467 Aquam
1380 2429 1411 2456 de
1431 2429 1537 2455 Ilumine
1553 2427 1659 2464 publico
1674 2443 1705 2446 —-
1720 2427 1751 2453 ad
1772 2427 1917 2463 irrigandos
1935 2436 2010 2464 agros

1147 2478 1149 2492 ³
1171 2474 1259 2501 dividi.
1286 2474 1314 2499 I'r.
1337 2474 1375 2498 17.
1396 2471 1428 2498 de
1447 2471 1473 2497 S.
1496 2470 1522 2497 1).
1543 2470 1574 2496 11.
1595 2475 1618 2496 δ’.
1638 2473 1662 2496 3.
1683 2469 1714 2496 cs.
1734 2470 1764 2496 fr.
1785 2472 1808 2496 1.
1834 2471 1916 2504 513.
1937 2470 1967 2497 sr.
1985 2471 2008 2496 3.

1170 2528 1209 2555 pr.
1230 2517 1262 2543 «Ie
1282 2526 1346 2552 aqua
1367 2518 1438 2551 quot.
1458 2515 1498 2539 43.
1518 2516 1559 2539 20.

1207 2558 1399 2593 Irrignfio·
1437 2558 1536 2583 :lctus
1556 2558 1740 2591 irrigandi.
1778 2555 1819 2582 III.
1838 2556 1903 2583 On.
1927 2554 1956 2581 Si
1974 2554 2009 2580 vi-

1172 2604 1259 2633 cinus.
1287 2601 1330 2637 qui
1356 2610 1446 2626 arvum
1469 2599 1572 2625 solebat
1597 2604 1668 2625 certo
1693 2603 1811 2636 tempore
1835 2599 1894 2625 anni
1918 2598 2009 2633 rigare,

1172 2650 1273 2683 pratum
1292 2643 1347 2669 illic
1366 2642 1469 2674 fecerit.
1490 2643 1659 2679 corpcritque
1679 2641 1786 2668 adsidua
1807 2641 1955 2677 irrigatione
1973 2639 2010 2665 vi-

1173 2690 1230 2715 cino
1250 2696 1353 2713 nocere.
1374 2685 1403 2711 I'r.
1423 2688 1446 2711 3.
1467 2686 1488 2719 5.
1508 2688 1531 2711 2.
1552 2684 1584 2711 de
1604 2694 1669 2721 aqna
1689 2689 1714 2710 et
1733 2694 1791 2721 aqu.
1812 2683 1847 2721 pl.
1861 2684 1902 2710 39.
1914 2684 1938 2708 3.
1967 2681 2010 2708 Ad

1173 2730 1336 2766 irrigationes
1356 2738 1483 2763 agrorum,
1503 2728 1544 2754 vel
1565 2728 1700 2757 hortorum
1719 2727 1828 2755 delicias
1842 2730 1888 2752 etc.
1915 2724 2009 2751 ’1’1ι.Ο.

1172 2773 1230 2800 XI.
1250 2776 1273 2798 2.
1295 2782 1315 2798 c.
1336 2773 1358 2797 7.
1379 2771 1412 2797 dt·
1431 2770 1538 2807 aquaed.

1209 2815 1394 2849 Irriguus.
1432 2813 1571 2847 (Adit-ct.)
1613 2813 1820 2848 Irrigationi
1843 2812 2008 2837 obnoxius.
