2197 3121
937 150 1028 181 VEN
1043 168 1082 174 —

193 235 342 262 aedificium
361 235 490 262 extollere
515 235 586 261 iuxta
607 242 691 260 aream
715 241 802 263 suam,
826 236 855 258 ut
877 237 972 258 ventus
992 242 1035 258 ex-

193 278 351 305 cluderetur.
380 289 401 305 c.
423 280 462 304 14.
492 278 556 311 5.1.
587 276 620 303 de
647 276 738 303 servit.
767 279 793 301 et
812 284 876 311 aqua
896 276 920 301 3.
939 276 981 301 34.
1002 290 1032 295 -

193 322 225 355 ἓ.
245 323 280 348 2.
300 323 359 348 Rea
378 322 484 347 nihili.
520 319 563 346 111.
585 321 650 347 Gn.
676 318 784 345 Sumtus
804 327 938 350 recusare,
958 318 1033 354 quasi

194 369 273 390 vento
293 365 396 391 vixerit.
416 374 437 390 c.
456 365 480 389 2.
501 362 533 389 de
553 362 622 389 alim.
641 371 704 399 pup.
723 363 749 388 5.
768 362 810 387 50.

228 406 445 434 Venuleius.
482 406 597 432 Nomen
621 406 717 436 Leti,
742 405 920 440 (temporum,
940 404 977 429 uti
996 403 1034 429 vi—

194 449 283 481 detur,
309 448 460 476 Caracallae
485 452 510 474 et
533 447 678 474 Alexandri
696 446 797 484 Impp.)
834 445 876 472 III.
897 448 963 474 Cn.
983 445 1033 472 Ve-

193 491 296 518 nuleius
315 491 481 518 Saturninus.
506 490 548 517 Cf.
573 501 596 517 v.
617 490 783 517 Saturninus.
809 489 831 523 5.
850 491 874 515 2.
893 487 1031 515 Hommelii

193 534 352 572 palingenes.
372 535 420 560 iur.
439 533 471 560 II.
490 535 549 560 539.
569 542 627 569 sqq.

227 578 476 608 venundare,
506 586 526 603 s.
556 576 835 603 venum-dare.
885 576 1030 601 Vendere.

193 619 212 646 I.
225 621 287 654 Sy.
307 619 413 651 Venire,
433 619 535 645 Venum
554 619 618 651 dari,
639 617 765 645 Distrahi.
785 616 825 643 Cf.
840 627 864 643 v.
884 617 988 644 Venire.
1009 617 1031 650 5.

194 663 216 688 l.
236 661 335 688 Venale
354 672 420 689 esse.
440 662 541 689 Veuum
555 662 619 689 dari.
639 661 669 688 fr.
686 663 707 687 1.
726 659 757 686 fr.
774 661 813 685 14.
834 660 855 693 5.
868 661 893 686 3.
914 659 946 686 de
960 659 1028 686 alim.

193 715 217 731 v.
246 705 295 732 cib.
323 707 408 732 341.
446 704 488 731 111.
510 707 576 733 Gn.
603 704 696 731 Locari
724 707 750 729 et
777 702 923 729 venundari
952 711 1031 739 posse

193 748 327 781 (usumfr.)
346 747 431 774 Vatic.
452 748 473 781 5.
488 749 529 774 41.
567 746 597 773 Si
615 747 673 784 quis
691 747 725 772 ita
744 745 852 771 fundum
871 745 1032 771 vendiderit:

193 789 239 816 Vti
257 790 434 817 venundatum
456 790 502 825 [al.
522 788 717 821 venumdatum]
737 798 796 814 esse
814 787 942 819 videatur,
961 787 1032 823 quod

193 837 242 859 etc.
263 833 291 860 fr.
311 835 352 860 39.
374 833 405 859 de
424 833 456 859 A.
476 833 505 859 E.
526 832 557 859 V.
579 834 617 859 19.
633 833 655 858 l.
692 830 721 857 Si
741 836 815 867 pater
834 830 916 857 fitium
936 834 976 855 ter
988 840 1032 856 ve-

193 875 329 902 numdavit
348 875 390 909 [al.
411 886 506 902 venum
525 874 604 909 duit]
624 873 655 900 L.
675 873 724 900 XII
743 872 826 899 Tabb.
846 872 889 899 IV.
907 873 931 898 3.
969 872 1032 907 Qui,

193 918 227 944 ob
246 918 457 945 venumdandum
479 935 509 938 —
528 917 718 949 testimonium,
738 917 874 953 pecuniam
893 916 1032 952 acceperit.

194 960 264 988 Coll.
283 961 336 988 LL.
357 961 390 988 M.
410 961 477 987 VIII.
497 963 520 987 7.

227 1006 366 1031 Venus.
404 1005 599 1031 Concubitus
622 1003 784 1029 Venereus.
806 1001 824 1028 I.
839 1002 900 1035 Sy.
924 1000 953 1027 In
967 1001 1032 1037 ipsis

191 1048 270 1074 rebus
300 1046 419 1073 Veneris.
462 1046 501 1072 Ἐν
530 1050 597 1081 ἔργῳ.
622 1045 652 1072 Ir.
671 1046 713 1071 23.
738 1054 776 1081 pr.
808 1043 839 1070 ad
867 1043 896 1070 L.
925 1043 972 1069 Iul.
999 1042 1032 1069 de

192 1090 274 1117 adult.
294 1092 335 1117 45.
355 1092 378 1116 5.
414 1088 457 1115 III.
471 1084 544 1116 4(Ἰη.
565 1087 616 1114 Vbi
636 1086 725 1114 Venus
745 1092 859 1113 mutatur
878 1087 904 1112 in
924 1086 1030 1112 alteram

192 1134 314 1164 ἴοι-ωαψς
334 1132 377 1158 ubi
396 1142 468 1158 amor
488 1132 635 1167 quaeruut,
658 1140 707 1156 nec
726 1129 838 1157 videtur.
864 1128 913 1155 Th.
935 1128 966 1156 C.
986 1129 1031 1155 IX.

193 1178 216 1203 7.
237 1187 259 1203 e.
278 1178 302 1202 3.
322 1174 379 1201 eod.

226 1220 424 1245 Venustus
463 1217 658 1251 Elegantia,
679 1217 799 1242 Gratia
819 1215 937 1248 (formae,
952 1224 976 1240 v.
990 1213 1033 1240 ad-

191 1261 320 1299 spectus.)
356 1260 399 1286 III.
412 1261 477 1287 Cn.
498 1259 719 1285 Ornameutorum
739 1268 806 1289 esse,
827 1273 859 1277 —
878 1257 974 1294 quibus
995 1258 1032 1284 uti

190 1304 322 1335 mulieres,
341 1303 486 1328 venustatis
506 1307 532 1327 et
544 1306 652 1328 ornatus
669 1311 754 1333 causa⁷
774 1305 926 1338 coeperunt.
945 1300 976 1327 l'r.
990 1302 1032 1327 26.

190 1347 223 1374 de
242 1356 305 1373 auro
325 1355 375 1381 arg.
395 1347 437 1372 34.
456 1347 480 1371 2.

224 1390 425 1416 Venustus.
445 1387 575 1420 (Adiect.)
603 1389 800 1418 Coneinnus,
822 1389 951 1413 Gratus.
988 1386 1031 1413 III.

190 1433 257 1460 οη.
278 1430 358 1467 Quod
377 1430 542 1468 privilegium
562 1430 661 1461 damus.
680 1444 714 1448 —
734 1435 761 1456 ut
780 1428 879 1465 aliquid
892 1435 1032 1456 venustum

191 1476 301 1502 eveniat.
323 1484 343 1500 c.
366 1475 404 1499 15.
423 1474 444 1507 5.
464 1475 487 1499 5.
508 1473 540 1499 de
559 1478 660 1500 testam.
680 1483 746 1500 man.
768 1475 790 1498 7.
809 1474 834 1499 2.

226 1517 434 1545 veraciter.
454 1516 567 1549 (Advb.)
592 1518 675 1543 Vere.
712 1515 753 1542 III.
769 1517 835 1543 Cn.
856 1515 992 1542 veraciter
1006 1520 1031 1541 et

190 1560 328 1587 manifeste
349 1559 493 1596 (probare.)
513 1559 563 1585 Th.
584 1559 615 1585 C.
635 1559 679 1585 lx.
702 1560 723 1585 l.
744 1569 765 1585 c.
784 1561 807 1584 4.
829 1558 861 1584 de
880 1563 992 1585 accusat.

225 1604 382 1630 Verber-
420 1604 615 1637 Flagellum.
635 1604 741 1636 Plaga
755 1604 905 1637 flagelli.
934 1601 953 1627 Ι.
971 1602 1031 1636 sy.

190 1645 292 1682 Plagae.
312 1644 435 1671 Verbera.
457 1645 500 1672 Cl'.
518 1655 541 1671 v.
563 1644 649 1680 Plaga.
686 1643 730 1670 III.
751 1646 817 1671 Cn.
842 1643 948 1670 Nullum
968 1645 1033 1670 iniu-

191 1690 242 1720 ria,
266 1687 368 1714 nullum
386 1687 509 1718 verbere,
534 1687 633 1713 nullum
659 1688 730 1723 gravi
754 1687 902 1723 pulsatione
921 1703 953 1706 —
973 1697 1033 1713 con-

192 1733 274 1767 tingat
293 1735 342 1763 (sc.
363 1730 485 1756 curialem
505 1732 567 1763 etc.)
582 1730 631 1757 Th.
651 1730 682 1757 C.
697 1729 752 1756 XII.
777 1731 798 1756 l.
818 1740 839 1756 c.
861 1732 918 1757 128.
939 1730 971 1756 de
991 1730 1032 1756 de-

192 1775 291 1801 curion.
329 1773 466 1800 Carcerem
485 1775 626 1804 sustinere,
646 1772 688 1799 vel
702 1778 839 1804 tormenta,
858 1772 900 1799 vel
914 1773 1032 1804 verbera,

191 1816 234 1843 vel
253 1822 365 1843 catenas.
385 1816 422 1842 Ib.
443 1816 487 1842 IX.
507 1818 548 1841 37.
578 1826 598 1842 c.
618 1818 642 1842 2.
671 1815 703 1841 de
727 1815 818 1841 abolit.
854 1815 961 1847 Mortis,
989 1821 1032 1842 aut

191 1860 330 1886 verberum
350 1864 450 1884 terrore
469 1874 500 1878 —-
521 1863 686 1894 extorquere.
712 1857 741 1884 fr.
761 1860 784 1884 3.
810 1859 874 1892 5.1.
900 1859 951 1894 Qu.
972 1864 1031 1886 met.

192 1913 212 1929 0.
233 1906 257 1928 4.
276 1904 300 1928 2.
338 1901 500 1927 Verberibus
519 1900 660 1927 servilibus
681 1902 806 1927 coerceri.
825 1901 855 1928 fr.
872 1903 911 1928 12.
932 1901 1032 1928 deiure

191 1946 257 1971 fisci.
277 1946 318 1970 49.
340 1946 380 1970 14.

225 1989 453 2014 verberare.
482 1988 612 2013 Verbere
631 1989 767 2013 caedere.
788 1987 806 2013 I.
822 1988 883 2021 Sy.
904 1986 1030 2014 Caedere.

191 2030 232 2057 Cf.
253 2030 277 2056 h.
298 2040 320 2055 v.
341 2029 362 2062 5.
382 2031 405 2055 3.
443 2028 484 2054 Ill.
499 2030 565 2056 Cn.
586 2028 614 2055 Si
633 2030 691 2065 quis
711 2029 742 2055 ab
763 2029 850 2066 aliquo
870 2030 1031 2062 vulneratus,

191 2079 234 2100 aut
252 2073 420 2101 verberatus.
444 2071 592 2098 i'ustibusve
611 2082 703 2098 caesus
723 2072 808 2099 l'uerit.
834 2072 891 2099 Gai.
911 2073 952 2100 III.
972 2075 1031 2100 225.

191 2115 272 2151 Quod
291 2126 319 2141 se
339 2114 485 2152 pulsatum,
506 2114 706 2141 verberatumve
726 2131 758 2135 -—
778 2126 837 2141 esse
856 2116 931 2142 dicat.
957 2115 987 2142 fr.
1007 2118 1030 2142 5.

192 2168 232 2195 pr.
251 2159 283 2185 de
301 2159 377 2184 iniur.
398 2159 439 2183 47.
461 2159 499 2182 10.
521 2157 591 2183 Coll.
611 2157 662 2184 LL.
683 2158 716 2184 m.
736 2158 766 2184 Il.
786 2159 809 2185 6.
835 2158 890 2184 Gai.
911 2157 951 2185 III.
971 2161 1030 2185 220.

192 2200 377 2237 Adpellantem
396 2210 503 2227 necare.
524 2216 555 2219 —
575 2205 712 2235 torquere,
731 2200 870 2227 verberare
889 2206 937 2227 etc.
958 2200 1029 2227 Paul.

192 2242 224 2269 V.
244 2244 286 2269 26.
305 2244 327 2276 5.
348 2245 370 2270 1.
390 2243 420 2270 fr.
442 2245 480 2269 ll.
500 2242 533 2268 de
552 2243 595 2269 off.
616 2242 691 2269 Proc.
711 2248 737 2269 et
756 2243 816 2279 Leg.
838 2245 914 2271 1.16.
950 2244 1030 2271 Liber

192 2286 345 2312 verberatus
364 2286 533 2312 addicebatur
558 2286 580 2311 ei
600 2290 649 2311 ete.
674 2285 731 2312 Gai.
750 2286 792 2312 III.
815 2288 871 2313 189.
909 2286 1030 2319 Vinctus,

193 2329 355 2359 verberatus,
375 2329 426 2364 igni
444 2330 530 2355 necari
550 2328 662 2354 iubetur.
682 2328 712 2355 fr.
732 2331 756 2355 9.
776 2329 808 2355 de
827 2330 930 2356 incend.
950 2331 1029 2356 ruina.

192 2374 234 2398 47.
253 2373 277 2397 9.

227 2413 463 2441 Vel-horatio.
504 2415 534 2447 δ.
556 2416 590 2440 1.
619 2416 719 2440 Actus
747 2416 944 2441 verberandi.
988 2414 1031 2441 111.

194 2458 259 2485 Gn.
283 2456 353 2482 Inter
382 2454 567 2492 pulsationem,
596 2462 621 2483 et
639 2456 862 2484 verberationem.
886 2457 936 2483 hoc
954 2457 1032 2483 inter·

193 2505 241 2525 est.
261 2499 291 2525 fr.
304 2501 327 2524 5.
348 2499 370 2531 5.
389 2501 407 2523 1,
428 2497 459 2523 de
479 2499 556 2524 iniur.
573 2501 668 2526 4210.
689 2515 720 2519 -
741 2500 771 2532 §.
790 2500 824 2525 2.
846 2501 1031 2526 cruciatus.

193 2542 236 2569 Ill.
251 2543 317 2569 Gn.
338 2540 456 2567 fustium
470 2540 618 2572 admonitio.
637 2542 799 2578 flagellorum
814 2543 958 2577 castigatio,
976 2543 1031 2568 vin-

193 2584 312 2611 culorum
331 2583 486 2609 verberatio.
508 2583 537 2609 fr.
558 2585 581 2609 7.
601 2583 633 2609 de
650 2595 726 2620 poen.
747 2587 787 2610 48.
810 2586 848 2610 19.

228 2629 407 2654 Verbero-
448 2627 508 2658 Qui
527 2628 652 2652 verbere
670 2630 786 2663 dignus
811 2634 864 2653 est.
901 2626 944 2653 III.
965 2629 1030 2655 Gn.

193 2670 378 2706 Nequissimus
397 2668 507 2694 verbero
529 2685 558 2688 —
580 2670 716 2695 tormentis
735 2670 896 2696 subiiciatur.
917 2680 939 2696 c.
953 2672 976 2696 6.
997 2670 1029 2697 de

194 2723 262 2739 serv.
282 2712 354 2747 sugit.
374 2713 396 2737 6.
420 2713 440 2737 1.
478 2711 618 2737 Tradendo
638 2711 741 2746 ignibus
759 2713 912 2739 verberone.
933 2712 981 2739 Th.
997 2714 1028 2739 C.

194 2756 238 2782 IX.
258 2757 281 2781 9.
302 2765 323 2780 c.
345 2756 366 2779 l.
386 2764 425 2791 pr.
445 2753 477 2780 de
496 2753 557 2780 mul.
578 2764 619 2790 qu.
640 2763 668 2779 se
687 2763 754 2780 serv.
773 2766 860 2792 propr.

228 2797 457 2825 Verbositas.
481 2798 653 2823 Verborum
673 2798 880 2826 abundantia
902 2802 945 2830 (et
964 2801 1029 2825 suh-

1097 152 1196 182 VER.
1853 152 1915 182 991

1079 235 1218 262 tilitas.)
1257 232 1298 259 Ill.
1320 234 1385 260 Cn.
1415 233 1624 260 Commentarios
1653 231 1691 258 illi
1720 231 1865 269 adplicare,
1890 238 1917 259 et

1078 275 1240 302 verbositate
1254 285 1300 302 sua
1314 291 1346 296 —-
1361 276 1459 302 codicis
1474 276 1656 314 compendium
1671 274 1838 301 confundere.
1858 285 1878 301 c.
1895 278 1915 302 1.

1079 319 1100 352 5.
1116 320 1155 345 12.
1175 318 1207 344 de
1226 323 1277 344 vet.
1298 319 1353 345 iure
1373 319 1456 346 enucl.
1475 321 1496 344 l.
1513 321 1552 345 17.
1591 318 1639 345 l'er
1658 318 1853 348 verbositatem.
1872 317 1917 344 ali-

1079 360 1141 397 quid
1162 360 1212 387 tale
1232 361 1385 388 inscribere.
1406 372 1426 388 c.
1447 364 1488 388 37.
1509 362 1541 388 de
1561 361 1647 388 donat.
1667 362 1691 387 ὅ.
1705 362 1746 387 54.
1782 360 1916 387 Retentio-

1077 413 1139 430 uum
1157 403 1314 430 verbositas.
1335 414 1355 430 c.
1377 406 1398 431 l.
1418 405 1439 438 5.
1460 407 1482 430 5.
1503 404 1536 430 de
1554 404 1585 430 R.
1606 403 1638 430 Γ.
1659 404 1690 430 Α.
1710 405 1734 429 5.
1755 404 1794 429 13.

1112 447 1310 473 Verbosus.
1329 446 1456 479 (Adieet.)
1480 449 1590 473 l'erbis
1603 449 1773 473 abundans.
1793 445 1836 472 III.
1851 446 1917 473 Gn.

1078 488 1266 515 Commentarii
1285 489 1399 516 verbosi.
1426 490 1578 527 Disputatio
1597 490 1717 516 verbosa.
1738 488 1768 515 l'r.
1789 490 1812 514 1.
1832 487 1864 514 de
1883 487 1915 514 O.

1076 531 1094 557 I.
1116 533 1137 558 l.
1157 534 1181 558 2.
1202 531 1246 558 Pr.
1263 531 1282 558 l.
1302 532 1353 568 Qu.
1375 542 1395 558 0.
1416 542 1446 558 eo
1467 534 1510 568 qui
1530 533 1555 558 in
1576 532 1606 558 al.
1627 537 1680 569 pot.
1701 534 1716 558 4
1745 533 1769 558 7.

1109 575 1381 602 volvo-tenus.
1409 575 1532 608 (Advb.)
1561 577 1607 601 Ad
1626 577 1758 601 verbum.
1795 573 1826 600 lI.
1849 575 1916 607 Op-

1077 616 1145 644 Cum
1165 617 1258 644 effectu
1278 619 1418 654 (accipere,
1438 628 1474 644 sc.
1495 618 1595 649 verba.)
1610 618 1639 644 fr.
1656 619 1677 644 1.
1692 618 1713 651 5.
1727 619 1751 642 2.
1766 616 1817 652 Qu.
1832 617 1915 652 quisq.

1076 661 1123 687 iur.
1152 662 1176 686 2.
1200 662 1224 686 2.
1261 660 1304 686 Ill.
1325 662 1391 688 Cn.
1420 660 1500 696 Quod
1528 660 1687 686 verbotenus
1716 660 1916 696 pronunciatum

1077 707 1125 733 est,
1149 701 1272 738 nudoque
1296 713 1416 729 sermone
1440 704 1538 729 linitur.
1562 702 1594 729 l'r.
1617 704 1654 729 19.
1678 703 1700 736 5.
1719 705 1743 728 2.
1770 702 1802 728 de
1826 700 1913 728 Aedil.

1077 745 1154 772 edict.
1173 747 1215 771 21.
1236 747 1257 771 1.
1278 745 1319 772 Cf.
1341 756 1364 772 v.
1386 746 1484 772 Tenus.

1110 789 1287 815 Verbum.
1325 789 1355 822 ᾖ.
1371 791 1405 816 1.
1428 790 1560 820 Oratio,
1580 789 1651 820 (cum
1671 789 1778 823 integra.
1797 792 1851 812 tum
1865 787 1916 811 sin-

1075 830 1163 867 gulum
1183 830 1363 867 qualecunque
1382 831 1453 858 illius
1473 831 1637 863 membrum.)
1674 830 1692 856 I.
1713 834 1774 864 Sy.
1793 827 1917 865 Adpella—

1076 875 1122 905 tio,
1142 873 1252 900 Nomen.
1273 874 1313 900 CI.
1334 885 1358 900 v.
1378 874 1487 901 Nomen.
1507 875 1528 908 5
1550 876 1572 899 l.
1593 873 1660 899 Vox.
1680 872 1710 898 sr.
1731 875 1754 898 6.
1774 873 1811 906 55.
1830 873 1854 898 8.
1876 872 1916 897 10.

1077 917 1106 942 fr.
1128 918 1150 942 7.
1170 917 1191 950 5.
1212 918 1233 942 l.
1255 916 1287 942 de
1307 916 1417 943 edendo.
1436 920 1460 943 2.
1483 919 1522 943 13.
1560 916 1591 943 Il.
1608 918 1675 950 01).
1694 915 1776 942 Mens.
1791 914 1832 941 Cf.
1853 914 1877 940 h.
1891 923 1914 939 v.

1077 959 1099 992 5.
1118 961 1143 985 2.
1172 959 1314 985 Sententia.
1336 959 1377 986 Cl'.
1397 959 1422 986 h.
1442 970 1466 985 v.
1491 960 1556 993 5.1.
1585 959 1722 985 Voluntas.
1749 958 1780 984 l'r.
1800 959 1856 983 lOl.
1876 966 1915 994 pr.

1077 1001 1110 1027 de
1129 1000 1204 1027 cond.
1225 1006 1250 1027 et
1269 1002 1335 1028 dem.
1354 1004 1397 1028 35.
1417 1004 1439 1028 l.
1459 1002 1489 1028 fr.
1509 1004 1567 1028 219.
1587 1002 1619 1028 de
1639 1001 1669 1028 V.
1684 1002 1709 1027 S.
1725 1001 1820 1026 50.16.
1857 998 1917 1025 Non

1077 1043 1163 1070 solum
1182 1043 1259 1076 factm
1279 1044 1326 1070 svtl
1347 1050 1371 1071 et
1390 1045 1487 1071 verbis.
1508 1044 1579 1071 Paul.
1600 1044 1630 1071 V.
1650 1046 1691 1070 ’.19.
1716 1045 1737 1078 5
1759 1046 1780 1069 1.
1806 1042 1848 1069 Cl'.
1871 1041 1915 1068 IV.

1053 1090 1055 1111 ¹.
1077 1089 1100 1113 4.
1120 1087 1185 1120 5.1.
1205 1086 1236 1113 fr.
1256 1088 1278 1113 4.
1299 1087 1321 1120 5.
1344 1089 1365 1112 l.
1386 1087 1417 1114 de
1441 1087 1525 1125 pecul.
1553 1090 1591 1113 15.
1614 1089 1634 1113 l.
1672 1086 1714 1113 III.
1734 1088 1799 1114 Cn.
1823 1085 1916 1122 Expri-

1076 1140 1146 1156 mere
1165 1129 1253 1156 verbis
1272 1129 1446 1162 (voluntatem
1466 1132 1560 1162 suam.)
1581 1130 1637 1156 Gai.
1652 1130 1694 1156 Ill.
1716 1131 1756 1155 76.
1793 1128 1840 1155 His
1859 1137 1916 1154 ver-

1076 1173 1117 1199 bis
1132 1172 1257 1209 loquitur,
1272 1183 1295 1198 v.
1310 1173 1383 1199 iubet
1397 1172 1473 1206 (lex.)
1488 1173 1556 1199 1(1.1.
1573 1175 1628 1199 132.
1643 1172 1703 1209 ΥΙΡ.
1716 1173 1749 1198 Χ.
1765 1174 1786 1198 l.
1811 1171 1839 1197 In
1852 1170 1916 1197 haec

1076 1216 1154 1242 verba
1174 1216 1357 1247 (constitutum
1377 1218 1439 1248 etc.)
1454 1216 1482 1242 i'r.
1499 1218 1537 1242 13.
1552 1216 1609 1249 5.1.
1625 1216 1655 1242 fr.
1672 1218 1709 1242 14.
1725 1215 1757 1241 de
1771 1215 1813 1240 off.
1828 1213 1914 1240 Praes.

1078 1259 1154 1284 1.18.
1176 1258 1206 1284 sr.
1220 1261 1244 1284 4.
1260 1268 1298 1295 pr.
1319 1258 1351 1284 de
1372 1259 1415 1285 off.
1436 1260 1499 1285 eius.
1522 1261 1542 1284 1.
1561 1261 1603 1284 21.
1624 1275 1653 1278 —
1676 1258 1706 1291 ἓ.
1721 1259 1755 1284 2.
1775 1259 1915 1291 Exposi-

1076 1304 1137 1333 tio,
1159 1303 1407 1328 Commendatio.
1445 1301 1487 1328 Ill.
1510 1303 1576 1329 Gn.
1600 1300 1687 1326 Verba
1712 1300 1796 1326 faeere
1815 1300 1847 1326 de
1867 1304 1915 1325 ete.

1076 1354 1098 1370 v.
1119 1354 1167 1381 pro
1188 1349 1235 1370 etc.
1257 1343 1286 1370 l'r.
1305 1346 1347 1370 20.
1367 1344 1388 1377 5.
1409 1346 1432 1370 6.
1453 1344 1485 1370 de
1504 1343 1592 1370 hei-ed.
1612 1348 1664 1380 pet.
1685 1345 1708 1368 5.
1729 1345 1752 1369 3.
1773 1343 1802 1369 Γπ.
1821 1344 1863 1369 24,
1884 1341 1916 1368 de

1077 1386 1100 1414 d.
1118 1397 1152 1413 m.
1171 1388 1194 1413 4.
1213 1388 1238 1412 3.
1275 1386 1365 1413 Suasit
1383 1387 1485 1418 verbis,
1504 1388 1561 1413 sive
1585 1388 1679 1423 pretiO.
1705 1385 1735 1412 fr.
1756 1387 1778 1412 1.
1798 1386 1820 1418 5.
1840 1388 1863 1411 5.
1883 1384 1916 1411 de

1077 1440 1153 1456 servo
1173 1439 1239 1456 corr.
1262 1431 1301 1456 ll.
1320 1431 1343 1456 3.
1365 1446 1394 1450 --
1425 1430 1455 1463 ξ.
1477 1431 1514 1456 3.
1543 1431 1712 1460 Formam,
1743 1430 1916 1462 Nuncupa-

1076 1476 1131 1500 tio.
1167 1472 1185 1498 I.
1203 1473 1264 1507 Sy.
1284 1472 1385 1499 Sermo.
1406 1472 1448 1499 Ck'.
1467 1472 1493 1499 h.
1512 1482 1535 1498 v.
1556 1472 1577 1505 5.
1599 1473 1620 1497 l.
1653 1471 1786 1498 Clausula.
1806 1470 1837 1496 fr.
1859 1471 1916 1496 179.

1077 1516 1109 1542 de
1130 1515 1158 1542 V.
1178 1515 1260 1541 S.50.
1276 1517 1314 1542 16.
1335 1515 1486 1553 stipulatio.
1507 1514 1536 1541 fr.
1558 1516 1597 1540 15.
1617 1519 1664 1539 rat.
1684 1523 1738 1540 rem
1757 1513 1816 1539 hab.
1836 1514 1877 1539 46.
1892 1514 1916 1540 8.

1076 1559 1107 1585 II.
1122 1560 1188 1592 Op.
1209 1557 1365 1589 Verborum.
1386 1574 1417 1578 —
1438 1558 1590 1595 Scripturae
1604 1558 1788 1593 (proprietas.)
1803 1555 1859 1582 Gai.
1873 1555 1916 1582 111.

1079 1603 1134 1628 136.
1171 1601 1225 1627 Aut
1244 1611 1272 1626 re
1291 1611 1338 1638 per
1357 1612 1400 1632 se,
1421 1606 1464 1627 aut
1483 1611 1511 1627 re
1531 1605 1556 1626 et
1575 1600 1670 1631 verbis.
1691 1604 1733 1625 aut
1752 1599 1840 1625 verbis
1860 1603 1916 1624 tan·

1077 1649 1131 1670 tum
1159 1644 1353 1676 (coniunctio.)
1381 1644 1411 1670 fr.
1433 1646 1489 1670 142.
1519 1643 1551 1670 de
1570 1642 1601 1669 V.
1622 1642 1647 1668 S.
1668 1644 1709 1668 50.
1731 1644 1769 1668 16.
1806 1641 1861 1668 Aut
1879 1651 1916 1672 re,

1077 1692 1119 1713 aut
1138 1686 1236 1717 verbis,
1255 1692 1299 1713 aut
1313 1687 1416 1718 litteris,
1436 1692 1479 1713 aut
1493 1696 1623 1713 consensu
1644 1685 1842 1720 (obligationem
1856 1693 1916 1710 con-

1077 1729 1169 1762 trabi.)
1199 1729 1255 1755 Gai.
1276 1729 1317 1756 lII.
1342 1731 1382 1756 59.
1421 1729 1490 1756 Nudi
1520 1739 1679 1760 eonsensuS.
1708 1744 1739 1748 -—
1769 1726 1916 1753 Verborum

1077 1772 1245 1808 (obligatio.)
1268 1772 1297 1798 sr.
1320 1775 1341 1799 l.
1367 1772 1397 1799 fr.
1419 1774 1457 1798 14.
1479 1772 1554 1798 locat.
1576 1774 1615 1799 19.
1633 1774 1657 1797 2.
1683 1771 1712 1797 fr.
1732 1773 1773 1797 35.
1794 1770 1826 1796 (19
1844 1769 1875 1796 R.
1895 1769 1914 1795 1.

1077 1818 1117 1842 50.
1140 1817 1178 1841 17.
1216 1815 1257 1842 III.
1274 1816 1340 1842 Cu.
1361 1815 1427 1842 Cum
1447 1817 1526 1841 certis
1546 1816 1584 1847 (et
1602 1814 1779 1845 solemnibuS.
1798 1823 1822 1839 v.
1842 1813 1916 1849 quasi

1077 1858 1256 1891 solemnibus)
1275 1858 1377 1889 verbiS,
1404 1868 1440 1885 sc.
1461 1859 1516 1894 agi.
1540 1858 1658 1894 fierique.
1678 1858 1734 1884 Gai.
1754 1857 1772 1883 1.
1794 1857 1850 1882 112.
1870 1854 1914 1881 IV.

1076 1903 1117 1928 29.
1137 1903 1178 1928 84.
1203 1903 1244 1928 97.
1269 1900 1328 1938 le.
1352 1901 1397 1927 IX.
1419 1903 1438 1927 l.
1460 1901 1531 1928 XIX.
1550 1903 1574 1927 3.
1612 1901 1774 1937 ConceptiO,
1798 1909 1822 1925 v.
1842 1897 1915 1924 Sole-

1077 1945 1180 1975 mnitas,
1199 1943 1346 1970 verborum.
1371 1943 1442 1970 Paul.
1463 1944 1492 1970 II.
1512 1946 1536 1970 3.
1561 1944 1583 1978 5.
1605 1946 1626 1970 l.
1646 1943 1677 1970 V.
1699 1945 1722 1970 7.
1741 1944 1763 1977 5.
1784 1944 1807 1968 l.
1844 1940 1914 1968 Civi-

1076 1987 1124 2018 tia.
1145 1997 1168 2013 v.
1188 1986 1355 2024 Imperativa.
1379 1992 1404 2013 et
1424 1987 1536 2018 directa,
1558 2004 1587 2006 —
1608 1986 1719 2019 Inssexa.
1744 1996 1766 2011 v.
1786 1984 1914 2015 Precaria,

1076 2030 1163 2056 verba.
1183 2029 1243 2066 le.
1264 2029 1348 2056 XXV.
1371 2032 1392 2057 1.
1414 2040 1452 2066 sq.
1474 2029 1530 2056 Gai.
1545 2029 1574 2056 ll.
1589 2031 1647 2055 21⁸.
1667 2031 1726 2055 249,
1746 2027 1817 2054 Paul.
1831 2026 1874 2053 IV.
1890 2028 1913 2052 l.

1075 2074 1098 2106 5.
1118 2075 1157 2099 11.
1194 2072 1368 2108 Praescriptis
1393 2073 1482 2099 verbis
1506 2083 1588 2109 agere.
1615 2072 1655 2098 Cf.
1680 2082 1702 2097 v.
1723 2069 1912 2097 Praescribere.

1075 2116 1096 2149 5.
1119 2117 1140 2141 l.
1179 2114 1298 2151 Obligat-i
1318 2115 1406 2141 verbo.
1432 2115 1527 2141 Verbis
1552 2119 1696 2144 contracta.
1721 2124 1740 2139 s.
1766 2112 1914 2139 Verborum

1076 2157 1233 2193 (obligatio.)
1254 2157 1309 2184 Gai.
1325 2158 1366 2184 III.
1381 2160 1422 2184 93.
1436 2168 1475 2194 sq.
1493 2159 1548 2183 119.
1565 2159 1620 2183 137.
1635 2167 1672 2192 sq.
1689 2158 1744 2182 169.
1760 2165 1798 2192 sq.
1836 2155 1914 2187 „Am-

1074 2200 1144 2237 plius
1168 2210 1220 2226 non
1243 2202 1321 2237 peti‘*
1340 2201 1461 2232 verbum.
1482 2200 1569 2226 Labeo
1588 2201 1622 2225 ita
1642 2198 1793 2236 accipiebat.
1822 2198 1851 2224 fr.
1873 2200 1911 2224 15.

1074 2248 1120 2269 rat.
1140 2253 1194 2270 rem
1214 2243 1272 2269 hab.
1292 2245 1333 2269 46.
1353 2245 1376 2269 S.
1396 2243 1426 2269 Τι’.
1448 2244 1504 2269 187.
1524 2242 1553 2269 fr.
1572 2244 1631 2268 240.
1651 2242 1683 2268 de
1703 2241 1734 2267 V.
1753 2240 1780 2267 S.
1799 2243 1839 2267 50.
1861 2241 1901 2267 16.

1110 2287 1219 2313 Vere.
1240 2286 1351 2318 (Advb.)
1380 2285 1421 2311 Cf.
1442 2295 1465 2311 v.
1487 2285 1564 2311 Vero.
1601 2286 1632 2319 ξ.
1651 2286 1686 2311 1.
1707 2286 1832 2311 Revera.
1868 2282 1912 2309 ΠΙ.

1077 2330 1143 2357 Gn.
1163 2329 1191 2355 Si
1210 2328 1252 2354 vel
1272 2338 1331 2354 reus
1351 2330 1408 2365 ipse
1426 2338 1488 2354 vere
1507 2327 1563 2359 fuit.
1583 2333 1626 2354 aut
1645 2329 1670 2353 in
1690 2337 1743 2353 eam
1757 2336 1810 2352 rem
1823 2327 1912 2352 socius

1076 2382 1143 2398 reus.
1164 2371 1193 2397 fr.
1213 2373 1237 2396 5.
1257 2371 1316 2404 5.1.
1336 2371 1369 2397 de
1381 2370 1483 2397 liberat.
1498 2370 1546 2406 leg.
1559 2372 1601 2396 34.
1614 2372 1637 2396 3.
1653 2385 1682 2389 —
1704 2370 1735 2403 §0
1751 2371 1786 2396 Β.
1806 2371 1910 2401 Recte,

1077 2416 1172 2441 Iuste.
1208 2413 1226 2439 I.
1247 2414 1308 2447 Sy.
1327 2413 1400 2439 Bona
1419 2413 1472 2439 fide
1494 2413 1590 2445 (dare.)
1610 2413 1640 2439 fr.
1660 2414 1700 2438 40.
1724 2413 1788 2446 5.1.
1809 2411 1841 2438 de
1861 2417 1911 2438 sta-

1076 2456 1149 2483 tulib.
1169 2457 1209 2481 40.
1231 2457 1253 2481 7.
1289 2455 1330 2482 III.
1349 2457 1414 2483 (7η.
1435 2456 1503 2482 Vere
1520 2455 1746 2492 philosophantes.
1766 2454 1795 2481 fr.
1808 2456 1831 2481 8.
1850 2455 1872 2489 5.
1886 2456 1910 2481 4.

1075 2499 1107 2525 de
1121 2503 1201 2524 vacat.
1216 2503 1241 2524 et
1255 2508 1309 2524 exc.
1324 2501 1364 2524 50.
1379 2501 1402 2525 5.
1440 2498 1617 2524 Acclamatum
1632 2503 1685 2523 est:
1704 2497 1785 2528 Nove.
1804 2497 1910 2529 diserte.

1075 2552 1149 2567 vere.
1179 2541 1291 2567 diserte!
1320 2541 1400 2567 Gesta
1429 2542 1454 2567 in
1479 2541 1538 2566 Sen.
1559 2540 1591 2566 de
1610 2551 1660 2566 rec.
1681 2540 1730 2566 Th.
1751 2540 1781 2567 C.
1802 2540 1831 2567 Si
1849 2551 1911 2567 vere

1076 2594 1150 2610 causa
1170 2589 1297 2620 perorata.
1323 2584 1351 2610 fr.
1372 2586 1394 2610 6.
1415 2594 1452 2620 pr.
1478 2583 1509 2609 (le
1529 2584 1673 2620 quaestion.
1692 2584 1733 2609 118.
1756 2584 1794 2610 18.
1831 2583 1911 2619 Quod

1074 2637 1135 2653 vere
1154 2626 1366 2663 responderetur.
1386 2628 1408 2652 si
1428 2631 1476 2652 etc.
1497 2626 1527 2652 sr.
1549 2627 1588 2652 12.
1608 2627 1629 2659 5.
1652 2628 1673 2652 l.
1694 2625 1726 2652 de
1745 2626 1819 2652 distr.
1839 2628 1908 2663 pign-

1073 2671 1113 2696 20.
1134 2672 1157 2696 5.

1107 2713 1342 2739 verecunde.
1357 2711 1469 2743 (Advb.)
1492 2712 1691 2744 Temperate,
1711 2713 1907 2738 Reverenter.

1074 2754 1091 2781 1.
1113 2756 1173 2788 Sy.
1202 2754 1273 2781 Iuste
1297 2754 1438 2791 deprecari.
1464 2752 1524 2779 Ver.
1545 2753 1719 2790 expostulare.
1740 2754 1769 2780 fr.
1789 2756 1811 2778 2.
1832 2752 1863 2779 de
1882 2752 1906 2779 h.

1074 2798 1117 2834 qui
1136 2798 1184 2823 sui.
1206 2799 1227 2823 1.
1247 2798 1271 2823 6.
1291 2796 1320 2822 fr.
1342 2798 1364 2822 1.
1391 2796 1412 2829 5.
1432 2796 1454 2821 8,
1484 2795 1516 2822 de
1540 2796 1583 2823 off.
1607 2796 1659 2823 Prf.
1680 2796 1724 2823 Vr.
1744 2799 1766 2822 1.
1788 2797 1826 2821 12.
1863 2794 1905 2821 III.
