2197 3121
259 197 322 229 792

259 279 292 306 M.
314 278 358 305 lv,
378 279 402 304 3.
421 287 461 314 sq.
499 277 541 304 De
560 276 638 303 modo
658 285 757 313 poenae
777 275 833 301 eius
852 272 1028 306 dissimulare,
1048 282 1106 300 cum

260 323 310 349 iam
330 322 394 348 satis
414 321 502 347 furore
523 321 581 357 ipso
600 319 732 356 puniatur.
753 318 838 345 [1214.
859 317 891 344 de
911 317 954 344 off.
975 316 1063 344 Praes.
1084 317 1106 342 l.

262 366 302 392 18.
341 365 408 391 Cum
434 373 481 400 per
504 362 587 399 legem
611 361 744 398 Aquiliam
764 377 796 381 —
816 361 893 388 etiam
918 359 994 398 culpa
1018 359 1107 397 punia-

260 413 310 435 tur.
331 407 388 434 Gai.
409 406 450 432 111.
471 407 530 432 202.
562 406 603 433 Ex
623 405 813 432 constitutione
834 421 862 424 —
884 413 936 430 non
956 403 1042 429 minus
1062 412 1108 440 pu-

261 452 310 478 niri
335 450 453 481 iubetur,
477 458 554 485 quam
579 449 624 485 qui
645 453 693 474 etc.
712 447 744 474 sr.
766 449 788 474 l.
808 447 830 481 ξ.
849 448 873 472 2.
897 446 930 472 de
948 445 974 472 h.
994 455 1037 482 qu.
1058 445 1107 472 sui.
1130 479 1131 488 ἵ

263 496 283 520 l.
303 495 326 519 6.

298 535 465 563 Punitio.
501 537 615 562 Poena.
653 533 697 560 111.
718 533 784 561 Gn.
806 532 862 559 Lex
882 531 988 568 quidem
1009 530 1109 558 Corne-

262 579 294 606 lia
314 589 379 615 aqua
400 582 425 604 et
444 578 497 614 igni
517 576 639 604 interdici
660 577 750 608 iussit,
776 575 823 602 sed
842 575 929 601 variae
953 579 1015 601 sunt
1033 574 1108 612 puni-

261 623 360 648 tionum
380 621 518 658 (species)
538 619 608 647 Coll.
629 618 681 645 LL.
701 618 734 645 M.
754 618 811 645 XII.
831 620 856 644 5.

298 664 519 696 Pupium-is.
533 662 662 697 (Adiect.)
683 664 729 688 ‚td
745 662 910 695 pupillum
927 662 1108 695 pertinens.

262 707 293 734 II.
315 708 382 741 011.
408 706 476 738 Sua,
500 706 571 732 Iusta
591 705 707 738 (aetas)
726 703 865 730 Pubertas.
885 703 916 730 fr.
938 705 978 730 16.
1002 703 1034 729 de
1053 703 1110 729 iure

261 751 329 777 tisei.
349 751 390 776 49.
414 751 452 776 14.
474 759 495 776 c.
516 751 539 775 7.
559 748 592 775 de
612 748 709 785 impub.
731 751 757 772 et
777 746 809 773 al.
830 748 853 773 6.
874 748 915 773 26.
941 757 960 773 e.
984 748 1023 773 18.
1043 746 1064 780 §.
1085 746 1109 771 4.

262 793 295 820 (18
315 794 371 819 iure
392 792 471 819 delib.
491 793 515 819 6.
535 793 577 818 30.
615 789 764 828 Pupillare,
789 805 819 809 —
845 789 996 827 Principale
1016 790 1110 823 (testa-

262 836 400 869 mentum.)
421 835 451 862 fr.
471 837 495 862 2.
516 845 556 872 pr.
577 834 606 861 fr.
626 836 668 860 44.
689 832 721 859 de
740 832 809 869 vulg.
830 837 856 859 et
874 843 937 870 pup.
956 834 998 859 28.
1012 834 1036 858 6.
1067 831 1109 858 111.

263 880 330 907 οη.
350 877 466 905 Peractis
491 877 668 915 pupillaribus
693 877 775 902 annis.
800 876 849 913 Ep.
873 877 934 902 inst.
961 875 1028 902 Gaii.
1047 874 1066 901 1.
1086 875 1110 901 8.

262 923 284 955 ξ.
306 924 329 948 1.
367 921 469 948 Vsurae
490 920 642 958 pupillares.
681 919 746 946 Sors
766 919 914 957 pupillaris.
934 918 965 945 fr.
983 920 1005 945 7.
1025 918 1065 952 §§.
1087 919 1109 944 7.

262 974 321 1001 sqq.
342 963 371 990 fr.
392 966 415 990 9.
436 964 457 997 ξ.
476 965 499 990 4.
520 963 552 989 de
572 962 638 989 adm.
659 967 685 989 et
703 963 784 1000 peric.
803 964 845 989 26.
866 964 889 989 7.
926 961 979 988 Res
998 960 1111 998 pupilla-

263 1018 305 1034 res
326 1007 521 1038 (administrare
541 1007 619 1042 cogi.)
640 1005 723 1032 Vatic.
738 1006 760 1039 §.
777 1007 833 1032 147.
871 1004 964 1037 Tutor,
984 1005 1029 1040 qui
1047 1003 1111 1040 quid

263 1051 368 1077 omnino
389 1049 520 1086 pupillare
539 1049 639 1085 adtigit.
665 1048 695 1075 fr.
715 1050 738 1075 5.
759 1049 782 1082 §
803 1050 825 1074 1.
845 1047 862 1074 1.
882 1047 899 1074 1.
918 1049 960 1073 26.
981 1049 1004 1073 7.
1043 1046 1111 1073 Sub-

264 1094 350 1120 stituti
370 1092 524 1130 pupillares.
545 1092 575 1119 sr.
598 1094 636 1118 10.
657 1091 679 1125 §i
699 1093 722 1118 5.
743 1090 776 1118 de
794 1090 863 1127 vulg.
884 1095 909 1117 et
928 1100 991 1128 pup.
1010 1092 1052 1116 28.
1073 1091 1096 1116 6.

301 1136 564 1169 Pupillariter.
594 1134 716 1168 (Advb.)
752 1136 927 1160 Secundum
952 1135 1110 1169 formam,

263 1190 342 1214 quae
360 1185 494 1205 statuta
514 1184 560 1204 est
578 1179 730 1212 pupillis.
762 1176 805 1203 111.
821 1178 887 1204 Cn.
907 1177 1064 1207 Extraueus,
1078 1189 1111 1194 —

264 1232 341 1259 quem
360 1232 422 1259 pup.
443 1220 591 1248 substituit.
612 1230 633 1246 c.
652 1222 694 1246 20.
715 1219 748 1246 de.
766 1221 822 1246 iure
841 1219 922 1246 delib.
943 1220 966 1245 6.
986 1220 1028 1244 30.

302 1266 494 1298 Papinum,
532 1263 698 1296 Pupilla.
743 1263 774 1295 §.
794 1264 829 1289 1.
859 1263 1024 1296 Impubes,
1058 1262 1112 1287 sub

264 1315 371 1335 tutore
391 1309 614 1338 constitutus,
640 1308 687 1332 vrel
710 1307 903 1332 constituta.
942 1304 961 1331 1,
981 1303 1111 1338 831.qu-

266 1352 363 1389 pubes.
390 1351 453 1386 (qui
478 1349 557 1376 desiit
581 1350 606 1375 iu
632 1349 713 1386 patris
738 1353 870 1385 potestate
895 1348 979 1379 esse.)
1004 1346 1062 1373 Gai.
1081 1345 1111 1372 11.

268 1396 325 1421 179.
345 1404 403 1431 sqq.
427 1393 457 1419 sr.
479 1394 519 1419 17.
540 1402 579 1428 sq.
606 1391 636 1418 fr.
655 1394 697 1418 20.
718 1401 756 1428 sq⁴
783 1391 815 1417 de
839 1390 927 1427 adopt.
948 1392 971 1416 1.
992 1391 1014 1416 7.
1037 1389 1067 1416 fr.
1088 1391 1112 1415 4.

267 1448 306 1475 pr.
328 1437 360 1464 de
383 1438 408 1463 in
427 1435 465 1462 lit.
486 1437 533 1461 iur.
557 1437 595 1461 12.
615 1436 642 1460 3.
664 1433 694 1460 sr.
713 1436 772 1460 239.
792 1444 832 1471 pr.
857 1433 889 1459 de
910 1432 941 1460 V.
962 1432 989 1459 S.
1009 1434 1050 1458 50.
1073 1433 1112 1458 16.

266 1479 404 1507 Parvulus.
430 1478 479 1505 Th.
500 1478 530 1504 C.
551 1477 593 1503 111.
615 1479 654 1503 17.
679 1487 701 1503 c.
720 1479 744 1504 3.
764 1487 803 1513 pr.
824 1477 856 1503 de
877 1481 924 1503 tut.
945 1480 971 1502 et
990 1485 1043 1502 cur.
1081 1474 1112 1501 11.

265 1525 334 1557 ΟΡ.
358 1522 533 1549 Adolescens.
563 1519 604 1546 Cf.
625 1519 648 1546 h.
669 1530 692 1546 v.
717 1521 738 1554 ξ.
760 1522 782 1546 l.
825 1519 949 1546 Adultus.
980 1518 1021 1545 Cf.
1043 1517 1067 1544 11.
1087 1527 1111 1544 v.

266 1566 384 1597 Femina,
410 1575 476 1601 quae
500 1565 525 1590 in
550 1562 632 1589 tutela
656 1567 705 1589 est.
730 1562 786 1589 Gai.
810 1562 841 1589 II.
862 1563 919 1588 108.
940 1561 970 1588 cf.
991 1562 1032 1587 80.
1053 1570 1112 1597 sqq.

265 1610 282 1636 1.
304 1610 361 1635 168.
381 1607 443 1644 le.
462 1606 507 1633 XI.
528 1607 551 1632 8.
584 1605 626 1632 111.
643 1607 708 1633 Cn.
730 1606 816 1641 Quem
836 1605 860 1631 h.
880 1605 896 1631 1.
917 1604 949 1631 ad
969 1603 1033 1630 Cos.
1054 1613 1113 1641 pro-

265 1652 333 1678 titeri
349 1650 493 1688 oportebit,
513 1650 535 1675 si
549 1649 571 1675 is
588 1648 715 1685 pupillus,
735 1649 792 1674 sive,
812 1658 840 1673 ea
861 1647 960 1684 pupilla
981 1648 1038 1678 erit,
1058 1651 1113 1672 tum

266 1696 311 1732 qui
331 1696 386 1721 cius
407 1692 501 1730 pupilli
521 1691 672 1729 pupillaeve
691 1696 763 1718 tutor
783 1692 832 1717 erit
851 1696 900 1717 etc.
924 1689 990 1716 Tab.
1010 1689 1112 1716 Heracl.

266 1738 310 1764 lin.
332 1739 355 1763 4.
376 1747 415 1773 sq.
436 1746 487 1762 aer.
508 1735 551 1761 ΒΓ.
590 1734 701 1771 pupilli,
727 1739 752 1760 et
779 1735 823 1770 qui
842 1735 868 1760 in
889 1733 1024 1760 curatione
1043 1737 1112 1758 sunt.

266 1781 323 1807 Gai.
344 1779 361 1806 1.
384 1780 441 1805 199.
470 1778 601 1815 Pupillus,
620 1777 729 1815 pupilla.
763 1776 901 1802 Furiosus.
918 1775 1025 1802 furiosa.
1045 1774 1075 1801 fr.
1092 1777 1113 1801 l.

266 1825 288 1857 ξ.
311 1825 349 1849 11.
371 1822 400 1849 sr.
420 1824 444 1848 2.
465 1831 504 1858 sq.
525 1821 558 1847 de
577 1820 676 1858 postul.
695 1821 719 1846 3.
743 1821 763 1846 1.
785 1819 816 1845 cf.
838 1818 898 1856 le.
920 1818 977 1845 XX.
999 1820 1020 1844 7.
1060 1817 1113 1844 Mu-

268 1866 354 1893 lieres.
375 1864 511 1902 pupillive,
533 1864 674 1897 (babentes
694 1867 805 1894 tutores,
825 1873 849 1888 v.
868 1862 943 1893 non.)
962 1860 1058 1887 1d.X1.
1075 1862 1114 1887 18.

266 1911 308 1935 24.
330 1908 386 1934 Gai.
401 1907 431 1933 11.
445 1910 486 1933 80.
501 1909 542 1933 83.
557 1917 598 1943 sq.
618 1906 659 1932 III.
680 1908 721 1932 91.
744 1907 800 1931 176.
820 1905 864 1931 IV.
887 1906 943 1931 172.
983 1903 1114 1934 Feminae.

268 1950 376 1989 pupilli.
401 1955 427 1976 et
450 1949 513 1976 alias
538 1949 649 1975 debiles.
675 1949 704 1975 fr.
724 1950 748 1975 9.
773 1949 794 1982 ξ.
814 1951 837 1974 5.
865 1947 897 1974 de
921 1947 965 1974 oss.
990 1946 1066 1973 Proc.
1090 1951 1115 1972 et

269 1994 329 2029 Leg.
354 1995 376 2019 l.
398 1995 437 2018 16.
475 1992 563 2023 Suam,
583 1991 625 2018 vel
645 1991 773 2019 liliorum.
797 1996 822 2017 et
840 1995 979 2027 parentum
998 2000 1114 2019 suorum.

267 2036 310 2063 vel
330 2035 505 2073 pupillorum,
531 2045 643 2070 quorum
663 2034 759 2061 tutelas
778 2039 884 2070 gerunt,
909 2044 1012 2060 causam
1032 2043 1114 2068 agere.

269 2080 299 2106 fr.
321 2081 361 2104 10.
382 2088 420 2115 pr.
446 2077 478 2103 (18
504 2076 602 2114 postul.
621 2079 646 2103 3.
668 2079 689 2103 l.
728 2077 781 2103 Ijbi
804 2076 979 2114 pupillorum,
1005 2075 1116 2113 pupilla-

269 2131 387 2157 rumque,
408 2121 510 2155 negotia
531 2124 631 2146 tutores
652 2124 770 2146 tractant.
792 2120 848 2145 Gai.
869 2119 885 2146 1,
908 2121 964 2146 191.
989 2118 1050 2155 le.
1070 2118 1115 2145 XI.

268 2167 311 2190 25.
332 2163 363 2190 el'.
384 2163 413 2189 l'r.
436 2165 457 2188 1.
477 2163 499 2196 ξ
519 2164 543 2188 2.
564 2163 585 2188 si
605 2172 648 2199 qu.
669 2163 709 2188 ius
729 2162 778 2188 dic.
798 2165 822 2188 2.
840 2164 864 2188 3.
902 2162 995 2189 Plures
1014 2166 1116 2188 tutores

271 2208 348 2233 iulius
372 2205 474 2243 pupilli.
506 2205 536 2231 fr.
560 2207 584 2231 9.
610 2215 648 2242 pr.
674 2204 706 2231 de
730 2209 797 2242 pact.
821 2207 846 2230 2.
869 2206 906 2230 14.
945 2205 1020 2240 Quae
1045 2209 1116 2230 tutor

271 2251 327 2276 eius
348 2249 373 2274 iu
393 2248 472 2274 rebus
493 2247 609 2284 pupillae
629 2252 753 2284 paternae
772 2248 861 2283 gessit.
886 2247 916 2273 l'r.
935 2249 976 2273 31.
997 2248 1019 2280 ξ,
1039 2249 1062 2273 5.
1084 2247 1116 2273 de

271 2292 302 2319 N,
331 2292 362 2317 G.
387 2293 411 2317 3.
432 2293 455 2316 5.
495 2289 627 2327 Pupillus.
658 2291 732 2316 cuius
760 2291 817 2316 sin«.-
841 2291 936 2316 tutoris
962 2291 1116 2316 auctoritate

272 2335 375 2369 negotia
399 2338 471 2369 gesta
496 2338 564 2359 sunt.
589 2333 618 2359 sr.
639 2335 681 2359 37.
701 2343 739 2370 pr.
766 2333 800 2359 ib.
820 2334 844 2359 3.
864 2334 887 2358 5.
908 2332 939 2359 cl'.
966 2332 995 2358 l'r.
1015 2334 1057 2358 28.
1077 2343 1115 2369 pr.

273 2378 305 2404 de
325 2382 392 2414 pact.
412 2378 436 2402 2.
460 2377 498 2401 11.
536 2375 620 2401 'sutor
641 2381 666 2401 et
685 2381 799 2407 curator,
823 2380 851 2402 ut
870 2386 923 2402 rem
944 2375 1042 2401 salvam
1062 2375 1117 2401 sore

273 2419 376 2457 pupillo
396 2423 511 2445 caveant.
533 2418 562 2444 fr.
583 2421 606 2444 8.
626 2419 647 2451 ξ.
668 2421 691 2444 4.
730 2420 783 2454 Qui
809 2418 900 2444 satisd.
922 2428 977 2453 cog.
996 2420 1021 2444 2.
1040 2419 1064 2444 8.
1085 2434 1115 2437 —
1138 2431 1140 2439 ι

273 2464 304 2496 ξ.
324 2464 360 2488 2.
382 2463 527 2494 Quilibet
548 2463 705 2494 impubes,
731 2463 827 2488 etiam
846 2462 1034 2497 filiusfam.
1062 2468 1116 2487 ant

273 2515 391 2532 servus.
429 2503 458 2530 11.
475 2505 542 2537 Op.
562 2503 657 2529 lnt'ans.
678 2518 710 2522 —
732 2504 806 2541 Pup..
826 2505 870 2540 qui
890 2505 939 2530 iam
953 2503 1066 2539 aliquem
1080 2504 1117 2529 in-

275 2547 409 2574 tellectum
431 2546 517 2572 babet.
543 2546 598 2572 Gai.
620 2546 661 2572 111.
684 2548 740 2572 109.
778 2546 875 2583 Ριιρί11ἰ
902 2548 927 2573 in
952 2546 1021 2572 virili
1044 2556 1117 2577 sexu,

276 2601 298 2616 v.
319 2600 351 2616 ex
372 2594 484 2625 utroquo
503 2599 576 2615 sexu.
598 2606 627 2608 —
649 2588 780 2615 Mulieres
803 2589 910 2616 viduae.
931 2589 981 2615 Th.
1002 2589 1032 2615 (J.
1048 2588 1116 2615 Xlll.

280 2635 316 2658 io.
343 2643 363 2659 c.
383 2635 406 2658 4.
433 2643 453 2658 c.
474 2633 496 2658 6.
522 2631 554 2657 de
579 2642 659 2658 censu
680 2641 700 2657 s.
720 2631 804 2657 adscr.
841 2632 883 2658 111.
902 2634 967 2660 Cn.
988 2631 1117 2668 Pupillus,

276 2676 320 2710 qui
341 2676 475 2710 proximus
496 2675 628 2712 pubertati
647 2676 690 2701 sit.
711 2674 741 2700 l'r.
764 2675 802 2700 13.
823 2674 844 2707 ξ.
867 2676 887 2699 1.
907 2674 939 2701 de.
959 2674 983 2701 (1.
1004 2685 1036 2701 ¹1).
1056 2676 1080 2700 4.
1093 2676 1117 2700 3.

278 2716 421 2752 Pupillum.
447 2722 497 2743 tam
523 2717 605 2744 tilium
629 2728 706 2754 quam
730 2727 848 2747 servum.
873 2717 1003 2754 peculium
1024 2717 1119 2744 habere

278 2768 364 2796 posse.
385 2759 414 2784 fr.
434 2762 456 2785 7.
477 2761 498 2791 ξ.
518 2762 542 2786 3.
564 2760 596 2786 de
615 2760 700 2797 pecul.
723 2762 761 2786 15.
785 2761 805 2786 l.
842 2759 917 2796 l’up.,
937 2762 1119 2787 consentiente

278 2806 394 2838 parente,
415 2802 436 2827 si
456 2802 504 2828 sub
525 2804 581 2829 eius
602 2808 733 2840 potestate
753 2804 794 2829 sit.
820 2812 840 2829 c.
862 2804 902 2829 18.
922 2803 943 2837 ᾗ.
964 2805 987 2829 4.
1013 2803 1045 2830 de
1064 2804 1119 2829 iure

279 2843 358 2870 delib.
378 2845 401 2869 6.
420 2845 461 2869 30,
483 2843 511 2869 t'r.
536 2847 590 2872 141.
614 2846 634 2879 ξ.
654 2848 678 2872 2.
699 2846 731 2872 (18
750 2845 782 2872 V.
803 2846 835 2872 O.
855 2846 896 2872 45.
920 2847 940 2872 l.
979 2845 1046 2872 Cum
1065 2846 1120 2882 qui-

1130 530 1132 545 l

1001 191 1090 222 PUN
1105 209 1144 214 —
1158 190 1254 221 PUR.

1153 272 1212 298 dam
1231 281 1308 299 suum
1328 271 1458 309 pupillum
1478 271 1603 299 heredem
1621 272 1744 299 instituit.
1766 282 1788 299 e.
1801 273 1826 299 4.
1846 272 1878 299 de
1897 282 1999 300 necess.

1153 314 1242 342 bered.
1261 317 1285 342 6.
1305 316 1348 341 27.
1369 331 1401 334 -
1425 315 1456 349 §.
1476 316 1513 342 3.
1533 317 1649 348 Pulses,
1675 317 1707 342 in
1731 317 1906 343 curatione
1929 326 2000 343 ron-

1153 360 1304 385 stitutus.
1340 357 1384 384 III.
1405 359 1471 385 Gn.
1490 357 1533 384 Ad
1553 358 1670 385 osticium
1690 359 1819 385 curatoris
1839 357 2002 385 administra-

1153 402 1189 427 tio
1203 401 1320 439 pupillae
1333 401 1456 438 pertinet,
1477 401 1576 428 nubere
1595 406 1682 428 autem
1701 400 1803 439 pupilla
1823 410 1872 427 suo
1891 401 2000 428 arbitrio

1153 449 1250 481 potest.
1271 444 1300 471 fr.
1321 445 1362 470 20.
1384 443 1416 470 de
1435 442 1466 470 R.
1486 443 1518 471 N.
1537 445 1579 470 23.
1599 447 1624 471 2.

1191 488 1306 514 Pure.
1326 485 1439 519 (Advb.)
1462 488 1683 521 Simpliciter,
1704 490 1867 515 Absolute.
1905 486 1924 514 1.
1938 487 2001 522 Sy.

1153 529 1322 567 Simpliciter.
1343 528 1428 556 Vatic.
1448 530 1470 563 ξ
1484 531 1525 556 52.
1562 529 1594 556 11.
1607 532 1674 565 01).
1695 530 1763 558 Cum
1777 530 1925 558 adiectione
1937 535 2002 557 tem-

1152 573 1236 610 poris.
1255 572 1292 600 Ib.
1314 571 1545 599 conditionaliter.
1565 572 1607 600 Cf.
1627 573 1652 600 b.
1672 584 1696 600 v.
1723 574 1786 600 Sive
1804 583 1879 611 pure,
1899 574 1956 600 sive
1975 574 2002 600 in

1153 616 1231 647 diem,
1250 615 1293 642 vel
1312 616 1362 642 sub
1382 614 1542 642 conditione.
1567 615 1597 642 fr.
1619 618 1658 643 10.
1680 616 1710 643 fr.
1729 618 1789 643 213.
1809 626 1848 653 pr.
1869 616 1902 643 de
1921 615 1953 643 V.
1973 615 2001 643 S.

1153 660 1194 685 50.
1210 660 1250 685 16.
1270 658 1327 685 Gai.
1347 658 1364 684 1.
1385 660 1426 684 86.
1446 657 1477 684 11.
1490 660 1550 685 244.
1563 660 1624 686 250.
1643 659 1686 685 111.
1702 661 1834 686 102.113.
1871 658 1949 691 Pure,
1969 675 2001 679 —

1154 702 1248 729 Mortis
1272 712 1348 728 causa
1369 701 1511 734 (donare.)
1536 701 1566 728 fr.
1586 704 1628 729 56.
1653 702 1686 728 de
1710 702 1771 728 don.
1797 703 1843 729 int.
1863 701 1895 728 V.
1915 703 1957 728 24.
1978 703 2001 728 l.

1154 744 1196 771 111.
1212 745 1279 772 Cn.
1299 744 1387 780 Quod,
1407 745 1464 770 sine
1479 744 1640 776 conditione,
1659 755 1724 782 pure
1743 744 1856 780 legatum
1875 749 1924 771 est.
1944 744 2001 772 Gai.

1154 787 1184 814 11.
1203 789 1263 814 200.
1283 786 1366 814 Vatic.
1386 788 1408 821 §.
1428 789 1469 814 52.
1506 787 1575 814 Pure
1594 787 1724 824 stipulari.
1749 788 1779 814 fr.
1801 789 1858 814 138.
1884 789 1905 822 §.
1928 789 1950 814 l.
1970 786 2002 814 de

1154 830 1186 857 V.
1213 830 1245 857 O.
1273 832 1316 857 45.
1343 832 1366 857 l.
1412 829 1481 857 Pure
1511 835 1669 857 testamento
1696 830 1845 858 libertatem
1874 831 2001 868 accipere.

1155 873 1186 900 fr.
1205 876 1247 900 45.
1267 874 1289 907 ξ.
1311 875 1333 900 l.
1354 873 1386 900 de
1406 872 1438 900 N.
1459 872 1490 900 G.
1510 874 1534 899 3.
1555 875 1579 899 5.

1194 918 1380 951 Purgato.
1417 917 1448 950 ᾖ.
1469 918 1504 943 l.
1527 918 1698 949 Hzcndare,
1718 918 1926 953 Expurgare.
1958 915 2001 942 III.

1156 961 1222 987 Cn.
1242 959 1270 986 ld
1290 968 1358 996 opus
1378 975 1410 978 ——
1430 958 1538 988 tollere,
1558 959 1694 991 demoliri,
1713 969 1834 997 purgare,
1853 960 2002 986 restituere.

1156 1002 1186 1029 fr.
1202 1004 1224 1029 1.
1244 1003 1266 1036 ξ.
1282 1004 1321 1028 12.
1342 1001 1374 1028 de
1393 1001 1491 1028 flumin.
1511 1003 1608 1028 4312.
1645 1001 1730 1029 Rivos
1750 1018 1783 1022 —
1802 1002 1921 1034 reficere,
1942 1011 2003 1039 pur—

1155 1056 1225 1082 gare,
1246 1055 1327 1081 aquae
1347 1044 1483 1071 ducendae
1502 1054 1586 1071 causa.
1607 1044 1636 1071 fr.
1653 1047 1674 1071 1.
1695 1055 1734 1082 pr.
1755 1045 1777 1079 ξ.
1797 1046 1821 1072 8.
1842 1044 1874 1072 de
1893 1046 1941 1072 riv.
1961 1045 2002 1071 43.

1155 1090 1197 1115 21.
1218 1088 1251 1114 cf.
1277 1087 1308 1114 sr.
1330 1090 1352 1114 l.
1377 1088 1414 1121 ἓξ.
1434 1089 1457 1113 6.
1477 1096 1536 1124 sqq.
1561 1087 1594 1114 de
1618 1087 1697 1114 fonte.
1722 1090 1764 1114 43.
1788 1090 1831 1114 22.
1856 1087 1950 1120 llviri,
1978 1097 2003 1114 v,

1156 1130 1257 1163 leiri,
1277 1131 1328 1157 viis
1348 1129 1498 1167 purgandis.
1519 1129 1584 1156 Tab.
1604 1130 1706 1158 Hei-acl.
1728 1133 1770 1157 50.
1786 1141 1827 1168 sq.
1846 1140 1898 1157 aer.
1911 1130 1957 1157 Br.
1971 1129 2004 1157 cs.

1157 1174 1187 1201 fr.
1203 1176 1225 1200 l.
1240 1184 1279 1211 pr.
1300 1173 1332 1200 (18
1351 1174 1392 1200 via
1411 1173 1473 1211 pub.
1493 1174 1535 1199 43.
1550 1175 1590 1200 ll.
1610 1190 1643 1193 —
1662 1174 1693 1207 ᾖ.
1708 1175 1744 1200 2.
1765 1175 1932 1209 Purgari,
1951 1175 1970 1200 i.
1983 1183 2003 1200 e.

1157 1218 1336 1253 Profluvio
1365 1218 1542 1251 sanguinis
1569 1223 1729 1243 menstruo
1756 1219 1918 1244 laborare.
1960 1215 2004 1242 111.

1158 1262 1224 1288 Gn.
1251 1260 1327 1295 Quae
1346 1258 1388 1285 bis
1406 1260 1433 1285 in
1453 1269 1543 1286 meuse
1561 1264 1693 1296 purgatur.
1720 1275 1751 1279 —
1778 1259 1853 1295 Quae
1872 1269 1926 1286 non
1944 1269 2006 1296 pur-

1157 1308 1239 1339 gatur.
1259 1302 1290 1328 fr.
1312 1304 1351 1329 15.
1372 1302 1404 1329 de
1424 1302 1510 1329 Aedil.
1530 1302 1608 1329 edict.
1627 1304 1669 1328 21.
1690 1303 1713 1328 1.
1740 1316 1770 1320 —
1796 1302 1827 1335 ᾖ.
1847 1303 1884 1329 3.
1911 1303 2004 1329 Libe-

1157 1356 1191 1372 ra
1199 1356 1237 1372 re.
1274 1345 1293 1372 1.
1309 1346 1371 1380 Sy.
1390 1345 1490 1381 Agere,
1515 1350 1544 1372 ut
1567 1345 1704 1382 provincia
1723 1349 1810 1371 careat
1827 1344 1903 1371 malis
1923 1344 2006 1371 homi-

1157 1389 1243 1415 nibus.
1282 1388 1395 1424 Purgare
1418 1389 1581 1426 provinciam
1605 1387 1666 1414 illis.
1691 1387 1722 1414 fr.
1741 1389 1766 1415 3.
1789 1387 1821 1414 fr.
1842 1389 1882 1414 13.
1906 1398 1946 1425 pr.
1972 1387 2005 1414 de

1158 1432 1201 1459 off.
1223 1431 1310 1458 Praes.
1332 1433 1354 1457 1.
1375 1432 1415 1458 18.
1452 1431 1496 1458 III.
1509 1432 1576 1459 Cn.
1596 1430 1696 1457 Vitium
1715 1432 1753 1457 rei
1772 1435 1918 1468 purgatum.
1938 1431 1960 1465 ξ
1979 1432 2003 1457 8.

1158 1475 1175 1501 Ι.
1197 1474 1229 1501 de
1249 1485 1322 1501 usuc.
1341 1476 1365 1500 2.
1386 1475 1410 1500 6.
1435 1490 1467 1493 -
1492 1474 1523 1507 §.
1543 1475 1583 1501 4.
1604 1475 1804 1510 Defendere,
1823 1476 2005 1501 Excusare.

1157 1517 1175 1544 1.
1196 1519 1257 1552 Sy.
1277 1516 1437 1545 Emendare.
1460 1517 1604 1543 Excusare.
1628 1516 1658 1543 fr.
1680 1518 1720 1543 73.
1740 1517 1762 1551 §.
1781 1519 1806 1543 2.
1826 1517 1856 1544 fr.
1876 1518 1918 1544 91.
1937 1517 1960 1551 §.
1979 1518 2003 1544 3.

1158 1560 1190 1587 de
1209 1559 1240 1587 V.
1262 1560 1294 1586 O.
1315 1561 1356 1586 45.
1378 1562 1400 1586 l.
1424 1559 1455 1586 fr.
1474 1562 1498 1586 5.
1518 1569 1557 1597 pr.
1578 1559 1611 1586 de
1630 1559 1692 1597 pub.
1712 1559 1765 1586 iud.
1785 1561 1826 1586 48.
1848 1562 1870 1586 l.
1908 1559 2005 1587 Osten-

1158 1603 1220 1630 dere
1240 1603 1460 1636 (innocentiam.)
1485 1602 1516 1629 fr.
1536 1604 1561 1629 3.
1586 1603 1606 1636 ξ.
1627 1606 1651 1629 ὅ.
1676 1602 1708 1629 (18
1727 1602 1787 1629 bon.
1808 1613 1861 1630 eor.
1882 1614 1925 1640 qu.
1945 1608 2005 1629 ante

1159 1651 1226 1673 sent.
1246 1647 1287 1672 48.
1301 1648 1343 1672 21.
1364 1646 1394 1672 sr.
1415 1648 1456 1672 22.
1476 1655 1515 1683 pr.
1537 1645 1569 1672 de
1589 1646 1644 1671 iure
1664 1645 1730 1672 fisci.
1751 1647 1791 1672 49.
1808 1647 1846 1672 14.
1878 1645 1921 1673 111.
1937 1647 2004 1674 Gn.

1158 1689 1257 1715 Moram
1276 1698 1350 1726 purg.
1370 1688 1400 1715 fr.
1415 1690 1439 1715 8.
1460 1699 1498 1726 pr.
1519 1688 1548 1715 fr.
1570 1689 1609 1714 14.
1629 1698 1669 1725 pr.
1689 1688 1722 1715 de
1741 1693 1828 1715 novat.
1848 1690 1889 1715 46.
1902 1690 1926 1714 2.
1959 1687 2005 1714 Fe-

1159 1732 1256 1759 rendus
1276 1733 1334 1763 erit,
1354 1731 1481 1768 pudorem
1500 1741 1576 1757 suum
1596 1741 1719 1768 purgans.
1740 1731 1769 1758 fr.
1785 1733 1827 1758 25.
1848 1731 1881 1758 de
1899 1741 2004 1768 procur.

1158 1777 1182 1802 3.
1201 1776 1225 1802 3.
1263 1774 1319 1801 Hoc
1339 1775 1462 1806 crimine,
1482 1775 1534 1800 nisi
1554 1784 1566 1800 a
1586 1774 1789 1801 successoribus
1807 1778 1942 1811 purgetur,
1962 1773 2005 1800 he-

1159 1818 1257 1844 reditas
1281 1818 1346 1844 fisco
1371 1817 1527 1844 vindicatur.
1552 1816 1582 1843 sr.
1604 1819 1643 1844 ll.
1668 1817 1699 1844 ad
1724 1817 1754 1844 L.
1773 1817 1820 1844 Iul.
1841 1817 1898 1843 mai.
1918 1817 1960 1843 48.
1979 1818 2004 1842 4.

1159 1861 1242 1887 Reum
1263 1860 1295 1886 ad
1314 1860 1458 1897 purganda,
1478 1870 1544 1896 quae
1564 1865 1647 1896 negat,
1667 1870 1766 1897 urgere.
1787 1859 1836 1886 Th.
1852 1859 1882 1886 C.
1899 1859 1944 1886 IX.
1962 1860 2002 1886 37.

1160 1914 1181 1930 c.
1200 1905 1224 1930 2.
1250 1903 1283 1929 (18
1302 1903 1438 1930 abolition.
1477 1903 1640 1930 Clementiae
1660 1908 1766 1929 nostrae
1786 1902 1855 1940 apud
1875 1902 1952 1929 deum
1972 1918 2002 1922 —

1160 1957 1237 1973 causa
1256 1951 1372 1984 purgata.
1392 1946 1429 1972 Ib.
1444 1946 1488 1972 IX.
1509 1948 1550 1972 45.
1571 1956 1592 1972 c.
1606 1948 1630 1972 4.
1650 1947 1672 1980 §.
1685 1948 1710 1973 3.
1731 1946 1763 1972 de
1782 1946 1807 1972 b.
1828 1956 1870 1982 qu.
1890 1945 1922 1972 ad
1940 1944 2003 1972 eccl.

1162 2006 1191 2010 -
1218 1991 1248 2024 ξ.
1269 1991 1307 2017 5.
1331 1992 1452 2017 Patare
1480 1991 1692 2019 (rationem.)
1720 1990 1923 2023 Computare.
1959 1986 2002 2014 ΠΙ.

1161 2035 1227 2061 Gn.
1248 2034 1330 2069 Quae.
1350 2033 1468 2070 purgatis
1482 2033 1639 2058 necessariis
1654 2032 1795 2063 sumtibus,
1814 2035 1936 2068 superest
1948 2030 2004 2067 (pe-

1161 2077 1257 2107 cunia.)
1278 2076 1307 2102 fr.
1327 2077 1368 2102 31.
1389 2076 1411 2109 ς.
1431 2077 1454 2101 3.
1475 2074 1507 2101 (18
1527 2074 1558 2101 N.
1574 2075 1603 2101 G.
1624 2077 1648 2101 3.
1664 2077 1687 2101 5.
1725 2074 1782 2102 Nisi
1802 2073 1911 2111 probata
1930 2083 1943 2099 a
1963 2082 2004 2099 me

1160 2124 1321 2156 purgataque
1340 2119 1475 2145 ratiocinia
1498 2117 1601 2144 suerint.
1622 2117 1671 2144 Th.
1688 2117 1718 2144 C.
1739 2117 1782 2143 IX.
1802 2118 1842 2142 42.
1863 2125 1883 2142 c.
1900 2117 1922 2142 l.
1942 2115 1964 2149 §.
1979 2116 2002 2142 4.

1160 2161 1193 2188 (18
1212 2161 1272 2188 bon.
1292 2171 1394 2198 proscr.

1199 2205 1395 2238 Purgatio·
1424 2206 1478 2231 Em
1488 2205 1632 2230 nudatio.
1670 2201 1712 2228 III.
1725 2202 1790 2228 Cn.
1809 2199 1958 2227 Ressctione
1978 2205 2004 2227 et

1161 2248 1314 2285 purgatione
1334 2246 1451 2282 indigere
1470 2247 1576 2280 (rivos)
1597 2246 1626 2272 l'r.
1649 2247 1670 2271 1.
1690 2245 1711 2278 §.
1732 2245 1754 2269 7.
1774 2242 1806 2269 de
1825 2244 1872 2271 riv.
1893 2245 1934 2270 43.
1949 2245 1990 2270 21.

1199 2290 1425 2317 Purifieare.
1455 2292 1617 2325 Pzzrgare,
1638 2288 1793 2320 Ezpiare.
1831 2286 1861 2312 ΙΙ.
1878 2288 1945 2320 op.
1964 2286 2004 2313 In-

1161 2338 1270 2359 cestare.
1301 2332 1350 2359 Th.
1376 2332 1406 2359 C.
1432 2332 1546 2359 XV1.‹3.
1571 2341 1591 2357 c.
1612 2332 1635 2356 2.
1661 2339 1692 2355 ne
1717 2328 1743 2355 S.
1769 2329 1838 2366 bapt.
1876 2328 1918 2355 111.
1937 2330 2003 2357 Gn.

1162 2376 1257 2402 Omnia
1276 2377 1346 2402 vitae
1369 2377 1492 2412 propriae
1515 2373 1663 2408 integritate.
1682 2372 1803 2408 puriliret
1829 2373 1882 2404 (sc.
1903 2372 2003 2409 episco-

1162 2419 1233 2456 pus.)
1255 2429 1274 2445 c.
1294 2420 1335 2444 31.
1359 2418 1391 2445 de
1411 2420 1490 2454 episc.
1511 2422 1537 2443 et
1556 2415 1617 2441 cler.
1640 2417 1660 2440 1.
1681 2417 1704 2441 3.

1199 2462 1366 2488 Pul-itas.
1394 2462 1534 2491 Candor,
1550 2460 1737 2492 Integritas
1751 2459 1860 2484 animi.
1880 2456 1923 2483 111.
1936 2458 2002 2485 Cn·

1163 2506 1238 2540 Quae
1257 2506 1306 2537 (sc.
1326 2504 1498 2533 sacramenta)
1518 2502 1698 2536 magistratus,
1723 2510 1771 2537 pro
1791 2501 1938 2526 innocentia
1957 2509 2003 2526 sua

1163 2552 1188 2574 et
1214 2548 1339 2584 puritate,
1365 2561 1395 2566 —
1421 2545 1508 2571 solent
1531 2548 1672 2581 praestare.
1699 2543 1745 2570 lul.
1770 2554 1810 2580 ep.
1835 2553 1894 2569 nov.
1920 2553 1941 2570 c.
1961 2540 2002 2569 95.

1140 2584 1141 2588 ’
1163 2591 1184 2623 ᾗ.
1204 2591 1264 2616 2⁵56.
1285 2589 1315 2615 cr.
1336 2599 1356 2615 c.
1375 2590 1417 2614 21.
1437 2588 1459 2620 ξ.
1479 2589 1520 2613 (ss.

1201 2633 1389 2665 Purpura.
1430 2631 1461 2663 ξ.
1482 2631 1516 2656 l.
1547 2632 1642 2657 Color
1663 2639 1858 2664 purpureus.
1900 2628 1918 2654 I.
1939 2628 2001 2661 Sy.

1163 2674 1262 2701 Μαι-εκ,
1287 2674 1327 2700 Cf.
1349 2674 1372 2700 b.
1392 2683 1416 2700 v.
1442 2689 1473 2692 ——
1498 2674 1528 2706 ἕ.
1549 2675 1584 2700 2.
1610 2674 1702 2699 Lana
1719 2682 1868 2706 purpura
1888 2673 2001 2697 tincta.

1167 2719 1270 2744 Testis
1292 2726 1472 2750 purpurea,
1498 2719 1542 2749 (et
1565 2716 1684 2752 inprimis
1709 2714 1888 2741 indumentum
1906 2721 2002 2749 purpu-

1163 2770 1234 2786 reum
1254 2759 1405 2794 Principis.)
1444 2758 1461 2785 I.
1476 2759 1538 2793 Sy.
1558 2758 1628 2784 Lana
1648 2767 1786 2794 purpurea.
1806 2757 1836 2783 fr.
1850 2758 1873 2782 4.
1893 2754 1925 2781 de
1938 2764 2001 2781 auro

1163 2812 1214 2838 arg.
1233 2804 1274 2828 34.
1295 2804 1318 2828 2.
1356 2801 1397 2827 111.
1417 2802 1483 2829 (In.
1507 2802 1537 2827 Si
1561 2802 1619 2837 quis
1642 2810 1783 2837 purpuram
1807 2797 1947 2835 stipulatus
1966 2798 2002 2823 sit

1163 2844 1330 2882 generaliter,
1362 2844 1457 2871 deinde
1485 2843 1591 2879 Tyriam
1620 2842 1778 2880 specialiter.
1810 2841 1865 2869 Gai.
1890 2838 1934 2865 IV.
1959 2841 2000 2908 5f3.

1980 2892 2000 2909 r.
