2197 3121
258 181 322 211 510

258 262 372 290 iudoxve
391 262 562 298 quaestionis.
583 260 613 287 sr.
637 262 656 287 1.
677 270 716 298 pr.
736 260 757 294 ξ.
774 261 796 286 1.
816 258 848 286 ad
867 258 894 286 L.
916 257 996 285 Corn.
1017 257 1050 284 de
1069 258 1102 283 si-

259 316 310 333 car.
331 307 372 331 48.
392 306 415 330 8.
454 303 495 330 111.
512 306 577 331 sn.
603 302 637 329 Vt
657 304 679 329 is
698 303 822 334 Praetor,
842 300 952 328 iudcxvc
972 301 1104 337 quaestio—

259 350 309 377 nis.
331 349 370 374 cui
391 352 463 373 sorte
483 347 619 373 obvenerit
639 347 759 383 quaestio
779 345 812 373 de.
825 345 934 372 sicariis.
950 360 979 364 —
996 348 1103 380 quaerat

260 401 318 419 cum
339 390 470 417 iudicibus
493 394 540 415 etc.
574 388 644 415 Coll.
664 387 716 415 LL.
736 388 769 415 M.
790 388 806 416 1.
825 389 850 414 3.

297 433 490 461 ludimus.
532 431 660 464 (Subsi.)
704 433 749 463 Is,
780 433 836 466 qui
866 431 1104 457 iurisdictione

254 479 426 514 fungitur.
464 474 482 501 l.
503 475 566 509 Sy.
587 474 640 510 Qui
661 473 764 501 iudicat.
784 474 813 501 Τι’.
833 476 856 500 3.
878 473 899 506 ξ
915 474 939 499 6.
959 471 989 499 fr.
1011 473 1051 498 13.
1072 471 1105 498 de

259 519 348 546 testib.
368 521 409 545 22.
429 520 453 544 5.
497 517 676 554 Cognoscens.
700 516 730 544 Τι’.
753 519 773 543 l.
802 517 839 551 ἐξ
859 518 883 543 3.
903 525 943 552 sq.
968 514 1000 541 ad
1024 514 1051 541 S.
1072 514 1104 541 C.

259 562 343 600 Turp.
361 565 402 588 48.
421 562 460 587 16.
489 560 571 587 ludex
591 560 772 591 (ordinarius.)
792 559 832 586 Cf.
854 558 878 586 Ιι.
894 569 919 586 v.
938 559 960 592 §.
977 560 998 584 l.
1019 557 1047 584 Τι’.
1064 559 1104 584 11.

259 616 299 643 pr.
320 605 352 631 de
372 614 448 641 poen.
468 605 509 630 48.
531 605 570 630 19.
591 603 621 630 fr.
639 604 663 629 6.
683 602 716 629 de
735 607 801 629 extr.
822 612 895 638 cogn.
915 603 957 628 50.
981 602 1017 627 13.
1053 599 1104 627 Th.

260 648 292 676 C.
312 648 329 674 1.
352 649 391 673 16.
413 657 434 673 c.
453 648 477 673 2.
498 656 538 683 sq.
559 657 582 673 e.
601 649 624 672 5.
638 655 697 682 sqq.
718 644 822 677 (wok.)
842 644 874 671 de
894 644 938 670 off.
958 643 1033 670 Rect.
1061 642 1104 674 Pr,

260 691 289 718 11.
312 693 351 717 18.
373 700 394 717 c.
416 691 438 716 l.
458 699 497 726 sq.
519 689 551 717 de
570 688 647 716 iudic.
667 688 711 715 ΙΧ.
730 689 752 713 1.
773 697 793 714 c.
813 688 838 713 6.
858 697 918 724 sqq.
939 687 971 713 de
991 691 1104 713 accusat.

259 734 302 761 111.
323 734 390 761 Cn.
410 732 561 759 Iurisdictio
581 732 728 759 iudicantis
747 729 778 756 fr.
795 731 835 756 11.
855 740 896 767 pr.
916 729 949 757 de
968 729 1060 757 iurisd.
1080 732 1105 756 2.

260 779 283 804 1.
321 776 481 812 Diligentiae
499 775 638 802 iudicantis
665 777 718 804 est.
743 772 882 810 explorare
906 783 973 810 quae
997 783 1106 799 consue·
1126 788 1129 792 >

259 819 323 846 tudo
345 820 370 846 in
391 830 420 846 ea
439 819 582 856 provincia,
602 818 628 843 in
649 826 698 853 qna
719 814 763 849 [al.
785 816 873 851 quam]
893 816 999 847 iudicat.
1020 816 1106 843 suerit.
1126 823 1128 827 “

259 862 290 889 Τι’.
310 864 334 889 3.
354 862 377 896 ξ.
397 863 420 888 6.
441 860 473 887 cs.
502 861 532 887 fr.
552 862 591 887 13.
612 859 644 886 de
664 858 753 886 testib.
772 860 814 884 22.
834 861 858 886 5.
891 859 940 886 Th.
962 859 993 886 C.
1013 859 1043 886 11.
1066 860 1108 886 18.

259 916 281 932 c.
297 907 320 931 1.
333 904 365 931 de
380 904 457 931 indic.
486 903 647 933 Relationes.
667 901 710 928 vel
729 903 913 937 suggestiones
926 901 1106 929 iudicantium.
1127 897 1129 902 ⁸

260 959 283 975 c.
302 950 327 974 2.
348 947 380 974 de
399 946 452 973 LL.
474 948 495 972 l.
517 947 557 972 14.
594 945 726 982 Imperitia
746 949 790 970 aut
808 946 936 971 severitas
956 945 1106 972 iudicantis.

259 991 288 1019 fr.
315 993 354 1017 14.
374 991 396 1024 §.
415 991 439 1016 4.
460 988 492 1016 de
511 988 572 1015 bon.
592 987 679 1015 libert.
698 988 740 1014 38.
760 990 784 1014 2.

259 1079 326 1103 n'as
350 1077 569 1110 litigatorum
593 1076 751 1100 dirimere.
790 1072 809 1099 1.
835 1074 896 1107 Sy.
928 1073 1107 1109 Cognoscere,

259 1120 419 1146 Decernere.
438 1117 504 1144 Rem
523 1117 646 1144 iudicare.
667 1116 697 1143 Τι’.
716 1118 758 1142 22.
778 1126 818 1153 pr.
839 1115 869 1142 ad
890 1116 956 1143 S.C.
971 1116 1051 1143 Treb.
1064 1117 1107 1143 36.

261 1164 283 1188 l.
304 1161 335 1188 Τι’.
357 1163 396 1188 13.
416 1161 438 1194 §.
457 1162 482 1187 3.
502 1159 534 1186 de
553 1169 609 1186 vac.
629 1164 654 1185 et
674 1169 729 1186 exc.
749 1161 790 1185 50.
811 1161 834 1185 5.
865 1158 992 1186 Iudicium
1012 1158 1107 1190 facere,

259 1205 447 1232 pronunciare.
471 1202 502 1230 fr.
521 1204 563 1228 57.
583 1212 623 1238 sq.
644 1201 676 1228 dc
694 1201 725 1228 R.
746 1201 778 1228 Υ.
798 1204 821 1228 6.
843 1204 865 1228 1.
887 1202 916 1228 Τι’.
938 1204 960 1228 1.
981 1203 1018 1236 ἓξ.
1038 1204 1062 1228 2.
1082 1203 1106 1228 4.

260 1248 313 1284 Qu.
334 1252 401 1274 sent.
421 1247 479 1273 sine
498 1256 557 1283 app.
578 1247 619 1270 50.
639 1245 663 1270 8.
700 1244 743 1271 111.
767 1246 832 1272 (711.
852 1244 895 1271 Ius
915 1245 1001 1271 solum
1020 1244 1108 1271 locuui

259 1300 334 1323 esse.
360 1290 405 1316 ubi
424 1290 490 1315 iuris
509 1287 627 1319 dicendi,
651 1287 693 1314 vel
717 1287 849 1314 iudicandi
869 1289 949 1324 gratia
969 1289 1107 1315 consistat.

259 1333 289 1360 Τι’.
304 1334 327 1358 4.
348 1332 370 1366 §.
384 1333 405 1358 1.
426 1331 458 1358 de
478 1332 569 1357 interr.
582 1331 608 1357 in
628 1331 692 1356 iure.
711 1332 750 1356 11.
772 1333 795 1358 l.
834 1331 896 1366 Qui.
917 1341 975 1358 cum
995 1331 1108 1368 aliquam
1130 1333 1131 1355 ἶ

258 1380 419 1414 potestatem
438 1374 554 1405 liaberet.
573 1374 711 1411 pecuniam
731 1373 764 1399 ob
780 1373 948 1401 iudicandum
968 1373 1110 1401 decernen-

259 1418 355 1446 dumve
375 1418 514 1454 acceperit.
540 1416 570 1444 Τι’.
589 1418 614 1443 3.
635 1417 667 1443 de
686 1416 716 1443 L.
736 1416 783 1443 lul.
804 1422 886 1454 repet.
906 1419 948 1444 48.
970 1419 1010 1444 ll.
1048 1417 1108 1444 'Non

1083 174 1172 206 IUD.

1147 258 1178 290 δ.
1194 258 1229 284 2.
1250 258 1310 283 Rex
1330 258 1489 284 iudicata.
1528 257 1570 284 111.
1592 258 1658 286 Cn.
1678 258 1837 285 Desidet-are
1856 269 1944 296 posse.
1966 265 1990 285 ut

1148 300 1198 325 sibi
1223 310 1255 326 ex
1279 299 1439 326 iudicatione
1463 301 1583 327 satisfiat.
1617 300 1647 327 Τι’.
1667 303 1709 328 30.
1734 301 1767 328 de
1791 312 1896 339 procur.
1921 305 1944 328 53.
1967 304 1992 329 3.

1148 342 1206 369 Nisi
1225 342 1294 369 sorte
1313 347 1454 369 exsecutor
1472 345 1618 370 sententiae
1638 344 1744 371 modum
1763 344 1930 372 iudicationis
1950 355 1993 372 cx-

1148 384 1223 412 cedat
1251 384 1301 412 ΊῚι.
1322 385 1353 412 C.
1373 385 1418 412 XI.
1437 387 1480 413 36.
1500 397 1521 413 c.
1541 389 1583 413 25.
1608 386 1692 422 Quor.
1712 397 1772 424 app.
1793 397 1817 414 n.
1837 398 1887 414 rec.

1184 428 1397 456 lucificatus.
1422 428 1543 461 (Panic.)
1573 430 1605 464 §0
1625 431 1660 457 l.
1681 433 1851 457 Sententia
1871 433 1994 458 indicis

1148 473 1291 502 decizus,
1307 473 1581 500 Condemnatione
1596 475 1768 509 definitus.
1806 473 1824 500 l.
1842 475 1904 507 Sy.
1923 473 1994 500 Cou-

1149 513 1294 540 dannatus.
1316 514 1345 541 Τι’.
1360 516 1384 540 -1,
1404 515 1426 549 ξ
1439 517 1464 542 3.
1485 514 1517 542 de
1536 526 1564 542 re
1583 516 1637 542 iud.
1656 518 1696 541 42.
1720 517 1741 542 1.
1779 516 1925 542 Damnatus
1945 518 1995 549 (iu-

1149 556 1211 583 dicii
1231 557 1353 594 publici.)
1379 557 1408 584 fr.
1431 560 1453 585 1.
1473 559 1494 592 §.
1514 559 1538 585 6.
1559 558 1591 586 de
1610 558 1709 596 postul.
1728 560 1751 585 3.
1775 560 1796 585 1.
1826 558 1856 585 Τι’.
1878 561 1899 585 1.
1920 559 1950 586 ΤΓ.
1970 561 1994 586 4.

1149 600 1170 634 ξ.
1184 602 1208 626 4.
1229 599 1261 626 de.
1280 599 1305 627 h.
1325 611 1368 637 qu.
1380 606 1434 627 not.
1451 601 1540 628 int'ain.
1555 603 1579 628 3.
1599 604 1623 628 2.
1661 601 1703 628 111.
1720 603 1785 629 Cn.
1805 601 1856 628 Pro
1872 601 1995 634 iudicato,

1149 653 1202 669 non
1223 648 1313 670 contra
1333 643 1488 676 iudicatum.
1508 653 1556 681 per
1574 643 1659 677 legem
1679 645 1851 671 constitutum
1871 650 1912 671 est
1931 645 1997 677 (die-

1150 697 1207 713 rum
1227 687 1362 724 spatium.)
1384 686 1414 713 fr.
1435 688 1457 713 7.
1478 686 1510 713 de
1530 697 1558 713 re
1577 687 1630 714 iud.
1650 690 1690 714 42.
1713 690 1735 713 l.
1757 688 1788 715 cf.
1809 688 1838 714 fr.
1859 690 1883 715 3.
1904 698 1942 725 pr.
1963 687 1997 715 de

1150 739 1222 757 usur.
1241 732 1284 755 22.
1305 731 1327 756 l.
1352 729 1382 756 Τι’.
1401 732 1425 756 2.
1446 729 1479 756 de
1499 729 1552 756 div.
1572 734 1651 768 temp.
1670 740 1786 767 praescr.
1805 732 1847 757 44.
1866 732 1890 758 3.
1928 730 1996 758 Cum

1150 774 1217 800 iutra
1238 772 1319 799 diem.
1340 771 1371 799 ad
1396 772 1504 799 iudicati
1524 775 1721 800 exsecutionem
1741 773 1841 806 datum,
1865 773 1996 802 iudicatus

1151 815 1223 842 Titio
1244 817 1295 851 agit
1315 826 1372 842 cuin
1393 815 1493 842 eodeni.
1514 815 1544 842 fr.
1568 818 1606 843 16.
1627 817 1648 850 §.
1671 819 1691 843 1.
1712 816 1745 843 de
1764 827 1897 854 compens.
1919 819 1957 844 16.
1971 820 1996 844 2.

1152 859 1265 895 Quoties
1284 859 1342 885 sine
1361 860 1516 885 auctoritate
1537 859 1644 885 iudicati
1663 859 1791 887 officiales
1804 859 1915 886 alicuius
1928 860 1996 887 bona

1151 907 1289 939 occupant.
1327 901 1400 928 Paul.
1417 900 1448 928 V.
1467 903 1506 928 12.
1526 902 1548 936 ξ.
1568 904 1591 928 6.
1628 901 1724 929 Ratum
1744 902 1850 934 habere.
1870 903 1941 940 quod
1960 905 1998 931 iu·

1151 945 1265 972 dicatum
1285 949 1334 970 est.
1355 945 1385 971 Τι’.
1405 946 1447 971 40.
1466 945 1489 978 §
1507 946 1533 971 2.
1553 944 1585 972 de
1604 955 1709 982 procur.
1728 948 1752 973 3.
1773 948 1797 972 3.
1837 947 1912 981 Quae
1931 947 1997 974 iudi-

1128 998 1129 1005 *
1152 993 1216 1017 cata.
1236 992 1375 1019 transacta.
1395 988 1502 1014 finitave
1521 993 1590 1014 sunt.
1611 988 1641 1014 Τι’.
1658 990 1678 1015 l.
1699 989 1720 1022 ξ.
1737 990 1777 1016 12.
1797 989 1829 1016 ad
1843 989 1909 1016 S.C.
1924 989 1997 1017 Tert.

295 1034 489 1061 Iudicate.
527 1033 692 1058 Indicium
711 1032 884 1058 celebrare.
910 1032 1107 1057 Controver-
1128 1041 1129 1055 1

1128 1087 1129 1101 1
1151 1076 1176 1101 6.
1196 1075 1217 1108 ξ.
1235 1076 1255 1101 1.
1276 1073 1309 1100 dc
1328 1084 1356 1100 re
1376 1073 1429 1100 iud.
1447 1076 1488 1101 42.
1510 1065 1679 1101 1.ᾪἸιι(11(’;ιῑί
1699 1074 1844 1102 fi‹l·=iussor
1861 1075 1946 1103 datus.
1967 1076 1997 1104 Τι’.

1150 1032 1191 1058 38.
1216 1033 1253 1058 17.
1290 1030 1331 1057 Ex
1352 1040 1428 1057 causa
1448 1030 1555 1058 iudicati
1575 1032 1667 1058 teneri.
1696 1032 1754 1058 Gai.
1774 1031 1815 1058 111.
1837 1034 1894 1060 180.
1915 1033 1947 1060 cf.
1967 1033 2015 1061 Τι·.’

1154 1119 1194 1144 16.
1215 1118 1237 1151 ς.
1259 1119 1281 1143 1.
1301 1116 1334 1143 dc
1353 1116 1432 1143 solut.
1452 1118 1493 1142 46.
1513 1119 1537 1143 3.
1576 1116 1783 1144 Condemnatus.
1804 1134 1830 1137 —
1856 1128 1915 1145 cum
1933 1119 1999 1146 iudi-

1152 1162 1203 1188 cati
1223 1160 1359 1187 conveniri
1379 1160 1505 1196 coeperit.
1530 1159 1560 1186 fr.
1579 1161 1621 1186 41.
1641 1160 1663 1194 §.
1686 1162 1708 1186 1.
1728 1160 1761 1187 dc
1779 1160 1899 1188 fideiuss.
1918 1163 1998 1189 «(6.1.

1153 1203 1184 1230 cf,
1206 1203 1236 1230 Τι’.
1257 1204 1298 1230 78.
1322 1203 1344 1236 ξ.
1364 1205 1388 1229 2.
1409 1201 1442 1228 de
1461 1201 1538 1238 legat.
1557 1202 1587 1228 11.
1608 1203 1676 1235 (31.)
1713 1203 1743 1230 Si
1763 1214 1795 1231 ex
1814 1204 1942 1241 stipulatu
1962 1206 2000 1232 iu-

1153 1247 1268 1274 dicatum
1288 1245 1369 1277 solvi.
1394 1245 1428 1272 ob
1447 1255 1502 1272 rein
1521 1244 1673 1277 iudicatam,
1695 1248 1873 1274 conveniatur.
1906 1247 1936 1274 Τι’.
1955 1250 1999 1275 28.

1153 1291 1175 1324 §.
1195 1291 1220 1317 8.
1245 1289 1278 1316 de
1301 1289 1407 1316 iureiur.
1434 1290 1474 1314 12.
1494 1290 1518 1315 2.
1544 1287 1575 1314 cf.
1608 1287 1664 1315 Gai.
1690 1288 1734 1316 IV.
1758 1291 1800 1316 91.
1825 1290 1855 1316 Τι’.
1881 1292 1920 1317 10.
1946 1292 1998 1327 Qu.

1154 1334 1203 1360 cui.
1224 1333 1295 1359 univ.
1314 1342 1384 1358 nom.
1404 1333 1428 1358 3.
1448 1334 1472 1359 4.
1498 1330 1528 1357 Τι’.
1548 1332 1572 1357 6.
1597 1330 1702 1358 iudicat.
1727 1331 1803 1359 solvi.
1823 1334 1865 1360 46.
1887 1335 1909 1360 7.
1946 1333 1998 1361 Pro

1153 1376 1318 1408 ..iudicatum
1342 1374 1434 1401 solvi⁴‘
1459 1373 1633 1400 satisdatione
1658 1384 1758 1401 cavere.
1790 1374 1881 1403 sr.·16.
1901 1387 1940 1414 pr.
1966 1377 1998 1404 cf.

1130 1404 1132 1451 1
1154 1420 1184 1446 fr.
1203 1420 1245 1446 39.
1265 1419 1287 1453 §.
1307 1419 1330 1445 6.
1352 1417 1381 1444 fr.
1402 1418 1443 1444 40.
1464 1417 1486 1450 §.
1505 1419 1530 1443 2.
1550 1416 1583 1443 de
1601 1426 1707 1453 procur.
1725 1419 1751 1444 3.
1770 1420 1794 1444 3.
1832 1418 1999 1451 ..ludicatum

259 1466 336 1499 putat
355 1462 377 1487 ei
398 1459 610 1497 permittendum,
627 1476 656 1480 —-
672 1459 796 1491 iudicare,
817 1459 857 1486 vel
874 1461 1052 1487 testimonium
1070 1461 1107 1488 di·
1129 1453 1132 1482 1
1153 1462 1245 1489 solvi“
1266 1471 1407 1499 exponere,
1426 1469 1451 1486 V.
1471 1460 1634 1497 promittere.
1659 1460 1688 1487 Τι’.
1703 1462 1726 1487 8.
1746 1461 1768 1494 §.
1783 1463 1807 1488 3.
1828 1461 1859 1488 fr.
1878 1464 1919 1490 42.
1939 1463 1960 1497 ξ.
1974 1466 1999 1490 2.

260 1514 328 1532 cere.
349 1504 408 1540 quia
428 1502 457 1529 L.
478 1502 542 1529 Iulia
561 1502 767 1540 repetundarum
786 1502 837 1529 hoc
857 1503 914 1530 fieri
934 1508 1013 1530 vetat.
1033 1504 1064 1530 Τι’.
1083 1506 1108 1530 2.
1129 1485 1132 1542 1
1154 1506 1188 1533 ib.
1208 1508 1231 1532 3.
1251 1507 1276 1532 3.
1313 1503 1459 1531 ludit-atum
1484 1502 1569 1529 facere
1588 1509 1722 1540 oportere,
1742 1514 1762 1530 s.
1783 1506 1848 1541 cogi.
1879 1505 1937 1533 Gai.
1955 1506 1998 1533 111.

261 1547 293 1574 de
313 1546 433 1573 Senator.
456 1548 477 1571 l.
497 1547 521 1572 9.
559 1546 727 1582 Quocunque
751 1545 784 1572 de.
808 1556 836 1572 ea
856 1556 884 1572 re
904 1547 929 1573 iu
949 1547 990 1573 ins
1010 1547 1108 1574 aditum
1130 1547 1131 1572 1
1154 1550 1212 1575 180.
1233 1548 1264 1575 fr.
1283 1549 1324 1574 45.
1344 1547 1366 1581 §.
1388 1548 1410 1574 l.
1430 1545 1463 1573 de
1481 1545 1560 1572 iudic.
1580 1547 1604 1572 5.
1625 1548 1648 1572 l.
1673 1545 1703 1574 Τι’.
1723 1547 1747 1573 6.
1767 1547 1801 1574 de
1819 1547 1900 1575 feriis.
1918 1551 1943 1575 2.
1958 1551 1998 1576 12.

259 1591 323 1619 crit.
353 1589 385 1616 de
404 1599 433 1615 ea
453 1598 481 1615 re
500 1590 534 1615 ita
555 1590 595 1615 ius
616 1589 713 1616 dicito.
740 1588 834 1615 iudicia
854 1588 924 1621 dato,
944 1589 1109 1627 iudicarique
1130 1592 1132 1629 1
1154 1592 1224 1618 Ante
1243 1591 1323 1623 diem,
1343 1599 1396 1626 quo
1414 1589 1558 1616 iudicatum
1578 1588 1663 1615 facere
1682 1590 1893 1627 compelleretur.
1913 1592 1944 1619 Τι’.
1958 1594 1999 1619 45.

260 1633 359 1663 iubeto.
381 1633 476 1667 cogito.
501 1630 530 1657 L.
553 1630 622 1657 Gall.
641 1631 742 1668 Cisalp.
762 1630 780 1657 1.
802 1633 840 1658 16.
860 1641 901 1667 sq.
922 1632 953 1658 cs.
973 1634 997 1659 2.
1017 1643 1057 1669 sq.
1078 1632 1108 1659 11.
1130 1633 1131 1648 ¹
1154 1635 1187 1662 de
1205 1633 1325 1660 fideiuss.
1344 1634 1386 1659 46.
1408 1634 1430 1658 1.
1467 1632 1537 1659 Intra
1557 1631 1625 1659 diem
1645 1648 1677 1652 ——
1701 1633 1824 1660 iudicatis
1847 1643 1876 1660 se
1899 1634 2001 1662 satisfa-

260 1678 302 1703 21.
323 1686 363 1712 sq.
384 1674 510 1701 Iudicium
531 1673 657 1705 solvitur.
682 1679 788 1700 vetante
807 1684 838 1700 eo
858 1675 902 1710 qui
922 1674 1038 1701 iudicare
1058 1677 1109 1702 ius-

260 1804 417 1842 preheusus.
438 1802 469 1828 fr.
487 1804 528 1829 59.
549 1802 582 1828 de
601 1801 679 1828 iudic.
700 1804 724 1829 5.
746 1804 768 1828 1.
806 1801 941 1829 Iudicandi
960 1813 1064 1835 munus,
1084 1814 1107 1831 v.

261 1856 328 1873 onus
348 1851 395 1872 etc.
420 1845 505 1872 Vatic.
526 1845 564 1879 §§.
587 1846 644 1871 194.
666 1847 722 1872 197.
743 1844 773 1871 Τι’.
793 1847 817 1872 6.
838 1845 870 1872 de
889 1845 968 1872 iudic.
988 1848 1012 1873 5.
1035 1849 1057 1873 1.
1077 1846 1107 1873 Τι’.

262 1890 302 1915 18.
327 1889 349 1922 §.
372 1890 410 1914 14.
430 1887 462 1914 de
482 1897 552 1914 mun.
573 1893 598 1914 et
620 1888 679 1914 hon.
700 1890 742 1915 50.
761 1890 785 1914 4.
822 1888 917 1921 ludex,
942 1890 987 1926 qui
1011 1889 1110 1917 iudicat

263 1933 350 1965 (inter
369 1940 427 1957 eum
447 1935 473 1957 et
491 1932 690 1966 argentarium.)
716 1930 746 1957 Τι’.
768 1933 807 1957 10.
833 1931 854 1965 §.
874 1934 899 1958 3.
920 1931 952 1958 de
971 1932 1064 1960 edend.
1084 1935 1108 1960 2.

264 1976 303 2001 13.
341 1973 423 2000 ludici
443 1983 497 2000 rem
517 1973 682 2000 iudicandam
703 1975 873 2000 committi-re.
894 1973 924 2001 Τι’.
938 1977 977 2002 13.
997 1976 1018 2009 ξ.
1032 1977 1056 2002 3.
1077 1975 1110 2002 de
1132 1978 1133 1997 ἱ

1132 2007 1133 2015 1
1154 1980 1197 2005 65.
1217 1978 1240 2011 §.
1258 1979 1283 2004 2.
1304 1977 1336 2004 ad
1356 1976 1383 2003 S.
1392 1976 1423 2003 C.
1443 1976 1522 2003 Treb.
1541 1978 1583 2004 36.
1606 1979 1627 2003 l.
1651 1976 1724 2003 Paul.
1744 1976 1775 2003 V.
1795 1978 1848 2003 521.
1868 1977 1897 2011 ἐξ
1919 1978 1942 2004 6.
1959 1987 1998 2014 sq.

263 2022 346 2043 vacat.
367 2021 392 2043 et
411 2026 467 2043 exc.
479 2018 520 2042 50.
535 2018 558 2042 5.
584 2016 665 2043 Iudex
679 2017 702 2042 si
722 2016 785 2052 quid
805 2017 932 2043 adversus
951 2018 1018 2054 legis
1037 2029 1111 2056 prae-

263 2064 368 2097 ceptum
387 2060 413 2085 in
433 2059 574 2085 iudicando
595 2058 619 2085 d.
639 2069 672 2085 ιιι.
692 2062 906 2096 praetermiserit.
930 2060 960 2087 Τι’.
982 2063 1023 2088 40.
1044 2062 1064 2095 §.
1087 2063 1109 2088 1.

264 2102 297 2129 de
317 2102 394 2129 iudic.
414 2104 438 2128 5.
459 2103 482 2128 1.
503 2101 535 2128 cs.
555 2101 585 2128 Τι’.
608 2104 647 2128 10.
667 2113 706 2139 pr.
727 2103 758 2130 ad
778 2103 806 2130 L,
827 2104 874 2130 Iul.
895 2103 928 2130 de
946 2105 971 2130 vi
991 2104 1054 2141 pub.
1068 2106 1110 2131 48.

264 2148 288 2171 6.
327 2145 355 2171 Si
375 2150 400 2171 et
419 2146 475 2171 iure
494 2144 645 2172 iudicatum.
666 2150 704 2178 (et
724 2147 818 2183 pignus
836 2148 861 2173 in
877 2157 953 2173 causa
968 2147 1110 2174 iudicatum

265 2192 368 2225 captum
388 2188 455 2220 est.)
476 2187 505 2214 [ι’.
529 2189 567 2213 10.
600 2189 653 2224 Qui
673 2190 769 2225 potior.
788 2192 829 2216 20.
849 2191 873 2215 4.
911 2189 940 2215 Si
960 2200 989 2215 ea
1008 2199 1051 2216 res
1071 2200 1111 2216 se-

266 2230 379 2257 cundum
398 2240 452 2261 me.
481 2230 637 2258 lieredemve
661 2242 760 2263 meum,
786 2232 898 2258 iudicata
919 2233 976 2258 erit.
1001 2232 1032 2259 Τι’.
1053 2234 1110 2259 158.

266 2273 299 2300 de
319 2272 350 2299 V.
370 2272 397 2299 S.
417 2274 458 2298 50.
481 2275 520 2299 16.
541 2273 572 2300 cs.
597 2274 635 2301 fre
649 2276 689 2301 40.
709 2276 731 2309 §.
750 2277 775 2301 2.
796 2274 829 2301 de
848 2285 953 2312 procur.
971 2276 996 2301 3.
1016 2277 1040 2302 3.
1077 2276 1112 2302 Et

266 2318 302 2343 ita
326 2317 403 2343 etiam
422 2315 512 2342 Aurvl.
533 2316 595 2354 Imp,
620 2317 772 2344 Antoninus
797 2317 829 2344 ad
853 2318 1056 2356 adpellationem
1081 2329 1112 2345 cx
1134 2329 1135 2355 1
1156 2325 1220 2348 dem
1230 2323 1393 2347 nationem
1419 2325 1580 2354 spectans,
1611 2320 1642 2344 in
1667 2320 1793 2345 indivia
1817 2326 1927 2346 certae
1951 2330 2001 2354 pe-

1134 2360 1135 2366 *
1156 2366 1274 2391 cuniae
1292 2365 1493 2390 celebratam.
1530 2361 1574 2388 111.
1595 2362 1660 2388 (ἠ.
1690 2361 1718 2387 Si
1739 2361 1877 2389 iudicatus.
1897 2362 1938 2389 vel
1959 2373 2001 2389 au-

303 2401 507 2428 ludicatio.
545 2402 575 2434 §·
596 2404 629 2428 1.
651 2405 868 2435 Iurisdictio,
889 2406 1055 2439 Cognitio.
1093 2404 1111 2431 1.
1134 2418 1135 2422 ¹

267 2360 406 2386 Germania
427 2358 558 2385 iudicavit.
580 2361 608 2386 Τι’.
629 2364 669 2388 -18,
690 2360 722 2386 d«-
743 2360 818 2387 cond.
840 2366 865 2387 et
884 2361 951 2388 driu.
970 2362 1012 2387 35.
1036 2363 1058 2388 1.

267 2446 329 2479 Sy.
357 2444 408 2471 Cui
427 2443 552 2470 iudicatio
572 2443 629 2470 data
650 2451 697 2471 est.
737 2446 842 2482 Quibus
862 2447 968 2484 publice
988 2447 1112 2474 iudicium

268 2493 316 2514 est.
354 2486 529 2523 Magistratus
559 2486 589 2513 Τι’.
609 2489 632 2513 2.
661 2489 682 2521 ξ.
703 2492 726 2514 8.
752 2489 785 2515 de
808 2489 973 2516 iudic.5.1.
999 2489 1028 2516 Τι’.
1056 2492 1111 2517 131.

268 2531 290 2563 ᾗ,
313 2532 334 2556 1.
360 2529 392 2556 de,
416 2528 447 2556 V.
468 2529 495 2556 S.
515 2531 556 2556 50.
578 2531 617 2556 16.
661 2529 703 2555 111.
724 2532 788 2558 (ἠ.
813 2532 887 2559 Neve
911 2534 952 2559 cui
977 2532 1009 2559 dc
1033 2543 1062 2559 ca
1086 2543 1114 2560 re
1135 2542 1136 2552 ¹

1130 1690 1131 1703 ι
1155 1682 1265 1704 cturum.
1287 1676 1316 1702 Τι’.
1333 1678 1374 1702 40.
1395 1676 1416 1709 §.
1433 1677 1454 1702 1.
1475 1675 1508 1701 de
1526 1680 1594 1712 pact.
1614 1677 1637 1701 2.
1660 1677 1700 1702 14.
1737 1676 1827 1708 Iudex,
1848 1678 1892 1713 qui
1911 1677 1944 1704 de
1963 1679 2001 1705 iu-

259 1723 338 1745 serat.
359 1717 390 1744 fr.
410 1718 451 1742 58.
472 1716 504 1743 de
524 1716 602 1743 iudic.
623 1718 647 1742 5.
669 1719 690 1742 1.
711 1716 742 1742 cf.
764 1716 794 1743 Τι’.
816 1718 855 1743 13.
875 1727 915 1754 pr.
935 1718 957 1751 ξ.
979 1721 1000 1745 1.
1020 1718 1054 1745 de
1072 1719 1110 1745 iu·
1130 1710 1132 1762 1

260 1761 324 1788 risd.
340 1763 366 1787 2.
390 1762 411 1786 1.
449 1758 478 1785 Si
499 1759 573 1785 locus
593 1760 620 1785 in
640 1758 755 1785 iubendo
774 1758 890 1786 iudicare
909 1770 961 1786 uon
981 1766 1022 1787 est
1041 1771 1110 1790 coru—
1130 1774 1132 1784 ι

1153 1720 1241 1747 dicato
1261 1720 1405 1755 cognoscit.
1425 1718 1456 1745 Τι’.
1475 1720 1516 1744 75.
1536 1718 1569 1745 de
1588 1718 1665 1745 iudic.
1681 1721 1704 1745 5.
1727 1721 1748 1746 1.
1786 1719 1926 1747 Dimittere
1945 1731 2002 1748 cor-

1154 1773 1220 1801 pus.
1249 1768 1274 1789 et
1298 1762 1331 1788 ad
1356 1763 1484 1788 actionem
1508 1761 1615 1788 iudicati
1640 1762 1716 1788 mitti.
1744 1761 1775 1789 fr.
1793 1764 1836 1789 26.
1861 1763 1893 1789 de
1912 1763 1999 1790 Aedil.

1155 1806 1233 1833 edict.
1246 1807 1289 1832 21.
1311 1807 1332 1831 1.
1371 1805 1398 1831 1n
1418 1815 1460 1832 me
1479 1815 1510 1831 ex
1529 1804 1658 1842 stipulatu
1677 1805 1745 1831 actio
1765 1815 1816 1831 non
1835 1805 1920 1835 datur.
1940 1808 2000 1844 quia

1154 1859 1202 1876 nec
1221 1848 1329 1875 iudicati
1348 1858 1449 1874 mecum
1469 1848 1508 1884 agi
1528 1852 1626 1885 potest.
1647 1847 1678 1874 Τι’.
1691 1848 1732 1874 28.
1753 1858 1792 1884 pr.
1811 1848 1844 1875 de
1857 1859 1961 1886 procur.
1974 1851 1998 1876 3.

1131 1911 1132 1932 1
1153 1894 1178 1919 3.
1200 1891 1231 1919 cs.
1259 1891 1289 1918 fr.
1309 1892 1333 1918 4.
1359 1891 1381 1924 ᾗ.
1401 1891 1424 1917 8.
1450 1890 1483 1917 de
1502 1900 1530 1917 re
1554 1890 1607 1917 iud.
1626 1892 1667 1916 42.
1689 1892 1711 1917 l.
1748 1890 1846 1918 Rerum
1871 1897 1999 1929 perpetuo

1155 1935 1278 1962 similiter
1297 1933 1468 1961 iudicatarum
1489 1935 1639 1960 auctoritas.
1661 1934 1691 1960 fr.
1711 1936 1752 1960 38.
1772 1934 1804 1960 dc
1823 1934 1948 1962 LL.1.3.
1969 1934 1998 1961 Τι’.

1155 2021 1221 2048 Post
1239 2031 1294 2047 rem
1313 2019 1466 2048 iudicatam.
1487 2035 1517 2039 —·
1539 2021 1562 2046 si
1580 2024 1690 2056 negetur
1708 2019 1849 2046 iudicatum
1870 2030 1936 2047 esse.
1969 2020 1998 2047 Τι’.

1156 2066 1196 2091 11.
1216 2063 1248 2090 cf.
1273 2063 1303 2089 fr.
1324 2064 1346 2089 7.
1371 2073 1410 2100 pr.
1436 2062 1468 2088 de
1492 2067 1615 2089 transact.
1635 2065 1659 2088 2.
1682 2064 1720 2088 15.
1758 2062 1787 2088 Si
1811 2067 1870 2088 aute
1890 2073 1944 2089 rem
1964 2064 2001 2090 iu—

1132 2136 1133 2141 ,
1155 2107 1267 2134 dicatam
1288 2121 1317 2125 —
1343 2105 1488 2132 satisfaciat
1511 2106 1602 2132 actori.
1630 2104 1687 2131 Gai.
1707 2104 1751 2131 IV.
1772 2106 1830 2131 114.
1869 2104 2000 2133 Pei-emto-

1132 2166 1133 2172 .
1155 2151 1209 2177 riae
1228 2151 1283 2181 (sc.
1303 2148 1508 2185 exceptiones.)
1529 2164 1561 2167 —
1581 2147 1653 2174 velut
1673 2163 1705 2167 -——
1735 2147 1805 2183 quod
1826 2158 1868 2174 res
1888 2148 2000 2175 iudicata

1133 2198 1134 2225 1
1156 2197 1205 2220 est.
1225 2191 1267 2218 vel
1288 2192 1313 2217 in
1334 2191 1458 2217 iudicium
1478 2189 1589 2217 deducta
1609 2195 1656 2217 est..
1687 2189 1724 2216 Ib.
1745 2189 1789 2216 lv.
1810 2192 1867 2217 121.
1888 2191 1919 2217 cs.
1942 2193 1998 2218 106.

1156 2245 1195 2272 sq.
1216 2234 1259 2261 111.
1276 2235 1335 2260 181.
1371 2234 1411 2260 Ex
1431 2234 1623 2270 compromisso
1643 2232 1721 2259 iudex
1741 2238 1843 2259 sumtus
1863 2244 1916 2260 rem
1936 2234 2000 2261 iudi-

1157 2284 1238 2306 catam
1259 2287 1311 2304 non
1332 2277 1399 2304 facit.
1420 2275 1492 2302 Paul.
1508 2275 1539 2303 V.
1554 2276 1608 2302 5A.
1630 2276 1651 2309 ξ.
1672 2277 1692 2302 1.
1708 2291 1739 2295 —-
1761 2277 1791 2309 ᾗ.
1807 2277 1841 2303 2.
1863 2279 1910 2303 Ad
1927 2288 2000 2304 con-

1158 2412 1274 2434 ctoratus
1294 2416 1368 2432 meus
1389 2405 1543 2441 (subreptus
1563 2403 1662 2435 fuerit.)
1684 2404 1740 2430 Gai.
1761 2404 1803 2431 111.
1825 2406 1874 2431 199
1920 2405 2001 2440 Quod

1157 2455 1185 2476 tu
1210 2449 1273 2476 mihi
1287 2448 1441 2482 judicatus.
1467 2448 1524 2473 sive
1548 2446 1684 2473 damnatus
1705 2458 1745 2478 cs,
1767 2464 1795 2468 —
1819 2447 1852 2473 ob
1873 2458 1928 2474 eam
1946 2457 2000 2475 rem

1159 2503 1205 2527 ego
1225 2492 1274 2519 tibi
1294 2508 1325 2511 —
1350 2489 1455 2525 iudicati
1480 2499 1572 2516 manus
1596 2490 1694 2516 iniicio.
1725 2489 1762 2516 lb.
1782 2489 1825 2516 IV.
1845 2492 1887 2516 21.
1907 2489 1938 2516 cf.
1957 2492 1998 2516 24.

1158 2536 1278 2572 Excepto
1298 2533 1419 2563 iudicato.
1440 2537 1465 2558 et
1485 2542 1515 2559 eo
1535 2542 1583 2570 pro
1603 2543 1656 2569 quo
1676 2532 1820 2570 depensum
1837 2538 1877 2559 est
1891 2538 1939 2559 etc.
1962 2533 1997 2559 lb.

270 2574 352 2599 actio.
377 2582 444 2598 neve
464 2571 588 2598 iudicatio
608 2576 678 2604 esto,
704 2582 769 2599 neve
792 2577 851 2611 quis
871 2575 894 2602 d.
916 2587 929 2602 ‹-
957 2586 977 2602 r.
997 2575 1064 2613 apud
1085 2586 1114 2602 se.
1135 2565 1136 2592 1
1158 2578 1203 2604 lv.
1222 2580 1264 2604 25.
1285 2576 1316 2602 cf.
1336 2577 1359 2602 9.
1382 2577 1439 2602 102.
1461 2576 1517 2601 186.
1557 2575 1637 2611 Quod
1661 2585 1708 2612 per
1732 2585 1774 2602 aes
1800 2581 1825 2602 et
1847 2575 1940 2602 libram
1958 2585 1998 2611 ge-

271 2616 310 2649 agi
330 2616 418 2641 sinito.
439 2613 467 2641 L.
489 2614 520 2641 de
540 2616 649 2652 imperio
670 2614 779 2652 Vespas
800 2619 825 2643 in
846 2618 861 2644 f.
878 2618 918 2645 Fr.
934 2618 961 2645 L.
977 2618 1112 2646 Serviliae.
1135 2620 1136 2626 ¹
1158 2626 1228 2647 stum
1248 2623 1302 2650 est,
1321 2619 1377 2645 sive
1397 2617 1460 2654 quid
1479 2628 1510 2644 ex
1531 2617 1637 2644 iudicati
1657 2628 1733 2645 causa
1753 2618 1870 2645 debitum
1889 2619 1931 2645 sit.
1961 2617 1996 2643 lb.

272 2667 292 2682 c.
316 2658 335 2681 1.
365 2657 419 2683 Nec
439 2663 525 2684 tamen
544 2657 620 2684 facile
640 2657 826 2694 indulgendum
847 2667 885 2686 cst
907 2667 980 2688 extra
995 2662 1114 2688 ordinem
1135 2686 1136 2689 ,
1158 2663 1194 2690 111
1223 2663 1280 2688 173.
1318 2661 1395 2687 Aeris
1415 2660 1547 2689 confessi.
1572 2661 1705 2697 rebusque
1730 2662 1785 2688 iure
1809 2661 1928 2688 iudicatis
1948 2665 1996 2685 etc.

272 2698 447 2726 iudicationis.
468 2700 497 2727 Τι’.
518 2703 541 2727 4.
561 2701 582 2734 §.
602 2704 626 2727 8.
647 2700 678 2727 de
698 2701 729 2728 11.
749 2701 781 2728 111.
800 2704 841 2728 119.
864 2705 902 2729 16.
940 2705 969 2731 S.
989 2706 1114 2736 cognitio·
1135 2704 1137 2737 1
1158 2705 1186 2732 Lv
1207 2704 1254 2731 Ml
1273 2703 1356 2730 'l‘abb.
1370 2703 1407 2730 111.
1431 2706 1451 2730 1.
1472 2704 1503 2730 cs.
1523 2705 1547 2731 3.
1581 2703 1638 2730 Gai.
1653 2703 1689 2730 111.
1711 2705 1750 2730 78.
1789 2704 1842 2740 Qui
1861 2707 1940 2729 artem
1961 2702 1997 2728 lu-

273 2742 313 2767 nis
338 2740 430 2767 habeat
455 2748 627 2779 potestatem.
658 2749 681 2770 rt
707 2744 873 2771 iudicationis
899 2752 1004 2773 nostrae
1021 2734 1114 2774 soleat
1135 2740 1137 2797 1
1159 2747 1256 2774 dieram
1276 2745 1383 2778 faciunt,
1404 2746 1510 2773 iudicati
1530 2748 1614 2778 etiam,
1635 2751 1658 2772 et
1680 2746 1794 2773 confessi
1814 2751 1862 2773 etc.
1882 2744 1995 2771 Paulw.

273 2789 469 2821 repraesentar-¹
489 2787 668 2813 reverentiam.
701 2786 749 2813 Th.
771 2787 801 2814 C.
822 2787 839 2814 1.
861 2790 900 2814 15.
923 2800 944 2815 c.
966 2791 988 2815 7.
1009 2789 1113 2822 (wok.)
1134 2810 1136 2823 5
1157 2791 1198 2816 26.
1224 2790 1245 2823 §.
1270 2792 1294 2816 2.
1338 2789 1460 2816 Confessi
1485 2789 1619 2816 debitores
1644 2799 1692 2826 pro
1715 2789 1835 2816 iudicatis
1860 2787 1995 2814 habentur.

274 2826 306 2852 de
325 2826 368 2852 off.
391 2825 475 2852 Vinar-
504 2828 533 2853 rt'.
554 2828 598 2855 Xl.
619 2831 659 2856 30.
687 2840 706 2855 c.
731 2832 768 2856 1⁸.
794 2829 826 2857 du·
851 2841 908 2868 app.
935 2836 957 2857 et
985 2842 1059 2868 poen.
1081 2849 1112 2852 -
1135 2826 1136 2851 1
1158 2832 1194 2859 lb.
1212 2831 1242 2858 V.
1263 2832 1317 2858 5A.
1339 2832 1360 2865 ξ.
1379 2836 1401 2858 2.

1134 2875 1136 2889 r
