2197 3121
995 165 1104 195 NUM.

174 253 250 281 adim.
271 253 347 288 legat.
368 252 452 288 34.‚4.
473 250 503 277 fr.
525 250 581 276 178.
602 259 640 286 pr.
661 247 693 274 de
712 247 744 274 Υ.
765 247 791 274 S.
811 249 852 273 50.
875 248 913 273 16.
939 246 1015 273 Prae-

175 297 215 323 dia
235 297 260 322 in
280 295 367 322 dotem
387 293 452 320 data.
473 309 505 313 -—
526 292 666 319 Numerata
686 291 741 317 dos.
763 291 793 317 fr.
814 292 854 316 42.
875 290 911 323 ξξ.
934 291 956 316 l.
975 300 1014 326 sq.

175 339 223 365 sol.
243 340 352 365 matrim.
372 338 414 363 24.
433 338 456 363 3.
494 335 522 362 In
543 340 674 361 numerata
695 335 813 371 pecunia,
834 349 865 353 ··—
886 332 914 358 In
934 337 1015 358 caete-

174 383 211 409 ris
231 381 310 408 rebus
329 380 509 413 (consistere.)
530 378 586 404 Gai.
608 378 649 404 111.
671 379 728 403 141.
766 376 807 403 III.
827 377 893 403 Cn.
912 375 953 401 Αιι
972 385 1016 412 pe-

176 426 277 452 cuniam
297 422 413 461 pupillus
433 421 535 451 habeat.
554 420 596 447 vel
617 422 642 446 in
663 424 806 450 numerato.
826 418 868 444 vel
888 419 914 444 in
933 419 1014 444 nomi-

174 468 253 494 nibus
274 477 340 503 quac
359 465 492 492 conveniri
512 468 633 501 possunt.
653 463 695 489 vel
715 464 740 489 in
755 461 882 488 fructibus
902 460 1016 487 conditis

176 516 223 537 etc.
249 509 279 536 fr.
299 511 322 535 5.
347 509 368 542 ξ.
388 510 412 534 9,
438 507 469 534 (18
497 507 550 533 rcb.
571 517 624 532 eor.
644 516 686 542 qu.
706 516 724 531 s.
747 510 794 531 tut.
814 505 856 530 27.
875 505 899 529 9.
924 503 954 529 fr.
973 504 1015 529 35.

176 564 214 590 pr.
236 552 268 579 de
286 551 374 578 donat.
393 552 434 577 39.
454 553 477 576 5.
516 549 621 576 Certam
640 549 777 586 pecuniam
796 551 954 573 numeratam
974 556 1017 583 pe-

176 602 239 622 tere.
261 611 290 615 -
311 594 378 625 Res,
402 604 468 629 quae
492 593 545 618 siut
571 597 674 628 practer
692 592 828 628 pecuniam
848 594 1016 619 numeratam.
1038 620 1040 631 Α

176 640 232 665 sivc
252 636 367 674 pondere
386 637 442 662 sive
461 645 582 662 mensura
603 638 731 660 constent.
752 633 781 659 fr.
797 635 820 659 l.
834 643 873 670 pr.
889 632 921 659 de
941 631 1016 658 cond.
1038 634 1040 661 ξ

176 682 254 708 tritic.
277 682 315 706 13.
335 681 357 705 3.
379 680 410 706 ct.
431 678 487 705 Gai.
508 678 537 704 II.
561 679 616 704 196.
637 677 678 703 III.
698 678 738 703 90.

211 723 404 751 Nulneria.
429 723 581 748 Mulieris
601 729 716 747 nomen.
746 718 787 745 III.
800 720 866 746 (771.
886 718 1016 750 Numeria,

177 771 203 793 et.
221 766 383 802 Sempronia.
405 764 434 790 fr.
454 766 491 789 10.
513 763 545 789 (18
565 773 630 789 rese.
651 761 726 787 vend.
750 764 788 788 15.
809 764 832 788 5.

210 808 424 836 Numerius.
462 809 665 833 Praenamen.
702 804 756 836 (CI'.
776 815 799 831 v.
820 803 970 840 Negidius.)

210 850 484 878 Numerositas.
524 850 720 879 Multitudo,
746 849 857 882 Copia.
895 846 936 872 111.
952 848 1017 873 Cn.

176 893 314 930 Magnifice
335 897 405 919 statu
424 892 569 929 praeditae,
589 901 618 916 ac
637 891 724 916 votiva
745 890 880 916 curialium
900 898 1018 915 numero-

176 937 255 963 sitate
267 934 414 972 locupletes
425 938 474 967 (sc.
486 933 584 965 urbes.)
604 933 652 959 Th.
666 933 696 960 C.
708 933 764 959 XII.
776 935 799 959 5.
814 943 835 959 c.
846 934 869 959 3.
890 931 1016 968 Quemad.
1039 939 1041 975 ἰ

177 990 246 1006 mun.
272 980 320 1005 civ.
351 978 391 1004 Cf.
412 977 478 1004 Nov.
498 975 555 1002 Val.
576 975 617 1002 III.
642 975 675 1002 de
699 986 768 1002 succ.
793 975 881 1002 curiaI.
902 975 932 1002 lI.
951 977 975 1001 2.
997 985 1017 1001 c.
1039 976 1040 989 ¹

178 1024 201 1048 l.
222 1032 260 1059 pr.
1040 1028 1041 1040 ι

212 1067 453 1091 Numen-osus.
491 1061 630 1095 (Adiect.)
671 1063 862 1096 maniplos,
891 1063 1018 1088 Tarius.
1040 1070 1041 1085 ι

178 1107 220 1133 III.
236 1108 301 1134 Cn.
322 1106 439 1136 Gemina,
459 1104 501 1131 vel
521 1114 658 1131 numerosa
679 1104 821 1137 (soboles.)
841 1104 891 1131 Th.
912 1104 941 1130 C.
962 1103 1018 1129 XII.

179 1152 200 1176 1.
221 1160 241 1176 c.
258 1151 298 1175 74.
312 1159 350 1185 pr.
371 1148 403 1174 (18
423 1148 558 1174 decurion.
596 1147 631 1173 Vt
650 1149 865 1173 numerosissima
880 1147 948 1184 pube
967 1157 1020 1173 cre·
1041 1154 1042 1160 ¹

178 1197 233 1219 scat
257 1192 396 1217 exercitus.
422 1191 458 1218 ΙΙ),
480 1190 534 1217 VII.
558 1192 579 1216 l.
600 1201 621 1217 c.
642 1192 682 1216 10.
703 1190 735 1217 (18
754 1190 784 1217 R.
805 1191 837 1217 M.
875 1190 1020 1216 Numerosa

178 1234 322 1261 incolarum
346 1244 446 1260 manus.
474 1233 512 1260 lb.
531 1234 564 1260 X.
586 1236 625 1259 10.
651 1243 672 1259 c.
691 1236 733 1260 25.
759 1234 792 1260 de
812 1235 884 1271 petit.
905 1238 931 1259 et
950 1232 1019 1259 ultro
1041 1224 1043 1275 ¹

178 1277 228 1304 dat.
1041 1294 1043 1305 .

211 1322 410 1347 Nulnerus.
430 1320 461 1353 §.
474 1321 508 1346 1.
525 1322 762 1346 Multitudinis
781 1330 908 1346 summa.
928 1318 1020 1352 [Sy.
1042 1321 1043 1333 ¹

177 1362 324 1391 Numerari.
344 1362 458 1388 Numero
479 1368 608 1389 constare.
629 1362 670 1389 Cf.
690 1373 714 1389 v.
734 1363 885 1389 Numerare.
905 1363 927 1396 ξ.
944 1363 965 1387 1.
990 1361 1020 1387 II.
1042 1358 1043 1383 Ῐ

178 1408 246 1440 ⁰1).
271 1405 331 1432 Non
355 1406 380 1431 iu
404 1410 493 1442 partes
513 1415 664 1442 operarum.
689 1406 736 1432 sed
760 1407 786 1432 in
809 1415 944 1431 numerum
964 1406 1021 1437 (cc-

177 1449 265 1479 dere.)
291 1448 319 1475 t'r.
340 1450 381 1474 54.
407 1459 446 1485 pr.
469 1449 494 1482 §.
516 1450 538 1474 1.
563 1448 595 1475 (18
614 1448 646 1475 V.
667 1449 698 1474 0.
719 1451 761 1475 45,
784 1451 805 1474 l.
843 1448 902 1475 Non
927 1449 952 1474 in
976 1457 1021 1473 nu·
1042 1462 1044 1467 ·

177 1502 258 1523 mero,
278 1491 325 1517 sed
345 1492 370 1517 in
389 1491 508 1528 pondere
527 1492 595 1524 (erat
608 1493 648 1518 vis
663 1497 687 1518 et
702 1497 820 1529 potestas
841 1502 931 1518 eorum
950 1501 1021 1517 num-
1042 1475 1044 1510 ¹

178 1536 300 1566 morum.)
320 1533 377 1560 Gai.
392 1534 410 1560 1.
426 1536 483 1560 122.
512 1534 623 1561 Massam
643 1540 789 1571 argenteam
804 1535 899 1563 dicere.
919 1539 945 1560 et
959 1544 1021 1571 pon-

178 1577 227 1604 dus
247 1587 353 1614 ponere.
374 1593 406 1596 —
431 1577 531 1613 Signati
551 1579 649 1613 argenti
669 1588 803 1604 numerum
823 1577 970 1615 complecti.
991 1576 1019 1603 fr.
1043 1567 1044 1578 ¹

180 1622 220 1646 19.
240 1621 277 1654 §§.
297 1622 321 1646 2.
343 1630 381 1656 sq.
403 1619 435 1646 (18
454 1620 514 1646 furt.
534 1622 575 1647 47.
595 1623 619 1646 2.
657 1620 785 1649 Pondere.
806 1637 837 1640 -
857 1630 974 1652 numen),
989 1636 1020 1639 —
1043 1653 1044 1656 Ἴ

179 1672 300 1689 mensura
321 1664 480 1696 (consistere
494 1664 555 1696 ctc.)
576 1663 624 1689 Gai
647 1663 676 1689 II.
693 1665 747 1690 196.
768 1663 809 1690 III.
824 1666 865 1690 90.
886 1663 970 1690 11:138.
990 1662 1022 1689 dc
1043 1657 1044 1689 i

179 1705 257 1732 iudic.
282 1708 306 1731 5.
328 1708 348 1731 l.
375 1705 404 1731 l'r.
424 1707 447 1731 2.
473 1706 494 1739 ξ.
516 1708 538 1732 l.
564 1706 595 1732 de
621 1706 650 1732 R.
671 1706 701 1733 C.
727 1709 766 1733 12.
788 1709 810 1732 1.
848 1706 964 1742 Aliquod
990 1716 1021 1732 ex
1043 1692 1045 1705 ¹

180 1749 351 1785 (mancipiis.)
372 1764 403 1767 —
424 1747 520 1774 Plenus
540 1759 662 1775 numerus
683 1760 780 1776 corum.
804 1749 833 1776 fr.
853 1752 895 1776 21.
916 1749 948 1776 de
967 1754 1021 1786 opt.
1043 1769 1045 1782 4

180 1790 255 1827 legat.
275 1792 315 1817 33.
335 1793 358 1817 5.
396 1790 438 1817 III.
452 1793 518 1819 Cn.
538 1791 571 1817 Et
592 1793 719 1829 temporis
739 1792 924 1821 diuturnitate,
946 1809 974 1812 —
997 1797 1022 1818 et
1043 1787 1045 1824 l

179 1844 288 1860 numero
308 1833 450 1860 liberorum
471 1839 618 1860 vestrorum
639 1836 815 1867 (move—mur.)
841 1835 870 1861 l'r.
891 1836 931 1860 57.
955 1835 977 1868 ᾗ,
1000 1836 1021 1860 l.

180 1877 213 1903 de
233 1877 263 1903 Ii.
284 1876 314 1902 N.
334 1878 375 1902 23.
395 1878 419 1902 2.
456 1875 485 1902 In
505 1886 580 1912 quem
600 1882 739 1913 utrumque
764 1879 908 1909 concurrit,
936 1883 961 1904 (ἰ
981 1877 1022 1903 ha-

180 1920 252 1946 bitus
273 1920 392 1956 corporis
413 1924 438 1945 et
462 1929 584 1945 uumerus
609 1930 742 1946 annorum.
769 1920 830 1957 le.
850 1921 894 1947 XI.
914 1923 955 1947 25.
993 1920 1022 1946 Si
1043 1933 1045 1945 l

180 1962 270 1999 plures
290 1962 387 1988 suerint
407 1966 489 1988 testes
509 1962 633 1990 adhibiti.
653 1963 752 1989 suflicit
772 1963 915 1990 solemnem
935 1974 1022 1989 nume·
1044 1951 1045 1962 ¹

180 2014 237 2031 rum
257 2004 386 2031 exaudire.
409 2005 438 2031 fr.
459 2007 500 2031 21.
520 2015 558 2042 pr.
580 2007 630 2041 Qu.
652 2011 754 2032 testam.
776 2006 822 2033 fac.
843 2017 867 2043 p.
887 2010 928 2033 28.
946 2009 967 2033 l.
993 2006 1021 2032 Si

179 2058 303 2074 numerus
324 2047 433 2074 Ordinis
454 2048 547 2085 plenus
567 2050 608 2075 sit.
629 2049 658 2074 fr.
678 2053 701 2075 2.
722 2059 760 2085 pr.
782 2049 814 2075 de
833 2049 965 2076 decurion.
980 2052 1021 2075 50.

179 2093 204 2117 2.
241 2090 310 2116 Intra
330 2101 465 2117 numerum
486 2090 636 2127 legitimum.
660 2102 680 2117 s.
701 2097 840 2124 statutum,
860 2103 881 2119 s.
902 2093 1022 2130 praelini-

182 2138 244 2159 ωσι.
265 2133 336 2160 Paul.
351 2133 394 2160 lv.
417 2136 438 2160 ι.
459 2134 480 2168 §.
502 2136 540 2160 16.
561 2134 617 2161 Gai.
630 2134 647 2160 1.
664 2136 703 2161 43.
718 2137 758 2161 45.
776 2137 831 2162 139.
852 2137 880 2162 fr.
901 2138 942 2162 41.
963 2136 983 2169 ς.
998 2137 1021 2161 2.

183 2175 215 2202 de
235 2182 348 2203 excusat.
368 2179 409 2203 27.
432 2179 453 2202 1.
474 2176 504 2202 fr.
526 2179 548 2203 l.
569 2177 601 2203 de
621 2177 689 2204 decr.
711 2178 741 2204 ab
757 2178 822 2204 Ord.
842 2181 882 2205 50.
903 2180 926 2205 9.
964 2178 1023 2204 Plu-

184 2219 283 2244 ratis-us
302 2229 434 2246 numerus
457 2219 487 2246 fr.
510 2222 566 2246 148.
587 2220 619 2246 (18
638 2220 669 2247 V.
690 2221 716 2247 S.
737 2223 778 2247 50.
800 2223 839 2247 16.
876 2221 953 2248 Ratio
972 2221 1023 2257 Py-

184 2261 315 2297 thagoraci
334 2264 432 2289 numeri
453 2262 520 2295 (hoc
539 2263 643 2289 videtur
662 2263 823 2297 admittere.)
844 2264 915 2290 Paul.
936 2264 979 2290 IV.
999 2266 1022 2290 9.

184 2305 204 2337 §.
229 2306 252 2329 5.
290 2303 319 2329 In
342 2314 474 2331 numerum
501 2312 552 2335 (sc.
577 2306 733 2337 tutelarum)
759 2307 910 2343 procedere.
938 2306 1022 2333 tatic.

184 2348 204 2380 §.
228 2348 283 2372 127.
304 2362 335 2365 -
355 2347 385 2379 §·
408 2349 442 2374 2.
465 2349 565 2380 Ordo,
587 2352 705 2381 Genus,
727 2352 888 2376 Condieio.
926 2349 944 2375 1.
961 2351 1022 2384 Sy.

185 2389 319 2416 Condiuo.
340 2388 395 2414 Gai.
410 2388 427 2414 Ῑ.
444 2391 482 2416 12.
496 2401 536 2428 sq.
557 2391 617 2429 le.
632 2392 649 2418 1.
667 2394 704 2418 ll.
743 2392 842 2418 Genus
863 2392 892 2418 fr.
904 2394 944 2418 55.
965 2393 985 2426 §.
1001 2394 1022 2418 7.
1045 2404 1046 2431 ἶ

185 2432 215 2458 fr.
235 2433 275 2458 56.
297 2432 328 2457 de
348 2430 379 2457 V.
401 2430 426 2457 S.
447 2434 488 2458 50.
508 2435 547 2460 16.
585 2435 699 2471 Corpus.
720 2435 749 2461 sr.
767 2438 790 2461 2.
811 2436 847 2469 ἓξ.
867 2437 908 2461 25.
929 2445 969 2471 sq.
991 2435 1023 2461 (18

185 2475 218 2500 Ο.
239 2474 256 2500 I.
284 2477 305 2500 l.
325 2477 349 2501 2.
374 2474 439 2500 Nov.
460 2474 509 2502 Th.
528 2476 557 2502 11.
578 2477 610 2503 de
630 2478 690 2504 bon.
710 2478 848 2504 fatu-icens.
870 2477 886 2503 1.
907 2479 930 2504 4.
958 2488 978 2504 c.
1000 2480 1022 2504 l.

184 2528 223 2555 pr.
238 2517 260 2548 ξ.
274 2519 297 2542 2.
327 2517 422 2545 Causa.
441 2516 522 2548 Loco,
541 2518 654 2546 Numero
674 2524 755 2552 (esse.
770 2531 793 2546 v.
807 2521 920 2552 haberi.)
940 2521 968 2547 fr.
980 2523 1022 2548 39.

185 2570 223 2597 pr.
245 2561 274 2585 Ir.
294 2561 334 2585 53.
355 2560 387 2586 dc
407 2560 436 2586 li.
457 2559 488 2586 N.
508 2562 548 2587 23.
568 2564 591 2588 2.
613 2563 641 2589 sr.
661 2565 684 2589 2.
705 2563 726 2596 ᾗ.
746 2564 770 2589 3.
791 2563 823 2589 de.
843 2568 896 2601 opt.
918 2563 965 2599 leg.
981 2565 1022 2590 33.

185 2605 207 2629 5.
228 2602 257 2628 l'r.
281 2604 302 2628 l.
322 2602 354 2628 de
378 2604 430 2629 trit.
451 2604 511 2629 vino
531 2604 572 2629 33.
592 2605 615 2630 6.
640 2605 670 2631 fr.
689 2607 748 2632 206.
769 2606 801 2632 (18
822 2606 851 2633 V.
873 2606 899 2633 S.
919 2609 960 2633 50.
982 2609 1021 2633 16.

185 2645 228 2672 III.
250 2647 315 2672 Cn.
340 2645 430 2682 Itaque
454 2651 479 2671 et
503 2656 530 2671 ca
549 2648 658 2683 pecunia
679 2665 708 2669 —
733 2649 824 2675 eodem
844 2660 953 2675 numero
973 2655 1020 2676 est.

186 2688 299 2724 Gai.‚lll.
322 2689 376 2714 12⁴.
414 2687 443 2714 Iu
462 2698 514 2724 quo
534 2699 640 2714 numero
661 2695 708 2721 est,
728 2693 772 2727 qui
786 2697 834 2718 etc.
855 2692 1021 2719 11).111,202.

186 2731 314 2767 Quamvis
338 2732 391 2756 siut
415 2741 447 2757 ex
465 2741 572 2757 numero
592 2742 677 2757 rerum
696 2733 904 2771 incorporalium.
935 2735 971 2763 lb.
990 2735 1021 2763 II.

187 2776 227 2801 17.
263 2774 303 2800 Ex
323 2784 430 2799 numero
450 2775 544 2800 civium
564 2774 593 2800 11.
614 2774 680 2800 tolli.
706 2775 742 2801 lb.
762 2776 779 2802 1.
801 2780 856 2805 128.
894 2778 947 2814 Qui
968 2779 1021 2811 (sc.

187 2815 284 2851 Latini)
298 2818 420 2854 proprios
437 2816 551 2854 populos
564 2818 738 2854 propriasque
752 2819 870 2847 civitates
883 2820 1021 2854 habebant,

1835 161 1896 192 637

1061 251 1085 273 et
1109 246 1305 284 peregrinorum
1330 255 1437 272 numero
1463 245 1579 277 (erant.)
1603 244 1640 270 11).
1660 243 1677 270 1.
1703 244 1743 269 79.
1786 243 1898 268 Sum-um

1060 289 1185 315 heredum
1205 299 1312 315 numero
1329 299 1395 315 esse.
1411 305 1442 308 -—
1461 289 1653 315 Extraneorum
1672 296 1780 313 numero
1800 285 1897 311 haberi.

1060 332 1095 358 lb.
1116 332 1145 359 11.
1162 333 1218 358 137.
1234 333 1290 358 140.
1307 334 1363 358 161.
1384 332 1444 369 le.
1464 332 1546 358 XXII.
1569 334 1608 358 15.
1646 330 1813 366 Quadrupe8‚
1833 338 1899 364 quae

1059 375 1188 412 pecudum
1209 385 1316 401 numero
1336 376 1378 401 sit.
1399 391 1430 394 ——
1451 374 1588 405 Animalia,
1607 384 1672 411 quae
1692 373 1834 399 bestiarum
1853 380 1898 397 nu-

1060 428 1131 444 mero
1151 423 1220 444 sunt.
1241 417 1297 444 Gai.
1318 418 1336 444 I.
1358 420 1414 444 120.
1434 417 1463 444 11.
1486 419 1525 443 16.
1546 417 1587 443 III.
1601 419 1660 443 210.
1674 418 1733 442 217.
1753 415 1814 452 le.
1827 413 1898 440 XIX.

1062 463 1083 487 1.
1105 476 1135 480 -
1156 462 1187 494 ξ.
1207 462 1244 487 3.
1266 462 1351 488 Ordo
1371 463 1530 492 militiae,
1550 462 1652 486 Locus
1671 465 1777 486 certus
1797 461 1829 485 in
1848 467 1899 484 ca-

1061 507 1172 539 talogo
1197 514 1357 530 munerum
1380 506 1583 538 publicorum
1606 509 1634 529 et
1657 504 1819 529 honorum.
1855 499 1898 526 III.

1062 548 1127 574 Cn.
1147 546 1206 573 Non
1225 556 1301 573 unam
1321 546 1464 578 cohortem,
1484 556 1568 582 neque
1588 556 1662 571 uuam
1682 545 1757 576 alam,
1776 544 1899 578 (dicimus

1062 590 1264 621 ..exercitu1u“‚)
1284 589 1331 615 sed
1351 599 1474 616 numeros
1493 588 1590 615 multos
1610 588 1727 614 militmn.
1749 588 1778 614 fr.
1796 589 1820 613 2.
1839 586 1861 620 ξ.
1877 588 1899 612 l.

1062 633 1093 659 de
1112 633 1137 659 h.
1158 643 1200 669 qu.
1224 638 1277 659 not.
1303 632 1389 659 iufam.
1409 634 1432 659 3
1452 634 1476 658 2.
1521 632 1549 658 Si
1574 632 1632 668 quis
1658 631 1768 657 militum
1793 640 1825 656 ex
1848 628 1899 655 alio

1061 686 1168 702 numero
1188 675 1330 702 translatus
1350 677 1384 701 sit
1403 677 1429 702 in
1449 675 1535 701 alium.
1556 674 1585 701 fr.
1602 677 1622 700 1.
1643 675 1663 707 ξ.
1682 678 1706 700 2.
1726 674 1758 700 de
1777 673 1807 699 B.
1820 671 1848 698 P.
1869 681 1900 698 ex

1062 724 1161 745 testam.
1187 719 1240 745 mil.
1259 721 1301 745 37.
1324 721 1362 745 13.
1389 718 1420 745 cs.
1446 718 1475 745 sr.
1494 721 1536 744 38.
1560 718 1582 751 ξ.
1604 719 1625 743 l.
1651 716 1682 742 de
1705 716 1778 742 milit.
1798 720 1899 741 testam.

1060 764 1102 789 29.
1124 764 1146 788 l.
1184 762 1237 797 Qui
1257 772 1419 788 communem
1440 771 1542 788 eausam
1563 761 1647 787 omnis
1667 761 1707 785 sui
1727 759 1825 785 numeri
1844 767 1901 794 pcr-

1062 810 1195 841 sequatur.
1220 805 1249 831 Ir.
1269 806 1293 830 8.
1318 805 1339 838 §.
1359 808 1382 831 2.
1409 804 1441 831 de
1465 814 1568 842 procur.
1589 805 1612 829 3.
1631 804 1655 828 3.
1693 801 1819 833 Tribuni,
1844 801 1901 826 sive

1063 849 1180 879 comites.
1200 847 1241 873 vel
1261 849 1404 885 praepositi
1419 858 1593 874 numerorum.
1614 846 1663 873 Th.
1676 845 1705 872 C.
1717 844 1807 871 Vll.4.
1828 853 1848 869 c.
1859 843 1900 869 36.

1063 891 1094 917 dv
1114 901 1183 926 erog.
1203 890 1256 916 mil.
1277 901 1370 917 annon.
1408 891 1532 917 Omnium
1551 900 1726 920 numerorum.
1747 889 1803 914 sive
1821 885 1902 912 vexil-

1062 934 1202 965 lationum,
1222 939 1266 959 aut
1285 935 1360 960 etiam
1381 933 1530 960 scholarum
1550 933 1657 959 tribuni.
1685 932 1721 958 11).
1746 941 1767 957 c.
1787 932 1828 956 23.
1848 928 1864 955 I.
1884 927 1900 954 I.

1063 977 1181 1003 Actuarii
1201 976 1384 1013 palatinorum.
1404 982 1427 1002 ‹·t
1449 977 1657 1003 comitatensium
1671 983 1845 1001 numerorum.
1864 971 1901 998 11).

1063 1019 1130 1046 VIII.
1153 1021 1191 1045 10.
1212 1030 1233 1045 c.
1251 1022 1289 1046 10.
1310 1019 1341 1045 de
1361 1030 1487 1046 numerar.
1526 1020 1579 1055 Qui
1599 1020 1624 1045 in
1644 1018 1801 1054 legionibus,
1820 1014 1864 1042 vel
1877 1016 1903 1041 in

1063 1064 1178 1089 numeris
1198 1062 1390 1099 (deputentur.)
1415 1063 1451 1088 11),
1472 1062 1538 1089 VIII.
1560 1064 1583 1088 7.
1608 1073 1628 1089 c.
1650 1064 1689 1087 12.
1710 1061 1743 1087 de
1762 1061 1814 1087 div.
1833 1058 1903 1085 offic.

1064 1106 1168 1133 Priores
1182 1106 1292 1134 numeri.
1306 1110 1331 1131 et
1345 1105 1495 1131 chartularii
1509 1106 1606 1131 scrinii.
1627 1104 1672 1131 Iul.
1685 1115 1724 1141 ep.
1739 1114 1797 1130 nov.
1813 1113 1833 1129 c.
1846 1102 1904 1127 108.

1063 1150 1084 1183 ξ.
1104 1150 1163 1175 387.
1201 1148 1318 1183 Agendis
1338 1150 1453 1174 numeris
1475 1147 1623 1180 (biennales
1642 1152 1724 1174 metas
1743 1144 1904 1175 statuendas,

1040 1182 1042 1220 l
1064 1203 1100 1218 sc.
1121 1191 1296 1222 Primicerio.)
1317 1202 1337 1218 c.
1357 1194 1380 1218 2.
1401 1191 1433 1217 (18
1453 1192 1583 1228 primicer.
1605 1192 1643 1216 12.
1664 1192 1686 1216 7.

1099 1234 1341 1262 Nuufianum.
1379 1234 1420 1261 Cf.
1442 1244 1463 1261 v.
1484 1234 1646 1260 Nomianum.

1099 1278 1275 1305 Nulnida.
1313 1280 1426 1304 Incola
1447 1279 1628 1304 Numidiae.
1666 1275 1709 1301 III.
1731 1276 1796 1302 Cn.
1816 1272 1905 1299 Numi-

1065 1321 1112 1347 dae
1133 1325 1158 1346 vt
1178 1319 1267 1346 Mauri.
1284 1336 1315 1339 --
1334 1319 1446 1346 Numida
1465 1319 1644 1357 provincialis.
1665 1318 1732 1345 Nov.
1746 1315 1859 1343 Val.111.
1873 1315 1905 1341 de

1066 1364 1155 1390 tribut.
1176 1363 1231 1389 fise.
1253 1362 1282 1389 ll.
1304 1365 1343 1389 19.
1364 1373 1385 1389 c.
1408 1365 1429 1389 1.
1450 1373 1489 1400 pr.

1100 1406 1292 1433 Numidia.
1342 1408 1446 1441 Regio
1484 1408 1624 1442 Africae
1660 1405 1905 1431 mediterranea.

1065 1449 1107 1476 III.
1128 1451 1194 1476 sn.
1214 1448 1351 1474 Numidiae
1371 1448 1492 1485 Legatus.
1513 1449 1543 1475 fr.
1560 1451 1582 1475 7.
1603 1449 1635 1475 de
1654 1447 1730 1483 legat.
1750 1450 1845 1483 praest.
1865 1445 1906 1469 37.

1065 1495 1089 1518 5.
1127 1492 1189 1518 Dux
1209 1491 1320 1517 militum
1340 1491 1521 1529 Tripolitanae
1545 1491 1705 1529 provinciae.
1725 1505 1757 1508 —-
1776 1488 1838 1514 Dux
1856 1487 1907 1521 By-

1066 1546 1175 1561 zacenac
1200 1545 1273 1571 prov.
1295 1549 1326 1553 —-
1351 1534 1412 1561 Dux
1432 1534 1578 1561 Numidiae.
1597 1548 1631 1553 —
1651 1533 1712 1559 Dux
1731 1531 1906 1558 Mauritaniae.

1067 1589 1086 1605 c.
1110 1581 1131 1605 1.
1151 1578 1173 1612 ξ.
1192 1580 1216 1604 2.
1238 1588 1259 1604 c.
1278 1580 1302 1604 2.
1323 1578 1343 1611 §
1366 1579 1387 1603 l.
1409 1577 1440 1604 de
1460 1578 1504 1603 off.
1524 1577 1575 1603 Prs.
1597 1576 1638 1603 Pr.
1658 1575 1713 1602 Al‘r.
1735 1576 1756 1600 1.
1776 1575 1817 1599 27.

1101 1621 1310 1649 Numisma.
1348 1622 1491 1648 Pecunia
1518 1622 1663 1655 signatu.
1706 1618 1723 1644 1.
1743 1618 1805 1651 Sy.
1829 1615 1908 1642 Num-

1067 1675 1132 1691 inuS.
1153 1664 1203 1691 Th.
1224 1664 1253 1691 C.
1274 1664 1318 1690 lx.
1338 1666 1379 1690 21.
1401 1674 1421 1690 e.
1444 1665 1464 1690 1.
1486 1674 1506 1689 c.
1525 1665 1549 1689 3.
1569 1673 1608 1699 sq.
1630 1662 1662 1688 de
1681 1661 1738 1688 fals.
1758 1669 1826 1686 mon.
1862 1657 1907 1684 III.

1068 1709 1133 1735 Cn.
1154 1707 1344 1733 Numismatum
1366 1706 1408 1740 [al.
1429 1706 1630 1738 Nomismatum]
1654 1713 1790 1731 aureorum
1809 1701 1852 1727 vel
1871 1710 1908 1727 ar-

1066 1755 1219 1787 genteorum
1247 1755 1378 1780 veterum,
1410 1748 1506 1785 quibus
1534 1758 1582 1785 pro
1610 1748 1718 1784 gemmis
1748 1747 1784 1772 uti
1812 1744 1908 1774 solcnt,

1067 1793 1200 1826 (ususl'r.)
1225 1792 1254 1819 sr.
1274 1795 1313 1818 28.
1339 1792 1371 1818 dc
1396 1791 1477 1817 usufr.
1500 1793 1522 1817 7.
1544 1793 1565 1817 l.
1604 1791 1679 1826 Quae.
1699 1789 1814 1826 Philippi
1838 1791 1908 1815 sunt-

1068 1837 1182 1872 itemque
1201 1837 1355 1861 numismata
1376 1834 1423 1867 [al.
1445 1834 1629 1867 nomismata,]
1651 1838 1676 1860 et
1695 1832 1796 1859 similia.
1817 1830 1848 1858 fr.
1866 1832 1908 1856 27.

1044 1906 1045 1910 ,
1067 1880 1088 1913 §.
1109 1882 1132 1905 4.
1153 1878 1186 1904 (18
1206 1888 1268 1904 auro
1288 1888 1339 1913 arg.
1358 1879 1400 1903 34.
1420 1880 1444 1903 2.

1101 1921 1357 1948 Nunnnarius.
1395 1920 1532 1953 (Adiect.)
1569 1922 1600 1955 ξ.
1621 1922 1655 1947 1.
1676 1919 1819 1947 Pecunia
1839 1927 1908 1943 con·

1067 1971 1174 1996 stans,
1199 1965 1418 1991 Pecuuiurius
1469 1963 1499 1989 11.
1519 1965 1587 1998 Op.
1615 1962 1743 2000 Capitalis
1771 1970 1854 1987 causa.
1877 1975 1907 1979 -—-

1068 2006 1215 2033 Nummaria
1239 2016 1289 2033 res.
1315 2006 1355 2032 CI'.
1376 2016 1399 2031 v.
1421 2006 1558 2043 Capitalis.
1583 2007 1604 2040 §.
1629 2009 1648 2033 1.
1685 2006 1765 2032 Extra
1790 2003 1908 2029 ordinem

1043 2043 1045 2051 ¹
1067 2049 1266 2076 animadversio.
1289 2066 1318 2070 —
1340 2048 1426 2075 Poena
1446 2050 1595 2075 nummaria.
1623 2048 1692 2076 coll.
1712 2047 1764 2074 LL.
1784 2046 1817 2073 M.
1836 2043 1907 2071 XIV.

1066 2095 1090 2119 2.
1128 2092 1170 2119 III.
1187 2094 1252 2120 Cn.
1274 2092 1386 2127 Quoties
1407 2092 1439 2118 de
1459 2093 1514 2118 iure
1534 2092 1662 2129 capiendi,
1682 2091 1723 2117 vel
1744 2090 1775 2116 dn
1794 2090 1850 2115 iure
1864 2087 1908 2114 do-

1066 2137 1148 2165 minii.
1167 2135 1210 2162 vel
1230 2135 1262 2162 de
1282 2135 1367 2171 aliqua
1389 2145 1465 2161 causa
1489 2135 1568 2161 simili
1592 2145 1620 2161 re
1643 2134 1784 2161 nummaria
1804 2140 1908 2168 quaera-

1068 2183 1116 2204 tur.
1137 2178 1167 2204 fr.
1187 2181 1211 2205 2.
1231 2179 1253 2212 ξ.
1267 2181 1290 2204 2.
1312 2178 1344 2204 dc
1363 2179 1419 2204 iure
1439 2178 1502 2204 fisci.
1519 2180 1560 2204 49.
1582 2179 1619 2203 14.
1658 2177 1717 2203 Non
1736 2177 1758 2203 si
1778 2176 1908 2209 utrimque

1044 2238 1046 2246 t
1067 2231 1151 2258 poena
1172 2222 1320 2253 nummaria.
1341 2220 1389 2246 sed
1409 2221 1430 2246 si
1451 2226 1476 2246 et
1496 2220 1545 2246 alia
1564 2230 1606 2246 res
1620 2221 1677 2246 vice
1691 2229 1791 2257 poenae
1804 2233 1836 2238 -
1849 2225 1907 2253 pro-

1068 2264 1147 2289 missa
1171 2265 1213 2290 sit.
1240 2264 1270 2290 [ι’.
1293 2266 1331 2290 ll.
1356 2264 1377 2297 ξ.
1397 2265 1420 2289 2.
1447 2263 1479 2289 de
1503 2273 1554 2289 rec.
1575 2273 1617 2299 qu.
1642 2263 1696 2290 arb.
1716 2265 1739 2290 4.
1759 2263 1782 2288 8.
1819 2259 1907 2286 Pretio

1068 2308 1211 2333 nummario
1231 2317 1283 2333 non
1304 2305 1471 2337 aestimanda.
1495 2316 1542 2332 nec
1561 2305 1767 2336 dehonestanda,
1787 2302 1908 2335 (sanctis—

1068 2350 1131 2375 sima
1157 2351 1226 2381 res.)
1255 2349 1284 2375 fr.
1308 2351 1328 2375 l.
1354 2349 1374 2382 ξ
1395 2351 1418 2374 5.
1444 2348 1475 2374 de
1501 2353 1565 2374 extr.
1592 2359 1665 2383 cogn.
1690 2350 1730 2374 50.
1753 2348 1791 2372 13.
1834 2344 1907 2370 quta

1068 2394 1209 2418 nummaria
1229 2392 1314 2418 dvfixa
1335 2393 1424 2428 pretia.
1446 2391 1494 2417 Th.
1516 2391 1546 2417 C.
1568 2384 1665 2418 Ytls4.
1687 2401 1707 2416 c.
1723 2392 1764 2416 29.
1785 2388 1817 2415 de
1837 2396 1905 2422 erog.

1068 2435 1121 2462 mil.
1141 2445 1235 2461 aunon.
1261 2452 1289 2455 —
1317 2436 1347 2467 ς’.
1368 2436 1403 2460 ².
1428 2436 1591 2461 Pecuniae
1615 2436 1759 2464 studens,
1785 2432 1906 2458 Merce-

1067 2481 1190 2504 narius.
1228 2478 1269 2504 III.
1285 2479 1350 2504 Cn.
1371 2477 1497 2503 Gerulum
1517 2477 1634 2503 iubemus
1650 2486 1709 2502 esse
1722 2474 1906 2503 castissimum,

1068 2521 1168 2547 iudices
1188 2522 1347 2547 nmumarios
1367 2530 1425 2546 esse
1444 2520 1628 2557 prohibemus,
1649 2518 1748 2544 iudices
1768 2517 1906 2543 statuimus

1068 2574 1127 2590 esse
1147 2563 1285 2590 sollicitos.
1306 2563 1342 2590 Ib.
1363 2563 1430 2590 Vlll.
1452 2565 1489 2589 ll.
1511 2573 1532 2588 c.
1552 2564 1574 2588 4.
1596 2572 1627 2587 ue
1648 2571 1690 2597 qu.
1709 2560 1771 2598 pub.
1790 2559 1872 2586 laetit.

1102 2607 1398 2633 Nummularius.
1429 2605 1558 2638 (Subst.)
1590 2605 1796 2635 Mensarius,
1817 2604 1906 2629 Cam-

1064 2660 1147 2683 psor.
1184 2649 1202 2675 I.
1218 2650 1279 2684 Sy.
1298 2649 1480 2675 Mensularius.
1501 2646 1541 2673 Cf.
1557 2646 1581 2672 h.
1596 2657 1619 2672 v.
1641 2646 1683 2673 111.
1698 2648 1763 2674 Cn.
1783 2645 1906 2672 Nummu—

1067 2692 1138 2723 larii.
1159 2693 1227 2718 sicut.
1247 2693 1397 2729 argentarii.
1418 2691 1531 2717 rationes
1552 2690 1707 2721 conficiunt3
1734 2690 1778 2726 qui
1798 2694 1823 2715 et
1842 2689 1906 2714 acci—

1066 2736 1142 2772 piunt
1161 2736 1310 2772 pecuniam,
1335 2739 1360 2760 et
1383 2738 1489 2769 erogant
1508 2743 1555 2769 per
1573 2738 1670 2770 partes.
1694 2733 1724 2760 fr.
1743 2734 1767 2759 9.
1788 2733 1810 2766 §.
1829 2734 1853 2758 2.
1873 2730 1905 2756 de

1067 2777 1159 2804 edend.
1184 2780 1208 2804 2.
1235 2780 1273 2804 13.
1301 2777 1332 2804 cf.
1358 2777 1388 2803 fr.
1414 2778 1436 2802 l.
1461 2776 1481 2809 ᾗ.
1502 2777 1526 2802 9.
1551 2775 1583 2802 de
1607 2776 1650 2803 off.
1674 2775 1726 2803 Prf.
1750 2775 1796 2802 Vr.
1817 2776 1839 2800 1.
1866 2775 1903 2798 12.

1067 2820 1096 2847 fr.
1110 2822 1152 2847 39.
1168 2821 1199 2848 (18
1214 2820 1292 2847 solut.
1307 2821 1347 2846 46.
1361 2821 1384 2846 3.
1414 2819 1526 2855 Quoties
1540 2819 1598 2846 foro
1618 2819 1713 2846 cedunt
1732 2817 1903 2845 nummularii.
