2197 3121
1023 168 1128 201 MAG.

206 252 272 279 Cn.
303 251 386 278 Actor
410 253 537 284 civitatis,
562 262 610 279 nec
633 251 756 287 magister
780 250 972 282 universitatis,
997 260 1045 277 nec

206 299 310 321 curator
338 295 414 321 bonis
439 305 571 322 consensu
596 294 755 321 creditorum
781 293 866 319 datus.
894 292 924 319 fr.
949 295 972 319 9.
997 298 1044 320 rat.

205 347 259 363 rem
279 337 337 364 hab.
356 340 397 364 46.
418 340 441 365 8.
462 339 494 365 cf.
519 338 549 365 fr.
572 339 610 364 14.
636 337 668 364 de
687 341 755 374 pact.
774 338 798 362 2.
820 337 860 362 14.
897 335 971 362 lubet
990 336 1044 369 (sc.

205 379 329 413 Praetor)
350 382 490 408 convenire
510 380 668 411 creditores,
695 384 720 405 et
740 389 771 406 ex
791 389 821 404 eo
842 388 949 404 numero
969 379 1045 415 magi-

205 427 288 449 strum
308 425 398 450 creari.
418 423 474 451 Gai.
494 424 511 451 1.
532 423 548 450 1.
585 423 614 450 Si
633 422 764 449 mercibus
784 421 900 448 emendis
923 420 965 447 vel
984 431 1045 447 ven-

205 465 299 492 dendis
321 466 397 492 fuerit
415 468 582 504 praepositus
602 466 758 502 (magister.)
777 465 808 491 fr.
824 467 845 491 l.
865 464 886 498 ξ.
906 466 929 491 3.
949 464 982 490 de
1001 474 1044 490 ex-

205 518 256 534 erc.
277 513 324 535 act.
341 510 379 535 14.
396 510 416 535 1.
446 509 546 547 Caupo,
567 513 610 535 aut
623 510 745 545 magister
759 508 840 534 navis.
861 506 891 533 fr.
907 508 946 532 14.
966 507 987 541 ξ
1004 508 1043 533 17.

205 550 237 577 de
256 551 316 578 furt.
335 553 376 577 47.
395 553 419 578 2.
452 552 557 587 Quodsi
571 568 601 571 —
617 562 629 578 a
649 552 781 588 magistro,
800 549 842 577 vel
861 549 1043 585 gubernatore,

204 598 248 619 aut.
267 598 380 631 proreta,
400 599 511 620 nautave
530 594 617 631 aliquo
639 595 734 621 factum
753 594 794 620 sit.
815 593 845 619 fr.
867 594 905 619 ll.
925 593 947 626 ξ.
966 594 990 619 2,
1011 592 1043 619 de

204 636 335 673 publican.
355 638 396 663 39.
417 640 441 663 4.
462 637 493 663 cf.
514 637 544 664 fr.
566 639 605 664 13.
626 638 646 671 ξ
666 640 690 664 2.
710 637 786 663 locat.
808 637 847 662 19.
866 637 890 662 2.
911 651 942 655 —
963 636 1042 669 §.³.

203 681 418 714 Praeceptor,
438 681 570 706 Ductor.
608 679 627 707 Ι.
646 681 708 714 Sy.
736 679 907 716 Praeceptor,
927 678 1042 704 Docens.

203 721 245 748 Cf.
265 732 288 748 v.
308 722 420 749 Docere.
440 723 462 756 §.
482 724 506 749 3.
543 722 586 748 111.
606 724 671 750 Gn.
690 721 815 758 Magistri,
832 738 860 742 ——
882 723 943 748 item
963 732 1044 758 gram-

202 766 302 797 matici,
327 770 353 791 et
372 770 504 796 oratores.
530 770 555 791 et
573 765 673 791 medici.
703 764 732 791 fr.
755 765 794 790 18.
819 764 840 798 ξ.
860 766 901 791 30.
922 764 954 791 de
973 775 1042 791 mun.

202 812 228 834 et
247 807 307 834 hon.
327 810 369 835 50.
389 810 412 834 4.
449 808 518 835 Ludi
538 808 657 834 litterarii
677 807 800 843 magistri.
825 806 856 833 fr.
878 809 900 834 1.
925 807 947 841 §.
967 808 990 834 6.
1011 807 1043 833 de

202 855 266 877 extr.
292 861 365 887 cogn.
390 853 431 877 50.
457 852 497 877 13.
535 850 650 886 Magistri
674 850 835 881 studiorum,
859 849 1043 886 doctoresque.

202 892 252 919 Th.
273 892 303 920 C.
324 893 392 920 XIII.
413 895 436 920 3.
462 904 483 920 e.
503 895 525 920 5.
551 893 583 919 de
607 892 699 919 medic.
724 898 749 919 et
768 893 835 930 prof.
873 893 901 920 Si
921 894 1044 929 magister

200 937 227 962 in
251 936 390 973 disciplina
414 936 592 963 vulneraverit
615 945 727 962 servum.
757 936 787 963 fr.
812 938 835 962 5.
868 937 890 970 ξ.
910 938 933 963 3.
961 936 992 962 ad
1012 935 1042 962 L.

199 979 267 1015 Aqu.
288 981 311 1006 9.
330 981 355 1005 2.
393 979 468 1014 Quae
488 980 540 1012 (sc.
561 980 722 1011 ornatrices)
744 995 773 999 —
803 978 871 1017 apud
890 980 1042 1015 magistrum

199 1022 314 1048 fuerunt.
335 1021 365 1049 fr.
381 1023 422 1048 65.
442 1022 463 1056 §.
477 1023 501 1048 3.
522 1021 554 1048 de
574 1020 648 1057 legat.
669 1021 712 1048 111.
733 1023 800 1054 (32.)
838 1022 1042 1059 Superstitionis

199 1065 316 1100 magistri
336 1065 434 1102 pariter
458 1068 483 1090 et
505 1064 627 1091 ministri.
661 1064 710 1091 Th.
731 1064 762 1091 C.
782 1064 853 1091 XVI.
873 1067 897 1091 5.
921 1075 940 1091 c.
961 1066 985 1091 5.
1010 1064 1042 1091 de

199 1107 297 1133 haeret.

234 1149 466 1183 Magisteria.
504 1151 667 1185 Dignitaa
696 1152 858 1185 magistri
884 1151 1042 1187 (officio-

198 1195 291 1223 rum.)
330 1191 372 1218 111.
391 1193 456 1220 Gn.
477 1192 531 1228 Qui
550 1193 778 1228 Ex-Quaesturae
797 1192 905 1225 honore,
925 1198 969 1220 aut
988 1193 1042 1220 effi-

199 1236 253 1262 caci
271 1236 427 1271 magisteria,
448 1235 491 1269 [al.
508 1236 679 1271 magisterio,]
700 1241 743 1262 aut
757 1235 887 1262 Comitiva
904 1237 1041 1273 utriusque

197 1279 289 1305 aerarii
302 1278 386 1304 nostri
397 1293 430 1298 -—
444 1279 589 1314 viguerunt.
610 1278 647 1304 1b.
659 1278 702 1305 Vl.
713 1280 737 1305 9.
757 1289 778 1305 c.
793 1280 817 1305 2.
831 1289 871 1316 pr.
885 1279 917 1305 de
931 1279 1039 1315 Quaest.

197 1331 261 1357 mag.
283 1320 324 1347 Cf.
345 1321 408 1347 lust.
429 1320 460 1347 C.
481 1331 501 1347 c.
519 1323 539 1348 l.
560 1320 618 1347 eod.
640 1323 678 1347 12.
698 1322 721 1347 6.

231 1364 539 1399 magisterianus·
573 1365 757 1400 Officialis
777 1367 936 1400 magistri
955 1367 1040 1401 offi-

196 1408 325 1434 ciorum.
363 1406 404 1433 ΙΙΙ,
425 1408 490 1434 (711.
511 1406 574 1433 Sive
592 1408 777 1443 magisteriani,
797 1409 853 1434 sive
872 1407 1039 1445 praefectiani

196 1449 263 1483 (dati
282 1451 335 1476 sint
355 1450 546 1482 exsecutores.)
568 1449 613 1476 lul.
630 1460 670 1487 ep.
684 1460 744 1477 nov.
766 1460 787 1477 c.
803 1453 860 1477 122.
881 1451 902 1484 ξ.
917 1452 976 1477 528.
997 1450 1038 1477 Cf.

195 1492 231 1519 Io.
251 1491 343 1528 Lydus
363 1492 395 1518 de
414 1493 569 1528 magistratt.
589 1492 629 1519 111.
651 1495 674 1519 7.

230 1535 505 1569 magisterium.
525 1536 555 1568 ξ.
568 1537 603 1562 1.
626 1537 787 1571 Magistri
805 1546 924 1563 munus.
945 1537 964 1563 I.
977 1538 1038 1571 Sy·

195 1578 249 1613 Qui
268 1578 417 1614 magisterio
437 1577 560 1614 fungitur.
597 1578 721 1615 Magister
740 1579 856 1612 (navis.)
882 1579 923 1606 Cf.
944 1590 968 1606 v.
988 1580 1040 1606 Ma-

195 1621 284 1656 gister.
305 1620 327 1654 ξ.
346 1623 370 1647 2.
390 1620 537 1655 Magisteria
557 1626 684 1658 potestas.
705 1620 745 1647 Cf.
760 1631 783 1648 v.
798 1621 971 1658 Magisterius.
996 1622 1038 1649 111.

197 1664 263 1690 Gn.
287 1662 468 1695 Praetoriana,
488 1663 528 1689 vel
550 1664 647 1690 urbana
667 1664 846 1702 praefectura,
866 1665 908 1691 vel
927 1665 1039 1692 militare

196 1707 381 1742 magisterium.
414 1705 464 1732 Th.
485 1705 516 1732 C.
536 1705 579 1733 Vi.
600 1708 623 1733 8.
649 1717 670 1733 c.
693 1709 714 1733 l.
739 1707 771 1734 de
797 1718 886 1745 praep.
907 1708 933 1735 S.
954 1708 1037 1735 cubic.

196 1747 243 1774 Iul.
258 1758 298 1785 ep.
310 1758 368 1774 nov.
389 1759 410 1775 c.
421 1750 462 1775 64.
483 1749 574 1783 §.216.
594 1749 770 1782 Proximatus,
783 1755 808 1777 et
819 1751 940 1777 comitiva
951 1750 1038 1788 dispo-

196 1791 330 1823 sitionum,
349 1790 392 1817 vel
411 1793 588 1827 magisterium
608 1792 805 1819 admissionum.
834 1793 884 1819 Th.
905 1793 935 1819 C.
954 1793 997 1819 Vl.
1013 1796 1037 1820 2.

196 1844 217 1859 c.
241 1835 279 1859 12.
299 1833 331 1859 de
350 1833 438 1860 senat.
460 1839 486 1860 et
505 1834 537 1861 de
556 1834 623 1870 gleb.
643 1851 675 1854 —
696 1836 726 1868 §.
747 1837 782 1862 2.
803 1838 1036 1870 Praeceptum,

194 1878 332 1911 Regula.
370 1876 413 1902 111.
433 1878 498 1904 Cn.
518 1876 594 1903 Alter
613 1879 666 1910 (sc.
688 1877 788 1911 codex)
809 1894 841 1898 —
862 1879 1037 1915 magisterium

194 1920 264 1945 vitae
283 1919 419 1955 suscipiet.
439 1919 476 1945 Ib.
497 1919 514 1945 I.
536 1921 558 1945 1.
579 1930 599 1946 c.
620 1922 644 1946 5.
664 1920 767 1953 (Wctm
788 1921 820 1947 de
839 1926 922 1947 const.
943 1921 982 1948 Pr.

229 1961 482 1996 magisterius.
515 1962 644 1995 (Adicct.)
682 1965 728 1989 Aa
745 1965 941 1999 magistram
964 1965 1036 2000 (of-

189 2005 365 2040 fit-iorum,
392 2007 438 2031 vel
456 2007 631 2037 militum‚)
657 2012 819 2039 spectans.
856 2006 875 2033 1.
896 2008 958 2041 Sy.
986 2007 1037 2034 Ma-

194 2047 299 2082 gisteria
319 2051 451 2083 potestas,
471 2047 656 2084 Magisterium.
685 2048 735 2075 Th.
756 2048 786 2075 C.
806 2048 850 2075 VI.
871 2051 894 2076 7.
920 2060 941 2076 c.
959 2052 982 2076 2.
1005 2051 1036 2077 de

194 2088 246 2115 Prf.
266 2088 307 2116 Pr.
328 2089 371 2116 VI.
391 2091 415 2116 8.
440 2100 461 2116 c.
484 2092 506 2117 1.
526 2090 559 2117 de
577 2101 698 2128 praepos.
720 2091 747 2118 S.
767 2092 851 2118 cubic.
888 2092 1035 2129 Magisteria

195 2131 330 2165 (militum)
349 2137 477 2170 potestas.
514 2133 638 2170 Magister
657 2134 776 2161 militum.
804 2135 842 2161 lb.
861 2135 904 2162 VI.
925 2138 948 2162 8.
969 2146 990 2163 c.
1012 2138 1034 2163 l.

195 2173 212 2199 l.
232 2172 288 2200 Vll.
307 2176 330 2201 8.
350 2186 370 2202 c.
393 2177 432 2202 16.
453 2176 485 2203 de
503 2181 590 2203 metat.
610 2176 671 2203 lust.
693 2177 723 2204 C.
744 2188 764 2205 c.
779 2179 802 2204 3.
823 2188 861 2215 pr.
882 2179 927 2205 ubi
946 2179 1034 2206 Seuat.

195 2225 220 2242 v.
242 2215 351 2243 Clariss.
369 2220 394 2245 3.
414 2220 455 2245 24.
485 2229 506 2246 c.
525 2221 566 2246 33.
591 2219 623 2245 de
647 2230 706 2257 app.
731 2225 756 2247 et
779 2231 851 2247 cons.
872 2223 894 2248 7.
914 2223 955 2248 62.
992 2222 1034 2249 111.

195 2259 261 2286 Cn.
288 2257 423 2297 Principes
442 2267 468 2288 et
487 2263 627 2288 numerarii
647 2273 679 2288 ex
699 2263 787 2289 officio
808 2265 971 2299 magisteriae
989 2276 1036 2303 po-

194 2302 307 2327 testatis.
340 2301 389 2329 Th.
408 2303 438 2330 C.
458 2304 477 2331 I.
502 2306 525 2331 7.
555 2316 576 2332 c.
594 2307 618 2332 3.
639 2304 752 2339 (ch.)
777 2306 809 2332 de
833 2307 876 2333 off.
896 2317 961 2344 mag.
980 2308 1033 2334 mil.

194 2343 261 2370 Nov.
282 2343 331 2370 Th.
352 2344 382 2371 11.
403 2345 434 2372 de
452 2357 500 2374 am.
520 2348 573 2375 mil.
594 2348 642 2374 fori
662 2358 701 2385 pr.
721 2348 739 2374 I.
759 2350 782 2374 9.
803 2359 824 2375 c.
844 2351 868 2376 4.
888 2360 926 2387 pr.

229 2387 423 2421 Magistra·
459 2391 689 2425 Praeceplri.t,
711 2393 866 2418 Fautrix.
903 2392 946 2419 III.
968 2394 1033 2420 Gn.

194 2428 230 2454 Vt
250 2429 360 2466 posthac
380 2430 500 2465 magistra
519 2431 643 2460 falsorum
663 2434 827 2461 consuetudo
847 2434 962 2462 tollatur.
983 2436 1032 2463 Th.

195 2471 225 2497 C.
246 2471 290 2497 IX.
314 2473 351 2498 19.
373 2482 393 2498 c.
413 2474 436 2497 3.
457 2472 489 2498 ad
506 2472 535 2500 L.
556 2474 636 2502 Corn.
657 2477 689 2503 de
709 2476 765 2503 sals.

229 2514 479 2547 Magistratio.
518 2518 681 2553 Magistri
703 2522 828 2553 schola,
853 2530 875 2547 v.
900 2523 1032 2548 audito-

193 2558 284 2583 rium.
322 2555 369 2583 ΙΙΙ.
385 2558 451 2584 Gn·
481 2557 547 2593 QuI,
570 2566 727 2598 usurpantes
752 2562 802 2589 sibi
828 2564 931 2590 nomina
955 2566 1032 2601 magi-

169 2599 171 2603 ’
194 2604 322 2629 strorum,
343 2600 369 2624 in
388 2599 502 2636 publicis
521 2602 758 2636 magistrationibus
778 2605 934 2643 cellulisque
954 2607 1032 2634 colle-

194 2646 251 2668 ctos
270 2641 387 2677 undique
405 2641 551 2680 discipulos
571 2648 619 2670 etc.
639 2644 676 2672 Ib.
695 2647 765 2675 XIV.
779 2650 803 2675 9.
824 2658 845 2675 c.
864 2651 889 2675 3.
909 2649 942 2676 de
961 2650 1030 2677 stud.

193 2683 293 2710 liberal.
314 2684 369 2710 urb.
386 2684 418 2711 R.

227 2728 484 2761 Magistratus.
521 2728 552 2762 §.
572 2730 606 2756 1.
636 2731 751 2758 Munus
774 2736 855 2765 eins,
880 2737 934 2762 cui
952 2738 1028 2770 reip.

193 2771 476 2797 administrandae
504 2782 581 2799 cura
609 2775 780 2801 commissa
808 2783 859 2804 est.
903 2778 933 2805 II.
960 2781 1027 2813 Op·

193 2810 326 2845 Privatus,
351 2812 460 2849 Singuli.
485 2813 516 2840 fr.
538 2816 577 2841 13.
603 2815 624 2849 ξ.
646 2817 668 2841 l.
688 2815 720 2842 de
739 2817 828 2845 iurisd.
848 2822 873 2846 2.
894 2822 916 2847 l.
936 2821 965 2847 fr.
985 2824 1026 2848 32.

1866 174 1930 203 559

1089 251 1122 278 de
1146 252 1221 278 iniur.
1241 252 1282 278 47.
1305 253 1343 278 10.
1370 251 1399 278 fr.
1423 254 1478 279 176.
1504 263 1542 290 pr.
1567 253 1599 280 de
1623 253 1654 280 R.
1674 253 1692 280 1.
1712 256 1754 280 50.
1777 255 1814 279 17.
1853 253 1928 280 Tem-

1089 304 1151 331 pora
1171 295 1374 331 magistratuum.
1395 311 1426 314 —
1447 295 1507 322 Vita
1527 297 1635 334 privata.
1660 296 1709 323 Th.
1725 296 1755 323 C.
1771 296 1813 322 Vl.
1827 298 1850 322 9.
1871 299 1927 322 c.2.

1089 337 1110 370 ξ.
1132 339 1153 363 l.
1179 337 1211 363 de
1235 337 1344 373 Quaest.
1369 347 1433 374 mag.
1459 339 1502 365 osf.
1540 339 1583 366 111.
1604 341 1669 367 Cn.
1701 339 1852 374 Quinetiam
1877 339 1928 375 ipsi

1088 380 1254 415 magistratus
1281 389 1329 416 per
1352 379 1540 408 derivationem
1561 393 1573 408 a
1598 383 1772 418 magistris
1798 382 1929 417 cognomi-

1088 427 1188 448 nantur.
1214 422 1244 449 fr.
1263 424 1303 449 57.
1329 432 1367 460 pr.
1392 423 1424 449 de
1445 423 1474 450 V.
1495 424 1522 451 S.
1542 427 1582 451 50.
1606 427 1644 452 16.
1680 424 1818 451 Publicum
1842 425 1928 451 insin

1088 466 1178 495 sacris.
1197 466 1223 491 in
1242 465 1433 496 sacerdotibus,
1453 467 1478 492 in
1497 468 1690 503 magistratibus
1709 469 1838 494 consistit.
1860 467 1889 493 fr.
1906 469 1926 494 l.

1087 507 1109 541 ξ.
1128 510 1151 533 2.
1172 508 1204 534 de
1222 508 1240 534 1.
1261 513 1286 534 et
1305 508 1322 535 1.
1344 510 1366 534 1.
1388 510 1410 534 1.
1449 509 1529 544 Quod
1552 521 1600 547 per
1625 512 1803 547 magistratum
1822 510 1928 548 publice

1088 552 1174 588 possit
1193 551 1258 578 fieri.
1283 551 1313 577 fr.
1334 552 1390 577 176.
1414 562 1453 588 pr.
1479 552 1511 578 de
1534 552 1565 579 R.
1585 552 1603 579 Ι.
1623 555 1664 579 50.
1687 555 1725 579 17.
1762 553 1790 580 In
1813 552 1927 590 publicis

1088 594 1187 625 causis,
1208 610 1239 613 —
1258 593 1331 620 velut
1349 595 1372 620 si
1390 595 1568 631 magistratum
1588 600 1672 631 gerat,
1692 596 1734 622 vel
1754 601 1825 622 tutor
1844 596 1927 622 detur.

1088 636 1118 662 fr.
1138 638 1160 662 9.
1187 636 1219 662 de
1239 636 1262 663 h.
1288 647 1330 673 qu.
1355 639 1403 664 sui.
1425 639 1446 664 1.
1467 639 1491 665 6.
1516 638 1546 665 sr.
1564 640 1588 664 2.
1613 648 1652 675 pr.
1679 638 1711 665 dc
1735 639 1765 665 R.
1786 639 1804 665 I.
1824 640 1865 665 50.
1886 640 1926 664 17.

1087 679 1156 705 Ante
1180 681 1365 715 magistratum.
1387 696 1419 700 -
1445 680 1578 716 Quamdiu
1602 686 1643 707 est
1665 682 1692 707 in
1716 683 1875 718 magistratu.
1894 697 1928 701 —

1088 721 1178 748 Posito
1198 724 1358 758 magistratu.
1379 723 1409 750 fr.
1431 725 1470 750 17.
1491 723 1523 750 dc
1542 723 1633 750 iurisd.
1648 725 1671 749 2.
1688 726 1708 750 l.
1729 723 1759 750 fr.
1778 727 1820 751 32.
1840 724 1872 750 de
1890 724 1928 750 in-

1087 765 1135 790 iur.
1155 765 1196 791 47.
1217 767 1256 791 1⁰.
1276 765 1307 792 fr.
1326 766 1350 792 9.
1370 767 1391 799 ξ.
1412 768 1450 792 lt).
1471 766 1503 793 de
1522 766 1588 793 adm.
1608 776 1658 792 rer.
1677 766 1710 793 ad
1729 768 1777 793 civ.
1798 769 1838 793 50.
1859 770 1882 792 8,
1895 782 1926 786 —-

1088 808 1118 840 ἓ.
1139 809 1174 834 2.
1208 809 1450 843 Magistratus,
1474 811 1491 835 i.
1515 820 1535 835 e.
1563 811 1658 836 Vrbis
1683 812 1801 836 Romae
1824 811 1927 844 mugi-

1087 856 1222 877 atratus.
1259 850 1301 877 111.
1321 853 1386 878 Gn.
1406 851 1582 888 Magistratus,
1601 851 1644 878 vel
1664 852 1776 879 Senator
1796 854 1828 885 (s.
1849 852 1928 878 Sena-

1088 894 1171 919 torius
1191 892 1278 925 ordo.)
1299 893 1355 920 Gai.
1376 893 1417 920 111.
1437 896 1496 920 225.
1517 894 1546 921 sr.
1569 896 1590 920 l.
1610 895 1631 929 ξ.
1651 898 1675 922 5.
1694 895 1727 921 de
1745 894 1842 932 postul.
1859 896 1882 920 ’5.
1904 896 1926 920 l.

1087 934 1146 961 Nisi
1165 935 1232 961 forte
1252 936 1286 961 sit
1299 937 1324 962 in
1339 936 1426 972 aliquo
1440 938 1591 973 magistratu
1605 939 1718 975 positus,
1732 937 1774 964 vel
1787 942 1927 975 potestate,

1087 977 1150 1004 Cos.
1171 978 1238 1004 forte
1258 977 1300 1004 vel
1319 978 1434 1005 Praetor.
1460 979 1490 1006 fr.
1510 981 1534 1006 3.
1560 981 1582 1014 ξ.
1601 982 1624 1007 3.
1645 980 1677 1007 de
1695 991 1747 1007 rec.
1767 991 1809 1017 qu.
1829 980 1883 1006 arb.
1902 982 1927 1006 4.

1086 1023 1110 1047 ὃ.
1130 1020 1160 1047 fr.
1183 1023 1221 1047 13.
1246 1021 1267 1055 ξ.
1289 1022 1311 1047 l.
1332 1020 1365 1047 de
1383 1021 1475 1048 iurisd.
1494 1024 1518 1048 2.
1540 1025 1562 1049 1.
1583 1023 1613 1050 fr.
1635 1026 1655 1050 1.
1675 1025 1696 1058 §.
1718 1026 1739 1050 1.
1768 1024 1820 1058 Qu.
1840 1024 1926 1059 quisq.

1086 1064 1134 1090 iur.
1153 1065 1178 1089 2.
1198 1065 1222 1090 2.
1247 1064 1277 1090 fr.
1297 1065 1320 1091 8.
1345 1064 1378 1090 de
1401 1074 1486 1091 accus.
1507 1066 1548 1091 48.
1567 1068 1591 1092 2.
1616 1066 1647 1093 fr.
1668 1068 1689 1092 l.
1713 1077 1752 1103 pr.
1778 1065 1811 1092 ad
1829 1065 1858 1092 L.
1878 1065 1926 1091 Iul.

1087 1111 1168 1143 repet.
1187 1108 1228 1132 48.
1251 1108 1291 1133 ll.
1327 1107 1361 1133 Et
1379 1111 1491 1139 statum,
1516 1112 1542 1133 et
1561 1108 1724 1144 dignitatem„
1750 1110 1776 1135 in
1801 1119 1850 1145 qua
1870 1108 1926 1140 suit,

1086 1154 1111 1175 et
1129 1149 1321 1185 magistratum,
1347 1154 1372 1176 et
1391 1154 1549 1187 potestatem
1567 1150 1672 1178 videtur
1690 1153 1810 1178 retinere.
1835 1151 1865 1177 fr.
1883 1153 1925 1177 20.

1086 1191 1118 1218 de
1137 1196 1207 1218 statu
1227 1191 1295 1218 hom.
1318 1194 1339 1219 1.
1360 1195 1383 1219 5.
1404 1192 1435 1219 cf.
1456 1192 1486 1219 fr.
1506 1195 1529 1219 5.
1550 1193 1572 1227 ξ.
1591 1196 1615 1220 2.
1636 1194 1668 1220 de
1687 1205 1742 1231 cap.
1762 1196 1852 1221 minut.
1867 1195 1926 1220 4.5.

1086 1234 1113 1261 P.
1132 1234 1163 1261 R.
1184 1236 1363 1271 magistratus,
1387 1235 1430 1262 vel
1449 1237 1601 1273 provinciae
1620 1236 1738 1263 Praeses.
1763 1238 1792 1264 fr.
1811 1239 1835 1263 3.
1860 1237 1882 1270 §.
1904 1238 1925 1263 l.

1086 1278 1137 1314 Qu.
1158 1283 1216 1304 met.
1238 1289 1258 1305 c.
1279 1280 1302 1305 4.
1322 1280 1346 1305 2.
1372 1278 1402 1305 fr.
1423 1281 1480 1306 131.
1501 1280 1521 1313 ξ.
1544 1281 1565 1305 1.
1586 1279 1618 1306 de
1638 1279 1669 1306 V.
1690 1280 1717 1306 S.
1737 1282 1778 1306 50.
1800 1282 1839 1306 16.
1872 1280 1925 1315 Qui

1084 1320 1183 1347 Romae
1209 1322 1274 1358 reip.
1302 1332 1408 1359 operam
1438 1321 1513 1355 dant,
1540 1338 1572 1342 -—-
1601 1328 1630 1349 ut
1659 1328 1721 1349 sunt
1750 1324 1925 1359 magistratus.

1084 1363 1114 1390 fr.
1134 1366 1157 1390 5.
1178 1364 1199 1397 ξ,
1221 1366 1243 1390 1.
1263 1363 1292 1390 fr.
1313 1367 1336 1390 6.
1358 1375 1388 1391 ex
1408 1375 1449 1401 qu.
1470 1375 1491 1391 c.
1511 1366 1570 1391 mai.
1590 1367 1613 1392 4.
1634 1367 1658 1392 6.
1679 1366 1710 1392 cf.
1730 1365 1814 1392 Vatic.
1835 1366 1856 1400 ξ.
1869 1367 1925 1392 146.

1084 1406 1159 1433 Ilunc
1179 1408 1366 1443 magistratum,
1386 1409 1509 1444 quoniam
1528 1418 1654 1435 summam
1673 1413 1830 1446 potestatem
1850 1408 1928 1435 habe—

1085 1449 1142 1481 bat,
1163 1459 1215 1475 non
1235 1455 1289 1476 erat
1309 1450 1347 1476 fas
1367 1449 1434 1476 ultra
1453 1456 1556 1477 sextum
1576 1461 1692 1478 mensem
1711 1453 1831 1478 retinere.
1852 1452 1881 1478 fr.
1901 1454 1925 1478 2.

1083 1493 1103 1526 ξ,
1126 1494 1165 1518 18.
1186 1492 1219 1518 de
1233 1493 1265 1519 O.
1286 1493 1303 1519 I.
1325 1495 1346 1519 1.
1366 1495 1391 1519 2.
1428 1492 1511 1529 Origo
1532 1494 1725 1529 Quaestoribns
1745 1494 1865 1521 creandis
1884 1505 1926 1521 an-

1084 1536 1231 1572 tiquissima
1252 1541 1300 1568 est,
1320 1541 1346 1561 et
1365 1546 1448 1573 paene
1467 1541 1526 1562 ante
1546 1546 1636 1563 omnes
1655 1539 1830 1573 magistratus.
1850 1537 1880 1564 fr.
1904 1540 1924 1565 1.

1083 1589 1122 1615 pr.
1143 1578 1174 1604 de
1194 1579 1238 1604 off.
1258 1578 1366 1614 Quaest.
1389 1581 1410 1605 1.
1432 1580 1472 1605 13.
1510 1578 1618 1612 Plebeii,
1637 1596 1668 1599 —
1688 1579 1824 1616 Legitimi,
1848 1582 1926 1617 magi-

1083 1626 1189 1647 stratus.
1213 1621 1244 1648 sr.
1263 1624 1287 1648 2.
1312 1622 1350 1655 §§.
1372 1623 1411 1648 19.
1431 1632 1471 1658 sq.
1494 1621 1526 1648 de
1545 1622 1577 1649 Ο.
1598 1622 1615 1649 1.
1637 1625 1659 1649 l.
1679 1625 1703 1649 2.
1724 1638 1755 1642 --
1783 1624 1815 1657 ᾖ.
1835 1625 1923 1651 2.B..

1085 1665 1326 1699 Magistratus,
1351 1666 1369 1691 i.
1393 1675 1413 1691 e.
1441 1666 1504 1698 Qui
1528 1667 1596 1691 iuri
1620 1668 1758 1693 dicundo
1780 1673 1924 1700 praeest,

1082 1709 1179 1734 velia
1198 1709 1273 1733 urbe
1292 1709 1340 1733 vel
1358 1713 1452 1733 extra
1473 1710 1587 1734 urbem.
1624 1708 1725 1743 I.'Sy.
1746 1709 1799 1744 Qui
1818 1710 1868 1735 iuri
1888 1709 1924 1736 di-

1083 1749 1169 1776 cundo
1187 1754 1301 1786 praeest,
1321 1759 1341 1775 S.
1362 1750 1416 1775 iura
1436 1749 1546 1776 reddere
1560 1755 1656 1787 potest.
1676 1751 1718 1778 lus
1735 1751 1834 1778 dicens.
1854 1751 1885 1778 fr.
1898 1754 1923 1778 2.

1082 1793 1103 1826 §.
1125 1794 1164 1818 13.
1184 1792 1219 1818 ib.
1242 1794 1262 1818 1.
1283 1794 1307 1818 2.
1331 1792 1361 1818 fr.
1380 1794 1405 1818 2.
1431 1792 1481 1827 Qu.
1503 1794 1588 1830 quisq.
1609 1795 1656 1820 iur.
1676 1796 1700 1820 2.
1720 1796 1744 1821 2.
1772 1794 1861 1821 Iudex.
1882 1794 1922 1822 Cf.

1082 1835 1106 1861 h.
1126 1845 1150 1861 v.
1176 1835 1198 1869 §.
1220 1836 1243 1860 1.
1281 1835 1333 1870 Qui
1353 1835 1504 1872 imperium,
1528 1841 1720 1873 potestatemve
1740 1847 1817 1874 quam
1836 1838 1922 1865 habet.

1082 1877 1111 1904 sr.
1130 1879 1172 1904 26.
1192 1878 1213 1911 §.
1233 1879 1257 1904 2.
1278 1887 1310 1904 ex
1330 1888 1372 1914 qu.
1393 1888 1414 1904 c.
1434 1879 1492 1905 mai.
1512 1881 1535 1905 4.
1555 1880 1578 1905 6.
1615 1878 1737 1912 Praetor,
1756 1880 1799 1907 vel
1818 1882 1844 1907 in
1864 1892 1922 1918 pro-

1080 1921 1173 1946 vinciis
1193 1920 1300 1946 Proeos.
1320 1919 1475 1956 Legatusve.
1505 1921 1560 1948 Gai.
1582 1921 1598 1948 Ι.
1618 1923 1659 1949 98.
1679 1933 1737 1959 sqq.
1756 1926 1810 1950 105.
1830 1924 1921 1962 le.1.

1081 1965 1103 1989 7.
1128 1962 1160 1989 11.
1174 1964 1241 1996 ΟΡ.
1261 1963 1457 1999 Magistratuum
1478 1965 1638 1997 (maiorum‚)
1653 1981 1685 1985 --
1699 1965 1831 2004 Principis
1851 1970 1921 2000 (sen-

1080 2007 1186 2039 tentia.)
1212 2005 1243 2032 fr.
1265 2007 1303 2032 18.
1330 2016 1369 2043 pr.
1389 2007 1410 2041 §.
1432 2009 1453 2034 l.
1474 2007 1506 2034 de
1525 2009 1617 2034 minor.
1637 2010 1661 2035 4.
1681 2011 1704 2035 4.
1742 2010 1821 2047 Apud
1845 2011 1921 2047 magi-

1080 2054 1198 2080 stratum,
1219 2063 1250 2068 -
1271 2048 1334 2075 Sine
1354 2048 1478 2077 Praetore
1497 2051 1615 2084 (facere.)
1636 2051 1666 2078 fr.
1685 2053 1727 2078 81.
1748 2053 1769 2086 ξ.
1792 2055 1812 2079 l.
1833 2054 1866 2079 de
1880 2063 1921 2080 so-

1080 2092 1126 2118 lut.
1138 2094 1181 2118 46.
1199 2093 1223 2118 3.
1261 2091 1303 2118 111.
1319 2094 1384 2120 Gn.
1405 2093 1458 2129 Qui
1471 2093 1578 2127 Romae,
1598 2094 1639 2120 vel
1660 2096 1734 2131 quasi
1753 2097 1920 2132 magistratus

1079 2135 1120 2161 vel
1141 2139 1214 2161 extra
1233 2135 1365 2168 ordinem,
1384 2137 1425 2163 ius
1444 2136 1542 2163 dicunt.
1562 2137 1591 2164 fr.
1607 2138 1628 2164 7,
1649 2138 1671 2171 ξ.
1685 2140 1708 2164 2.
1729 2138 1762 2164 de
1781 2139 1824 2165 off.
1844 2138 1918 2166 Proc.

1079 2183 1105 2204 et
1122 2177 1185 2214 Leg.
1207 2180 1228 2204 1.
1244 2179 1282 2204 16.
1303 2178 1335 2205 cf.
1354 2178 1385 2206 fr.
1402 2182 1440 2206 12.
1461 2179 1493 2206 de
1513 2181 1556 2206 off.
1576 2180 1664 2206 Praes.
1685 2182 1706 2206 1.
1728 2182 1768 2207 18.
1804 2181 1918 2208 Iudicem

1079 2221 1140 2247 dare
1158 2226 1284 2258 possunt:
1304 2238 1336 2241 —
1356 2221 1507 2249 Praefectus
1520 2223 1566 2249 Vr.
1585 2224 1733 2260 caeterique
1751 2223 1850 2251 Romae
1869 2235 1918 2251 ma-

1079 2265 1211 2300 gistratus.
1232 2263 1261 2290 fr.
1283 2266 1323 2291 12.
1342 2265 1363 2299 ξ.
1386 2267 1407 2292 1.
1428 2265 1460 2292 de
1480 2265 1556 2292 iudic.
1576 2268 1600 2292 5.
1621 2268 1643 2292 1.
1663 2265 1695 2292 cf.
1715 2266 1745 2293 fr.
1763 2269 1801 2294 10.
1822 2267 1853 2293 de
1873 2267 1915 2293 off.

1079 2306 1166 2333 Praes.
1188 2309 1209 2334 l.
1231 2309 1270 2333 18.
1291 2307 1321 2334 fr.
1342 2309 1382 2334 15.
1402 2318 1440 2345 pr.
1461 2308 1493 2334 de
1513 2319 1540 2335 re
1559 2308 1610 2335 iud.
1630 2311 1672 2336 42.
1693 2311 1714 2336 1.
1735 2309 1766 2337 fr.
1784 2312 1808 2336 3.
1831 2310 1882 2345 Qu.
1903 2321 1916 2336 a

1079 2359 1130 2386 quo
1149 2360 1207 2387 app.
1222 2351 1262 2376 49.
1277 2351 1301 2376 3.
1338 2349 1378 2376 Ne
1396 2352 1550 2387 provocatio
1570 2351 1601 2377 ab
1622 2353 1668 2384 eis,
1688 2353 1755 2378 sieut
1774 2363 1786 2378 a
1806 2352 1915 2388 reliquis

1077 2393 1285 2427 magistratibus,
1304 2393 1387 2419 fieret.
1413 2393 1443 2419 fr.
1463 2396 1486 2420 2.
1507 2394 1529 2428 §.
1549 2395 1573 2421 4.
1593 2394 1625 2421 de
1645 2394 1678 2423 Ο,
1697 2395 1714 2420 I.
1737 2397 1758 2420 l.
1778 2397 1801 2420 2.
1838 2395 1915 2431 Magi-

1078 2440 1190 2467 stratus.
1214 2437 1258 2472 qui
1283 2446 1340 2462 cum
1362 2436 1461 2472 publici
1481 2437 1571 2464 iudicii
1589 2437 1700 2463 habeant
1719 2438 1914 2471 exercitionem,

1077 2478 1133 2515 lege
1151 2478 1194 2505 vel
1213 2478 1299 2505 S.Cto
1319 2478 1462 2515 delegatam
1482 2484 1530 2506 etc.
1551 2480 1581 2506 fr.
1597 2482 1618 2506 1.
1638 2490 1676 2516 pr.
1697 2479 1728 2505 dc
1748 2479 1790 2506 off.
1811 2481 1875 2507 eius.
1891 2483 1913 2508 l.

1076 2524 1117 2549 21.
1153 2521 1234 2557 Mag,
1259 2522 1303 2557 qui
1328 2522 1464 2559 imperium
1487 2522 1583 2549 habent
1602 2527 1649 2548 etc.
1679 2521 1708 2547 fr.
1727 2523 1751 2548 2.
1776 2522 1853 2549 dein
1872 2525 1913 2551 ius

1076 2575 1132 2591 voc.
1157 2567 1181 2591 2.
1201 2566 1224 2590 4.
1263 2563 1394 2591 Omnibus
1417 2565 1624 2601 magistratibus,
1650 2580 1681 2583 —-
1705 2565 1849 2592 secundum
1871 2568 1912 2594 ius

1074 2609 1214 2645 potestatis
1234 2617 1303 2639 suae,
1323 2618 1478 2635 concessum
1497 2613 1537 2634 est
1552 2607 1771 2641 (iurisdictionem
1784 2618 1856 2635 suam
1869 2609 1912 2636 de-

1075 2649 1181 2676 fendere
1199 2650 1304 2687 poenali
1323 2651 1442 2684 iudicio.)
1461 2651 1490 2677 fr.
1512 2653 1533 2676 l.
1553 2660 1591 2687 pr.
1611 2651 1634 2676 si
1654 2660 1696 2686 qu.
1716 2651 1756 2677 ius
1776 2651 1825 2678 dic.
1845 2655 1868 2679 2.
1886 2654 1910 2679 3.

1075 2693 1150 2728 Quae
1173 2694 1228 2719 iure
1247 2694 1413 2730 magistratus
1438 2697 1601 2729 competunt,
1621 2693 1753 2726 (mandari
1770 2697 1910 2731 possunt.)

1073 2736 1104 2762 fr.
1125 2738 1147 2762 1.
1167 2746 1205 2773 pr.
1226 2736 1258 2763 de
1278 2737 1321 2765 off,
1342 2738 1405 2763 eius.
1427 2738 1448 2761 l.
1467 2737 1509 2761 21.
1546 2735 1713 2772 Magistratus
1728 2736 1911 2774 Cappadociae

1073 2778 1192 2812 (Procos.
1213 2781 1274 2813 est.)
1294 2779 1340 2805 Iul.
1361 2789 1399 2815 ep.
1420 2788 1479 2804 nov.
1499 2788 1520 2804 c.
1534 2780 1574 2805 22.
1595 2779 1616 2813 §.
1636 2780 1677 2806 82.
1713 2779 1840 2807 Militares
1860 2791 1909 2807 ma-

1071 2823 1203 2858 gistratus.
1223 2833 1244 2849 c.
1266 2824 1304 2848 17.
1325 2822 1357 2848 dc
1376 2820 1454 2848 indic.
1473 2822 1498 2847 3.
1523 2823 1540 2848 Ι.
1562 2838 1593 2842 ——
1618 2822 1649 2855 ἓ.
1667 2824 1704 2849 3.
1726 2825 1907 2858 Magistra-
