2197 3121
287 194 348 224 168

285 276 416 312 primicer.
444 276 483 300 12.
509 276 532 300 7.
570 273 605 300 Υ(
626 283 691 299 voce
711 272 793 298 libera
814 271 1013 298 commoditates
1031 271 1130 308 patriae

286 318 437 345 defendant.
470 316 520 342 Τ11.
540 315 571 342 C.
591 316 647 342 XII.
670 317 691 341 1.
713 326 733 341 c.
756 317 813 341 190.
833 315 866 341 (le
885 315 1019 341 decurion.

322 360 580 388 Commodum.
610 358 737 391 (Subst.)
775 358 806 392 ξ.
826 359 860 384 1.
895 359 1050 388 l'tilitas,
1075 357 1132 382 Re-

285 406 389 434 dilus,
417 405 588 435 Quaestus.
626 401 644 427 1.
670 402 732 435 Sy.
765 401 881 428 Ytilitas.
912 400 941 427 sr.
962 402 985 425 6.
1006 399 1028 432 3.
1048 399 1072 425 6.
1099 397 1132 424 de
1154 397 1155 429 J

286 447 330 472 oti.
352 445 440 471 Praes.
468 447 489 471 l.
511 447 550 470 ΙΝ.
587 443 637 470 Th.
660 444 691 471 C.
712 443 744 470 Y.
762 446 786 470 2.
816 455 838 471 c.
860 446 882 470 1.
910 443 942 469 de
962 442 1021 468 bon.
1043 441 1130 467 decur.

286 488 408 515 Lucrum.
449 488 505 513 (jai.
531 487 572 513 111.
598 489 656 514 150.
687 486 748 524 tlp.
769 487 853 513 XXV.
881 489 919 512 15.
945 485 974 512 sr.
999 485 1041 511 23.
1066 484 1087 518 3.
1109 486 1131 510 1.
1154 485 1155 488 ’

288 542 336 569 pro
357 541 410 557 soe.
434 533 472 556 17.
492 533 516 555 2.
537 530 567 556 sr.
583 532 624 556 Δ12.
644 530 676 556 (1(-
690 530 721 556 A.
736 530 764 556 E.
780 529 811 556 V.
833 532 872 556 19.
888 531 910 555 l.
948 527 1035 555 Yii'eS.
1055 527 1133 554 Com-

287 574 363 601 moda
387 574 484 605 (fisci).
513 571 563 598 Tb.
584 572 616 599 C.
635 572 680 599 IX.
700 575 741 599 21.
762 583 783 599 c.
803 575 827 599 2,
848 573 869 606 3.
889 573 912 597 4.
934 582 955 597 c.
976 572 1000 597 S.
1022 570 1054 597 de
1075 569 1131 596 fals.

288 622 385 644 mouet.
424 616 454 642 Il.
475 617 543 649 01).
573 616 663 643 Onus.
683 615 821 641 Damnum.
848 615 877 641 sr.
897 616 938 640 62.
959 614 991 640 dc
1010 613 1088 640 iudic.
1108 615 1132 638 5.
1155 634 1156 640 .

290 663 311 686 l.
337 660 366 686 l'r.
388 661 429 685 23.
449 659 471 692 3.
494 660 516 684 l.
543 668 591 695 pro
611 668 664 684 soc.
690 660 729 684 17.
750 661 773 684 2.
816 658 858 684 III.
882 659 948 685 ΓΠ.
982 657 1012 683 B.
1036 656 1064 682 P.
1091 655 1134 682 ad·
1156 663 1157 696 ζ

287 704 382 733 missa,
413 701 550 727 commoda
580 706 604 727 et
630 700 795 727 incommoda
819 700 992 728 hereditaria.
1020 701 1134 735 itemque
1156 700 1157 722 1

289 745 434 772 dominium
454 754 549 771 rerum.
570 754 636 781 quae
656 745 682 770 in
702 744 742 770 his
762 743 841 770 bonis
855 748 925 775 sunt.
946 743 1045 770 tribuit.
1066 742 1096 769 [ι’.
1111 743 1134 769 1.
1156 754 1157 760 ¹

289 788 322 815 dc
342 788 372 814 B.
393 786 421 813 P.
441 789 483 814 37.
505 789 527 813 l.
558 786 712 813 Commoda.
733 792 757 813 et
772 786 935 824 Principales
954 785 1135 813 liberalitates.

289 832 372 868 (quas
398 829 509 856 libertus
535 840 566 856 ex
591 829 680 856 eadem
705 830 775 856 tribu
800 835 991 856 consecuturus
1015 828 1135 861 fuisset).
1157 818 1159 857 l

290 874 321 901 sr.
340 876 382 900 35.
402 883 442 910 pr.
463 872 496 899 de
516 872 591 908 legat.
612 872 654 898 III.
675 874 752 905 (32.)
790 872 916 905 Pecunia,
941 888 973 892 -——
998 882 1056 898 cum
1080 871 1135 897 suis

291 916 444 943 commodis.
480 915 510 942 fr.
529 918 571 941 22.
605 915 637 941 de
662 915 738 951 legat.
759 915 789 942 II.
811 917 886 949 (31.)
929 914 1136 942 Commodormn

290 959 440 991 commoda,
465 963 490 984 et
515 967 608 984 usurae
634 968 780 984 usurarum.
813 958 843 984 l'r.
862 962 886 985 2.
911 959 933 992 3.
961 960 984 984 5.
1010 957 1042 984 de
1068 956 1134 983 adm.

290 1014 339 1030 rer.
371 1002 403 1028 ad
432 1002 502 1027 civit.
533 1003 574 1027 50.
605 1004 628 1027 5.
679 1001 825 1028 Commoda
853 1002 1041 1038 praemiorum,
1072 1010 1137 1036 quac

290 1050 399 1084 propter
426 1053 537 1070 coronas
558 1053 646 1069 sacras
665 1049 841 1081 praestantur.
868 1044 897 1070 fr.
918 1046 959 1070 40.
984 1043 1016 1070 de
1036 1053 1064 1069 rc
1084 1042 1136 1069 ind.

297 1092 331 1115 12.
355 1091 376 1114 1.
414 1086 553 1124 Primipili,
574 1096 595 1112 s.
616 1085 805 1124 PrimipilatuS.
827 1087 971 1113 commoda.
992 1086 1022 1112 fr.
1043 1087 1084 1112 23.
1105 1085 1137 1111 de

291 1133 367 1159 adim.
393 1131 470 1167 legat.
494 1133 536 1156 34.
562 1131 585 1156 4.
615 1140 636 1155 e.
658 1131 679 1155 1.
706 1129 738 1156 de
761 1130 886 1167 primipil.
917 1132 957 1156 12.
981 1131 1023 1156 613.
1061 1128 1137 1155 Hunc

291 1185 351 1201 esse
370 1173 476 1211 quidem
494 1178 642 1211 patronum,
662 1172 709 1198 sed
729 1174 800 1199 omni
825 1173 963 1199 commodo
983 1176 1138 1209 patronatus

292 1228 388 1245 carere.
414 1217 443 1243 l'r.
464 1218 488 1242 3.
509 1216 541 1242 de
560 1217 616 1242 iure
635 1220 737 1253 patron.
763 1217 804 1242 37.
827 1217 865 1242 14.
904 1215 954 1242 Per
974 1225 1040 1252 quos
1061 1215 1138 1252 patri.

292 1262 432 1288 dominove
447 1260 581 1296 quaeritur
594 1258 759 1285 commodum
780 1258 957 1291 (hereditatiS,
976 1258 1018 1285 vel
1039 1257 1137 1294 legati).

292 1305 323 1331 I‘r.
345 1305 384 1329 11.
406 1303 438 1329 (le
458 1302 533 1339 legat.
553 1302 571 1328 1.
592 1301 668 1335 (30)
693 1300 723 1326 fr.
744 1302 784 1326 63.
812 1300 842 1328 sr.
862 1303 903 1328 93.
924 1302 946 1336 3.
968 1303 990 1328 l.
1011 1301 1043 1328 de
1062 1301 1093 1327 A.
1114 1311 1138 1326 v.

293 1347 326 1373 0.
347 1346 378 1373 H.
397 1348 439 1372 29.
459 1348 483 1372 2.
521 1345 626 1372 Ytendo
652 1344 817 1371 commodum
841 1346 986 1382 percipere.
1019 1344 1075 1371 Gai.
1096 1343 1138 1370 IH.

291 1391 352 1416 206.
390 1389 419 1415 Si
444 1388 544 1415 nullum
569 1387 734 1414 commodum
760 1388 786 1413 in
810 1398 841 1413 eo
860 1388 1018 1414 versabitur.
1048 1403 1080 1406 ——
1109 1386 1138 1413 Si

293 1437 402 1470 propter
421 1431 670 1468 repraesentationis
691 1430 856 1456 commodum
877 1430 940 1457 utile
960 1432 1009 1457 erit
1029 1430 1083 1463 (sc.
1104 1429 1138 1456 le-

293 1477 405 1512 gatum).
431 1474 460 1500 sr.
484 1476 505 1500 l.
526 1474 548 1508 3
570 1475 609 1499 10.
630 1473 663 1500 ad
681 1472 711 1500 L.
733 1473 830 1500 Falcid.
850 1476 892 1500 35.
911 1476 935 1500 2.
960 1474 990 1500 fr.
1012 1475 1035 1500 1.
1055 1474 1138 1507 §.12-

294 1519 324 1545 l'r.
343 1521 367 1544 2.
387 1528 425 1555 pr.
446 1517 478 1543 de
498 1516 559 1543 ‹lote
578 1516 691 1553 praelcg.
711 1517 753 1542 33.
774 1517 799 1542 4.
819 1516 850 1543 fr.
874 1519 914 1543 10.
933 1517 1017 1550 312.
1039 1516 1090 1552 Qu.
1112 1517 1138 1542 in

293 1562 323 1588 l'r.
345 1561 414 1587 cred.
434 1562 475 1586 42.
489 1563 513 1586 ὅ.
551 1559 763 1585 Necessitatibus
777 1559 893 1596 publicis
908 1564 1073 1597 occupatum,
1094 1558 1138 1585 do-

294 1605 411 1631 mesticis
432 1602 577 1629 commodis
598 1601 700 1628 deesse.
731 1601 780 1628 Th.
803 1602 833 1628 C.
853 1602 922 1628 XIII.
948 1605 988 1628 10.
1014 1613 1036 1628 c.
1056 1604 1079 1628 5.
1105 1602 1137 1628 dc

294 1657 375 1673 censu
395 1657 415 1672 s.
436 1645 520 1672 adscr.
557 1644 718 1676 Rationalis,
742 1644 785 1670 vel
812 1655 913 1677 comes,
939 1645 982 1671 vel
1007 1645 1074 1671 alius
1095 1646 1139 1681 qui

295 1700 382 1717 curam
406 1688 505 1715 fiscalis
532 1687 662 1714 commodi
687 1688 761 1723 gerit.
796 1688 833 1715 lb.
853 1688 898 1714 XJ.
921 1690 963 1714 30.
994 1698 1015 1714 c.
1035 1690 1077 1714 28.
1107 1687 1139 1714 de

295 1743 354 1770 app.
375 1737 400 1759 et
419 1741 495 1769 poen.
525 1747 557 1750 —
586 1732 617 1765 ξ.
644 1732 678 1757 2.
713 1732 970 1765 Opportunitas.
1010 1730 1051 1757 III.
1073 1732 1138 1758 (7η.

295 1776 422 1813 Tempus,
443 1785 495 1811 quo
515 1775 564 1800 iter
584 1784 616 1800 ex
635 1774 773 1800 commodo
792 1784 917 1811 peragere
937 1775 1076 1811 potuisset.
1107 1773 1138 1799 fr.

296 1821 320 1845 4.
340 1819 372 1845 dc
390 1823 472 1845 vacat.
493 1822 517 1843 et
537 1827 592 1843 exe.
623 1819 663 1843 50.
690 1819 713 1844 5.
762 1818 803 1844 Ex
828 1817 965 1843 commodo
989 1833 1022 1836 —
1046 1826 1139 1853 operas

297 1862 375 1889 edere
394 1862 480 1887 debet.
507 1860 537 1886 fr.
557 1862 599 1886 24.
621 1860 653 1886 de
673 1870 745 1898 oper.
767 1860 853 1887 libert.
873 1862 914 1886 38.
937 1862 959 1886 1.
988 1876 1020 1879 -
1051 1860 1081 1892 §-
1102 1860 1139 1886 3.

299 1906 526 1941 Beneficium,
557 1905 788 1939 Pririlegium.
836 1903 853 1929 l.
879 1905 940 1937 Sy.
978 1903 1141 1928 Beneficium

298 1948 385 1983 (legis.
406 1957 429 1972 v.
451 1946 560 1978 scii).
581 1946 611 1971 t'r.
633 1948 672 1972 lb.
693 1956 731 1983 pr.
752 1946 781 1972 sr.
802 1948 843 1972 47.
863 1947 885 1979 3
908 1949 928 1972 1.
950 1946 979 1971 l'r.
999 1948 1040 1971 90.
1060 1945 1091 1971 ad
1110 1944 1140 1971 L.

298 1990 368 2017 Falc.
388 1992 429 2016 35.
449 1992 473 2015 2.
495 1989 524 2015 fr.
544 1991 567 2014 5.
588 1989 671 2022 315).
692 1989 722 2015 l'r.
743 1991 784 2015 32.
805 1990 827 2023 3.
841 1990 865 2015 9.
887 1989 919 2015 (1(-
939 1988 1026 2014 donat.
1048 1989 1093 2014 int.
1109 1987 1140 2014 Υ.
1163 2000 1164 2023 ᾗ

297 2035 339 2059 21.
363 2035 384 2058 l.
423 2032 465 2058 tus
486 2033 698 2069 (separationis).
721 2032 749 2059 sr.
773 2035 794 2058 l.
815 2032 852 2066 33.
872 2034 896 2059 3.
918 2034 957 2057 10.
978 2031 1010 2057 dv
1029 2036 1140 2067 separat.
1163 2045 1165 2053 ι

306 2077 340 2102 12.
360 2078 385 2102 6.
422 2075 464 2101 lll.
481 2077 546 2102 Cn.
576 2074 678 2101 Habere
699 2075 864 2101 commodum
884 2073 1096 2105 (Tertullianum.
1116 2084 1140 2099 v.

300 2119 517 2151 Carbonianum).
538 2118 567 2144 fr.
584 2120 606 2144 1.
627 2118 648 2151 3.
663 2120 686 2144 2.
708 2118 740 2144 dc
760 2118 838 2144 Ωιι-11.
859 2117 936 2143 edict.
955 2119 996 2143 37.
1014 2119 1052 2143 10.
1073 2116 1102 2142 l'r.
1116 2119 1140 2142 2.

301 2172 339 2199 pr.
366 2162 396 2187 ad
422 2162 448 2187 S.
466 2161 497 2187 C.
518 2160 631 2187 Tertull.
657 2163 698 2187 33.
722 2163 759 2187 17.
805 2161 860 2187 wi.
886 2177 918 2180 —-
943 2161 1048 2192 Arcu-ri,
1075 2169 1142 2186 com-
1163 2166 1165 2204 Ξ

301 2204 379 2231 modo
399 2205 539 2240 (quartae).
561 2204 590 2230 fr.
610 2205 633 2230 4.
654 2204 686 2230 ad
705 2205 732 2231 S.
745 2204 775 2230 C.
797 2204 875 2231 Turb.
895 2205 936 2230 36.
958 2205 980 2229 1.
1163 2208 1165 2228 t

338 2248 573 2274 Commodus.
596 2248 712 2280 (subst.)
739 2249 918 2282 cognomen
933 2248 1015 2282 filii
1036 2247 1143 2272 Marci

303 2292 437 2317 Aurelii
467 2293 543 2325 Aug.
587 2290 628 2316 111.
655 2292 721 2318 Cn.
753 2290 785 2316 1).
807 2290 909 2316 Marcus
934 2294 959 2315 et
979 2288 1142 2315 Commodus
1165 2320 1166 2324 Ἰ

303 2334 504 2370 rescripserunt.
530 2334 559 2359 tr.
582 2335 620 2359 l-l.
641 2334 674 2359 de
693 2334 737 2359 ol's.
758 2332 845 2359 Prae-s.
868 2334 889 2358 1.
912 2334 950 2358 1⁸.
989 2332 1071 2369 impp.
1092 2332 1144 2357 An-

304 2377 387 2403 tonini
417 2381 442 2401 et
470 2376 609 2401 Commodi
638 2378 720 2402 oratio
748 2377 775 2402 in
804 2376 903 2402 Senatu
931 2377 1044 2402 recitata.
1083 2374 1144 2411 le.

302 2419 371 2447 XM
383 2419 400 2445 l.
421 2421 444 2445 7.
1166 2416 1167 2421 ¹

341 2463 578 2490 Commodus.
609 2462 747 2495 (Adiect.)
794 2463 824 2496 §.
850 2463 884 2488 1.
925 2463 1168 2496 Opportunus..

306 2506 346 2531 III.
373 2507 438 2533 (¹11.
467 2505 535 2531 Cum
561 2504 801 2531 commodissimum
828 2510 906 2531 esset.
944 2505 1011 2531 Cum
1035 2503 1169 2531 eounno-¹

306 2548 367 2574 dum
387 2550 443 2574 crit.
475 2548 505 2574 sr.
527 2549 567 2573 79.
588 2548 609 2580 3.
634 2550 653 2573 Ι.
675 2548 706 2573 de
726 2549 781 2573 iurc
801 2548 854 2574 dot.
874 2550 915 2574 23.
935 2551 959 2574 3.
985 2548 1016 2574 fr.
1038 2549 1095 2573 125.
1115 2547 1147 2573 de

309 2590 337 2616 1¹.
359 2592 385 2617 S.
405 2594 446 2617 50.
470 2592 508 2617 16.
529 2606 561 2610 —
580 2591 611 2623 ξ.
627 2592 661 2617 2.
692 2593 904 2622 Conveniens,
926 2592 1065 2617 [labilis.
1103 2590 1145 2616 111.

307 2634 373 2660 Cn.
411 2633 491 2668 Quod
511 2638 536 2659 et
555 2632 718 2659 commodius
738 2634 778 2659 ius
799 2639 822 2659 et
837 2634 940 2669 plenius
955 2638 1002 2660 est.
1029 2634 1085 2659 Gai.
1102 2632 1146 2659 IV.
1168 2666 1169 2671 Ἰ

306 2677 348 2702 31.
389 2675 537 2702 Videamus.
558 2686 590 2702 ne
611 2676 850 2702 conunodissimum
871 2678 905 2701 sit
924 2681 972 2702 etc.
993 2676 1022 2702 sr.
1042 2678 1066 2702 3.
1087 2676 1108 2709 3.
1122 2678 1146 2701 2.
1168 2684 1170 2704 1

308 2718 340 2744 dc
360 2718 446 2744 collat.
468 2719 527 2745 bon.
554 2721 595 2745 37.
616 2722 640 2745 6.
678 2718 890 2745 Commodiorem
915 2720 994 2745 vitam
1017 2718 1147 2755 amplecti.
1168 2725 1170 2751 t

309 2761 492 2796 honestatique
519 2772 577 2787 sese
603 2762 705 2788 dedere.
738 2772 758 2787 c.
777 2764 818 2787 23.
842 2762 864 2794 3.
887 2763 907 2786 l.
932 2761 965 2786 dc
984 2766 1056 2798 nupt.
1081 2764 1103 2787 ι’).
1124 2763 1147 2786 4.

309 2803 394 2831 Aliam
414 2803 614 2836 liabitathmem,
641 2815 691 2830 non
711 2805 796 2830 minus
817 2803 987 2835 commodam.
1007 2809 1147 2840 praestare.

310 2847 340 2872 t'r.
359 2847 382 2872 9.
404 2856 442 2882 pr.
468 2845 544 2872 locat.
566 2849 604 2873 19,
625 2850 649 2873 2.

687 2847 818 2874 Alimenta
844 2846 980 2873 commoda
1005 2846 1051 2879 [al.
1073 2847 1149 2873 Com-
1169 2844 1171 2870 ἶ

1102 186 1210 219 COM.

1175 269 1260 301 moda.
1280 279 1306 306 p.
1321 269 1370 302 se],
1391 278 1457 305 quae
1470 270 1529 296 viva
1542 269 1702 307 praestabat,
1722 269 1778 296 dari
1790 271 1910 298 iusserat.
1930 271 1959 298 t'r.
1974 272 2014 297 16.

1176 314 1197 347 3.
1220 315 1241 339 1.
1263 312 1295 338 de
1315 312 1382 338 alim.
1403 322 1427 338 v.
1448 312 1527 339 cibar.
1546 315 1588 339 34.
1611 315 1632 339 l.

1212 356 1561 383 sommoneraeere.
1593 358 1776 382 Admonere.
1813 355 1856 383 111.
1871 358 1937 384 Cn.
1956 356 2016 383 Per-

1176 399 1287 425 emtorio
1308 397 1408 429 edicto,
1432 403 1461 424 nt
1478 399 1654 435 praesentiam
1673 399 1714 425 sui
1734 398 1846 431 taceret.
1871 409 2016 426 commone-

1177 441 1244 468 facto
1265 446 1314 467 etc.
1334 440 1364 467 fr.
1385 444 1408 466 δ.
1429 440 1525 475 Quom.
1546 446 1571 467 et
1590 452 1632 478 qu.
1652 442 1705 468 iud.
1726 444 1748 468 7.
1768 443 1810 468 43.

1212 486 1473 512 Commonere·
1511 485 1652 517 Monere,
1676 487 1845 512 Excitare.
1881 484 1925 510 ΙΙΙ.
1951 485 2017 512 Gn.

1177 528 1206 554 Si
1226 526 1408 553 commonendi
1432 536 1509 552 causa
1533 528 1651 560 miserat⁷
1680 533 1708 554 ut
1727 528 1870 555 referretur
1888 537 1931 553 res
1950 536 2019 554 com-

1155 599 1156 603 ,
1177 570 1288 597 modata.
1314 570 1345 596 l'r.
1366 571 1406 595 12.
1426 570 1447 603 3.
1470 571 1491 595 l.
1513 571 1640 597 commod.
1661 572 1701 597 13.
1721 572 1744 597 G.
1782 570 1922 599 Officium.
1947 569 2019 606 quod

1178 624 1230 640 non
1249 613 1419 648 suggesserit.
1439 622 1487 638 nec
1507 615 1695 640 commonuerit
1720 613 1752 640 dc
1775 613 1911 640 relationis
1930 623 2019 639 neces-

1178 658 1263 683 sitate.
1292 655 1342 682 Th.
1363 655 1394 682 C.
1413 655 1458 681 XI.
1478 656 1519 681 30.
1546 665 1567 682 c.
1586 658 1628 682 34.
1653 657 1675 690 3.
1696 659 1718 683 1.
1743 656 1774 683 cs.
1800 667 1821 683 c.
1841 658 1883 683 41.
1908 656 1940 683 de
1959 666 2018 694 app.

1179 704 1205 726 et
1223 709 1300 736 poen.
1345 698 1374 724 Si
1399 708 1534 725 causarum
1559 698 1649 725 talium
1673 700 1834 736 cognitores,
1859 698 1944 726 libelli
1968 698 2020 726 adi-

1179 744 1251 769 tione
1274 741 1316 768 vel
1339 741 1455 779 plenaria
1488 741 1700 778 interpellatione
1728 743 1892 774 commoniti,
1916 758 1949 761 —
1972 741 2020 769 has

1180 794 1272 812 causas
1292 784 1381 811 audire
1401 784 1571 820 neglexerint.
1600 784 1637 811 Ib.
1652 785 1721 812 XIII.
1741 786 1764 812 9.
1779 796 1800 811 c.
1815 786 1838 812 6.
1860 785 1893 812 (le
1905 784 2020 821 naufrag.

1180 828 1299 855 Praelata
1323 829 1441 854 iussione
1460 832 1564 859 nostra,
1587 828 1781 864 provinciarum
1799 833 1917 855 rectores
1937 827 2022 854 excel-

1180 872 1260 898 lentia
1284 876 1326 897 tua
1351 875 1527 901 commoneat,
1556 874 1583 902 ut
1608 875 1656 896 etc.
1690 870 1726 897 lb.
1751 870 1820 897 VIII.
1844 874 1867 898 5.
1894 882 1914 898 c.
1936 873 1959 897 7.
1989 870 2022 897 de

1181 925 1259 941 cursu
1278 914 1340 951 pub.
1362 914 1393 940 cf.
1413 913 1469 940 ΠΙ.
1488 915 1530 939 20.
1550 923 1571 939 c.
1593 914 1633 941 ll.
1653 924 1674 939 c.
1696 915 1736 940 13.
1757 913 1789 940 de
1807 919 1922 941 veteran,

1216 956 1477 985 Commonitio.
1515 958 1711 983 Admonitio.
1749 956 1792 983 111.
1814 958 1879 985 Gn.
1903 956 2022 984 Publicis

1181 1001 1276 1027 litteris
1297 1000 1435 1026 destinatis
1459 998 1491 1025 ad
1515 1000 1743 1025 commonitionem
1767 999 1871 1026 iudicis.
1900 1010 1921 1027 c.
1940 1002 1965 1026 2.
1990 1000 2022 1027 de

1182 1043 1269 1070 collat.
1289 1043 1360 1069 l'und.
1381 1042 1437 1069 fisc.
1459 1044 1498 1068 ll.
1519 1044 1559 1068 73.
1597 1042 1639 1068 Ab
1659 1042 1737 1068 huius
1757 1044 1892 1080 praecepti
1911 1053 2023 1070 commo-

1183 1087 1281 1112 nitione
1301 1085 1483 1112 discernimus.
1512 1084 1562 1111 Th.
1580 1084 1610 1111 C.
1624 1084 1668 1111 XI.
1691 1087 1713 1112 1.
1733 1096 1754 1112 c.
1776 1087 1816 1112 14.
1837 1086 1870 1113 de
1889 1096 1983 1113 annon.
1998 1091 2024 1113 et

1182 1129 1272 1155 tribut.
1309 1128 1374 1155 Levi
1394 1129 1597 1155 commonitione
1616 1128 1724 1165 pulsari.
1752 1128 1790 1155 lb.
1810 1128 1854 1156 Vl.
1873 1131 1916 1156 35.
1940 1139 1962 1156 c.
1983 1131 2022 1155 10.

1183 1172 1215 1199 de
1234 1173 1301 1209 priv.
1322 1182 1374 1198 eor.
1395 1182 1438 1208 qu.
1458 1172 1485 1197 in
1506 1171 1532 1198 S.
1552 1171 1604 1208 pal.

1220 1215 1569 1243 Commonitorium.
1581 1213 1698 1248 (Subst.)
1715 1215 1905 1242 Mandatum
1917 1217 2023 1250 publi-

1182 1269 1262 1290 cum.
1282 1260 1438 1292 Epistola
1458 1259 1676 1284 mundatoria.
1705 1257 1748 1284 III.
1762 1260 1827 1286 cn.
1848 1258 1943 1285 Omnia
1957 1268 2025 1285 com-

1182 1302 1330 1328 monitoria.
1349 1301 1392 1327 vel
1411 1302 1620 1338 praeceptiones7
1640 1305 1684 1327 aut
1703 1302 1863 1333 evectiones,
1882 1311 1930 1327 seu
1949 1311 2025 1338 qnae—

1183 1345 1247 1371 libet
1266 1344 1372 1382 publica
1392 1345 1572 1371 instrumenta.
1594 1354 1615 1370 c.
1636 1345 1676 1370 10.
1697 1344 1762 1378 3.1.
1783 1344 1815 1371 de
1834 1354 1962 1371 numerar.
1984 1346 2024 1370 12.

1182 1390 1223 1415 50.
1262 1388 1369 1415 Curiosi
1394 1387 1482 1414 idonei
1506 1403 1539 1407 -
1564 1388 1788 1420 transmittantur,
1818 1388 2025 1414 commonitoriis

1183 1432 1393 1469 competentibus
1413 1436 1492 1468 atque
1510 1430 1639 1457 mandatis
1653 1431 1784 1457 instructi.
1814 1430 1863 1457 Th.
1879 1430 1910 1458 C.
1926 1430 1969 1457 Π.
1982 1432 2024 1458 29.

1184 1487 1204 1502 c.
1226 1478 1265 1502 10.
1290 1475 1322 1501 de
1342 1475 1438 1501 curios.
1466 1474 1522 1501 ΥΠ.
1543 1476 1567 1500 4.
1588 1484 1609 1500 c.
1629 1476 1670 1500 27.
1696 1473 1728 1500 de
1754 1483 1824 1510 erog.
1850 1473 1904 1500 mil.
1931 1484 2025 1500 annon.

1184 1518 1408 1549 Commonitoriis‚
1428 1518 1592 1554 secretisque
1611 1517 1749 1549 mandatis.
1769 1516 1847 1543 fidem
1861 1518 1967 1554 penitus
1981 1517 2025 1543 ab-

1183 1571 1314 1598 negamus
1343 1560 1380 1587 lb.
1405 1560 1448 1587 IX.
1475 1562 1497 1586 1.
1522 1571 1543 1587 c.
1570 1562 1609 1587 19.
1634 1561 1655 1594 3.
1678 1562 1699 1586 l.
1729 1560 1762 1586 de
1786 1570 1872 1586 accus.
1898 1565 1923 1586 et
1945 1561 2025 1587 inser.

1184 1604 1289 1640 Quodsi
1309 1605 1376 1640 quis.
1397 1603 1458 1629 dum
1477 1603 1536 1629 solo
1556 1604 1755 1630 commonitorio
1775 1602 1807 1629 de
1826 1603 1950 1639 suffragio
1969 1603 2027 1629 niti-

1183 1653 1233 1675 tur.
1254 1652 1302 1673 etc.
1331 1646 1368 1673 Ib.
1388 1646 1419 1672 II.
1439 1648 1480 1673 29.
1502 1657 1522 1673 c.
1542 1648 1566 1672 2.
1587 1647 1608 1680 3.
1627 1648 1652 1672 3.
1672 1648 1693 1672 si
1715 1651 1776 1672 cert.
1796 1650 1875 1682 petat.
1890 1645 1922 1672 de
1935 1645 2008 1672 suffr.

1219 1689 1548 1718 Commonitorium.
1582 1689 1721 1722 (Adiect.)
1767 1690 2025 1715 Admouitoriux.

1160 1764 1162 1773 y
1184 1733 1226 1760 III.
1251 1735 1316 1761 (7η.
1348 1732 1485 1758 Sententia
1508 1732 1603 1758 iudicis
1628 1732 1824 1758 commonitoria
1849 1731 1881 1758 ad
1905 1736 2027 1758 extranea

1185 1777 1279 1803 indicia
1299 1775 1491 1813 pertrahantur.
1512 1786 1532 1801 c.
1547 1777 1589 1801 33.
1609 1785 1648 1812 pr.
1670 1775 1701 1801 de
1721 1775 1802 1812 episc.
1822 1779 1848 1800 et
1867 1774 1928 1801 cler.
1948 1775 1971 1801 1.
1985 1775 2010 1801 3.

1220 1818 1467 1847 Conlmorari.
1498 1819 1641 1850 Morari,
1666 1820 1805 1845 I'ersari.
1843 1817 1886 1844 111.
1902 1819 1968 1845 (Tn-
1997 1816 2027 1843 Si

1186 1864 1245 1899 quis
1264 1861 1325 1899 plus
1345 1863 1414 1888 iusto
1434 1862 1579 1898 temporis.
1603 1866 1644 1887 aut
1671 1862 1764 1887 itinere
1788 1865 1831 1887 aut
1850 1861 1877 1887 in
1897 1860 1948 1886 alio
1967 1860 2027 1887 loco

1186 1910 1376 1932 comumratus.
1397 1905 1580 1930 consumserit.
1610 1904 1639 1930 fr.
1660 1906 1683 1930 4.
1704 1904 1736 1930 de
1756 1914 1811 1930 vac.
1831 1908 1858 1930 et
1876 1913 1965 1930 excus.
1984 1905 2026 1929 50.

1186 1953 1209 1975 5.
1247 1950 1301 1984 Qui
1321 1950 1347 1974 in
1367 1958 1470 1985 quaque
1489 1948 1595 1983 regione
1616 1952 1816 1973 conunorantur.
1846 1946 1876 1972 fr.
1898 1948 1936 1971 18.
1960 1946 1982 1980 3.
2002 1947 2026 1972 3.

1186 1993 1218 2019 de
1237 1994 1311 2018 instr.
1332 1991 1381 2027 leg.
1399 1993 1441 2017 33.
1463 1992 1485 2017 7.
1523 1991 1587 2016 Sine
1611 1994 1754 2016 commeatu
1778 1988 1977 2026 proficiscendi.
2003 1994 2026 2015 et

1186 2036 1230 2061 ubi
1250 2034 1381 2060 voluerint
1407 2033 1584 2060 commorandi
1609 2032 1776 2059 liabitandive
1800 2032 1975 2068 permittimus
1995 2031 2028 2057 fa—

1186 2078 1316 2104 cultatem.
1337 2087 1358 2102 c.
1380 2078 1419 2102 15.
1440 2076 1472 2102 (le
1492 2076 1621 2111 dignitatt.
1646 2077 1684 2101 12.
1708 2077 1729 2101 l.

1222 2119 1421 2147 Commori.
1461 2121 1565 2145 Simul
1588 2120 1675 2144 mori.
1712 2117 1731 2144 I.
1754 2120 1816 2152 Sy.
1845 2117 1928 2143 Simul
1954 2117 2029 2143 ‹lece-

1187 2164 1256 2190 derc.
1294 2162 1395 2188 Pariter
1414 2162 1487 2187 mori.
1521 2161 1550 2187 fr.
1569 2163 1611 2187 32.
1631 2162 1653 2194 3
1677 2162 1714 2186 14.
1734 2160 1767 2187 dc
1787 2160 1848 2186 dou.
1868 2161 1907 2186 int
1934 2159 1966 2186 V.
1985 2163 2027 2186 24.

1188 2209 1210 2232 1.
1231 2206 1261 2232 sr.
1283 2207 1321 2232 16.
1342 2215 1380 2242 pr.
1401 2205 1422 2238 3
1445 2206 1466 2230 1.
1494 2204 1526 2230 dc
1546 2204 1599 2230 reb.
1620 2204 1680 2230 dub.
1704 2205 1746 2229 34.
1766 2206 1789 2229 5.
1828 2203 1858 2229 ll.
1881 2205 1948 2237 Op·
1981 2203 2029 2230 Su-

1187 2250 1333 2287 pcrvivcrc.
1354 2264 1386 2267 —-
1406 2247 1482 2274 Prius
1502 2247 1638 2273 decedere.
1668 2246 1697 2272 l'r.
1717 2249 1758 2273 32.
1779 2247 1862 2280 314.
1883 2246 1900 2272 l.
1919 2248 1960 2272 24.
1982 2248 2004 2272 1.

1224 2291 1443 2318 OEommotio.
1491 2291 1522 2324 §.
1552 2291 1585 2316 1.
1626 2291 1751 2321 Motus,
1794 2291 2027 2323 congregatio.

1189 2335 1231 2361 Ill.
1255 2336 1320 2362 Cn.
1348 2333 1398 2360 Yt.
1420 2335 1441 2359 si
1462 2333 1547 2369 aliqua
1567 2333 1676 2358 forsitan
1699 2333 1839 2358 commotio
1860 2332 1946 2358 suerit.
1969 2342 2030 2369 pos-

1189 2379 1241 2404 sint
1262 2378 1313 2414 ipsi
1333 2376 1459 2402 limitanei
1479 2392 1510 2395 —
1532 2375 1654 2401 adiuvare
1675 2375 1738 2401 loea.
1764 2386 1785 2401 c.
1805 2377 1829 2402 2.
1849 2375 1870 2408 3.
1890 2376 1914 2400 8.
1933 2374 1966 2401 dc
1985 2374 2028 2401 off.

1166 2422 1168 2450 ζ
1191 2420 1242 2447 1)ι“1“.
1258 2420 1298 2446 l'r.
1314 2419 1369 2446 ,111.
1391 2421 1412 2444 1.
1427 2420 1468 2444 27.
1489 2434 1521 2437 -
1541 2419 1571 2451 §-
1591 2419 1625 2444 20
1648 2420 1857 2453 Indignatio,
1878 2419 2030 2445 Animad-

1192 2465 1304 2489 rersio.
1343 2461 1384 2488 Ill.
1413 2463 1478 2488 (Ἢ.
1509 2461 1604 2486 (ii-avis
1625 2462 1673 2486 ista
1694 2462 1834 2487 commotio
1855 2465 1908 2491 est.
1927 2471 1956 2487 ac
1977 2470 2029 2487 non

1191 2505 1298 2532 serenda
1323 2504 1455 2531 iracundia
1480 2503 1587 2529 iudicis.
1608 2514 1674 2539 qnae
1699 2505 1827 2530 effusione
1851 2503 1955 2529 humani
1975 2513 2030 2530 san»

1191 2550 1276 2583 guinis
1297 2549 1424 2584 expiatur.
1454 2545 1502 2572 Th.
1523 2546 1553 2572 C
1574 2546 1618 2572 XI.
1643 2549 1685 2573 315.
1710 2558 1731 2573 c.
1754 2549 1792 2573 14.
1817 2547 1900 2581 Quor.
1925 2556 1985 2583 app.
2004 2555 2028 2571 n.

1192 2602 1242 2618 rec.
1280 2590 1343 2617 Sine.
1368 2588 1422 2616 ullo
1446 2594 1515 2615 metu
1540 2589 1690 2615 iudiciariae
1715 2590 1897 2616 commotionis
1925 2604 1958 2608 -—
1985 2589 2030 2614 im-

1191 2635 1287 2671 pleant.
1318 2633 1353 2659 lb.
1374 2632 1417 2658 Yl.
1438 2634 1479 2657 30.
1505 2643 1526 2658 c.
1549 2634 1570 2658 l.
1596 2632 1628 2658 de
1652 2631 1732 2659 l'alat.
1753 2633 1781 2659 S.
1801 2632 1879 2668 largg.
1919 2631 2030 2666 Dignam

1193 2676 1376 2703 commotionis
1396 2675 1485 2700 subire
1505 2684 1649 2701 censuram.
1678 2675 1714 2701 lb.
1735 2675 1753 2702 Ι.
1775 2678 1814 2702 15.
1835 2685 1857 2701 c.
1877 2675 1900 2700 6.
1925 2673 2029 2706 (ch.)

1192 2721 1224 2747 de
1244 2720 1286 2745 (111.
1309 2718 1393 2745 Sicar.
1432 2718 1509 2743 Circa
1529 2717 1578 2743 hos
1598 2722 1682 2743 antem
1702 2719 1812 2744 maxime
1831 2715 1943 2752 urgenda
1963 2726 2031 2742 com-

1192 2763 1272 2789 motio
1293 2766 1341 2787 cst.
1371 2760 1407 2786 lb.
1428 2760 1498 2786 NJ‘l.
1519 2763 1542 2786 5.
1563 2770 1584 2786 c.
1604 2762 1645 2786 (52.
1665 2759 1698 2786 de
1718 2759 1839 2786 haeretic.
1877 2759 1905 2785 Si
1925 2760 1970 2795 qui
1989 2769 2030 2786 cu—

1193 2804 1300 2831 iuslibet
1325 2804 1418 2830 iudicis
1444 2804 1618 2829 commotione
1640 2802 1757 2829 mulctati
1781 2807 1849 2829 sunt.
1881 2800 1946 2827 Nov.
1966 2802 2031 2828 Mar-

1193 2849 1257 2874 cian.
1279 2846 1311 2873 dc
1331 2846 1418 2883 praed.
1440 2848 1509 2873 civit.
1530 2856 1597 2872 omn.
1618 2845 1660 2871 111.
1679 2846 1703 2871 3.
1724 2855 1745 2871 c.
1766 2847 1788 2871 1.
1808 2845 1830 2878 3.
1849 2846 1873 2870 3.

1926 2887 2030 2914 Com-
