2197 3121
265 184 330 215 256

267 266 320 301 Qu.
340 266 389 292 cui.
409 265 478 291 univ.
498 274 566 291 nom.
585 265 610 290 3.
624 265 648 290 4.
677 263 707 290 Si
726 277 758 283 —
778 261 959 290 defensionem
977 261 1018 288 sui
1037 270 1108 288 man-

267 308 330 336 dare
349 318 400 334 non
420 308 514 345 possit.
544 306 573 333 fr.
593 308 634 332 23.
654 317 693 344 pr.
718 306 750 333 de
770 315 840 332 usur.
865 307 907 332 22.
928 307 951 332 l.
995 305 1049 340 Qui
1068 315 1108 331 re-

268 352 382 388 quisitus
401 350 432 376 ab
451 355 547 378 actore.
568 359 619 376 non
634 354 673 375 est
688 348 836 375 defensioni
854 347 999 375 defuturus.
1019 348 1051 374 fr.
1064 349 1106 374 21.

267 395 290 428 5.
309 396 334 420 3.
358 394 409 429 Qu.
430 403 462 419 ex
482 403 502 419 c.
523 393 580 418 mai.
600 394 624 418 4.
644 394 668 418 6.
706 391 908 423 Defensionem,
933 396 960 418 ut
984 400 1108 428 procura-

268 442 323 464 tor.
343 441 476 473 praestare
495 435 628 471 cogendus
647 445 700 462 non
719 440 767 462 est.
791 434 822 461 fr.
836 436 877 461 43.
897 435 919 469 5.
933 436 957 460 2.
977 433 1009 460 cf.
1024 433 1054 460 fr.
1065 434 1107 460 33.

268 480 290 514 5.
310 481 334 505 4.
355 478 387 505 de
406 489 478 516 proc.
503 480 527 505 3.
546 479 571 504 3.
614 477 656 504 Ad
680 477 847 504 defensiones
872 487 965 503 causae
984 476 1010 503 b.
1030 476 1046 503 f.
1066 486 1109 503 ve-

269 524 332 548 nire.
361 522 391 548 fr.
409 524 450 548 31.
471 521 503 547 de
522 522 579 548 iure
597 520 664 547 fisci.
683 522 724 548 49.
746 522 785 547 14.
823 520 918 547 Cautio
937 519 1108 546 defensionis.

268 566 299 591 fr.
320 567 342 591 7.
363 565 385 599 5.
404 566 428 590 4.
448 563 480 590 de
500 563 561 590 dote
580 563 693 601 praeleg.
712 566 754 590 33.
774 565 797 590 4.
818 579 850 583 —-
870 563 901 596 ᾗ.
923 564 960 590 3.
990 564 1109 590 Aduer-

268 610 329 638 τέο,
350 609 540 634 Excusario.
577 606 596 633 1.
616 608 678 641 Sy.
706 607 843 643 Exceptio.
875 606 905 632 fr.
925 606 966 632 56.
986 605 1019 632 de
1032 605 1108 632 cond.

269 650 355 677 indeb.
380 652 420 676 12.
439 650 463 676 6.
491 649 521 676 fr.
541 651 565 676 5.
590 649 623 676 de
641 660 712 676 exce.
738 652 779 676 44.
800 651 823 676 l.
865 648 896 675 11.
922 650 990 682 Op.
1021 649 1108 675 Actio.

269 694 300 720 fr.
320 694 361 719 63.
387 692 419 719 de
442 702 471 719 re
493 692 546 719 iud.
574 695 616 719 42.
641 695 664 719 1.
712 692 756 719 111.
781 694 847 720 Gn.
881 692 1009 718 Defensio
1036 693 1110 724 iuris,

269 746 336 773 quae
357 745 460 762 causam
484 737 608 762 incertam
632 735 719 762 habet.
749 735 779 762 fr.
799 736 841 762 56.
866 734 899 761 de
922 734 998 761 cond.
1022 734 1110 762 indeb.

270 781 310 806 12.
330 780 354 805 6.
390 778 420 805 Si
439 778 497 805 aliis
517 778 715 805 defensionibus
736 788 809 809 usus,
829 777 896 804 hanc
909 778 1006 804 omisit.
1026 777 1056 804 fr.
1068 780 1110 805 52.

269 833 309 860 pr.
329 822 362 849 de
381 821 458 848 indic.
479 824 503 848 5.
524 823 546 847 1.
567 820 599 847 cf.
620 821 650 847 fr.
669 823 711 847 43.
730 831 771 858 pr.
791 820 825 851 de
842 820 874 847 R.
894 820 913 847 1.
933 823 974 847 50.
989 822 1029 848 17.
1065 821 1111 847 Iis-
1131 833 1133 844 ι

270 865 329 892 dem
347 864 546 891 defensionibus
567 865 603 890 uti
622 874 712 901 posse,
731 863 848 900 (quibus
867 863 990 891 venditor
1009 865 1047 891 uti
1065 874 1111 901 po·
1131 853 1133 864 Ι

270 909 391 941 tuisset).
421 907 451 934 fr.
472 909 512 934 76.
539 907 561 940 5.
583 909 604 933 1.
630 907 662 933 de
681 912 764 933 contr.
784 911 844 933 emt.
865 908 905 934 18.
926 908 949 933 1.
987 906 1046 933 Non
1066 908 1112 933 mi-

270 953 365 978 nimam
384 950 492 977 habebit
511 949 690 976 defensionem
709 955 792 987 pater,
812 949 883 986 quod
897 955 947 977 etc.
975 950 1045 977 Coll.
1058 949 1111 977 LL.

270 994 304 1022 111.
324 993 367 1020 IV.
387 995 410 1019 9.
442 992 498 1019 Sub
517 992 671 1019 defensione
690 993 847 1030 (religionis,
867 1003 1021 1020 consumere
1041 995 1112 1023 εἷα),

271 1037 322 1064 Th.
339 1036 369 1063 C.
388 1035 459 1062 XVI.
483 1038 508 1062 2.
533 1045 554 1062 c.
573 1038 615 1063 27.
636 1046 674 1074 pr.
700 1036 732 1063 de
757 1037 838 1073 episc.
863 1035 926 1063 eccl.
955 1036 986 1063 cf.
1007 1036 1050 1063 IX.
1069 1038 1111 1062 35.

272 1091 293 1107 c.
315 1082 337 1106 1.
357 1079 390 1106 de
409 1079 558 1115 quaestion.
586 1095 618 1098 —
644 1080 675 1113 §0
697 1081 735 1106 4.
769 1080 938 1111 Vindicta,
962 1081 1056 1106 l'ltio.
1094 1078 1113 1105 1,

272 1125 333 1158 Sy.
364 1122 438 1148 Yltio
458 1122 595 1155 (mortis).
621 1121 650 1148 fr.
670 1124 694 1148 3.
713 1122 796 1156 §.17.
816 1121 847 1148 fr.
867 1123 890 1148 5.
911 1122 932 1155 5.
952 1123 976 1148 3.
996 1121 1027 1148 fr.
1047 1123 1071 1148 6.
1090 1122 1112 1156 5.

270 1169 296 1193 2.
322 1166 355 1193 de
378 1166 405 1192 S.
433 1164 464 1192 C.
488 1164 570 1191 Silan.
595 1166 636 1192 29.
656 1166 680 1191 5.
732 1164 776 1191 III.
801 1166 867 1192 C‘n.
901 1164 962 1191 Non
985 1168 1114 1191 tormenta

272 1214 382 1240 tantum,
401 1208 449 1235 sed
468 1218 571 1234 omnem
590 1208 788 1244 inquisitionem
807 1212 831 1234 et
851 1207 1030 1234 defensionem
1048 1217 1115 1233 mor-

272 1254 315 1279 tis.
336 1252 366 1279 fr.
387 1253 409 1278 l.
428 1251 450 1285 5.
470 1253 512 1277 25.
532 1250 567 1277 ib.
585 1253 629 1278 29.
647 1253 671 1277 5.
692 1266 724 1270 -—
750 1251 780 1283 §-
800 1251 838 1277 5.
869 1251 984 1277 Munus
1003 1252 1114 1286 defen-

272 1297 366 1322 soris.
407 1293 450 1321 III.
476 1295 542 1321 Gn.
570 1292 721 1320 Personalia
740 1292 827 1319 civilia
847 1298 908 1319 sunt
927 1303 1046 1320 munera:
1071 1293 1114 1320 de·

273 1338 358 1365 sensio
378 1338 491 1364 civitatis
511 1341 560 1363 etc.
581 1336 610 1362 fr.
634 1338 654 1362 1.
674 1337 695 1370 5.
720 1337 742 1363 1.
762 1336 794 1362 de
813 1346 882 1363 mun.
903 1341 929 1363 et
946 1336 1009 1363 hon.
1028 1338 1069 1363 50.
1088 1338 1113 1363 4.

272 1380 315 1408 Ad
335 1380 422 1407 locum
441 1379 602 1406 defensionis
622 1379 764 1405 ambitione
787 1380 935 1416 pervenire.
970 1378 1019 1406 Th.
1039 1379 1070 1406 C.
1094 1379 1113 1405 I.

272 1426 315 1451 20.
335 1433 356 1449 c.
378 1425 400 1449 1.
420 1422 452 1449 de
472 1422 572 1449 defens.
593 1423 663 1449 civit.
701 1422 844 1458 Legitimae
869 1421 1033 1449 defensionis
1056 1432 1114 1460 per-

274 1476 348 1493 sona.
376 1465 413 1492 lb.
433 1464 477 1491 XI.
497 1467 520 1492 9.
542 1476 562 1492 c.
582 1468 605 1492 2.
626 1465 658 1492 de
677 1465 753 1492 distr.
773 1466 875 1502 pigrior.

309 1510 508 1536 Defensor.
553 1508 584 1541 §-
605 1509 639 1535 1.
671 1509 846 1543 Depulsor,
871 1510 1114 1544 Propugnator.

274 1553 293 1579 1.
309 1553 371 1586 Sy.
400 1551 452 1586 Qui
472 1550 607 1588 repulerit,
627 1561 651 1577 v.
672 1550 798 1578 occiderit
816 1551 1034 1588 (percussorem).
1064 1551 1116 1577 De-

274 1595 364 1622 fensor
382 1595 505 1631 propriae
525 1593 626 1620 salutis.
655 1604 676 1620 c.
695 1596 720 1620 3.
739 1604 780 1630 sq.
804 1593 837 1620 ad
859 1593 890 1620 L.
911 1593 992 1621 Corn.
1017 1593 1049 1620 de
1068 1594 1114 1620 sic.

274 1640 298 1665 9.
322 1638 360 1663 16.
398 1652 431 1656 —
468 1637 499 1670 ξ.
519 1638 554 1663 2.
584 1638 716 1669 Custos,
747 1638 979 1671 Praeponam,
1008 1638 1114 1663 Actor.

276 1681 293 1707 I.
314 1682 375 1715 Sy.
405 1678 564 1706 Procurator
589 1680 626 1706 rei
645 1681 712 1716 priv.
732 1678 871 1716 Principis.
907 1679 1040 1706 Defensor
1059 1679 1116 1712 (do-

274 1733 333 1751 mus
352 1723 479 1755 nostrae).
509 1721 559 1748 Th.
574 1721 605 1749 C.
625 1722 658 1749 X.
672 1724 696 1748 4.
712 1732 734 1748 c.
750 1723 772 1748 l.
792 1732 814 1748 c.
827 1724 852 1749 3.
872 1722 904 1749 de
917 1727 998 1749 actor.
1011 1732 1116 1759 procur.

276 1765 410 1803 Syndicus
429 1765 576 1798 (civitatis).
596 1764 625 1792 fr.
646 1766 686 1791 18.
707 1765 729 1799 5.
751 1766 790 1791 13.
810 1764 843 1791 de
862 1775 931 1792 mun.
952 1770 978 1792 et
997 1764 1058 1792 hon.
1074 1767 1115 1791 50.

276 1812 300 1836 4.
336 1809 379 1836 III.
399 1810 465 1836 Cn.
489 1808 665 1845 Adpellantur
684 1812 794 1839 tutores,
814 1809 889 1844 quasi
908 1809 1020 1834 tuitores
1039 1812 1117 1844 atque

277 1852 439 1880 defensores.
459 1850 491 1877 fr.
511 1852 534 1876 1.
554 1851 575 1884 5.
598 1853 619 1877 1.
640 1850 672 1877 de
692 1849 766 1877 tutel.
784 1852 826 1878 26.
847 1853 869 1877 1.
907 1850 1036 1883 Tutores,
1054 1852 1117 1878 item

277 1894 430 1922 defensores
449 1903 536 1920 rerum
555 1893 727 1930 publicarum,
746 1898 772 1920 et
791 1898 933 1920 curatores.
965 1894 996 1921 fr.
1012 1896 1034 1920 l.
1055 1894 1078 1928 5.
1091 1895 1116 1920 3.

278 1937 383 1974 Quand.
404 1935 500 1985 appell.
519 1938 561 1962 49.
575 1939 600 1962 4.
637 1936 769 1962 Defensor
782 1937 952 1974 municipum,
970 1936 1014 1964 vel
1033 1937 1118 1964 cuius-

278 1982 320 2007 vis
340 1980 468 2017 corporis.
498 1978 528 2005 fr.
547 1980 589 2005 34
613 1979 634 2013 5.
656 1980 678 2005 l.
703 1978 760 2005 de'
754 1980 860 2006 iureiur.
886 1981 926 2007 12.
944 1982 968 2006 2.
1005 1979 1117 2012 Iudices

279 2023 379 2050 officia.
399 2033 428 2049 ac
447 2021 608 2048 defensores
643 2020 692 2048 ’111.
716 2020 747 2048 C.
772 2021 802 2048 V.
828 2023 868 2048 13.
894 2032 915 2049 c
934 2024 976 2049 33.
1002 2021 1097 2055 (ch.
1107 2023 1117 2056 )

281 2065 400 2093 Periculo
420 2066 557 2093 curatoris.
577 2066 634 2091 sive
652 2064 814 2096 defensoris,
839 2070 864 2091 et
882 2064 1067 2102 principalium
1086 2066 1118 2092 ci-

280 2110 333 2135 vita
337 2114 399 2140 tum,
418 2108 450 2135 ad
469 2107 629 2134 ordinarium
652 2106 764 2134 iudicem
789 2107 922 2144 dirigatur.
949 2108 987 2135 lb.
1007 2107 1074 2135 VIII.
1094 2110 1118 2134 5.

282 2161 303 2177 c.
324 2154 365 2178 59.
386 2151 418 2178 de
437 2160 515 2178 cursu
533 2150 596 2188 pub.
633 2149 766 2177 Defensor
790 2150 915 2178 locorum.
935 2167 968 2172 —
991 2151 1119 2178 Defenso-

281 2205 324 2222 res
344 2196 523 2221 universarum
542 2193 743 2230 provinciarum.
769 2203 790 2220 c.
809 2195 834 2220 3.
854 2204 894 2230 sq.
913 2193 946 2220 de
965 2193 1065 2221 defens.
1085 2195 1119 2221 ci-

281 2239 366 2264 vitatt.
388 2239 408 2263 1
423 2239 464 2264 55.
501 2236 634 2263 Defensor
653 2235 748 2273 plebis.
772 2246 793 2263 c.
810 2239 831 2263 1
851 2236 884 2263 de
897 2237 940 2263 off.
955 2237 1031 2264 iurid.
1042 2236 1118 2264 Alex.

284 2282 306 2307 1.
325 2282 366 2307 57
394 2280 424 2306 cf.
445 2279 494 2306 Th.
515 2278 633 2306 (3.1111.
655 2281 694 2306 12.
715 2289 736 2306 c.
756 2281 779 2306 8.
799 2279 822 2313 5.
843 2281 865 2306 l.
884 2279 917 2306 de
936 2279 1023 2306 donat.
1059 2278 1142 2306 Des.

283 2323 417 2351 ecclesiae.
438 2322 480 2348 xel
499 2332 536 2348 or.
538 2323 614 2348 1torii.
642 2321 735 2349 Iuliani
754 2323 817 2360 epit.
837 2332 896 2349 nov.
917 2333 939 2349 c.
957 2324 998 2350 67.
1018 2323 1040 2356 5.
1060 2324 1119 2349 243.

284 2382 316 2387 -
345 2366 376 2399 §-
400 2366 436 2392 ³.
466 2367 528 2397 Qui
555 2367 779 2398 patrocinium
802 2375 936 2398 causae,
960 2367 1120 2400 propriae

284 2412 331 2436 rel
362 2410 508 2439 alienae,
539 2409 673 2434 exhibet.
721 2410 783 2442 Qui
809 2418 937 2435 causam
966 2410 1120 2440 alteriue,

239 2485 242 2489 ¹
284 2454 381 2479 etiam
410 2452 496 2477 citra
524 2452 724 2482 mandatnm,
753 2453 783 2478 in
812 2453 936 2478 iudicio
965 2453 1120 2487 defendit.

286 2494 303 2520 Ι.
318 2496 378 2528 Sy.
399 2492 566 2523 Causidicus,
586 2491 722 2523 Patronus,
743 2493 903 2520 Advocatus
928 2493 978 2520 Th.
994 2493 1066 2521 C.11.
1082 2496 1120 2520 10.

287 2548 307 2563 e.
331 2539 351 2563 1.
372 2546 411 2572 sq.
432 2535 464 2562 de
483 2534 580 2572 postul.
618 2534 648 2561 II.
670 2537 736 2569 Op.
764 2536 929 2563 Procurator.
958 2535 988 2563 fr.
1008 2539 1031 2563 9.
1055 2536 1078 2570 5.
1097 2537 1121 2562 6.

288 2580 319 2605 t'r.
339 2580 380 2605 34.
401 2579 422 2611 5.
441 2580 466 2604 3.
485 2578 518 2604 de
537 2578 640 2604 iureiur.
662 2579 701 2604 12.
720 2580 745 2605 2.
783 2578 825 2606 111.
846 2580 912 2607 Cn.
939 2579 1023 2615 Quasi
1042 2584 1122 2611 tutor,

288 2621 329 2647 vel
350 2627 466 2653 curator,
486 2620 529 2647 vel
549 2620 679 2652 defensor,
698 2620 740 2647 vel
760 2626 832 2648 actor
850 2622 1017 2648 intervenire.
1037 2621 1067 2648 fr.
1084 2624 1122 2647 10.

288 2664 309 2697 5.
332 2665 369 2689 13.
394 2664 426 2690 de
445 2665 470 2690 in
491 2665 531 2690 ius
550 2674 608 2690 voc.
632 2665 656 2689 2.
676 2665 700 2691 4.
744 2664 797 2699 Qui
823 2666 863 2690 sui
883 2675 935 2691 non
954 2669 994 2691 est
1013 2664 1122 2691 idoneus

289 2705 418 2732 defensor.
444 2706 473 2733 fr.
487 2709 510 2733 5.
531 2706 636 2733 debon.
650 2711 716 2733 auct.
736 2706 788 2733 iud.
808 2708 849 2732 42.
863 2709 886 2733 5.
923 2707 1006 2734 Nemo
1026 2707 1124 2734 alienae

289 2748 344 2774 litis
364 2747 473 2775 idoneus
493 2749 616 2775 defensor
634 2750 709 2782 (sine
727 2748 923 2783 satisdatione).
947 2749 977 2777 fr.
996 2752 1037 2777 46.
1057 2751 1079 2784 5.
1098 2753 1124 2777 2.

290 2790 323 2816 de
342 2800 413 2827 proc.
433 2793 455 2817 3.
470 2793 493 2818 3.
518 2793 574 2818 Gai.
595 2791 638 2819 IV.
654 2794 710 2819 101.
748 2791 807 2819 Des.
827 2791 943 2818 absentis
962 2792 1124 2825 (debitoris).

292 2833 321 2859 fr.
340 2834 381 2859 21.
402 2833 422 2866 5.
443 2835 465 2858 2.
487 2844 518 2860 ex
538 2844 580 2870 qu.
601 2845 621 2861 c.
641 2836 700 2862 mai.
720 2836 743 2861 4.
763 2835 786 2861 6.
813 2834 841 2861 fr.
857 2835 896 2861 74.
917 2834 939 2868 5.
952 2836 977 2861 2.
997 2834 1029 2861 de
1046 2835 1124 2862 iudic.

1074 178 1172 210 DEF.

1150 262 1174 288 5.
1195 262 1218 288 1.
1254 259 1340 288 Litem
1359 260 1461 291 subire.
1481 262 1556 298 quasi
1575 261 1699 289 defensor
1718 264 1786 297 eius,
1806 281 1838 286 —
1857 265 1899 292 vel
1917 265 1990 292 here-

1151 303 1199 330 diS.
1236 303 1267 330 fr.
1286 306 1328 330 20.
1349 314 1388 341 pr.
1415 303 1448 330 de
1471 305 1560 332 interr.
1584 306 1610 332 in
1634 306 1697 332 iure.
1724 308 1763 333 11.
1785 309 1807 334 1.
1852 307 1890 340 ls,
1915 309 1990 335 cuius

1151 347 1256 372 nomine
1275 346 1326 373 def.
1347 347 1457 373 exstitit.
1481 346 1513 374 fr.
1533 350 1574 374 64.
1595 348 1626 375 cf.
1647 348 1677 375 fr.
1697 350 1738 375 40.
1759 350 1780 384 5.
1794 352 1819 376 2.
1839 350 1870 377 fr.
1889 353 1930 378 51.
1949 361 1989 388 pr.

1152 388 1184 415 de
1203 399 1275 426 proc.
1295 391 1320 415 3.
1338 390 1363 415 3.

1186 433 1356 460 Defensa
1376 432 1442 463 iri,
1467 442 1530 470 pro:
1564 435 1741 470 Defensum
1764 436 1817 462 iri.
1858 435 1900 462 III.
1924 437 1991 464 Cn.

1152 474 1188 501 lta
1208 480 1237 501 ut
1255 480 1356 501 caveat:
1380 474 1500 502 Defensu
1518 476 1550 502 iri
1563 476 1689 503 adversus
1704 482 1822 504 caeteros
1836 483 1885 505 etc.
1905 478 1935 505 fr.
1951 481 1990 505 11.

1152 519 1174 552 5.
1193 520 1236 545 21.
1265 518 1298 545 de
1317 517 1395 554 legat.
1414 517 1456 545 III.
1477 519 1554 552 (32.)
1596 520 1698 547 Cavere
1723 520 1832 547 debere:

1859 520 1992 552 .‚defensu

1153 562 1184 588 iri
1203 560 1326 588 heredem
1345 560 1472 588 adversus
1490 564 1559 588 etc.·‘
1579 562 1609 590 fr.
1624 565 1646 589 l.
1667 563 1689 597 5.
1703 564 1726 590 9.
1747 562 1780 590 de
1798 562 1860 590 dote
1878 563 1991 601 praeleg.

1152 606 1194 630 33.
1213 606 1238 630 4.
1263 603 1292 630 fr.
1311 605 1354 631 28.
1373 614 1422 642 pro
1441 614 1495 631 soc.
1516 606 1556 631 17.
1575 607 1599 632 2.

1188 648 1388 674 Defensus.
1408 646 1529 682 (Partic.)
1557 649 1588 682 §0
1606 649 1640 676 1.
1665 650 1810 685 Integer,
1830 651 1993 677 Immanis.

1153 689 1196 716 111.
1214 691 1280 718 Cn.
1309 689 1394 716 Tutos
1414 689 1591 728 defensosque
1610 693 1709 718 servari
1728 692 1759 726 (a
1779 691 1920 719 collatione
1938 693 1994 719 auri

1154 733 1221 767 etc.)
1250 732 1300 759 Th.
1320 732 1350 760 C.
1370 732 1416 760 XI.
1434 735 1475 760 20.
1501 744 1522 761 c.
1541 736 1565 761 2.
1590 733 1623 761 de
1647 735 1734 762 collat.
1759 735 1847 762 donat.
1877 734 1909 762 cf.
1928 735 1993 762 lust.

1155 776 1186 803 C.
1206 786 1227 802 c.
1248 777 1271 802 7.
1291 775 1324 802 de
1342 775 1458 813 postlim.
1478 787 1531 803 rev.
1551 778 1576 804 8.
1595 778 1636 804 61.
1678 778 1824 805 Defensum
1844 783 1922 815 atque
1940 788 1994 805 mu-

1155 820 1237 846 nitum
1257 818 1305 851 (ab
1325 819 1440 851 iniuria).
1470 819 1511 846 Cf.
1532 830 1556 846 v.
1577 820 1734 848 Defendere.
1762 822 1785 856 5.
1804 824 1829 848 2.
1850 837 1882 841 —
1903 822 1934 855 ξ.
1957 823 1994 849 fl.

1155 865 1404 897 Propuguatus,
1434 864 1622 895 Protectus,
1652 865 1793 895 (iudicio
1817 866 1994 899 suscepto).

1154 905 1198 932 111.
1218 906 1284 932 011.
1312 904 1366 940 Qui
1385 904 1418 931 ob
1438 915 1493 932 rem
1511 916 1564 932 non
1583 905 1716 933 defensam
1735 906 1824 934 solvit.
1850 906 1882 934 fr.
1899 908 1942 934 35.
1961 906 1995 933 de

1156 947 1269 974 condiet.
1283 946 1371 974 indeb.
1393 950 1432 974 12.
1446 949 1470 975 6.
1490 948 1522 975 cf.
1533 948 1563 976 fr.
1573 951 1614 975 45.
1626 959 1666 986 pr.
1681 949 1714 976 de
1723 959 1828 986 procur.
1841 951 1866 976 3.
1876 951 1900 976 3.
1935 949 1995 976 Ser-

1156 1001 1214 1023 vus,
1235 990 1279 1027 qui
1299 1000 1312 1016 a
1332 989 1438 1016 domino
1457 1001 1510 1018 non
1529 997 1569 1018 est
1582 991 1707 1019 defensus
1720 993 1747 1019 in
1761 992 1867 1030 capitali
1879 993 1994 1019 erimine.

1134 1059 1135 1075 ἢ
1157 1034 1188 1061 fr.
1208 1035 1231 1060 9.
1251 1034 1273 1067 5.
1289 1035 1311 1059 l.
1339 1032 1392 1068 Qui
1411 1038 1437 1059 et
1455 1044 1469 1060 a
1488 1035 1559 1071 quib.
1578 1037 1620 1061 40.
1634 1036 1658 1062 9.
1696 1035 1725 1062 Si
1744 1045 1792 1073 per
1811 1040 1996 1073 procuratores

1157 1087 1221 1104 suos
1242 1075 1344 1102 defensi
1362 1081 1432 1102 sunt.
1456 1076 1487 1103 fr.
1506 1078 1530 1104 8.
1550 1077 1583 1104 de
1601 1077 1619 1104 I.
1639 1077 1657 1104 I.
1677 1077 1709 1105 R.
1728 1080 1752 1105 4.
1774 1080 1797 1105 1.

1192 1121 1366 1147 Deferre-
1386 1119 1417 1152 §-
1431 1120 1466 1146 l.
1485 1121 1682 1155 Adportare,
1702 1121 1870 1148 Devenere.
1902 1121 1920 1148 1,
1934 1122 1996 1156 Sy.

1158 1162 1311 1200 Importare.
1331 1161 1361 1188 fr.
1376 1163 1400 1188 9.
1420 1162 1501 1196 55.1.
1520 1165 1544 1190 3.
1565 1163 1597 1190 de
1616 1163 1701 1190 damn.
1721 1164 1766 1190 inf.
1785 1166 1826 1191 39.
1845 1166 1870 1190 2.
1898 1164 1997 1191 Inferre

1159 1206 1292 1238 (aerario).
1329 1205 1390 1232 Des.
1409 1205 1442 1232 ad
1461 1206 1621 1240 (aerarium).
1650 1206 1701 1233 Th.
1721 1206 1752 1233 C.
1773 1206 1829 1234 Vll.
1849 1208 1889 1233 13.
1913 1218 1935 1234 c.
1955 1209 1996 1234 ll.

1159 1259 1180 1275 c.
1201 1250 1241 1275 13.
1266 1247 1299 1275 de
1322 1249 1400 1275 tiron.
1444 1248 1487 1275 111.
1511 1250 1577 1277 Gn.
1610 1249 1721 1276 Deferre
1748 1250 1791 1282 (in
1811 1251 1947 1282 civitate),
1971 1255 1998 1276 et

1159 1290 1312 1318 distrahere.
1339 1291 1370 1318 fr.
1389 1294 1413 1318 2.
1438 1291 1471 1319 de
1490 1291 1598 1319 nundin.
1623 1294 1665 1319 50.
1686 1294 1726 1319 ll.
1755 1292 1788 1319 cf.
1812 1291 1844 1319 fr.
1865 1294 1904 1318 12.
1929 1292 1951 1326 5.
1972 1294 1996 1318 1.

1158 1334 1191 1361 de
1209 1344 1259 1361 usu
1283 1338 1309 1360 et
1326 1333 1386 1361 hab.
1411 1337 1434 1361 7.
1454 1337 1478 1362 8.
1506 1334 1579 1362 Paul.
1599 1334 1630 1362 II.
1653 1337 1678 1361 4.
1703 1336 1724 1369 5.
1744 1337 1769 1362 4.
1811 1334 1840 1361 Si
1864 1336 1997 1362 materiam

1159 1388 1241 1404 meam
1261 1376 1372 1404 delatam
1396 1378 1422 1404 in
1445 1388 1535 1414 agrum
1558 1388 1634 1405 suum
1658 1379 1718 1415 quis
1736 1378 1838 1405 auferre
1856 1387 1909 1404 non
1927 1383 1998 1415 pate-

1158 1425 1238 1447 retur.
1262 1420 1293 1447 fr.
1312 1422 1336 1447 9.
1355 1420 1377 1454 5.
1399 1421 1421 1447 l.
1446 1420 1478 1447 cf.
1498 1420 1528 1448 fr.
1548 1423 1572 1448 5.
1592 1422 1614 1456 5.
1633 1423 1658 1448 4.
1677 1420 1710 1448 ad
1729 1420 1816 1448 exhib.
1838 1423 1878 1448 10.
1897 1422 1920 1447 4.
1958 1420 1998 1447 Iu-

1158 1468 1253 1496 menta,
1273 1463 1370 1500 quibus
1388 1462 1458 1500 ligna
1477 1463 1638 1492 deferuntur.
1670 1463 1743 1491 Paul.
1761 1464 1804 1491 III.
1823 1466 1847 1492 6.
1867 1464 1889 1498 5.
1908 1465 1950 1491 65.
1964 1480 1998 1484 —

1160 1508 1190 1541 §.
1205 1508 1240 1534 2.
1270 1508 1440 1543 Conferre,
1463 1507 1611 1544 Obserre,
1630 1509 1779 1543 Largiri.
1810 1506 1828 1534 I.
1843 1508 1907 1542 Sy·
1927 1507 1998 1534 Con-

1159 1550 1227 1577 ferre
1247 1549 1403 1586 (legatum).
1435 1549 1473 1577 lb.
1492 1549 1510 1576 l.
1530 1549 1547 1577 l.
1571 1551 1608 1585 55.
1628 1552 1652 1577 6.
1673 1552 1712 1577 13.
1753 1549 1890 1586 Iniungere
1913 1551 1999 1583 (tute-

1159 1592 1231 1625 lam).
1259 1591 1392 1627 Vatic.55.
1412 1594 1470 1619 191.
1490 1602 1530 1629 sq.
1567 1593 1735 1620 Adtribuere.
1761 1592 1811 1620 Tb.
1834 1592 1865 1619 C.
1883 1592 1952 1619 XIII.
1971 1593 1997 1619 3.

1161 1646 1182 1662 c.
1203 1637 1243 1662 ll.
1264 1645 1285 1662 c.
1306 1632 1347 1663 14.
1372 1646 1411 1672 sq.
1436 1635 1469 1662 de
1487 1635 1580 1662 medic.
1600 1641 1625 1662 et
1643 1636 1710 1673 prof.
1747 1635 1866 1667 Deferri.
1885 1635 1998 1673 Compe-

1160 1684 1227 1710 tere,
1247 1677 1383 1705 Pertinere
1402 1679 1558 1711 (actionem,
1578 1689 1601 1705 v.
1621 1679 1651 1706 B.
1671 1678 1752 1705 Pnem
1770 1678 1845 1711 etc.).
1873 1677 1946 1705 Paul.
1966 1677 1998 1705 II.

1160 1723 1202 1748 31.
1222 1722 1259 1756 55.
1278 1723 1320 1748 20.
1340 1731 1380 1758 sq.
1405 1720 1436 1748 fr.
1455 1723 1479 1748 2.
1504 1721 1534 1748 fr.
1555 1723 1594 1748 19.
1614 1732 1653 1759 pr.
1674 1721 1706 1748 de
1725 1721 1786 1748 bon.
1805 1721 1891 1748 libert.
1911 1723 1953 1748 38.
1972 1724 1997 1748 2.

1160 1764 1191 1791 sr.
1212 1766 1234 1790 7.
1254 1774 1293 1802 pr.
1314 1763 1346 1790 de
1366 1774 1421 1802 cap.
1441 1765 1531 1791 minut.
1552 1766 1576 1791 4.
1595 1766 1619 1791 5.
1656 1764 1687 1791 Π.
1708 1766 1775 1799 Op.
1803 1764 1925 1796 Referre,
1947 1763 1998 1791 Re-

1160 1808 1264 1834 mittere
1283 1806 1497 1841 (iusiurandum).
1516 1807 1547 1834 fr.
1562 1809 1602 1834 l7.
1621 1818 1661 1845 pr.
1679 1807 1710 1834 fr.
1729 1810 1771 1834 25.
1790 1807 1821 1834 fr.
1839 1808 1881 1834 34.
1900 1817 1940 1844 pr.
1959 1807 1998 1842 55.

1162 1852 1185 1877 7.
1205 1860 1245 1887 sq.
1270 1850 1300 1876 fr.
1320 1851 1362 1876 37.
1388 1849 1420 1876 de
1439 1851 1545 1877 Iureiur.
1576 1853 1616 1877 12.
1636 1853 1660 1877 2.
1705 1850 1748 1877 111.
1769 1852 1836 1879 Gn.
1862 1849 1918 1877 Nee
1940 1851 1999 1888 ipsa

1161 1893 1204 1920 lex
1224 1893 1321 1923 defert,
1340 1892 1388 1919 sed
1408 1893 1544 1920 confirmat
1562 1893 1709 1920 mandatam
1726 1893 1941 1921 iurisdietionem.
1966 1892 1997 1919 fr.

1161 1939 1185 1963 6.
1205 1936 1238 1963 de
1257 1935 1348 1963 iurisd.
1367 1938 1392 1963 2.
1413 1938 1435 1963 l.
1473 1936 1548 1972 Quae
1566 1936 1703 1974 Principes
1721 1941 1824 1963 veteres
1847 1935 1999 1963 detulerunt

1162 1978 1332 2012 (archiatris).
1362 1978 1412 2006 Th.
1432 1978 1462 2005 C.
1482 1979 1552 2006 XIII.
1571 1981 1595 2006 3.
1616 1990 1637 2006 c.
1652 1981 1692 2006 14.
1711 1979 1743 2006 cf.
1763 1989 1784 2005 c.
1800 1980 1839 2005 ll.
1859 1978 1892 2005 de
1904 1978 1997 2005 medic.

1162 2027 1188 2049 et
1211 2022 1278 2059 prof.
1308 2022 1339 2048 cf.
1363 2021 1422 2048 XV.
1449 2024 1470 2048 1.
1496 2033 1516 2049 c.
1538 2024 1577 2049 17.
1602 2022 1634 2048 de
1657 2032 1718 2059 opp.
1742 2021 1804 2058 pub.
1849 2020 1998 2057 Privilegia,

1162 2075 1228 2102 quae
1247 2064 1343 2091 detulit
1361 2065 1466 2101 antiqua
1484 2065 1603 2102 provisio
1622 2064 1796 2098 (militaribus
1814 2064 1905 2097 viris).
1930 2064 1997 2091 Nov.

1163 2107 1212 2134 Th.
1232 2107 1261 2133 II.
1283 2107 1315 2133 de
1333 2112 1421 2133 metat.
1440 2107 1458 2133 1.
1478 2109 1502 2134 5.
1523 2117 1544 2134 c.
1566 2109 1588 2133 l.
1607 2117 1646 2144 pr.
1690 2107 1719 2133 Si
1738 2107 1779 2133 his
1798 2106 1998 2134 honorificentia

1162 2160 1215 2177 non
1233 2149 1372 2181 deferatur,
1392 2150 1437 2186 qui
1456 2154 1505 2177 etc.
1534 2149 1583 2176 Th.
1599 2150 1630 2176 C.
1644 2149 1687 2176 VI.
1700 2151 1742 2176 24.
1757 2160 1777 2176 c.
1791 2151 1815 2176 4.
1836 2149 1868 2176 de
1887 2149 1998 2176 domest.

1163 2198 1188 2221 et
1206 2198 1317 2230 protect.
1354 2192 1456 2230 Populo
1480 2193 1547 2219 bona
1572 2192 1725 2220 deferuntur
1748 2203 1780 2219 ex
1799 2192 1855 2229 lege
1874 2191 1939 2219 Iulia
1959 2202 1998 2219 ca-

1163 2236 1275 2263 ducaria.
1304 2235 1365 2273 le.
1384 2235 1505 2262 XXVIII.
1526 2238 1548 2263 7.
1577 2235 1608 2263 cf.
1629 2235 1685 2262 Gai.
1711 2235 1740 2262 ll.
1766 2237 1823 2262 150.
1867 2234 1942 2262 Civis
1966 2234 1998 2262 R.

1163 2280 1251 2307 liberti
1270 2279 1440 2306 hereditatem
1460 2278 1502 2305 Iex
1520 2278 1576 2305 XII.
1592 2277 1675 2305 Tabb.
1694 2283 1805 2315 patrono
1824 2277 1915 2305 defert.
1935 2277 1997 2315 le.

1141 2323 1261 2356 XXIX.
1282 2324 1304 2349 l.
1341 2322 1370 2348 Si
1391 2332 1423 2348 ex
1442 2325 1605 2353 testamento.
1625 2322 1681 2347 sive
1699 2320 1730 2347 ab
1745 2321 1878 2352 intestato.
1896 2321 1953 2347 sive
1966 2330 2000 2347 ex

1142 2389 1143 2400 ,
1164 2366 1221 2402 lege
1239 2365 1296 2392 XII.
1316 2364 1410 2394 Tabb..
1429 2366 1484 2391 sive
1503 2374 1536 2390 ex
1555 2363 1640 2400 aliqua
1659 2363 1729 2400 Iege,
1749 2363 1880 2390 deferatur
1898 2362 1999 2390 heredi-

1165 2413 1212 2435 tas.
1242 2408 1272 2435 fr.
1291 2410 1315 2434 2.
1335 2418 1373 2445 pr.
1394 2407 1452 2433 fam.
1472 2407 1563 2432 ercisc.
1585 2408 1624 2432 10.
1643 2409 1667 2433 2.
1703 2406 1744 2433 Ex
1764 2406 1808 2433 illa
1826 2410 1901 2443 parte
1919 2405 1998 2432 edicti

1165 2468 1197 2472 —
1215 2450 1321 2478 heredis
1346 2450 1485 2477 heredibus
1505 2449 1534 2475 B.
1554 2448 1582 2475 P.
1602 2459 1654 2475 non
1679 2449 1801 2476 defertur.
1832 2449 1862 2475 sr.
1880 2450 1940 2475 227.
1958 2458 1998 2486 pr.

1165 2494 1197 2521 de
1216 2493 1248 2521 V.
1269 2494 1296 2520 S.
1316 2495 1356 2519 50.
1378 2493 1417 2519 16.
1459 2492 1572 2527 Quoties
1597 2491 1695 2529 duplici
1714 2493 1770 2518 iure
1788 2491 1904 2518 defertur
1922 2491 1998 2517 alicui

1166 2537 1309 2564 successio.
1337 2535 1367 2562 fr.
1387 2537 1428 2562 91.
1452 2534 1484 2561 de
1503 2534 1534 2561 li.
1554 2534 1572 2561 I.
1591 2537 1632 2561 50.
1654 2537 1694 2561 17.
1731 2534 1829 2566 Casus,
1855 2534 1898 2570 qui
1918 2532 1999 2560 defer-

1166 2585 1224 2607 rent
1242 2578 1417 2606 restitutionis
1436 2577 1568 2604 auxilium.
1598 2577 1628 2604 fr.
1641 2579 1683 2604 26.
1702 2577 1724 2611 5.
1742 2578 1766 2604 9.
1785 2587 1817 2603 ex
1837 2587 1880 2613 qu.
1899 2586 1920 2603 c.
1940 2576 1998 2602 mai.

1166 2625 1190 2650 4.
1210 2624 1234 2649 6.
1272 2621 1370 2648 Servus
1391 2620 1461 2656 quod
1485 2620 1592 2653 detulit,
1616 2620 1658 2647 vel
1681 2620 1789 2651 iuravit,
1813 2623 1938 2646 servetur.
1966 2617 1996 2644 fr.

1165 2668 1207 2692 20.
1228 2664 1260 2691 de
1279 2664 1383 2691 iureiur.
1404 2665 1443 2690 12.
1462 2666 1486 2690 2.
1522 2663 1563 2690 Ex
1582 2673 1612 2690 eo
1636 2664 1688 2697 (sc.
1708 2661 1904 2693 iureiurando),
1927 2660 1998 2696 quod

1167 2707 1280 2735 delatum
1304 2711 1357 2738 est,
1381 2707 1492 2733 iuratum
1516 2716 1567 2732 non
1591 2710 1639 2732 est.
1673 2706 1704 2732 fr.
1723 2707 1747 2731 5.
1771 2705 1793 2739 5.
1812 2706 1836 2730 4.
1859 2704 1893 2730 ib.
1915 2705 1953 2729 12.
1972 2706 1997 2729 2.

1167 2750 1208 2777 Mc
1227 2748 1368 2780 deferente,
1387 2750 1489 2775 iuravit.
1518 2749 1547 2775 fr.
1567 2751 1591 2775 ὅ.
1615 2748 1636 2782 5.
1658 2750 1680 2774 l.
1700 2748 1733 2775 de
1750 2749 1777 2774 in
1795 2748 1835 2774 ius
1854 2756 1910 2772 voc.
1929 2748 1953 2772 2.
1973 2748 1996 2777 4.

1167 2791 1336 2820 Iureiurando
1357 2791 1452 2824 delato,
1472 2802 1495 2818 v.
1517 2791 1677 2818 conditione
1695 2790 1788 2822 delata,
1806 2790 1898 2816 iurare.
1922 2788 1952 2815 fr.
1972 2790 1996 2815 6.

1167 2835 1190 2870 5.
1210 2836 1233 2861 4.
1253 2833 1285 2861 de
1305 2834 1329 2861 h.
1351 2844 1392 2872 qu.
1412 2839 1466 2862 not.
1486 2834 1571 2861 infam.
1590 2835 1614 2860 3.
1633 2836 1658 2860 2.
1689 2833 1718 2860 fr.
1737 2835 1762 2860 3.
1780 2842 1819 2869 pr.
1842 2831 1875 2859 de
1893 2832 1997 2858 iureiur.

1959 2876 1996 2902 12.
