2197 3121
935 154 1013 196 Qm
1028 174 1066 179 -

197 251 210 266 a
230 249 337 276 quoquo
357 250 460 272 eorum,
486 249 587 277 quosve
606 238 642 265 ibi
661 237 807 269 habebunt,
827 237 923 264 furtum
943 236 1038 264 factum

197 292 257 309 esse
276 282 385 310 dicetur.
406 282 436 310 fr.
458 284 480 309 l.
499 293 538 320 pr.
559 281 620 309 furti
640 280 698 307 adv.
718 285 787 307 naut.
807 282 847 307 47,
864 282 888 306 5.
926 279 1006 316 Quod
1025 290 1038 305 a

197 335 304 362 quoquo
326 335 425 362 poenae
450 326 554 351 nomine
578 328 704 350 exactum.
730 323 760 350 fr.
779 324 820 350 46.
846 322 878 349 de
902 321 933 348 R.
953 322 971 349 1.
995 324 1037 349 50.

197 369 237 394 17.
274 367 310 395 Vt
328 377 407 394 unum
426 367 548 394 libertum
573 371 769 404 procuratorem
793 367 818 392 in
839 375 939 402 quaqua
959 365 1037 391 domo

196 409 333 438 Senatoris
350 409 484 436 voluerint
501 419 602 442 vacare,
622 419 674 435 non
694 413 825 445 quotquot
844 413 928 435 erunt.
954 407 1036 434 Vatic.

195 453 218 486 §.
234 455 290 479 132.
320 453 435 489 Quoquo
455 462 531 484 anno⁷
551 462 574 478 v.
588 457 720 478 momento
740 452 875 488 temporis.
895 450 924 476 sr.
937 452 962 476 2.
976 450 998 483 §.
1012 451 1035 476 6.

196 495 229 522 de
241 495 273 522 O.
288 495 306 522 I.
321 497 343 522 l.
357 498 381 522 2.
402 495 459 522 Gai.
473 495 504 522 11.
519 497 559 522 70.
580 511 607 515 —
632 495 663 529 §.
677 496 712 521 2.
736 496 936 528 Quicunque,
959 494 1037 526 Qui·

196 540 279 565 libet.
304 538 348 564 111.
359 539 426 566 Gn.
440 538 534 569 Omne,
555 537 683 574 quidquid
697 542 745 564 etc.
770 535 908 572 Quidquid
921 536 1035 562 omnino.

195 580 225 607 fr.
247 583 304 607 115.
328 580 360 607 de
379 580 411 607 V.
431 580 460 607 S.
479 583 520 607 50.
543 582 582 606 16.
607 580 636 606 fr.
658 582 714 606 152.
735 589 773 617 pr.
793 578 825 605 de
843 578 874 605 R.
895 578 913 605 1.
933 580 974 605 50.
996 580 1034 604 17.

195 624 354 660 Quicunque
377 623 417 655 id,
446 623 517 660 quod
543 633 644 660 quaqua
669 622 825 659 exceptione
851 621 913 647 elidi
938 626 1035 658 potest,

195 667 268 703 petit.
289 666 318 692 fr.
339 669 362 693 2.
383 667 405 700 9.
425 668 448 692 5.
470 666 502 692 de
522 666 546 693 d.
561 676 593 692 m.
609 676 663 692 exc.
683 667 723 691 44.
738 666 761 690 4.
800 664 929 701 Quisquis
949 674 980 690 ex
995 673 1038 690 su·

194 710 362 746 prascriptis,
386 719 411 735 v.
431 708 510 740 alius,
537 709 616 741 (mihi
637 708 712 734 heres
732 708 808 739 erit.)
834 707 864 734 fr.
886 709 924 733 10.
945 717 984 744 pr.
1004 706 1036 732 de.

194 751 263 788 vulg.
288 756 314 777 et
337 761 399 789 pup.
423 752 465 778 28.
485 753 508 778 6.
534 751 564 777 l'r.
585 753 625 777 70.
648 750 677 777 fr.
699 751 755 776 116.
780 750 812 777 (1(-
833 750 863 777 V.
881 749 907 777 S.
933 752 974 776 50.
995 751 1035 776 16.

194 793 324 830 Quisquis
348 794 491 821 liberorum
516 803 638 821 meorum.
665 793 695 819 fr.
717 794 774 819 123.
799 804 838 830 pr.
863 793 895 819 de
921 792 996 829 legat.
1016 792 1035 819 Ι.

192 837 261 870 (30.)
280 837 418 874 Quidquid
437 837 487 864 sibi
507 837 648 864 liberorum
668 841 756 862 natum
776 837 833 862 erit.
859 836 889 862 fr.
908 837 949 862 29.
969 836 990 869 9.
1011 836 1034 862 6.

193 878 226 905 de
250 879 295 906 lib.
321 885 346 906 et
369 879 458 917 posth.
481 881 522 906 28,
547 882 570 905 2.
613 879 741 915 Quisquis
765 880 875 916 primum
901 878 932 904 ad
956 877 1034 904 funus

192 932 276 949 meum
296 924 406 949 venerit.
426 922 486 959 le.
500 921 583 948 XXII.
602 923 626 947 4.
663 921 705 948 Ad
725 931 907 958 quemcunque
927 930 1033 957 quoquo

193 966 249 991 iure
269 965 337 992 bona
355 976 411 991 mea
432 965 592 1002 perveniant.
614 963 643 990 t'r.
664 966 687 991 9.
708 964 740 991 de
758 964 832 1000 legat.
853 963 894 990 111.
915 965 981 997 (32.)
1002 965 1033 990 cs.

192 1007 223 1034 fr.
243 1009 266 1034 3.
287 1018 326 1045 pr.
351 1007 383 1034 de
408 1009 464 1034 iure
488 1007 569 1034 codic.
589 1008 631 1033 29.
652 1009 674 1034 7.
712 1007 826 1043 Quoquo
846 1008 951 1033 nomine
970 1006 1035 1033 obli-

191 1052 253 1086 gari.
273 1050 303 1077 fr.
316 1052 340 1076 2.
360 1051 381 1084 9.
395 1052 436 1076 20.
456 1049 488 1076 de
507 1049 595 1076 hered.
619 1059 642 1075 v.
663 1055 711 1076 act.
732 1049 808 1075 vend.
831 1050 869 1076 18.
884 1052 907 1076 4.
939 1049 1033 1081 Omne,

191 1092 262 1129 quod
282 1103 386 1130 quoquo
406 1102 499 1128 genere
519 1097 567 1119 etc.
594 1093 623 1118 I'r.
644 1094 684 1119 41.
705 1093 787 1126 911.
813 1092 845 1118 de
864 1092 949 1119 fideic.
970 1092 1033 1119 libb.

192 1137 233 1161 40.
253 1137 277 1162 5.
315 1135 363 1167 Vt.
388 1135 515 1172 quidquid
536 1136 561 1161 in
582 1135 711 1162 codicillis
731 1136 880 1172 scripserit,
905 1135 931 1161 id
950 1140 1034 1161 ratum

192 1179 234 1204 sit.
259 1178 315 1204 Gai.
334 1177 365 1204 II.
384 1180 443 1204 270.
482 1178 619 1215 Quidquid
647 1179 681 1205 ob
712 1188 767 1204 eam
796 1188 849 1204 rem
873 1178 947 1204 illum
971 1178 1034 1204 1111111

192 1221 254 1247 dare
277 1220 362 1247 facere
386 1225 499 1258 oportet.
530 1220 565 1247 Id.
591 1220 633 1247 IV.
658 1223 699 1247 47.
725 1223 765 1247 54.
786 1224 827 1247 60.
850 1223 906 1248 131.
927 1222 983 1247 136.
1003 1221 1033 1247 L.

192 1263 259 1290 Gall.
280 1263 380 1301 Cisatp.
395 1264 413 1290 Ι.
433 1266 474 1290 35.
489 1273 527 1300 sq.
566 1263 702 1300 Quidquid
723 1274 753 1290 eo
772 1265 877 1290 nomine
894 1263 935 1290 vel
949 1264 1033 1296 abest,

191 1305 233 1333 vel
252 1306 401 1333 abfuturum
422 1312 470 1333 est.
490 1306 520 1333 sr.
539 1309 564 1333 2.
585 1306 616 1333 cf.
636 1306 665 1333 fr.
679 1309 721 1333 21.
741 1307 763 1340 9.
777 1310 800 1333 3.
821 1306 853 1333 de
872 1305 903 1333 N.
919 1306 950 1333 G.
970 1308 994 1333 3.
1008 1309 1031 1333 5.

190 1349 317 1382 Fructus,
344 1360 481 1387 quosquos
505 1349 554 1383 [al.
580 1350 663 1386 quos]
687 1351 877 1387 percepissent.
903 1349 932 1376 fr.
952 1352 976 1376 4.
1000 1349 1032 1376 de

189 1397 256 1429 pact.
277 1392 330 1419 dot.
350 1395 392 1419 23.
411 1394 435 1419 4.

225 1435 371 1467 Quivis.
412 1437 570 1469 Quilibet,
592 1436 710 1462 Omnis.
748 1435 766 1462 1.
785 1436 846 1470 Sy.
867 1436 1031 1473 Quicunque.

190 1478 220 1504 ir.
240 1480 282 1505 33.
302 1479 324 1512 §.
343 1480 367 1505 2.
388 1478 420 1505 de
439 1489 543 1516 procur.
563 1480 587 1504 3.
601 1480 625 1504 3.
663 1478 692 1504 11.
709 1480 776 1512 Op.
797 1478 856 1515 Ipse
874 1478 985 1505 debitor.
1000 1495 1029 1499 ——

189 1521 285 1557 Quivis
308 1531 458 1559 possessor.
484 1521 514 1548 sr.
537 1523 579 1547 21.
603 1521 625 1555 9.
649 1523 673 1547 3.
699 1521 731 1547 de
754 1522 824 1558 pign.
848 1523 888 1548 20.
914 1524 936 1548 l.
972 1521 1032 1548 Non

191 1564 276 1590 solum
295 1565 353 1601 ipse
373 1565 542 1601 (exceptione
555 1564 663 1590 Cinciae
683 1565 718 1590 uti
736 1564 844 1600 potuit‚)
863 1566 1032 1591 verumetiam

190 1607 286 1643 quiVis,
306 1608 393 1643 (quasi
406 1606 543 1645 popularis
557 1608 592 1633 sit
606 1607 669 1633 haec
683 1607 825 1643 exceptio.)
840 1606 923 1634 Vatic.
938 1609 958 1642 9.
973 1609 1032 1635 266.

189 1649 266 1676 Pater
285 1650 410 1677 mulieris.
431 1666 462 1670 ——
483 1650 578 1686 Quivis
599 1649 673 1675 alius.
699 1649 758 1686 le.
775 1649 817 1676 VI.
836 1652 860 1676 3.
899 1650 939 1677 III.
964 1653 1030 1679 Cn.

190 1691 286 1728 Quivis
305 1693 451 1730 paterfam.,
470 1694 588 1730 quamvis
609 1692 834 1728 diligentissimus.
854 1693 884 1720 fr.
907 1696 945 1720 11.
965 1694 986 1728 9.
1007 1697 1031 1721 5.

191 1735 223 1761 de
237 1736 328 1762 minor.
343 1738 366 1763 4.
381 1738 405 1762 4.
430 1736 530 1772 Quavis
551 1735 599 1762 alia
619 1746 651 1762 ex
670 1746 755 1761 causa.
776 1735 832 1762 Gai.
847 1735 877 1762 II.
890 1738 932 1763 20.
961 1737 1031 1772 Qua-

190 1779 230 1804 vis
251 1778 296 1811 [al.
316 1778 453 1814 Qualibet]
474 1779 537 1805 hora
557 1779 632 1805 lucis.
653 1779 682 1804 fr.
702 1782 725 1805 ὃ.
746 1778 778 1805 de
798 1778 878 1805 seriis.
898 1781 921 1805 2.
944 1782 982 1806 12.

225 1822 320 1853 Quo.
357 1822 387 1855 §0
408 1823 442 1848 l.
469 1824 535 1855 Quo
559 1824 641 1853 loco,
673 1823 740 1854 Qua
763 1828 866 1856 parte.
902 1822 944 1848 III.
965 1824 1030 1850 Cn.

190 1865 261 1900 Quo.
281 1874 372 1900 quave,
392 1864 430 1890 illi
450 1869 579 1891 mortuum
600 1864 696 1890 inferre
716 1880 747 1883 —
767 1865 807 1890 ius
827 1870 875 1891 cst.
898 1865 927 1891 fr.
949 1867 971 1892 1.
990 1876 1030 1903 pr.

189 1908 211 1942 9.
232 1910 255 1933 5.
277 1907 308 1933 de
327 1912 429 1933 mortuo
449 1907 523 1933 infer.
546 1909 584 1933 11.
603 1909 627 1933 8.
659 1907 720 1942 Quo
740 1906 791 1933 loci
812 1907 941 1934 exhibeat.
962 1908 992 1934 fr.
1006 1910 1030 1934 5.

189 1951 211 1984 §.
233 1952 254 1976 1.
274 1950 365 1987 depos.
388 1951 427 1976 16.
440 1951 464 1976 3.
503 1950 563 1985 Quo
583 1949 663 1976 tutela
683 1949 759 1981 redit,
779 1960 810 1976 eo
829 1950 961 1977 hereditas
974 1961 1031 1988 per-

189 1994 270 2019 venit.
297 1992 326 2019 fr.
353 1993 392 2018 73.
418 2002 457 2029 pr.
483 1992 515 2019 de
539 1992 569 2019 R.
594 1992 611 2019 1.
636 1994 677 2019 50.
704 1994 743 2019 17.
771 2009 800 2012 —
826 1993 856 2026 §.
877 1995 912 2020 2.
938 1995 1030 2021 Certo

189 2037 345 2070 temporis
367 2042 525 2062 momento.
563 2035 604 2061 Ill.
626 2036 692 2062 Cn.
712 2034 842 2072 Tempora
863 2046 914 2062 non
934 2036 1031 2063 cedunt

189 2080 265 2115 patri,
284 2088 335 2115 qno
357 2077 400 2111 [al.
415 2079 483 2114 quia,
502 2088 525 2104 v.
540 2078 597 2114 qui}
618 2079 809 2105 accusationem
825 2079 964 2106 instituere
977 2090 1029 2106 non

189 2126 285 2157 potest.
310 2121 340 2147 fr.
359 2122 382 2146 4.
402 2130 441 2157 pr.
468 2120 500 2147 ad
518 2120 547 2147 L.
567 2120 614 2147 Iul.
638 2121 671 2147 (le
696 2121 776 2147 adult.
795 2122 837 2147 48.
857 2123 881 2148 5.
918 2125 958 2149 Ex
977 2133 1028 2159 quo

189 2163 346 2195 mandatum,
365 2173 388 2189 v.
408 2164 574 2200 rescriptum,
594 2168 641 2190 est.
662 2164 691 2190 fr.
712 2166 735 2190 4.
755 2165 777 2198 9.
797 2166 820 2190 6.
841 2164 873 2191 de
893 2166 936 2192 off.
953 2165 1028 2193 Proc.

191 2210 215 2231 et
236 2204 297 2241 Leg.
318 2209 339 2232 1.
356 2208 394 2232 16.
415 2206 445 2232 fr.
462 2208 500 2232 16.
515 2217 552 2244 pr.
573 2206 605 2233 de
624 2212 691 2244 pact.
711 2209 734 2233 2.
754 2209 793 2233 14.
813 2221 845 2226 —
865 2208 896 2241 §.
911 2209 948 2235 3.
969 2210 1030 2235 Cui

191 2250 254 2274 rei?
286 2249 384 2280 Quid?
413 2251 495 2275 Cur?
531 2249 572 2275 III.
594 2250 660 2276 Gn.
685 2249 789 2276 Dixerit
808 2250 916 2286 aliquis:
945 2252 1028 2287 ..Quo

191 2300 252 2326 crgo
271 2290 334 2316 haec
357 2293 476 2328 exceptio
501 2292 661 2318 ‹la1nnnto'!··
686 2292 715 2318 fr.
735 2294 760 2319 4.
779 2303 818 2329 pr.
843 2295 865 2320 si
887 2304 929 2330 qu.
950 2299 1027 2320 cautt.

190 2335 215 2359 2.
238 2334 275 2358 ll.
313 2331 471 2366 Consultus,
492 2345 542 2371 quo
563 2335 659 2361 bonum
680 2335 727 2361 l'uit
746 2337 873 2362 actionem
893 2336 1029 2373 polliceri?

192 2391 223 2394 —-
246 2374 383 2411 respondit
402 2381 449 2401 etc.
469 2377 497 2403 sr.
513 2379 554 2404 13.
575 2379 596 2411 9.
613 2379 636 2403 2.
657 2378 689 2404 de
709 2378 790 2404 ususr.
811 2380 833 2405 7.
849 2381 871 2405 l.
892 2379 961 2406 Call.
976 2379 1020 2406 LL

191 2418 223 2444 M.
245 2417 288 2443 IV.
309 2421 331 2443 ὃ.
370 2416 464 2443 Placet.
485 2435 516 2438 —
537 2421 597 2456 Quo
617 2420 713 2446 1101111111
735 2425 775 2447 est
794 2421 843 2447 hoc
863 2421 966 2448 dicere?
996 2422 1027 2449 fr.

190 2462 231 2486 93.
256 2470 295 2497 pr.
321 2459 353 2485 de
377 2460 455 2486 solut.
481 2463 520 2487 46.
540 2464 563 2488 3.
588 2463 617 2489 fr.
637 2466 659 2489 3.
685 2464 766 2496 9.11.
793 2465 821 2489 1“ι·.
845 2466 883 2490 10.
907 2466 928 2498 9
948 2468 971 2491 4.
996 2465 1028 2491 de

192 2504 221 2529 B.
236 2502 263 2529 P.
279 2513 299 2529 c.
315 2508 332 2528 t.
351 2504 393 2528 37.
412 2504 434 2528 4.
473 2503 532 2538 Quo
552 2515 600 2531 nos
619 2511 757 2532 veteranos
778 2506 869 2538 factos5
889 2509 911 2533 si
931 2508 1027 2534 nullam

191 2545 377 2581 indulgentiam
402 2545 543 2572 habemus?
574 2547 622 2574 Th.
647 2548 678 2575 C.
698 2548 753 2576 Vll.
778 2552 818 2576 20.
843 2561 864 2576 c.
883 2553 907 2576 2.
932 2561 971 2588 pr.
996 2551 1028 2577 de

190 2593 304 2615 veteran.
325 2604 354 2607 -—
377 2589 407 2621 §.
424 2590 462 2615 4.
487 2590 531 2615 Vt.
568 2589 610 2615 111.
624 2592 690 2617 Gn.
708 2592 851 2629 Benignius
865 2593 935 2629 leges
949 2595 1027 2620 inter-

191 2630 332 2668 pretandae
350 2636 419 2659 suut.
438 2641 489 2667 quo
503 2632 625 2658 voluntas
643 2643 727 2660 earum
743 2641 920 2662 conservetur.
942 2636 971 2662 fr.
988 2639 1025 2663 13.

191 2674 224 2700 de
243 2673 295 2700 LL.
317 2675 338 2699 1.
358 2675 381 2699 3.
420 2674 480 2709 Quo
503 2674 606 2700 scilicet
628 2675 757 2710 significet
776 2684 823 2705 etc.
849 2678 877 2705 sr.
898 2681 939 2705 42,
961 2680 1025 2713 9.1.

191 2716 224 2743 de
237 2716 268 2743 R.
284 2716 313 2743 C.
336 2718 375 2742 12.
390 2717 412 2742 1.
449 2716 539 2753 Neque
559 2727 610 2753 quo
631 2717 700 2744 fraus
719 2721 759 2745 cui
779 2731 867 2748 eorum
887 2721 938 2747 fiat.
959 2722 988 2748 sr.
1003 2724 1025 2748 7.
1047 2728 1048 2743 1

192 2759 214 2792 §.
235 2762 258 2786 7.
280 2759 312 2785 (le
330 2763 397 2796 pact.
417 2761 440 2785 2.
462 2761 501 2785 14.
538 2759 588 2786 Per
613 2769 641 2785 se
665 2770 716 2786 non
739 2761 807 2795 sore,
831 2774 881 2799 quo
901 2764 978 2790 altius
998 2775 1025 2791 ca

193 2801 307 2829 aedificia
328 2801 460 2828 tollantur.
481 2802 510 2829 fr.
527 2804 565 2829 19,
580 2813 618 2840 pr.
639 2802 670 2829 de
690 2803 770 2830 usufr.
791 2806 813 2831 7.
830 2808 850 2832 l.
879 2806 907 2833 Si
923 2807 1023 2833 celandi
1043 2812 1046 2815 ’

1080 155 1186 197 QUO.
1857 158 1917 188 807

1084 247 1169 269 causa,
1189 247 1240 274 quo
1254 247 1286 264 ne
1305 238 1349 270 [al.
1364 248 1448 270 causa,
1469 239 1511 272 ne]
1532 238 1563 265 ad
1582 238 1715 265 (luminum
1734 243 1916 267 reverteretur.

1083 279 1198 316 fugisset.
1220 279 1249 306 fr.
1270 282 1310 307 17.
1330 281 1352 314 §.
1372 284 1395 308 5.
1416 281 1448 307 de.
1468 281 1552 308 Aedil.
1573 281 1649 308 edict.
1668 283 1709 308 21.
1732 283 1751 307 l.

1118 332 1262 363 Quoad.
1277 331 1389 364 (Advb.)
1410 332 1440 365 §.
1454 333 1488 358 l.
1511 333 1627 364 Donec,
1652 333 1752 367 Vsque
1770 334 1848 358 dum.
1873 332 1915 358 111.

1083 374 1147 400 Gn.
1168 373 1261 409 Quoad
1280 384 1369 410 usque.
1390 374 1419 400 l'r.
1439 376 1479 401 52.
1500 374 1532 400 de
1551 385 1616 401 mcm.
1637 379 1737 401 testam.
1757 376 1798 401 40.
1812 377 1835 401 4,
1856 385 1877 401 c.
1892 376 1915 400 4.

1081 417 1103 442 si
1117 426 1184 442 serv.
1199 421 1300 454 export.
1314 419 1337 443 4.
1352 418 1392 442 55.
1423 416 1534 443 Tamdiu
1547 417 1656 449 scilicet,
1676 417 1761 454 quoad
1781 422 1828 444 etc.
1848 417 1877 444 fr.
1892 420 1915 443 5.

1081 458 1102 492 9.
1119 460 1140 484 1.
1161 459 1211 495 Qu.
1232 470 1262 486 ex
1276 469 1295 486 e.
1317 460 1341 485 in
1361 469 1432 496 poss.
1453 461 1493 485 42.
1509 461 1531 485 4.
1565 459 1654 486 Finem
1668 460 1746 487 dandi
1765 460 1838 487 alteri
1853 461 1916 491 sore.

1080 500 1165 536 quoad
1185 501 1308 528 iudicium
1327 503 1495 539 acciperetur.
1516 502 1545 528 fr.
1565 504 1589 529 9.
1609 502 1641 529 de
1660 502 1691 529 V.
1706 503 1739 530 Ο.
1759 505 1800 529 45.
1822 505 1842 529 l.
1872 502 1916 534 Vt,

1081 543 1165 580 quoad
1185 543 1232 578 [al.
1252 544 1322 581 quod
1336 544 1383 579 ad]
1404 554 1471 571 unus
1491 550 1610 582 occupet,
1630 546 1732 582 utrique
1749 551 1863 584 tempora
1878 556 1916 571 ce-

1080 585 1149 613 dant.
1173 585 1204 613 fr.
1223 589 1246 613 4.
1266 597 1304 625 pr.
1329 587 1360 614 ad
1384 587 1413 614 L.
1434 587 1480 614 Iul.
1504 587 1536 614 de
1555 588 1634 615 adult.
1654 590 1695 615 48.
1715 591 1738 615 5.
1776 588 1856 625 Quod
1875 598 1917 614 na—

1081 633 1136 655 tum
1156 630 1213 661 erit.
1232 629 1317 667 quoad
1337 631 1413 657 trium
1432 640 1551 657 mensum
1570 632 1612 657 sit.
1633 630 1662 657 l'r.
1684 633 1705 658 l.
1725 632 1746 665 9.
1767 633 1806 658 10.
1829 631 1862 658 de
1880 632 1916 657 in-

1080 672 1144 708 spic.
1170 677 1269 699 ventre.
1294 674 1336 699 25.
1359 674 1384 700 4.
1421 673 1516 709 Quoad
1539 674 1646 700 viveret.
1670 674 1701 700 fr.
1725 676 1766 702 52.
1789 675 1812 709 9.
1834 676 1858 701 3.
1884 674 1917 701 de

1080 719 1147 752 pact.
1170 717 1193 741 2.
1216 717 1255 742 14.
1280 715 1309 742 fr.
1329 718 1370 742 39.
1390 716 1411 750 9.
1430 718 1454 743 2.
1475 716 1534 742 sam.
1554 717 1645 744 ercisc.
1666 719 1706 744 10.
1724 720 1748 744 2.
1773 733 1804 737 —
1829 718 1860 751 §.
1880 718 1915 744 Β.

1082 759 1244 790 Quantum
1264 761 1309 785 ad.
1346 758 1388 785 111.
1408 759 1473 786 Gn.
1499 758 1553 786 Nec
1576 760 1697 792 interest,
1722 760 1793 796 quod
1812 759 1843 786 ad
1868 759 1915 793 [al.

1080 799 1182 835 quoad]
1204 801 1270 827 seras
1291 801 1389 827 bestias
1403 806 1451 828 etc.
1473 801 1501 828 fr.
1515 803 1539 828 3.
1559 802 1581 836 9.
1597 805 1619 829 1.
1639 803 1671 830 de
1684 803 1715 829 A.
1729 802 1760 829 R.
1774 802 1808 829 D.
1821 804 1862 829 41.
1879 804 1900 828 1.

1117 855 1236 886 Quod.
1256 854 1414 888 (Pronom.)
1436 857 1604 889 Quantum.
1639 856 1682 883 III.
1696 858 1762 885 Cn·
1782 856 1861 892 Quod
1880 856 1915 883 di-

1079 901 1139 929 stat,
1161 913 1188 916 —
1211 897 1260 923 hoc
1279 897 1359 923 distat
1378 902 1426 924 etc.
1447 898 1477 925 fr.
1491 900 1531 925 30.
1548 898 1581 926 de
1593 898 1646 926 LL.
1661 901 1683 926 l.
1697 901 1722 926 3.
1747 899 1825 931 laid,
1845 899 1915 936 quod

1080 939 1162 966 sactus
1182 945 1221 965 est
1240 939 1405 976 locupletior,
1426 942 1573 972 (conveniri
1588 944 1697 980 potest.)
1718 942 1748 969 fr.
1761 944 1785 969 3.
1805 943 1826 976 9.
1840 945 1863 968 4.
1884 942 1916 968 de

1079 981 1110 1009 N.
1137 982 1168 1009 G.
1194 984 1218 1008 3.
1243 985 1266 1009 5.
1303 982 1433 1009 Relictum
1461 994 1552 1021 supra,
1582 985 1652 1021 quod
1681 995 1773 1023 capere
1799 995 1914 1022 possum.

1079 1024 1108 1051 fr.
1127 1026 1169 1052 28.
1190 1025 1221 1051 de
1241 1024 1316 1061 legat.
1337 1024 1378 1052 III.
1400 1026 1466 1059 (32.)

1113 1080 1232 1111 Quod.
1247 1079 1414 1113 (Coniunct.)
1432 1080 1462 1113 §.
1474 1082 1508 1108 1.
1526 1084 1623 1114 Quia,
1640 1083 1803 1115 Quoniam.
1823 1082 1840 1109 I.
1852 1083 1914 1117 Sy·

1077 1121 1196 1159 Propter.
1217 1122 1258 1149 Cf.
1278 1122 1302 1149 h.
1322 1133 1346 1149 v.
1366 1123 1431 1156 9.1.
1470 1124 1545 1159 Quia.
1566 1124 1595 1151 I'r.
1618 1127 1638 1151 1.
1659 1125 1688 1151 l'r.
1708 1127 1732 1152 2.
1752 1126 1773 1160 9.
1786 1127 1810 1152 2.
1830 1125 1863 1152 de
1881 1125 1914 1152 Ο.

1078 1165 1094 1191 I.
1116 1167 1138 1191 1.
1157 1168 1181 1191 2.
1218 1165 1260 1192 111.
1276 1167 1341 1193 Gn.
1360 1165 1433 1192 Illam
1455 1168 1565 1203 turpiter
1583 1167 1675 1200 facere,
1694 1168 1764 1204 quod
1783 1169 1818 1195 sit
1835 1178 1915 1194 mere-

1077 1209 1143 1239 trix;
1162 1218 1213 1234 non
1233 1209 1344 1245 turpiter
1357 1209 1484 1245 accipere.
1505 1220 1562 1236 cum
1576 1211 1610 1236 sit
1623 1212 1753 1237 meretrix.
1775 1211 1804 1237 fr.
1820 1214 1842 1237 4.
1857 1211 1878 1245 9.
1891 1212 1913 1237 3.

1078 1251 1110 1278 de
1130 1250 1204 1277 cond.
1225 1251 1257 1277 ob
1278 1256 1346 1288 turp.
1367 1261 1387 1278 c.
1410 1253 1449 1277 l2.
1468 1254 1491 1278 5.
1529 1252 1577 1283 Eo.
1597 1253 1667 1289 quod
1687 1258 1735 1280 etc.
1762 1253 1802 1281 Cf.
1823 1264 1846 1280 v.
1866 1254 1913 1280 En.

1077 1295 1099 1328 9.
1119 1296 1143 1321 5.
1175 1294 1217 1320 Oh
1238 1294 1272 1326 id,
1293 1294 1363 1331 quod
1383 1299 1431 1321 ete.
1453 1294 1509 1321 Gai.
1529 1295 1559 1322 ll.
1579 1297 1637 1322 258.
1658 1295 1689 1322 cf.
1708 1298 1766 1323 254.
1803 1296 1859 1323 Hoc
1879 1298 1914 1323 in-

1077 1342 1185 1368 teresse,
1205 1337 1275 1373 quod
1294 1342 1342 1364 etc.
1363 1337 1393 1364 fr.
1414 1339 1471 1364 101.
1492 1348 1530 1374 pr.
1551 1338 1580 1364 l'r.
1602 1340 1659 1365 191.
1679 1338 1711 1365 de
1725 1338 1756 1366 V.
1771 1338 1797 1366 S.
1818 1342 1858 1366 50.
1875 1341 1914 1366 16.

1077 1379 1155 1406 Nulla
1179 1380 1227 1406 alia
1252 1391 1284 1407 ex
1308 1390 1398 1411 causa.
1423 1390 1498 1417 quam
1522 1380 1592 1417 quod
1612 1386 1660 1408 etc.
1686 1381 1714 1408 fr.
1734 1383 1777 1408 32.
1797 1382 1817 1416 9.
1839 1384 1861 1408 1,
1882 1381 1914 1408 de

1075 1422 1127 1450 LL.
1149 1425 1171 1450 l.
1189 1424 1213 1449 3.
1250 1423 1321 1455 Ideo,
1340 1423 1411 1460 quod
1431 1428 1478 1449 etc.
1500 1423 1529 1449 fr.
1551 1425 1574 1450 7.
1594 1423 1616 1457 9
1636 1425 1659 1450 4.
1685 1423 1717 1451 de
1736 1425 1826 1452 iurisd.
1846 1427 1870 1451 2.
1892 1427 1912 1451 1.

1076 1481 1108 1486 -
1127 1466 1158 1500 §0
1172 1467 1208 1493 Β.
1231 1468 1276 1493 ΓΙ.
1312 1465 1354 1492 111.
1375 1466 1441 1493 Cn.
1462 1465 1591 1492 Voluntas
1611 1467 1680 1499 facit,
1700 1468 1770 1504 quod
1784 1484 1815 1487 —
1830 1468 1915 1494 valeat

1076 1510 1236 1546 (scriptum.)
1256 1508 1286 1535 fr.
1301 1511 1340 1535 12.
1360 1509 1381 1543 9.
1395 1511 1419 1535 3.
1440 1508 1472 1535 de
1492 1508 1567 1545 legat.
1587 1508 1604 1535 1.
1620 1510 1687 1542 (30.)
1707 1510 1820 1537 Poenam
1839 1510 1913 1543 feret,

1076 1552 1146 1589 quod
1166 1557 1213 1578 etc.
1234 1552 1263 1578 I'r.
1286 1553 1324 1577 ll.
1349 1552 1370 1585 9.
1390 1553 1414 1577 3.
1440 1551 1472 1577 de
1491 1552 1580 1578 interr.
1602 1553 1627 1578 in
1647 1553 1710 1579 iure.
1732 1555 1772 1579 11.
1793 1555 1815 1580 1.
1852 1553 1913 1580 Edi-

1076 1596 1126 1622 ctis
1146 1612 1176 1616 —
1196 1594 1337 1631 divulgari,
1362 1593 1432 1631 quod
1457 1595 1543 1620 cuncti
1567 1595 1651 1621 sciant
1675 1600 1722 1622 etc.
1748 1595 1796 1622 Th.
1817 1596 1848 1623 C.
1868 1596 1911 1623 IX.

1075 1640 1116 1665 42.
1137 1649 1158 1664 c.
1178 1640 1217 1664 14.
1238 1637 1270 1664 de
1290 1638 1349 1664 bon.
1371 1647 1469 1674 proscr.
1494 1652 1528 1656 —
1551 1638 1582 1671 §.
1603 1639 1640 1664 3.
1662 1640 1763 1671 Quod,
1787 1640 1852 1676 (pro
1873 1649 1912 1666 ac-

1076 1682 1193 1707 cusativo
1213 1691 1270 1707 cum
1289 1681 1442 1712 infinitivo.)
1470 1680 1512 1706 III.
1532 1682 1598 1708 Gn.
1618 1680 1723 1708 Sufficit
1741 1682 1842 1708 mulieri
1863 1682 1913 1709 hoc

1076 1729 1165 1750 notum
1185 1724 1277 1755 facere,
1297 1723 1367 1760 quod
1387 1724 1421 1749 sit
1440 1733 1593 1760 praegnans.
1614 1723 1642 1750 l'r.
1665 1725 1686 1749 l.
1706 1724 1726 1758 9.
1741 1727 1764 1751 3.
1786 1724 1818 1751 de
1837 1725 1911 1761 adgn.

1075 1771 1101 1793 et
1119 1766 1202 1793 alend.
1222 1769 1263 1793 25.
1283 1768 1307 1792 3.
1344 1766 1411 1792 Illud
1432 1766 1573 1794 notandum
1593 1771 1641 1797 est,
1662 1766 1732 1803 quod
1752 1767 1782 1793 B.
1803 1767 1830 1793 Ρ.
1853 1778 1873 1794 c.
1895 1773 1910 1793 t.

1077 1824 1107 1828 —
1127 1808 1212 1835 locum
1232 1808 1325 1841 habet,
1344 1810 1401 1836 sive
1421 1814 1468 1835 etc.
1489 1808 1519 1836 l'r.
1539 1810 1562 1835 4.
1583 1819 1620 1846 pr.
1643 1809 1674 1836 de
1693 1810 1723 1836 B.
1743 1809 1771 1836 Ρ.
1792 1820 1813 1836 ο.
1834 1815 1851 1837 t.
1870 1812 1910 1837 37.

1075 1853 1098 1878 4.
1135 1852 1248 1883 Divisio,
1267 1851 1338 1889 quod
1357 1861 1447 1878 omnes
1466 1852 1585 1878 homines
1605 1857 1653 1878 etc.
1679 1852 1734 1878 Gai.
1755 1852 1773 1879 1.
1793 1854 1816 1879 9.
1838 1853 1867 1880 fr.
1890 1855 1910 1879 1.

1075 1905 1113 1932 pr.
1134 1894 1208 1921 (11311.
1228 1905 1262 1931 qu
1291 1896 1338 1921 sui.
1361 1896 1382 1920 l.
1402 1896 1424 1921 6.
1451 1910 1478 1913 -
1506 1896 1537 1928 §.
1560 1896 1598 1921 ⁶}-
1621 1897 1722 1928 Quud,
1743 1898 1759 1922 i.
1779 1906 1798 1922 e.
1822 1898 1910 1930 Quot.

1075 1937 1117 1964 III.
1136 1939 1200 1965 Gn.
1220 1937 1307 1964 Pretio
1327 1937 1413 1964 viliori
1433 1937 1603 1969 frumentum,
1627 1937 1698 1974 quod
1721 1949 1822 1965 annona
1847 1944 1910 1965 tem-

1074 1980 1173 2018 poralis
1192 1985 1241 2012 est,
1260 1996 1291 2000 -
1312 1985 1452 2018 praestare.
1475 1980 1503 2007 I'r.
1518 1982 1541 2006 5.
1562 1991 1599 2017 pr.
1620 1980 1653 2006 de
1671 1980 1737 2007 adm.
1752 1992 1801 2008 rer.
1816 1981 1847 2008 ad
1862 1983 1909 2008 civ.

1075 2026 1116 2050 50.
1136 2025 1159 2050 S.

1109 2079 1405 2111 Quodammodo.
1434 2077 1555 2111 (Advb.)
1584 2078 1614 2111 §.
1634 2079 1668 2105 1.
1699 2081 1811 2113 Specie
1836 2089 1909 2114 qua-

1074 2124 1155 2154 dam,
1175 2123 1316 2148 Ratione
1334 2123 1456 2155 aliqua.
1477 2123 1561 2147 Fere.
1593 2121 1623 2147 11.
1636 2123 1702 2155 ΟΡ.
1718 2121 1838 2157 Qualiter
1850 2132 1910 2159 qua·

1072 2164 1140 2191 liter.
1161 2163 1201 2191 Cf.
1221 2164 1245 2190 h.
1266 2174 1289 2190 v.
1309 2164 1331 2198 9.
1350 2166 1375 2190 3.
1412 2163 1452 2190 111.
1474 2165 1539 2191 Cn.
1559 2164 1713 2199 Quodamm.
1734 2165 1815 2201 quasi.
1835 2165 1865 2192 fr.
1886 2167 1908 2191 7.

1073 2208 1094 2242 9.
1114 2209 1138 2234 6.
1158 2207 1190 2234 de
1209 2212 1274 2244 pact.
1294 2208 1317 2233 2.
1341 2208 1378 2233 14.
1399 2207 1429 2233 l'r.
1452 2208 1490 2233 19.
1510 2207 1531 2240 9
1551 2208 1575 2232 2.
1597 2206 1629 2232 ad
1649 2206 1675 2233 S.
1685 2206 1715 2233 C.
1736 2206 1805 2233 Vell.
1826 2209 1864 2233 16.
1886 2210 1907 2233 1.

1073 2251 1102 2277 fr.
1124 2252 1161 2276 14.
1186 2251 1251 2284 9.1.
1277 2249 1309 2276 de
1333 2260 1423 2286 usurp.
1446 2251 1486 2275 41.
1506 2251 1529 2275 3.
1568 2249 1650 2284 Quasi
1676 2249 1738 2276 olim
1761 2249 1787 2276 111
1811 2250 1908 2276 domini

1072 2298 1173 2325 essent,
1198 2294 1241 2329 qui
1267 2294 1342 2319 etiam
1363 2293 1422 2317 vivo
1446 2296 1519 2328 patre
1538 2291 1684 2327 quodamm.
1703 2292 1801 2319 domini
1821 2294 1907 2319 existi—

1072 2341 1180 2362 mantur.
1200 2336 1230 2362 I'r.
1252 2337 1291 2361 11.
1313 2335 1344 2360 de
1364 2334 1407 2360 lib.
1429 2339 1454 2360 vt
1473 2334 1560 2371 posth.
1579 2337 1621 2361 28.
1640 2337 1664 2362 2.
1701 2335 1855 2371 Quodamm.
1872 2336 1908 2361 vi-

1072 2379 1135 2406 deri.
1156 2379 1211 2405 Gai.
1231 2378 1248 2404 l.
1270 2380 1324 2403 140.
1345 2378 1374 2403 1“1·.
1393 2379 1417 2403 3.
1438 2378 1491 2413 Qui
1511 2382 1535 2403 et
1555 2388 1567 2403 a
1587 2389 1628 2414 qu.
1648 2388 1713 2404 man.
1733 2380 1774 2404 40.
1793 2380 1815 2404 9.
1846 2378 1907 2404 Duo

1072 2421 1216 2459 quodamm.
1241 2426 1302 2446 sunt
1326 2425 1492 2452 testamenta,
1513 2437 1543 2439 —
1564 2426 1607 2447 aut
1627 2426 1697 2447 certe
1717 2430 1793 2446 unum
1814 2425 1853 2446 est
1872 2426 1907 2447 te-

1072 2470 1225 2491 stamentum
1246 2464 1352 2489 duarum
1373 2463 1552 2489 hereditatum.
1579 2463 1634 2490 Gai.
1656 2463 1685 2489 II.
1707 2465 1762 2489 1230.
1786 2462 1813 2488 In
1833 2473 1906 2500 prae-

1072 2509 1176 2534 teritum
1196 2506 1330 2533 reducitur
1349 2505 1494 2543 stipulatio.
1515 2511 1540 2531 et
1559 2506 1704 2542 quodamm.
1725 2505 1783 2531 talis
1803 2510 1850 2531 est.
1869 2505 1905 2532 1(1.

1071 2550 1113 2577 111.
1129 2552 1184 2576 100.
1213 2549 1271 2575 Iure
1290 2549 1436 2585 quodamm.
1457 2548 1553 2586 peculii
1572 2549 1639 2574 bona
1660 2564 1691 2567 —
1711 2549 1850 2584 pertinent.
1869 2548 1905 2575 ld.

1071 2593 1113 2619 111.
1134 2594 1172 2618 56.
1210 2592 1313 2618 Effectu
1333 2592 1477 2629 quodannn.
1499 2592 1574 2617 heres
1594 2596 1641 2617 cst.
1668 2591 1697 2617 sr.
1716 2593 1740 2617 5.
1765 2592 1786 2625 9.
1808 2593 1830 2617 l.
1854 2592 1904 2627 Qu.

1071 2646 1092 2662 c.
1118 2645 1147 2662 eo
1172 2645 1213 2671 qu.
1234 2636 1259 2661 in
1280 2635 1311 2662 nl.
1332 2641 1384 2672 pot.
1408 2637 1445 2661 14.
1466 2638 1488 2660 5.
1527 2634 1681 2669 Quodamm.
1706 2634 1756 2660 sibi
1779 2634 1906 2660 heredita-

1048 2694 1049 2717 ἰ
1071 2684 1135 2710 tem,
1160 2689 1239 2715 seque
1263 2680 1285 2704 ei
1306 2678 1409 2713 obligat.
1436 2677 1464 2703 fr.
1484 2679 1524 2702 21.
1547 2677 1568 2710 9
1590 2679 1611 2702 l.
1632 2676 1664 2702 de
1684 2676 1714 2703 N.
1735 2676 1766 2703 G.
1785 2678 1809 2703 3.
1829 2679 1852 2703 5.
1873 2693 1904 2696 -

1070 2721 1100 2754 ξ.
1115 2722 1150 2748 2.
1170 2723 1261 2748 Adeo.
1299 2721 1338 2748 111.
1354 2722 1419 2748 (111.
1441 2719 1498 2745 Non
1519 2713 1549 2744 nti
1570 2720 1635 2756 ipsis
1649 2719 1793 2756 quodamm.
1808 2721 1904 2756 primae

1069 2764 1278 2790 interlocutionis
1302 2763 1417 2790 exordiis
1439 2779 1467 2782 —
1489 2772 1640 2797 provocare.
1665 2762 1714 2788 Th.
1740 2762 1770 2789 C.
1797 2762 1840 2789 XI.
1862 2763 1902 2788 36.

1069 2817 1088 2833 c.
1108 2808 1131 2833 3.
1171 2806 1252 2842 Quor.
1273 2806 1330 2842 adp.
1351 2816 1373 2831 u.
1394 2815 1443 2831 rec.
1465 2804 1506 2831 Cl'.
1526 2804 1569 2831 XI.
1589 2806 1630 2831 30.
1651 2815 1671 2832 c.
1688 2808 1730 2832 20.
1751 2805 1783 2832 de
1802 2805 1858 2841 adp.
1879 2809 1904 2829 ct
