2197 3121
269 184 325 214 174

265 266 302 299 55.
321 267 358 291 to.
374 274 431 300 sqq.
452 263 484 290 de
504 273 574 290 succ.
596 262 672 289 edict.
693 263 734 288 38.
748 263 772 288 9.
810 261 909 288 Deberi
929 261 1024 297 (legata
1044 260 1108 293 etc.)
1130 260 1132 264 ’

266 308 296 334 Ι“ι·.
315 309 356 334 36.
377 308 398 341 5.
419 308 442 333 4.
463 306 494 332 ad
515 305 544 332 L.
565 305 634 332 Falc.
655 307 696 331 35.
716 308 739 331 2’..
760 304 790 330 fr.
809 306 851 330 24.
871 304 948 338 5.11.
969 304 1001 330 de
1021 303 1106 330 tideic.

268 350 330 377 libb.
351 352 391 376 40.
411 351 435 376 5.
474 349 654 386 Propositum.
675 358 695 374 s,
716 348 909 378 Constitutam,
934 357 954 372 s.
976 346 1110 372 Proditam
1132 348 1133 374 l

267 404 326 419 esse
346 394 496 425 (actionem.
521 402 545 418 v.
567 392 769 428 exceptionem).
799 390 855 417 Gai.
870 389 913 416 IV.
935 391 975 415 72.
996 391 1036 416 74.
1051 399 1109 426 sqq.
1131 383 1133 397 l

268 437 297 463 l'r.
317 438 340 462 9.
360 436 398 470 55.
420 437 445 461 3.
466 445 524 471 sqq.
546 434 597 469 Qu.
618 439 678 460 met.
699 445 719 460 c.
740 436 763 460 4.
781 436 805 460 2.

269 480 398 517 pionem).
437 478 493 504 Gai.
519 476 549 502 II.
575 478 616 503 43.
642 478 682 503 45.
712 478 752 503 49.
779 488 816 513 sq.
862 477 1003 514 Pertinere.
1032 475 1069 501 lb.
1092 474 1110 501 Ῑ.
1133 479 1134 482 ’

271 525 327 548 167,
367 521 533 548 Concessum
553 530 620 546 esse.
646 520 683 546 Ib.
699 519 728 546 11.
748 522 789 546 52.
810 531 849 556 sq.
869 522 909 545 55.
930 520 971 545 60.
992 528 1031 555 sq.
1068 517 1111 544 111.
1133 521 1134 536 l

268 567 334 593 ΓΠ.
362 565 445 591 Etiam
462 563 543 597 leg-‘ata
559 564 694 599 praestari.
715 568 738 588 et
760 562 895 588 libertates
915 566 1072 598 competere,
1087 566 1111 587 et

269 613 369 635 caetera
390 623 421 627 -—
442 605 550 643 perinde
570 605 664 632 valere.
686 606 715 631 l‘r.
738 607 776 631 lt.
797 606 817 639 5.
837 608 861 631 13.
883 604 913 631 ad
933 605 960 631 S.
982 604 1013 630 C.
1031 603 1111 630 Treb.
1134 615 1135 618 ¹

267 652 309 677 36.
332 653 352 677 l.
373 650 404 676 vr.
419 648 448 675 fr.
462 652 486 675 s.
508 649 529 683 ᾗ.
544 651 584 675 ιτ.
605 649 633 675 fr.
648 650 671 675 9.
693 649 777 674 1·.-.17.
798 649 818 682 ξ.
836 650 857 674 1.
878 647 909 674 de
925 647 1110 674 immassant
1133 636 1135 667 1

268 696 292 720 ἴ).
313 696 336 719 2.
375 692 404 719 Si
424 702 454 718 eo
475 693 580 718 nomine
600 693 666 718 actio
687 693 708 718 ei
729 702 761 717 ex
781 690 867 717 edicto
882 701 939 716 meo
954 695 1111 727 competere,

269 746 362 763 essere
382 740 495 773 oportet.
520 735 552 761 l'r.
568 737 607 761 10.
628 745 666 772 pr.
688 735 739 770 Qu.
759 734 830 760 infr.
846 733 915 760 cred.
935 735 977 760 42.
991 734 1015 759 8.
1049 733 1113 768 Qui-

270 780 319 806 bus
338 778 456 805 nondum
476 779 602 815 competit
621 780 675 811 (sc.
696 777 795 809 aetio),
820 781 860 802 est
884 781 969 802 autem
989 777 1114 813 competi-

271 829 339 854 tura,
364 822 406 848 vel
427 822 471 858 qui
491 831 565 858 spem
584 820 680 847 habent
700 825 725 846 ut
748 824 886 856 competat.
916 819 946 846 l'r.
966 821 1007 845 54.
1029 818 1061 845 de
1080 818 1112 845 V.

271 866 299 892 S.
319 867 360 892 50.
382 866 421 892 16.
452 865 481 891 fr.
501 867 525 890 3
546 865 567 898 5.
590 866 611 890 l.
637 863 669 889 de
694 863 775 889 fundo
795 862 849 889 dot..
873 864 915 889 23.
934 865 958 889 5.
1001 862 1114 899 Compe-
1136 879 1138 908 Ι

271 915 342 940 tere,
369 918 417 935 nec
441 908 561 944 denegari
586 907 758 940 (actionem).
793 906 850 932 Gai.
876 905 918 932 YI.
944 907 1002 931 112.
1040 905 1115 940 Quae
1137 909 1138 943 ζ

843 432 989 460 Procedere
1008 434 1111 465 (usuca-

272 950 356 977 semel
375 952 575 987 competierunt,
596 959 648 975 non
668 950 794 978 revocari,
814 959 840 975 v.
854 948 1033 975 conservanda
1048 958 1114 974 esse.
1137 950 1140 960 ¹

271 994 301 1021 sr.
321 996 344 1020 4.
370 994 391 1027 5.
412 996 435 1019 ⁵2.
462 993 493 1019 de
518 992 605 1019 fideic.
630 992 694 1018 libb.
721 993 762 1018 40.
783 994 806 1018 5.
836 992 865 1018 fr.
885 993 909 1017 4.
934 1002 973 1028 pr.
1001 990 1033 1017 de
1053 990 1114 1017 bon.
1137 990 1138 1008 l

271 1042 338 1064 auct.
359 1036 410 1062 iud.
431 1038 472 1062 42.
492 1038 516 1062 5.
555 1036 630 1071 Quae
649 1035 747 1061 desinit
766 1045 849 1072 comp.
871 1034 972 1068 (danda
993 1038 1046 1065 est,
1077 1044 1114 1059 sc.

272 1080 303 1107 N.
318 1079 349 1106 G.
370 1080 459 1112 actio).
480 1078 566 1105 1“ι“.36.
587 1078 619 1105 de.
639 1077 670 1104 N.
691 1078 722 1105 G.
742 1080 765 1104 3.
786 1080 809 1104 5.
848 1077 942 1109 Omne,
963 1077 1034 1113 quod
1055 1086 1115 1103 usu·
1137 1072 1139 1118 ἐ

272 1133 358 1150 rarum
378 1123 483 1148 nomine
503 1121 676 1159 competebat.
697 1137 729 1141 —-
749 1120 864 1153 Ysurae,
885 1122 906 1146 si
928 1131 994 1157 quae
1014 1130 1117 1156 compe·
1138 1124 1139 1143 t

273 1167 370 1192 tierint.
404 1164 434 1191 fr.
456 1166 495 1191 11.
516 1164 546 1191 fr.
565 1166 607 1191 31.
634 1164 665 1191 de
685 1175 756 1191 usur.
775 1166 817 1190 22.
841 1166 861 1190 l.
887 1163 917 1190 fr.
937 1164 978 1189 59.
998 1164 1019 1197 5.
1039 1165 1064 1189 2.
1085 1161 1117 1188 de
1138 1164 1140 1182 <1

273 1220 300 1236 re
319 1208 372 1235 iud.
396 1209 438 1234 42.
463 1209 486 1234 1.
524 1207 618 1245 Comp.
644 1208 708 1244 (per
732 1207 846 1243 legem),
876 1217 900 1233 v.
926 1217 957 1232 ex
983 1206 1070 1242 (lege,
1096 1216 1116 1231 s.
1139 1222 1140 1227 .

273 1252 389 1285 edicto).
420 1250 451 1276 sr.
473 1252 512 1276 14.
539 1251 561 1284 5
584 1253 605 1277 1.
631 1250 662 1277 ad
681 1250 710 1277 L.
733 1250 802 1277 Falc.
821 1252 863 1276 35.
882 1252 906 1276 ⁶2.
936 1249 993 1275 Gai.
1014 1248 1055 1274 111.
1078 1251 1116 1274 12.

273 1295 317 1322 IV.
339 1296 379 1321 Il.
418 1293 510 1330 Neque
529 1294 619 1330 utique
638 1293 735 1319 sut'tieit
758 1293 789 1319 ad
809 1292 1008 1330 competendam
1027 1291 1117 1317 utilem
1139 1299 1141 1317 A

273 1338 472 1376 pignoraticiam
492 1337 620 1362 actionem
641 1342 689 1363 etc.
715 1337 744 1363 t'r.
765 1339 806 1363 41.
827 1336 859 1363 de
878 1338 947 1373 pign.
968 1340 1016 1361 act.
1039 1336 1078 1360 13.
1094 1336 1117 1361 7.

274 1382 407 1417 Quoniam
427 1389 549 1405 numerus
569 1381 711 1411 mensium,
733 1381 776 1416 qui
796 1379 922 1406 solutioni
943 1378 1117 1415 competebat,

275 1425 421 1451 transierat.
452 1422 482 1448 sr.
502 1424 543 1448 40.
568 1422 600 1449 de
619 1422 650 1449 R.
672 1422 702 1449 C.
730 1425 769 1449 12.
792 1424 813 1449 1.
856 1422 885 1448 Si
911 1427 984 1448 extra
1007 1422 1117 1458 patriam
1140 1421 1141 1429 ¹

274 1478 348 1494 suam
367 1467 431 1503 reip.
452 1476 473 1492 c.
494 1465 629 1502 profectus
650 1467 697 1497 sit,
723 1467 824 1492 etiamsi
843 1475 890 1503 per
909 1465 1000 1491 urbem
1026 1466 1049 1490 ei
1069 1465 1119 1490 iter

275 1511 415 1548 competit,
446 1509 547 1545 reipub.
578 1519 599 1535 c.
624 1509 706 1535 abest.
744 1508 774 1535 fr.
799 1511 841 1536 35.
871 1508 893 1542 5.
919 1510 941 1534 7.
971 1518 1003 1534 ex
1029 1518 1071 1545 qu.
1097 1518 1118 1533 c.
1140 1515 1143 1565 ἱ

275 1555 333 1581 mai.
354 1555 378 1580 4.
400 1554 424 1578 6.
723 1575 729 1580 ,
1141 1571 1143 1574 ,

311 1595 548 1629 competitio.
596 1596 819 1629 Supplicatio.
862 1596 992 1621 Petitio
1027 1593 1143 1620 bono-⁴

275 1650 342 1666 rum
369 1642 601 1670 (concurrente
618 1640 705 1674 sisci
728 1639 978 1667 vindicatione).
1016 1636 1034 1662 Ι.
1056 1637 1118 1671 Sy.
1142 1632 1144 1672 ῘΙ

276 1684 352 1710 Aetio
373 1683 438 1713 eius,
459 1682 503 1718 qui
523 1686 598 1718 putat
618 1680 669 1707 sibi
688 1690 743 1707 rem
755 1679 887 1718 probabili
901 1681 1002 1706 ratione
1017 1689 1121 1716 compc-

276 1733 339 1753 tere.
359 1725 409 1752 Th.
425 1725 455 1751 C.
466 1724 534 1751 XIH.
548 1726 586 1750 ll.
599 1735 620 1750 c.
633 1726 672 1750 15.
693 1723 725 1750 de
739 1724 862 1750 censitor.
876 1728 1026 1760 peraequat.
1052 1722 1122 1749 Peti-
1142 1721 1144 1728 ’

277 1771 321 1796 tio.
341 1768 378 1795 lh.
390 1768 422 1795 X.
435 1769 474 1794 10.
487 1778 508 1794 c.
519 1769 560 1794 30.
573 1768 594 1801 5.
608 1769 628 1793 l.
642 1777 662 1793 c.
674 1768 716 1792 31.
728 1778 749 1793 c.
759 1768 801 1792 34.
813 1766 845 1792 de
855 1767 928 1803 petit.
945 1771 970 1792 et
986 1765 1055 1792 ultro
1069 1765 1119 1791 dat.
1142 1766 1144 1798 l

277 1812 344 1838 Nov.
365 1811 414 1838 Th.
435 1811 465 1838 II.
485 1811 517 1837 de
536 1811 715 1847 competition.
735 1809 753 1835 1.
776 1811 814 1835 17.
836 1819 856 1835 c.
870 1811 894 1835 2.
915 1810 952 1843 55.
975 1811 996 1835 1.
1016 1811 1040 1835 3.
1078 1808 1119 1835 111.
1143 1804 1144 1835 ἶ

278 1856 344 1883 Gn.
375 1854 429 1890 Qui
446 1859 567 1890 gravatos
582 1864 610 1879 se
624 1864 636 1879 a
650 1853 884 1890 peraequatoribus
899 1853 1037 1889 conquesti
1051 1857 1121 1883 sunt,
1143 1877 1145 1893 y

278 1914 310 1917 -
331 1898 525 1933 compi-titionis
545 1896 656 1923 habeant
680 1896 836 1922 facultatem.
867 1895 916 1922 Th.
937 1895 967 1921 C.
988 1895 1057 1921 XIII.
1080 1897 1119 1921 11.

279 1952 300 1967 c.
321 1942 343 1966 4.
364 1951 385 1966 c.
406 1942 444 1966 15.
466 1939 498 1966 de
518 1950 587 1965 cens.
608 1945 633 1965 et
653 1950 775 1976 peraequ.
802 1939 832 1965 rt'.
853 1938 923 1965 XIII.
946 1941 985 1965 10.
1006 1949 1026 1965 c.
1042 1942 1064 1964 5.
1086 1938 1118 1965 (le
1144 1950 1145 1970 ζ

280 1994 360 2010 censu
380 1994 400 2009 s.
421 1982 505 2009 adscr.
548 1982 577 2008 Si
603 1998 634 2001 —-
659 1982 715 2008 loca
740 1982 845 2019 publica
870 1981 1031 2018 possidenda
1059 1981 1123 2007 deti·
1144 1983 1145 1989 ¹

280 2028 344 2059 nuit,
365 2037 394 2053 ac.
413 2031 505 2063 postea
519 2025 607 2051 eadem
627 2036 674 2062 per
694 2025 757 2051 alias
777 2025 994 2061 comps-titionum
1014 2024 1122 2050 nebulas
1143 2005 1146 2046 l

280 2070 399 2095 detectus
425 2069 502 2095 suerit
525 2070 653 2095 amisisse.
684 2068 720 2094 11).
741 2068 770 2094 II.
791 2069 831 2094 213.
858 2078 878 2094 c.
902 2069 923 2093 l.
948 2068 1013 2101 5.1.
1041 2067 1072 2093 de
1092 2067 1122 2093 R.
1144 2063 1146 2095 l

281 2112 312 2139 V.
357 2112 597 2149 lncorporatiomun
626 2111 755 2137 bonorum
781 2110 903 2138 anteferri
927 2112 1122 2147 competitionis
1145 2120 1146 2144 g

281 2156 394 2182 effectui.
423 2155 460 2181 lb.
480 2155 512 2181 X.
534 2156 557 2181 9.
578 2165 599 2181 c.
621 2156 646 2180 3.
672 2154 703 2180 de
728 2155 886 2190 incorporat.
927 2154 1025 2180 Eorum
1046 2153 1124 2180 facul·
1145 2184 1146 2192 ἵ

282 2203 361 2226 tates.
390 2214 421 2217 —
451 2199 520 2224 omni
550 2199 654 2234 penitus
684 2198 871 2233 competitione
895 2197 1028 2228 submota,
1058 2197 1123 2223 fisco
1145 2210 1147 2214 ⁴

281 2245 372 2267 nostro
401 2240 520 2266 iubemus
549 2240 643 2267 addici.
679 2239 716 2266 lb.
741 2240 786 2266 IX.
816 2241 856 2265 42.
884 2250 904 2266 c.
925 2242 968 2266 23.
1000 2239 1033 2266 de
1062 2239 1122 2265 bon.

282 2293 384 2321 proscr.

318 2326 560 2359 Coulpvfitor.
580 2327 610 2358 ᾗ.
623 2328 656 2353 l.
679 2328 813 2361 Collega
834 2328 864 2352 in
884 2328 1124 2357 candidatur-a,

283 2380 304 2395 ἰτ
331 2370 546 2395 sollicitando
571 2371 781 2395 matrimonio
801 2375 856 2396 etc.
893 2368 936 2394 111.
960 2370 1026 2396 (711.
1058 2368 1125 2405 Spu·
1146 2370 1148 2388 ι’

284 2413 339 2438 rios
360 2421 440 2448 posse
459 2411 484 2436 in
505 2410 622 2437 ordinem
643 2412 741 2447 adlegi,
767 2427 798 2431 —
818 2411 865 2438 sed
885 2413 907 2437 si
927 2411 1039 2437 habeant
1058 2422 1127 2437 com-

285 2456 425 2491 petitorem
445 2458 493 2479 ete.
525 2454 555 2480 l'r.
574 2455 598 2480 3.
625 2454 646 2487 5.
667 2458 690 2480 2.
716 2455 748 2481 ‹le
768 2454 900 2480 decurion.
921 2457 961 2480 50.
981 2456 1005 2480 2.
1043 2453 1073 2480 Si
1094 2470 1125 2473 —

286 2499 354 2524 inter
378 2497 505 2523 honestos
532 2498 718 2533 competitores
747 2498 903 2523 matrimonii
933 2498 1032 2523 oriatur
1059 2491 1150 2523 sorte²

286 2545 424 2566 certamen.
454 2550 475 2566 c.
495 2542 536 2565 20.
558 2539 590 2565 de
610 2545 682 2576 nupt.
702 2542 725 2566 5.
746 2542 769 2566 4.
794 2556 825 2559 —
856 2541 886 2574 ᾖ.
907 2541 942 2566 2.
972 2542 1127 2567 Adsertor
1148 2539 1150 2549 '

286 2585 434 2609 hortorum
467 2585 675 2614 caducorum,
706 2584 843 2609 Petitor.
885 2582 903 2608 1.
928 2585 989 2617 Sy.
1022 2582 1127 2609 Petens.
1149 2568 1151 2611 l

289 2625 388 2651 l'etitor
408 2625 581 2659 (bonorum).
624 2624 674 2652 Th.
694 2625 724 2651 (ἶ.
745 2625 777 2650 X.
798 2627 820 2651 9.
842 2636 863 2651 c.
882 2628 906 2651 2.
927 2635 966 2662 sq.
994 2626 1026 2652 de
1046 2627 1129 2652 incor-
1149 2658 1151 2664 Ι

287 2677 343 2704 por.
364 2668 396 2693 X.
420 2670 458 2694 10.
478 2679 499 2694 c.
518 2671 560 2695 30.
580 2679 639 2705 sqq.
664 2667 696 2694 de
720 2668 794 2704 petit.
815 2672 839 2693 et
860 2667 928 2694 ultro
949 2668 1000 2695 dat.
1025 2668 1083 2695 XV.
1106 2670 1127 2695 1.

289 2720 310 2736 c.
323 2711 365 2736 40.
380 2720 437 2746 sqq.
458 2710 490 2736 (le.
509 2722 570 2748 opp.
591 2712 652 2749 pub.

324 2753 549 2785 Compilare.
588 2755 808 2788 Depraedari,
836 2754 997 2787 Diripere.
1032 2753 1051 2779 1.
1066 2754 1128 2787 Sy.

290 2794 423 2832 Expilare.
457 2794 488 2820 cs.
513 2795 537 2821 h.
564 2806 587 2822 v.
635 2796 677 2822 111.
708 2797 774 2824 Gn.
809 2795 938 2821 Dominus
967 2795 1130 2827 horreorum,

291 2838 405 2865 effractis
425 2842 450 2863 et
470 2838 618 2875 compilatis
638 2838 748 2871 horreis,
768 2849 820 2865 non
839 2843 950 2865 tenetur.
979 2838 1009 2864 t'r.
1030 2840 1071 2864 55.
1092 2848 1130 2875 pr.
1152 2830 1155 2886 1

1079 176 1187 209 COM.

1154 260 1230 287 locat.
1252 262 1291 286 19.
1311 262 1334 286 2.
1373 259 1426 295 Qui
1445 260 1551 297 publica
1571 270 1644 287 sacra
1658 260 1873 298 compilaverunt.
1894 277 1926 281 —
1940 260 1995 296 Qui

1154 305 1254 341 privata
1274 313 1346 329 sacra
1365 308 1539 330 tentaverunt.
1559 303 1590 330 fr.
1609 305 1633 330 9.
1655 304 1677 338 5.
1699 305 1721 331 l.
1742 303 1775 331 ad
1792 303 1822 331 L.
1842 303 1888 331 lul.
1908 302 1994 341 pecul.

1155 348 1196 373 48.
1219 348 1257 373 13.

1190 389 1452 423 Compingere·
1491 391 1715 425 coniungere,
1737 392 1939 417 coadunare.
1977 389 1995 416 l.

1133 456 1134 462 ,
1156 434 1217 467 Sy.
1246 432 1427 469 Componere,
1451 431 1571 459 Reticere
1591 434 1727 466 (navem).
1759 432 1789 460 fr.
1809 434 1850 460 83.
1874 433 1896 466 5.
1916 434 1940 459 5.
1965 432 1997 458 de

1159 475 1187 501 V.
1209 476 1241 501 0.
1261 477 1302 501 45.
1325 477 1346 501 l.
1376 474 1405 501 fr.
1425 476 1467 501 98.
1493 475 1515 509 5.
1535 477 1558 501 8.
1584 475 1616 502 de
1639 475 1719 502 solut.
1744 477 1786 502 46.
1811 478 1836 502 3.
1878 475 1908 502 II.
1930 477 1998 509 ⁰1).

1156 518 1313 549 lit-solvere,
1334 517 1497 544 Dissolvere.
1527 517 1564 544 Ib.
1583 518 1600 544 l.
1620 518 1637 545 l.

1191 562 1416 594 sompnum.
1454 562 1573 593 Locus,
1601 564 1655 588 nbi
1683 563 1862 598 confluunt
1888 563 1999 595 plures

1159 606 1237 631 vine.
1280 604 1322 630 111.
1348 606 1414 631 Cn.
1447 604 1561 630 Domum
1584 605 1656 631 iuxta
1681 606 1823 642 compitum
1848 604 1928 633 forte,
1957 607 2001 630 aut

1157 648 1335 684 angiportum,
1361 646 1402 672 vel
1422 646 1535 683 plateam
1554 647 1734 681 (aedificare).
1766 647 1789 674 cs
1810 649 1849 673 12.
1874 647 1896 681 5.
1915 649 1939 673 3.
1968 645 2000 672 de

1157 690 1232 717 aedit.
1252 691 1318 726 priv.
1338 691 1362 716 8.
1384 691 1424 716 10.

1194 733 1480 766 Complacitum.
1510 732 1628 766 (Subst.)
1666 735 1858 765 Com-entia,
1881 733 2001 759 Trans-

1158 778 1247 802 actio
1294 775 1336 801 111.
1361 777 1426 802 Gn.
1452 775 1504 801 Aut
1524 786 1600 802 sunm
1620 780 1719 802 tantum
1737 786 1832 803 munus
1851 775 2002 811 adgnoscat.

1159 823 1210 848 aut.
1231 819 1252 844 si
1273 817 1431 855 complacito
1451 828 1519 855 opus
1539 824 1587 849 est.
1607 820 1688 854 magis
1707 819 1782 846 alteri
1801 820 1858 856 ipse
1878 819 2001 844 societur.

1160 861 1210 887 Th.
1231 860 1262 887 C.
1282 861 1327 887 XI.
1350 863 1389 888 16,
1410 872 1431 888 c.
1453 863 1493 888 14.
1515 861 1547 888 de
1568 866 1633 888 extr.
1654 872 1675 888 S.
1696 861 1768 888 sord.

1197 904 1465 937 campan-itus.
1495 904 1627 938 (Partic.)
1675 906 1790 937 Vtilis,
1816 906 2003 942 Proficuus.

1161 946 1190 973 ΙΙ.
1215 948 1282 980 Op.
1312 946 1341 972 Si
1361 946 1533 984 complacitae
1552 952 1625 976 sunt,
1647 949 1700 981 (sc.
1721 949 1853 979 actiones,
1872 958 1897 974 v.
1916 947 2005 974 condi-

1161 991 1246 1015 tiones
1268 990 1330 1022 etc.)
1351 991 1519 1027 recipiantur.
1545 1007 1577 1010 —-
1601 990 1630 1017 Si
1650 996 1711 1017 sunt
1730 990 1869 1021 molestae,
1888 991 2005 1017 reiician-

1137 1029 1139 1056 ἶ
1160 1038 1211 1059 tur.
1240 1032 1276 1058 lb.
1296 1032 1364 1059 YIII.
1387 1035 1426 1059 12.
1447 1043 1468 1059 c.
1491 1035 1513 1059 1.
1532 1043 1571 1071 pr.
1592 1033 1624 1059 de
1643 1033 1731 1060 donat.

1198 1076 1465 1109 somplnnare.
1504 1078 1577 1103 Salo
1597 1087 1744 1111 aequare.
1783 1076 1825 1103 111.
1851 1077 1916 1104 cn.
1946 1074 2006 1102 Nisi

1161 1118 1249 1145 locum
1271 1118 1460 1156 complanavit.
1486 1129 1569 1155 eoque
1594 1119 1662 1145 facto
1687 1120 1791 1146 citatior
1811 1130 1876 1156 aqua
1896 1124 1944 1146 etc.
1975 1118 2006 1145 sr.

1161 1165 1185 1189 3.
1206 1163 1229 1196 5.
1249 1164 1274 1188 2.
1300 1162 1332 1188 de
1352 1172 1410 1198 aqu.
1431 1167 1456 1189 et
1476 1172 1533 1199 aqu.
1554 1161 1591 1199 pl.
1613 1164 1655 1189 39.
1675 1165 1699 1189 3.
1737 1162 1838 1195 Perire,
1863 1173 1952 1195 ruere,
1981 1167 2007 1188 et

1164 1205 1324 1242 complanari
1344 1205 1509 1238 (ecclesias).
1531 1216 1551 1232 c.
1574 1207 1614 1232 10.
1635 1205 1667 1232 de
1687 1205 1811 1232 haeretic.
1833 1208 1855 1232 1.
1876 1207 1899 1232 5.

1200 1250 1419 1282 Compleuti-
1466 1250 1497 1282 ξ.
1524 1250 1558 1275 1.
1600 1250 1784 1283 Amplecti,
1822 1250 2006 1275 continere.

1163 1292 1206 1318 111.
1223 1294 1289 1319 Cn.
1314 1292 1343 1317 Si
1362 1291 1495 1317 radicibus
1515 1297 1611 1317 terram
1630 1291 1767 1329 complexa
1785 1291 1864 1318 fuerit
1884 1291 2006 1329 (planta).

1163 1335 1220 1362 Gai.
1234 1335 1264 1362 11.
1280 1336 1320 1361 74.
1348 1334 1492 1370 Illyriciani
1506 1344 1606 1367 onmes,
1627 1345 1693 1371 quos
1710 1335 1795 1372 patria
1814 1334 2007 1372 complectitur,

1139 1381 1141 1416 ξ
1162 1379 1205 1405 vel
1226 1378 1275 1405 alia
1297 1377 1431 1414 quaelibet,
1450 1383 1518 1404 terra
1537 1379 1693 1415 susceperit.
1719 1377 1769 1404 Th.
1785 1378 1815 1404 C.
1829 1378 1862 1404 X.
1878 1379 1917 1404 10.
1933 1388 1954 1404 c.
1965 1380 2006 1404 22.

1164 1423 1195 1449 de
1215 1423 1289 1460 petit.
1305 1421 1337 1448 de
1351 1420 1420 1447 ultro
1436 1421 1486 1447 (lat.
1501 1437 1534 1441 -—-
1548 1422 1578 1454 §-
1590 1422 1625 1447 2.
1643 1423 1929 1455 Comprehendere,
1943 1422 2009 1448 Ex-

1140 1463 1142 1510 l
1162 1468 1311 1501 primore.
1340 1464 1358 1490 I.
1370 1466 1431 1498 Sy.
1451 1464 1578 1491 Plectere.
1599 1464 1664 1490 1“ι·.3
1682 1464 1738 1498 5.1.
1760 1464 1792 1491 de.
1811 1475 1870 1502 app.
1890 1469 1916 1491 et
1934 1464 2007 1491 relat.

1164 1511 1205 1536 -19,
1228 1511 1249 1535 l.
1288 1507 1529 1545 Comprehendere.
1563 1507 1619 1533 Gai.
1640 1507 1684 1533 IV.
1708 1510 1750 1534 53.
1770 1509 1812 1534 59.
1842 1507 1872 1534 fr.
1891 1509 1916 1534 3.
1942 1509 2007 1542 5.1.

1165 1552 1180 1579 l.
1201 1554 1242 1578 49.
1264 1553 1286 1577 1.
1308 1551 1338 1577 sr.
1361 1552 1418 1577 178.
1438 1561 1477 1588 pr.
1498 1550 1535 1584 55.
1554 1552 1578 1577 2.
1599 1560 1639 1586 sq.
1664 1550 1696 1577 de
1716 1550 1748 1577 Υ.
1769 1550 1796 1577 S.
1820 1553 1862 1577 50.
1883 1552 1923 1577 16.
1960 1550 2009 1576 Ρο-

1166 1605 1227 1621 nere
1248 1595 1274 1621 in
1294 1595 1469 1627 (intentione,
1494 1604 1518 1620 v.
1539 1593 1757 1620 condemnatione
1777 1594 1851 1626 etc).
1886 1593 1942 1620 Gai.
1963 1593 2007 1620 lV.

1166 1640 1206 1664 53.
1233 1639 1274 1663 56.
1299 1647 1358 1673 sqq.
1401 1636 1557 1674 Concipere.
1587 1636 1616 1663 t‘r.
1641 1638 1682 1663 45.
1711 1636 1761 1663 sol.
1786 1638 1896 1663 matrim.
1921 1638 1963 1663 24.
1983 1638 2008 1663 3.

1166 1680 1290 1708 III.(''11.
1310 1680 1370 1706 Non
1385 1685 1468 1706 certas
1487 1690 1615 1717 personas
1636 1680 1797 1706 enumeravit
1816 1680 1864 1713 (sc.
1878 1678 2009 1713 Praetor),

1166 1724 1213 1751 sed
1233 1723 1327 1750 adiecit
1348 1722 1503 1754 clausulam,
1528 1733 1578 1760 qua
1603 1722 1757 1760 complexus
1777 1727 1817 1749 est
1836 1727 1884 1749 etc.
1916 1722 1946 1749 fr.
1966 1724 2008 1749 21.

1166 1768 1187 1801 5.
1209 1769 1231 1793 1.
1262 1777 1294 1792 ex
1315 1776 1357 1802 qu.
1378 1776 1399 1792 c.
1419 1767 1478 1792 mai.
1506 1768 1530 1792 4.
1556 1768 1579 1793 6.
1622 1766 1708 1792 Edere
1733 1771 1773 1792 est
1801 1767 1879 1792 etiam
1908 1766 2010 1803 copiam

1167 1809 1334 1837 describendi
1360 1809 1457 1841 facere,
1482 1809 1524 1835 vel
1549 1810 1575 1835 in
1600 1809 1690 1836 libello
1716 1808 1869 1845 complecti,
1894 1814 1920 1835 et
1939 1808 2010 1841 dare,

1143 1859 1144 1876 1
1166 1853 1209 1879 vel
1229 1852 1335 1879 dictare.
1369 1851 1399 1878 l'r.
1422 1854 1443 1878 l.
1468 1852 1490 1886 5.
1512 1854 1533 1878 1.
1560 1852 1592 1878 (le
1613 1852 1722 1878 edendo.
1747 1854 1771 1878 2.
1794 1853 1833 1878 13.
1865 1851 1935 1879 Coll.
1955 1851 2008 1878 LL.

1167 1897 1199 1923 Μ.
1220 1896 1248 1922 II.
1269 1897 1292 1922 6.
1331 1896 1474 1921 Decretum
1494 1896 1689 1932 interponetur,
1715 1905 1766 1931 quo
1791 1894 1817 1921 id
1837 1895 1923 1932 ipsum
1942 1905 2010 1921 com-

1167 1939 1304 1976 plectatur.
1334 1938 1425 1964 11:30.
1449 1939 1472 1972 5.
1492 1940 1515 1964 7.
1542 1938 1574 1964 (le
1599 1938 1684 1964 tideie.
1713 1938 1777 1964 libb.
1803 1939 1843 1964 40.
1863 1940 1887 1964 5.
1930 1937 2010 1973 Quod

1168 1982 1276 2008 Praetor
1295 1981 1434 2008 interdicto
1455 1981 1609 2018 complexus
1630 1986 1677 2007 est.
1711 1981 1767 2006 Gai.
1787 1980 1831 2006 IV.
1852 1982 1909 2006 166.

1204 2026 1542 2058 Complementum.
1581 2025 1831 2050 Cousummalio.
1873 2022 1916 2049 111.
1943 2024 2011 2050 (Ὺη.

1168 2068 1229 2103 Quo
1259 2070 1312 2099 (sc.
1339 2068 1535 2103 quinquennio)
1565 2067 1622 2091 sine
1646 2071 1715 2091 metu
1740 2065 1960 2102 inteqwllatiouis
1986 2071 2011 2092 et

1169 2110 1361 2147 complemento
1381 2110 1557 2135 accusationis
1578 2114 1678 2135 exacto.
1707 2108 1756 2135 Th.
1772 2100 1803 2135 [ἶ.
1824 2108 1867 2135 IX.
1887 2110 1929 2135 24.
1951 2119 1971 2135 c.
1985 2110 2010 2134 3.

1169 2154 1200 2180 de
1220 2158 1296 2191 raptu
1316 2153 1396 2188 virgg.

1205 2197 1414 2228 Complere.
1452 2196 1608 2229 Explere,
1630 2197 1808 2221 Absolnere.
1845 2194 1862 2220 Ι.
1883 2196 1944 2229 Sy.
1964 2194 2012 2221 lm-

1168 2239 1242 2277 plere
1261 2239 1479 2275 (usucapionem.
1504 2248 1527 2264 v.
1549 2248 1642 2264 annum
1663 2238 1737 2269 eto).
1767 2237 1823 2263 Gai.
1848 2237 1878 2263 ΙΙ.
1903 2239 1944 2263 41.
1970 2248 2010 2274 sq.

1146 2286 1147 2304 l
1169 2282 1199 2309 t'r.
1221 2284 1243 2308 1.
1263 2282 1284 2315 5.
1304 2283 1328 2307 3.
1349 2280 1381 2307 de
1401 2280 1498 2317 postul.
1518 2283 1542 2307 3.
1564 2283 1586 2306 l.
1612 2280 1642 2306 t'r.
1666 2281 1703 2306 13.
1724 2280 1807 2313 §.11.
1828 2280 1904 2306 locat.
1927 2282 1967 2307 19.
1986 2283 2010 2307 2.

1170 2326 1200 2352 t'r.
1221 2326 1260 2351 16.
1287 2324 1319 2351 de
1344 2328 1471 2350 exeusatt.
1495 2325 1537 2350 27.
1558 2325 1580 2349 l.
1611 2322 1640 2348 sr.
1659 2325 1683 2349 (ἰ.
1708 2322 1740 2348 de
1761 2323 1793 2349 0.
1819 2328 1844 2349 et
1868 2323 1899 2349 Α.
1925 2324 1966 2349 44.
1988 2325 2011 2349 7.

1170 2368 1285 2405 Explere
1305 2369 1424 2399 (munera
1444 2367 1515 2398 etc.).
1546 2365 1595 2392 Th.
1617 2365 1647 2391 C.
1668 2365 1726 2392 Xll.
1748 2368 1768 2392 1.
1790 2376 1810 2392 c.
1831 2367 1871 2392 58.
1892 2376 1931 2403 pr.
1952 2366 1972 2400 5.
1987 2369 2011 2392 2.

1147 2417 1149 2441 ζ
1171 2411 1203 2437 de
1222 2410 1357 2437 (lecurion.
1395 2409 1436 2436 III.
1459 2410 1523 2436 (ΓΝ.
1552 2408 1603 2434 Per
1626 2418 1655 2433 se
1679 2418 1768 2435 eorum
1787 2410 1885 2446 scripta
1905 2418 1957 2434 non
1979 2413 2013 2435 ta-

1171 2453 1204 2479 lia
1225 2458 1343 2485 exstant,
1362 2457 1389 2479 ut
1410 2463 1438 2478 ea
1458 2461 1548 2477 onmes
1568 2450 1705 2488 adpetantg
1731 2468 1763 2471 —-
1788 2451 1835 2478 sed
1855 2451 1964 2478 Servius
1984 2451 2013 2478 li-

1642 2496 1683 2520 42.
1704 2494 1736 2520 de
1755 2494 1787 2521 Ο.
1802 2495 1820 2521 Ι.
1843 2497 1864 2520 l.
1883 2497 1907 2521 2.
1948 2494 2013 2521 Post

1173 2538 1332 2576 completum
1351 2547 1444 2569 assem,
1465 2538 1498 2563 ita
1518 2538 1633 2573 scripsit.
1654 2537 1684 2563 sr.
1705 2539 1746 2563 tl.
1766 2538 1788 2572 5.
1808 2540 1831 2563 5.
1852 2537 1884 2564 de
1903 2537 1972 2574 vulg.
1987 2541 2013 2562 et

1173 2593 1234 2619 pup.
1254 2584 1295 2608 23.
1310 2583 1333 2607 6.
1371 2580 1456 2607 Minor
1475 2581 1549 2606 annis
1568 2579 1660 2608 Xl'll..
1681 2581 1724 2616 qui
1745 2590 1790 2606 eos
1810 2591 1863 2606 non
1883 2581 1909 2606 in
1928 2584 2011 2606 totum

1173 2624 1322 2661 complevit.
1347 2623 1376 2649 sr.
1392 2625 1414 2649 l.
1434 2623 1455 2656 5.
1468 2624 1492 2649 3.
1513 2622 1546 2649 (le
1565 2623 1662 2659 postul.
1681 2625 1705 2649 3.
1723 2625 1744 2649 l.
1781 2622 1839 2649 Nisi
1859 2628 1930 2649 totus
1944 2632 2012 2648 com-

1173 2668 1275 2705 pleatur
1300 2667 1475 2698 (novissimus
1501 2666 1583 2699 dies).
1616 2665 1644 2691 l'r.
1665 2668 1688 2691 6.
1714 2665 1746 2691 de
1766 2666 1798 2691 Ο.
1824 2670 1850 2692 et.
1868 2665 1899 2691 A.
1925 2666 1966 2690 44.
1988 2666 2010 2690 7.

1175 2711 1252 2737 Diem
1277 2709 1388 2735 natalem
1413 2709 1552 2746 complere.
1585 2708 1615 2734 fr.
1640 2711 1663 2734 ·3.
1688 2709 1710 2742 5
1730 2711 1753 2734 3.
1779 2708 1811 2734 de
1830 2709 1921 2734 minor.
1941 2708 1964 2733 4.
1985 2708 2009 2733 4.

1175 2752 1235 2779 Non
1256 2753 1356 2779 statim.
1381 2767 1413 2771 —
1438 2751 1484 2777 sed
1509 2750 1640 2788 completo
1664 2755 1783 2787 tempore.
1807 2749 2011 2777 deliberationis.

1176 2795 1205 2822 l'r.
1226 2796 1267 2821 71.
1288 2794 1319 2820 ad
1339 2794 1366 2820 S.
1381 2793 1411 2821 C.
1427 2794 1505 2820 Treb.
1525 2796 1566 2821 36.
1590 2795 1611 2819 1.
1631 2793 1661 2819 sr.
1683 2795 1723 2819 10.
1743 2794 1765 2827 5.
1787 2795 1808 2819 1.
1830 2792 1861 2818 dc
1880 2791 2012 2829 publican.

1175 2840 1217 2864 39.
1237 2839 1260 2863 «1.
1298 2836 1432 2874 Vsucapio
1451 2837 1547 2864 srustra
1568 2836 1756 2873 complebitur,
1776 2836 1926 2872 (anticipata
1945 2834 2011 2868 lite).

1172 2496 1234 2522 bros
1255 2506 1318 2522 suos
1338 2494 1486 2532 complevit.
1517 2494 1546 2520 t'r.
1561 2496 1585 2520 2.
1605 2494 1626 2527 5.
