2197 3121
279 175 343 206 5:36

279 255 385 294 publica
406 254 462 290 lege
481 257 658 291 corrumpant.
683 251 714 279 11.
733 252 757 278 4.
782 250 815 277 de
834 249 926 286 colleg.
948 253 974 276 et
993 258 1066 286 corp.
1085 249 1128 275 47.

279 301 321 325 22.
360 299 434 333 Quae
461 298 576 323 romanis
600 295 702 332 legIbus
728 310 761 314 —
785 298 848 320 sunt
873 293 1024 320 constituta.
1056 290 1127 318 Coll.

280 341 334 369 LL
354 341 386 368 M
408 339 452 366 11.
471 342 495 367 4.
516 340 546 366 cf.
567 338 617 365 Tb.
633 337 664 365 C.
678 337 722 364 IV.
742 338 766 363 6.
787 346 808 363 c.
827 338 852 363 3.
871 334 977 369 (ch.)
997 334 1127 361 denatur.

280 385 317 411 fit.
345 384 373 410 Si
389 382 452 419 quid
466 384 500 409 ita
514 382 610 408 tactum
631 382 674 413 sit,
694 381 732 408 uti
751 379 783 406 de
802 379 860 415 lege
879 378 935 405 fieri
955 377 1038 404 licuit.
1059 377 1119 405 1ἰ·.1
1107 379 1128 404 l.

281 428 302 462 ς’,
326 428 363 452 16.
384 425 416 452 de
436 425 536 451 flumin.
556 426 598 457 43.
619 426 659 450 12.
697 423 760 459 Legi
785 423 904 458 cognitae
923 421 1129 458 (probationes.)

281 469 396 505 Legibus
416 469 549 504 cognitum
568 466 835 499 (fideicommissum.)
863 463 930 490 Nov.
949 466 991 490 36.
1018 463 1067 491 Iul.
1087 474 1128 500 ep.

280 522 340 539 nov.
366 522 386 538 c.
409 513 431 537 1.
458 511 525 544 5.1.
562 510 636 536 quta
657 510 723 536 lianc
743 510 807 536 iuris
828 508 937 534 sormam
956 506 1067 534 Praeses
1086 505 1129 533 Pr.
1152 509 1153 522 ¹

281 572 314 576 —
334 555 451 581 officium
471 554 617 580 sententiae
636 563 699 580 suae
723 552 825 588 legibus
851 550 1016 587 temperabit.
1044 549 1129 576 Yatic.

281 599 303 633 5.
323 599 382 624 281.
403 597 435 623 ς1“.
456 596 488 623 fr.
507 598 532 623 4.
552 597 574 630 5.
594 598 617 622 5.
638 595 668 622 fr.
689 596 712 622 6.
732 596 798 629 5.1.
819 594 851 621 de
870 604 898 620 re
919 593 971 620 iud.
990 595 1033 619 42.
1054 594 1077 619 l.
1097 608 1130 612 —

281 643 313 676 ᾗ.
338 643 374 668 3.
405 642 529 667 Scitum
551 641 685 674 populi,
712 640 759 664 rel
775 639 881 672 plebis
900 639 984 664 Rom.
1022 636 1041 662 I.
1067 636 1130 670 Sy.

283 684 363 720 Quod
383 682 499 721 populus
519 682 592 709 iubet
611 686 689 718 atque
709 681 854 707 constituit.
876 679 933 706 Gai.
954 679 972 706 1.
991 680 1016 706 3.
1047 677 1132 705 Gene-

282 727 336 754 rale
356 728 456 753 iussum
475 724 577 763 populi,
597 729 641 751 aut
659 723 755 761 plebis,
775 728 884 759 rogante
903 723 1065 759 magistratu.
1088 721 1132 748 fr.

282 770 326 797 At.
347 769 486 807 Capitonis
506 768 584 794 l.Cti.
604 768 656 804 Ap.
676 765 745 793 Gell.
764 766 797 792 X.
817 768 859 792 20.
904 765 946 792 111.
971 767 1038 793 Gn.
1063 765 1133 792 Con·
1152 771 1154 777 '

283 817 355 840 stant
378 817 464 839 autem
490 812 545 838 iura
565 821 597 836 ex
617 809 733 845 legibus,
752 808 917 846 plebiscitis,
937 808 965 836 S.
977 808 1048 839 ctis,
1074 817 1134 834 con-

283 855 468 883 stitutionibus
492 853 658 890 Principum,
683 851 777 878 edictis
801 857 850 879 etc.
875 852 932 879 Gai.
951 851 971 878 I.
990 854 1015 878 2.
1053 850 1133 887 Quod
1154 855 1156 871 t

284 900 340 926 eius
360 909 408 936 per
426 898 507 934 leges,
527 895 677 933 plebiscita,
697 894 796 927 S.Cta.
817 894 916 927 edicta,
936 895 1042 922 decreta
1061 894 1135 921 Prin-

285 943 372 979 cipum
391 940 488 968 licebit.
510 939 540 965 l'r.
562 941 584 965 l.
605 939 626 973 5.
648 940 669 965 1.
691 948 722 964 ex
742 948 785 974 qu.
806 948 827 964 c.
847 939 906 964 mai.
926 939 950 964 4.
971 939 995 964 6.
1015 937 1047 964 cf.
1067 937 1098 964 fr.
1109 939 1133 964 2.

284 995 323 1022 pr.
350 995 383 1011 ne
408 994 450 1020 qu.
477 984 503 1009 in
527 981 587 1008 loco
610 981 673 1019 pub.
697 982 739 1008 43.
763 982 788 1007 8.
832 980 883 1007 Cui
907 981 1061 1008 nominatim
1084 979 1135 1006 hoc

285 1028 358 1055 dedit
377 1026 419 1053 vel
439 1026 497 1057 lex,
521 1024 564 1051 vel
584 1024 667 1056 S.C.,

285 1070 358 1098 tutel.
383 1072 424 1096 26.
446 1071 468 1095 l.
507 1067 607 1094 Contra
633 1067 717 1103 leges,
743 1071 768 1093 et
792 1066 896 1093 decreta
916 1065 1084 1103 Principum,
1109 1070 1136 1091 et
1157 1085 1158 1088 ¹

284 1114 370 1140 bonos
390 1122 485 1138 mores.
504 1110 578 1137 Paul.
592 1109 635 1136 111.
655 1109 717 1135 4.Β.
737 1110 758 1144 5.
779 1111 803 1137 2.
824 1109 856 1136 cf.
877 1108 907 1135 fr.
923 1111 981 1136 112.
1001 1109 1039 1143 55.
1057 1110 1082 1135 3.
1094 1118 1134 1144 sq.
1157 1128 1159 1142 5

285 1157 318 1184 dc
338 1156 415 1192 legat.
435 1154 453 1181 1.
473 1154 540 1188 (30.)
561 1163 581 1180 c.
601 1154 625 1179 6.
645 1152 678 1179 de
697 1158 765 1190 pact.
785 1154 810 1179 2.
830 1154 855 1178 3.
893 1151 958 1184 Lex,
978 1151 1021 1178 vel
1039 1150 1135 1177 similis

285 1201 350 1227 iuris
371 1198 535 1225 constitutio.
555 1197 576 1230 5.
596 1197 620 1222 2.
640 1195 659 1221 l.
680 1195 712 1222 de
730 1196 761 1223 B.
782 1194 810 1221 P.
830 1197 854 1221 3.
876 1197 915 1222 10.
954 1194 1003 1222 Vel
1023 1205 1055 1221 ex
1074 1193 1136 1230 legi·
1157 1185 1159 1196 ¹

285 1243 351 1274 bus,
376 1241 419 1268 vel
439 1251 471 1267 ex
490 1239 547 1271 his,
572 1249 638 1275 quae
661 1237 726 1275 legis
746 1239 831 1265 vicem
851 1238 980 1265 obtinent.
1013 1237 1070 1264 Gai.
1090 1236 1136 1264 IV.

287 1287 345 1312 118.
365 1284 397 1311 cf.
421 1283 440 1310 1.
460 1284 484 1308 4.
504 1292 544 1319 sq.
565 1283 587 1308 Τ.
608 1281 640 1308 cf.
664 1281 694 1308 fr.
713 1283 755 1308 33.
775 1281 806 1308 fr.
826 1283 868 1308 35.
890 1281 923 1308 de
942 1280 995 1307 LL.
1016 1282 1039 1307 l.
1059 1281 1084 1307 3.
1104 1279 1135 1306 fr.

288 1330 328 1355 14.
355 1327 387 1353 de
412 1325 488 1352 cond.
513 1326 596 1352 instit.
620 1325 662 1351 ⁶28.
684 1327 706 1350 7.
750 1324 834 1360 Lege.
860 1324 903 1351 vel
928 1334 980 1361 quo
1005 1323 1056 1350 alio
1080 1324 1137 1350 iure
1159 1357 1160 1365 ἵ

287 1370 396 1407 (agere.)
417 1368 447 1395 sr.
466 1370 492 1395 3.
511 1368 544 1395 de
563 1368 607 1394 off.
627 1367 712 1394 Praet.
735 1369 757 1393 l.
778 1369 818 1393 14.
840 1366 872 1393 ct'.
892 1366 922 1393 sr.
939 1368 997 1393 131.
1017 1367 1084 1401 5.1.
1104 1366 1137 1393 de
1159 1369 1160 1381 ¹

287 1413 320 1440 V.
345 1413 372 1439 S.
397 1414 439 1438 50.
466 1413 505 1438 16.
551 1410 605 1437 Aut
629 1410 750 1446 legibus,
781 1415 825 1437 aut
849 1409 936 1437 edicto
961 1410 1138 1443 (constitutae

287 1457 427 1488 actiones.)
448 1454 505 1481 Gai.
519 1453 563 1480 lV.
584 1455 624 1480 76.
645 1454 676 1480 cf.
697 1453 727 1480 fr.
747 1455 789 1480 27.
810 1453 842 1480 de
861 1453 892 1480 R.
912 1453 931 1479 1.
951 1455 993 1480 50.
1015 1455 1056 1480 17.
1084 1453 1139 1479 Aut
1160 1447 1161 1479 Ῐ

288 1500 353 1535 lege,
374 1503 417 1524 aut
436 1507 517 1527 more,
538 1493 588 1522 aut⁴
601 1497 685 1522 mixto
706 1497 762 1522 iure
782 1496 948 1530 (introduci.)
968 1495 1042 1523 Paul.
1062 1495 1094 1523 V.
1114 1497 1138 1522 4.

288 1543 325 1577 55
345 1543 369 1567 6.
390 1551 448 1577 sqq.
487 1539 614 1572 Moribus,
635 1549 687 1565 non
707 1538 810 1575 legibus
830 1539 1045 1572 (introductum.)
1065 1538 1096 1565 fr.

289 1585 321 1612 de
345 1584 376 1610 11.
396 1583 427 1610 N.
447 1585 490 1609 23.
516 1585 540 1609 2.
566 1582 598 1608 cf.
628 1581 685 1608 Gai.
704 1582 749 1608 lY.
768 1584 810 1608 26.
830 1584 872 1609 28.
909 1582 966 1609 Hoc
989 1587 1074 1608 totum
1098 1582 1139 1607 ius

289 1629 384 1666 partim
410 1626 512 1663 legibus
537 1625 670 1651 sublatum
690 1629 745 1657 est,
771 1626 867 1662 partim
887 1626 944 1662 ipsa
964 1623 1139 1651 desuetudine

290 1671 459 1698 obliteratum
479 1674 527 1695 est.
551 1668 588 1694 lb.
602 1667 621 1694 1,
638 1669 695 1694 lll.
734 1668 810 1703 Quae
828 1667 872 1694 lex
890 1667 998 1705 Aquilia
1017 1666 1140 1704 plebisci-
1161 1680 1162 1695 ι

290 1719 345 1741 tuni
365 1718 417 1744 est,
439 1722 496 1738 cum
516 1722 571 1738 eam
591 1709 716 1747 Aquilius
737 1711 858 1737 tribunus
878 1710 916 1748 pl.
937 1721 950 1737 a
969 1710 1049 1748 plebe
1068 1720 1141 1746 roga·
1161 1717 1163 1725 '¹

289 1758 365 1784 verit.
387 1755 417 1782 fr.
439 1758 461 1782 l.
481 1755 546 1789 5.1.
568 1754 600 1780 ad
618 1753 648 1780 L.
668 1754 737 1789 Aqu.
758 1755 781 1780 9.
800 1756 826 1781 2.
853 1753 894 1780 Cf.
909 1753 938 1780 L.
955 1753 1024 1779 Gall.
1039 1752 1140 1790 Cisalp.
1161 1754 1163 1780 ἶ

291 1800 309 1826 1.
329 1802 371 1825 28.
389 1801 431 1825 39.
461 1798 495 1824 Et
514 1799 549 1824 ita
569 1797 641 1833 leges
661 1796 787 1833 quasdam
808 1801 833 1823 et
852 1797 910 1834 ipse
929 1798 979 1830 (sc.
999 1796 1140 1829 Romulus)

292 1843 404 1869 curiatas
429 1841 461 1867 ad
486 1840 615 1878 populum
640 1840 709 1866 tulit.
740 1840 770 1866 sr.
789 1841 814 1866 2.
841 1840 862 1873 5.
883 1842 907 1866 2.
928 1839 960 1866 de
980 1839 1013 1866 O.
1034 1839 1052 1866 1.
1074 1841 1096 1866 l.
1115 1841 1140 1865 2.

291 1885 399 1911 Exactis
425 1883 520 1910 deinde
548 1884 653 1920 regibus
678 1883 735 1919 lege
759 1883 907 1909 tribunicia.
929 1882 958 1909 i'r.
977 1884 1002 1909 2.
1021 1883 1043 1916 5
1063 1884 1088 1909 3.
1109 1882 1140 1909 cf.

292 1928 330 1962 55.
353 1929 392 1953 15.
413 1937 453 1963 sq.
474 1927 508 1953 ib.
531 1929 552 1953 l.
572 1931 596 1953 2.
634 1926 703 1957 Lex,
729 1936 776 1963 per
801 1936 877 1962 quam
896 1925 1042 1963 Imperator
1061 1927 1142 1963 impe·
1163 1925 1164 1935 ¹

292 1972 361 1998 rium
385 1971 487 2007 accipit.
525 1969 582 1996 Lex
605 1970 688 2005 regia,
714 1979 735 1995 s,
760 1970 870 2006 imperii.
899 1968 956 1995 Gai.
976 1968 994 1995 1.
1014 1971 1038 1995 5.
1067 1969 1098 1995 1”1·.
1117 1970 1133 1994 2

293 2015 316 2048 5.
338 2015 378 2040 ll.
398 2013 430 2039 de
450 2014 482 2039 Ο.
501 2012 519 2039 l.
542 2014 563 2038 1.
577 2014 600 2038 2.
621 2013 651 2038 1Γ.
674 2014 695 2037 1.
715 2022 754 2049 pr.
775 2011 808 2038 de
827 2016 912 2038 const.
932 2011 975 2038 Pr.
997 2014 1019 2038 l.
1038 2013 1062 2038 4.
1083 2022 1104 2038 c.
1118 2013 1142 2038 3.

294 2057 327 2084 de
347 2061 448 2083 testam.
469 2057 492 2081 6.
512 2058 554 2081 23.
587 2055 723 2081 censoria.
745 2054 910 2086 Consularis,
931 2054 1074 2091 Vectigalis
1094 2060 1142 2081 etc.

295 2100 345 2126 lex.
373 2099 415 2126 Cf.
436 2098 460 2125 li.
480 2109 522 2125 vv.
560 2097 595 2123 Yt
615 2097 686 2133 leges
706 2103 811 2124 sanctae
831 2103 901 2124 sunt.
921 2099 1057 2124 sanctione
1077 2098 1144 2123 enim

296 2142 407 2179 quadam
426 2146 487 2168 sunt
507 2140 642 2167 subnixae.
662 2140 692 2166 fr.
713 2142 736 2166 9.
757 2141 778 2174 5.
798 2142 822 2166 3.
843 2140 875 2166 dc
895 2140 926 2167 R.
942 2141 976 2167 D.
992 2143 1013 2166 1.
1028 2143 1053 2167 8.
1074 2140 1144 2177 Ipsa·
1165 2136 1166 2141 ¹

297 2196 353 2212 rum
373 2185 458 2219 legum
475 2183 564 2210 verbis
588 2182 798 2210 accommodatae
821 2188 893 2210 erant
916 2187 966 2216 (sc.
981 2183 1046 2220 legis
1066 2184 1144 2210 actio-

297 2230 366 2260 nes.)
386 2232 411 2253 et
431 2227 489 2253 ideo
510 2225 684 2252 immutabiles
705 2225 817 2263 proinde
837 2231 915 2262 atque
935 2226 1006 2262 leges
1020 2226 1145 2253 observa*
1166 2227 1167 2231 ¹

297 2272 401 2298 bantur.
422 2270 478 2295 Gai.
499 2269 542 2295 lv.
558 2271 596 2295 11.
626 2269 670 2295 lus
689 2274 862 2306 potestasque
883 2274 953 2300 esto.
974 2274 1002 2295 ut
1021 2269 1069 2295 hac
1088 2269 1145 2305 lege

298 2314 420 2351 sequenti
442 2312 539 2338 licebit.
560 2312 590 2338 fr.
611 2314 634 2339 l.
655 2323 693 2350 pr.
713 2311 745 2338 ad
758 2311 787 2338 L.
808 2311 878 2338 Falc.
894 2314 936 2339 35.
956 2315 980 2339 2.
1018 2312 1087 2348 Lege
1106 2322 1146 2339 ro-

299 2362 394 2394 gatum,
415 2365 438 2382 v.
458 2354 528 2391 Lege
547 2354 597 2381 lata
617 2356 720 2382 sactum.
741 2354 771 2381 fr.
792 2358 815 2382 2.
836 2356 918 2389 §.16.
939 2355 971 2381 de
991 2356 1024 2381 O.
1044 2356 1063 2382 I.
1085 2357 1106 2381 l.
1121 2358 1145 2382 2.

1152 633 1154 643 ’
1175 634 1224 661 XII
1249 633 1333 661 Tabb.
1362 634 1392 660 fr.
1417 636 1458 660 80.

300 2400 355 2427 Lex
376 2403 420 2426 aut
439 2403 552 2435 rogatur,
573 2399 589 2423 i.
609 2410 629 2424 υ.
651 2398 740 2430 fertur,
761 2403 804 2424 aut
824 2398 972 2434 abrogatur,
990 2414 1020 2417 —
1041 2403 1085 2424 aut
1105 2398 1148 2425 de·
1168 2393 1169 2400 ¹

300 2447 408 2479 rogatur
427 2446 476 2468 etc.
498 2440 559 2478 le.
574 2440 591 2466 1.
605 2443 629 2466 3.
650 2441 679 2467 fr.
693 2444 734 2468 32.
755 2442 776 2475 5.
794 2443 815 2467 l.
836 2441 868 2467 de
887 2440 940 2467 LL.
958 2443 979 2467 l.
998 2443 1022 2467 3.
1043 2441 1073 2468 sr.
1090 2443 1147 2467 102.

302 2486 335 2512 de
356 2485 387 2511 Υ.
407 2484 434 2511 S.
455 2486 496 2510 50.
517 2485 557 2510 16.
595 2482 644 2509 Per
664 2483 746 2518 legem
766 2494 868 2521 capere,
888 2494 909 2511 5.
930 2485 1056 2521 accipere.
1086 2483 1147 2521 ΠΡ.
1169 2479 1171 2500 ¹¹

302 2528 319 2576 1.
342 2530 382 2554 10.
411 2528 467 2553 Gai.
488 2526 505 2553 l.
526 2528 567 2552 22.
587 2525 629 2552 111.
649 2528 690 2552 56.
716 2526 745 2552 l'r.
765 2530 788 2552 8.
813 2527 834 2560 5
855 2529 876 2553 4.
909 2527 960 2563 Qu.
981 2526 1072 2553 satisd.
1093 2537 1148 2563 cog.

304 2590 326 2597 ...
346 2572 370 2597 8.
406 2569 460 2605 111Ἶ.Γ
453 2579 489 2601 e,
519 2579 540 2595 5.
560 2569 600 2595 Ex
625 2568 682 2605 lege
706 2571 731 2601 (
732 2568 839 2604 ulquiri
864 2580 900 2596 sc.
926 2570 1066 2603 dominia.)
1087 2569 1148 2607 Hp.

304 2613 377 2640 XLX.
397 2612 1148 2646 11-§3A1e11eLquabb

305 2654 324 2681 1.
338 2657 398 2689 SJ.
428 2654 470 2681 lus
490 2654 642 2690 legitimum,
662 2664 686 2680 v.
706 2659 790 2680 vetus.
826 2654 882 2681 Lex
902 2657 1037 2692 (antiqua,
1057 2666 1081 2682 v.
1100 2655 1150 2682 ΧΠ

306 2696 339 2724 T:
340 2697 407 2729 1.bb)
436 2698 492 2724 Gai.
513 2684 555 2724 111.
582 2700 620 2724 18.
641 2707 700 2734 sqq
720 2698 761 2723 25.
782 2707 840 2733 sqq.
867 2697 896 2723 11·
919 2700 941 2724 1
962 2698 991 2724 1ι.
1011 2700 1035 2725 3.
1056 2698 1088 2725 de
1107 2698 1150 2725 lie-

307 2740 362 2767 red.
382 2745 434 2776 pet.
454 2743 477 2767 5.
496 2743 521 2767 3.
542 2740 570 2767 fr.
590 2743 614 2767 2.
637 2741 658 2774 5.
682 2742 703 2766 l.
723 2739 756 2766 de
775 2750 836 2766 nox.
856 2744 904 2765 act.
924 2742 947 2766 9.
968 2743 992 2766 4.
1024 2741 1148 2768 Tabulae.

308 2783 338 2809 fr.
357 2784 380 2809 2.
401 2782 438 2816 55
458 2785 481 2809 4.
501 2786 524 2809 8.
543 2786 585 2811 25,
605 2785 648 2811 36.
666 2783 699 2810 de
718 2783 750 2809 0.
772 2782 789 2809 1.
810 2784 832 2809 l.
850 2784 874 2808 2.
911 2782 941 2809 11.
964 2785 1030 2817 01).
1059 2783 1150 2810 Novae

1171 2638 1172 2641 ,
1194 2611 1267 2638 lulia.

309 2825 388 2862 leges.
409 2824 438 2852 fr.
459 2827 482 2851 7.
502 2836 540 2863 pr.
560 2826 592 2853 de
613 2836 668 2864 cap.
688 2827 749 2853 min.
770 2828 793 2852 ⁴.
813 2827 836 2852 5.
863 2825 892 2852 sr.
914 2827 936 2851 1.
961 2825 991 2852 [Γ.
1010 2828 1035 2853 3.
1056 2826 1088 2853 de
1107 2826 1149 2853 hc-

1107 166 1200 196 LEX.

1172 246 1226 274 red.
1250 251 1305 284 pet.
1327 248 1351 273 5.
1370 247 1395 273 3.
1423 246 1454 274 fr.
1474 248 1515 274 11.
1535 246 1567 274 de
1592 248 1648 274 suis
1673 252 1698 274 et
1721 247 1792 285 legit.
1812 250 1854 276 38.
1874 249 1914 275 16.
1943 248 1974 275 fr.
1995 250 2018 275 1.

1172 290 1195 323 5.
1215 291 1239 316 8.
1265 289 1298 316 ad
1317 289 1345 316 S.
1357 288 1387 316 C.
1408 288 1480 316 Tert.
1499 291 1542 317 38.
1564 292 1603 317 17.
1641 290 1763 317 Edictum
1788 290 1929 318 Praetoris.
1961 291 2019 319 Gai.

1174 332 1216 362 111.
1237 333 1278 359 18.
1297 342 1357 369 sqq.
1376 334 1417 359 25.
1437 342 1495 370 sqq.
1515 334 1557 360 82.
1579 335 1635 360 189.
1659 343 1717 370 sqq.
1737 333 1799 371 le.
1813 334 1910 361 XXIX.
1927 336 1948 362 1.
1981 335 2020 361 ln-

1174 377 1327 413 terpretatio
1348 375 1523 413 prudentium.
1545 376 1614 403 Coll.
1629 376 1682 403 LL.
1697 376 1729 403 Μ.
1743 376 1815 403 XVl.
1833 378 1858 403 3.
1894 377 1938 404 111.
1953 379 2020 406 Gn.

1175 419 1239 446 Sive
1262 429 1295 446 ex
1318 418 1376 455 lege
1398 418 1448 445 XII
1466 417 1566 452 Tabb.,
1594 421 1651 446 sive
1677 430 1709 446 ex
1729 418 1814 456 aliqua
1835 419 1905 456 lege,
1925 436 1957 440 —
1976 420 2020 447 vel

1175 461 1262 488 S.Cto
1283 466 1332 488 etc.
1352 461 1382 488 1Τ.
1400 463 1425 488 2.
1444 471 1485 498 pr.
1504 461 1562 489 sam.
1583 464 1674 490 ercisc.
1691 464 1730 488 10.
1743 464 1768 488 2.
1789 462 1820 489 cf.
1840 462 1871 489 fr.
1892 465 1914 489 l.
1934 473 1974 500 pr.
1988 463 2022 490 ad

1174 504 1203 532 L.
1222 504 1292 541 Aqu.
1312 506 1336 531 9.
1356 507 1380 531 2.
1417 504 1467 531 Est
1491 506 1558 531 actio
1578 507 1697 542 antiqua,
1723 521 1755 525 —
1781 515 1847 542 quae
1865 507 1893 532 in
1912 505 2022 543 duplum

1175 559 1208 575 ex
1226 548 1284 585 lege
1303 548 1353 575 XII
1372 547 1456 575 Tabb.
1477 547 1621 575 descendit.
1650 548 1681 575 fr.
1700 550 1742 575 23.
1762 549 1783 582 5.
1804 549 1828 575 6.
1848 548 1881 575 de
1899 548 1931 575 R.
1949 548 1983 576 U.
1996 550 2020 576 6.

1177 593 1199 617 1.
1218 591 1249 617 fr.
1269 592 1310 618 62.
1335 590 1368 618 de
1387 590 1418 618 V.
1438 591 1465 618 S.
1486 593 1526 617 50.
1548 592 1588 618 l6.
1626 591 1765 618 Coutincri
1790 602 1822 618 ex
1845 597 1933 618 mente
1955 591 2022 628 legis

1487 634 1522 660 ib.
1546 636 1588 660 50.
1612 636 1651 661 16.
1689 633 1800 661 Veteres
1821 651 1852 656 —
1871 634 2023 667 voluerunt,

1176 677 1256 714 idque.
1275 677 1350 704 etiam
1370 676 1427 712 lege
1440 676 1490 703 ΧΠ
1509 676 1594 704 Tabb.
1615 682 1718 704 cautum
1737 682 1785 704 est.
1815 677 1872 704 Gai.
1886 677 1904 704 1.
1920 679 2023 704 145.—

1177 721 1207 754 §-
1230 722 1267 747 3.
1279 722 1325 747 B.
1348 721 1428 752 Lex,
1451 730 1472 746 s.
1491 721 1595 756 Leges
1614 721 1658 757 (p.
1677 721 1733 754 se.)
1752 723 1769 747 i.
1789 731 1809 747 e.
1828 722 1863 747 L.
1884 722 1976 747 Iulia
1994 726 2024 747 et

1178 766 1254 798 Pap.
1275 765 1372 797 Popp.
1410 762 1440 789 11.
1462 765 1529 797 ΟΡ.
1550 762 1604 789 Hae
1623 762 1702 799 leges.
1717 777 1749 782 —
1768 763 1812 789 lus
1827 763 1913 790 civile.
1938 762 2024 790 Vatic.

1177 807 1198 841 5.
1220 807 1278 833 168.
1315 805 1358 832 111.
1378 806 1444 833 Gn.
1468 805 1596 842 Legibus,
1616 810 1726 843 propter
1745 805 1912 842 dignitatem,
1935 806 2025 845 prohi-

1179 850 1274 876 bentur
1293 848 1408 882 (ducere
1426 849 1550 881 uxores.)
1575 849 1605 875 fr.
1625 850 1666 875 49.
1687 848 1718 875 cf.
1743 848 1774 876 fr.
1793 851 1834 875 48.
1855 849 1876 883 5.
1897 851 1920 876 l.
1941 849 1974 876 de
1991 849 2025 876 R.

1178 892 1210 920 N.
1229 893 1271 918 23.
1285 893 1309 918 2.
1340 890 1398 918 Lex
1417 891 1490 918 utilis
1510 893 1584 929 reip..
1603 891 1706 918 sobolis
1727 892 1829 918 scilicet
1846 891 2026 929 procreandae

1179 945 1256 962 causa
1276 934 1335 961 lata.
1354 934 1385 961 fr.
1405 936 1445 960 64.
1465 935 1530 968 5.1.
1551 935 1583 961 de
1603 934 1680 962 cond.
1700 940 1726 962 et
1745 934 1812 961 dem.
1831 937 1873 962 35.
1894 937 1916 962 1.
1946 935 1976 962 Si
1991 950 2025 954 —-

1179 978 1296 1005 nondum
1315 977 1371 1003 eius
1391 978 1484 1003 aetatis
1503 979 1565 1009 sint,
1585 988 1597 1003 3
1618 988 1668 1014 qua
1685 977 1727 1005 lex
1740 977 1840 1004 liberos
1855 979 1943 1015 exigit.
1963 977 2025 1015 le-

690 1023 733 1050 vol
753 1023 889 1061 Princeps.
913 1023 944 1050 fr.
965 1025 989 1050 6.
1014 1023 1036 1056 5.
1056 1025 1081 1049 2.
1102 1022 1134 1049 de
1156 1026 1158 1029 ’
1179 1022 1200 1048 1’
1222 1020 1229 1023 ⁴

1180 1021 1221 1048 u
1232 1021 1250 1047 l.
1271 1023 1294 1046 l.
1331 1019 1461 1052 Persona,
1486 1030 1552 1057 quae
1576 1020 1678 1056 legibus
1704 1031 1736 1048 ex
1755 1026 1914 1048 testamento
1933 1030 2028 1058 capere

1157 1091 1158 1100 ἵ
1180 1063 1345 1101 prohibetur.
1364 1063 1394 1089 fr.
1416 1065 1455 1089 10.
1475 1073 1514 1100 pr.
1535 1063 1600 1097 5.1.
1621 1063 1653 1090 dc
1672 1063 1697 1090 h.
1718 1074 1761 1100 qu.
1782 1069 1811 1090 ut
1830 1063 1928 1101 indign.
1946 1065 1989 1091 34.
2002 1065 2026 1091 9.

1180 1106 1314 1137 Vacantia,
1334 1105 1377 1132 vel
1397 1105 1492 1132 caduca
1512 1105 1589 1138 bona,
1613 1106 1698 1133 delata
1717 1106 1820 1143 legibus
1840 1107 1873 1134 ad
1891 1108 2027 1134 aerarium.

1158 1178 1159 1183 Ἰ
1180 1149 1230 1176 Th.
1251 1148 1282 1175 C.
1301 1148 1335 1175 X.
1355 1149 1380 1174 8.
1400 1158 1422 1175 c.
1441 1151 1466 1175 5.
1486 1148 1518 1175 de
1538 1149 1597 1176 bon.
1617 1159 1673 1176 vac.
1695 1165 1724 1170 —
1747 1150 1778 1183 §-
1795 1150 1881 1177 3.(J.
1905 1151 1988 1182 Lex,
2007 1160 2027 1177 ε.

1180 1194 1295 1228 Leges,
1325 1193 1342 1218 i.
1361 1201 1382 1218 e.
1406 1192 1509 1227 Leges
1539 1193 1650 1219 Iuliae
1673 1194 1889 1220 iudiciariae.
1926 1192 1944 1219 1.
1965 1194 2028 1228 sy-

1180 1235 1237 1262 Lex
1257 1235 1435 1272 privatorum,
1454 1233 1499 1261 lex
1517 1234 1692 1271 publicorum.
1728 1235 1804 1262 Duae
1822 1235 1903 1262 Iuliae
1922 1235 2028 1272 (leges.)

1158 1302 1159 1312 ,
1181 1278 1238 1305 Gai.
1259 1277 1303 1304 IV.
1322 1279 1365 1304 30.
1384 1276 1470 1304 Vatic.
1490 1277 1608 1311 55197.
1628 1287 1668 1314 sq.
1688 1293 1721 1297 —-
1748 1278 1779 1311 §0
1805 1280 1845 1306 4.
1869 1280 1950 1311 Lex,
1970 1281 1988 1305 i.
2007 1289 2028 1305 e.

1158 1318 1160 1356 ¹
1183 1324 1211 1348 S.
1233 1322 1262 1348 C.
1299 1320 1319 1347 I.
1339 1322 1402 1355 Sy.
1427 1319 1518 1347 Novae
1542 1319 1621 1357 leges.
1642 1320 1670 1346 S.
1679 1320 1737 1347 Cta.
1762 1320 1792 1347 sr.
1812 1323 1835 1347 7.
1855 1331 1894 1358 pr.
1919 1321 1952 1348 de
1971 1331 2028 1359 cap.

1181 1365 1243 1391 min.
1263 1365 1287 1391 4.
1307 1366 1332 1390 5.
1350 1362 1382 1390 fr.
1403 1365 1425 1391 1.
1445 1363 1478 1390 de
1498 1363 1612 1390 condiet.
1632 1373 1664 1390 ex
1682 1363 1713 1390 L.
1734 1365 1774 1390 13.
1793 1365 1817 1390 2.
1846 1364 1940 1391 Oratio
1956 1364 2030 1391 Prin-

1183 1408 1250 1445 cipis
1270 1408 1297 1434 in
1317 1406 1416 1433 Senatu
1436 1407 1544 1433 recitata
1558 1406 1585 1433 S.
1600 1406 1631 1433 C.
1646 1406 1710 1433 Lex.
1731 1406 1761 1433 fr.
1778 1408 1800 1433 l.
1819 1417 1859 1444 pr.
1878 1408 1900 1442 5.
1914 1410 1939 1435 2.
1959 1407 1990 1434 fr.
2003 1409 2029 1434 2.

1184 1451 1213 1478 [Γ.
1233 1452 1257 1477 6.
1277 1460 1318 1487 sq.
1341 1450 1374 1476 de
1397 1449 1479 1476 feriis.
1504 1451 1529 1476 2.
1550 1451 1590 1476 12.
1615 1449 1646 1476 fr.
1666 1451 1690 1476 9.
1715 1449 1752 1484 55.
1771 1451 1796 1476 2.
1816 1459 1876 1486 sqq.
1900 1450 1934 1477 ad
1958 1450 1986 1478 S.
1997 1450 2029 1478 C.

1184 1494 1248 1521 Mac.
1270 1495 1310 1520 14.
1329 1494 1354 1520 6.
1378 1493 1410 1520 fr.
1429 1495 1454 1520 2.
1477 1493 1500 1527 5.
1521 1494 1542 1519 l.
1564 1492 1596 1519 de
1616 1497 1682 1519 cust.
1702 1497 1729 1519 et
1747 1491 1806 1519 exh.
1826 1494 1868 1519 48.
1887 1495 1912 1520 3.
1937 1493 1968 1521 1“Γ.
1988 1495 2030 1521 10.

1114 1539 1138 1565 8.
1160 1535 1161 1540 ¹
1183 1547 1223 1574 pr.
1248 1536 1281 1563 ad
1306 1536 1334 1563 S.
1347 1535 1378 1563 C.
1403 1535 1485 1573 Turp.
1510 1537 1552 1562 48.
1574 1537 1614 1562 16.
1639 1551 1672 1555 -
1703 1536 1734 1569 §0
1755 1536 1792 1562 5.
1822 1537 2030 1564 Constituti«)

1161 1598 1162 1603 ι
1184 1581 1367 1613 Principis.
1397 1579 1415 1605 Ι.
1432 1580 1494 1614 Sy.
1514 1578 1687 1606 Constitutio.
1707 1578 1738 1605 fr.
1752 1580 1775 1605 7.
1795 1578 1826 1605 sr.
1839 1581 1882 1606 21.
1902 1579 1934 1606 de
1953 1579 2031 1616 legat.

1161 1646 1162 1664 ἰ
1184 1627 1281 1660 praest.
1300 1624 1343 1648 37.
1361 1624 1385 1648 5.
1412 1621 1462 1648 Th.
1482 1621 1513 1649 C.
1535 1621 1567 1648 V.
1588 1623 1610 1648 l.
1631 1632 1652 1648 c.
1674 1623 1697 1649 1.
1716 1632 1756 1658 sq.
1777 1621 1810 1649 de
1828 1621 1898 1657 legit.
1919 1622 2029 1650 heredit.

1184 1665 1229 1692 Xl.
1249 1667 1291 1691 30.
1317 1675 1338 1691 c.
1358 1665 1399 1691 64.
1419 1675 1459 1702 pr.
1485 1664 1518 1691 de
1542 1664 1601 1701 adp.
1627 1669 1652 1690 et
1675 1675 1751 1701 poen.
1771 1664 1841 1692 XVI.
1861 1667 1884 1692 5.
1905 1675 1926 1692 c.
1947 1667 1970 1692 7.
1990 1676 2031 1704 pr.

1185 1710 1207 1743 5.
1224 1711 1244 1735 l.
1260 1708 1292 1735 de
1312 1707 1409 1734 haeret.
1440 1707 1548 1734 Sanctio
1569 1707 1681 1739 §oraculi
1701 1709 1808 1741 nostri.)
1827 1707 1864 1734 lb.
1883 1708 1933 1735 1.1.
1953 1719 1975 1736 c.
1989 1710 2031 1736 17.

1186 1752 1217 1778 ct'.
1237 1751 1281 1778 lx'.
1303 1752 1341 1777 14.
1362 1752 1427 1787 (3.1.
1447 1751 1484 1785 55.
1504 1753 1528 1777 2.
1549 1752 1572 1777 4.
1592 1760 1632 1787 sq.
1653 1750 1686 1777 de
1704 1756 1753 1777 act.
1773 1761 1794 1777 c.
1815 1755 1894 1788 temp.
1914 1752 1958 1778 fin.
1986 1751 2031 1778 III.

1187 1796 1253 1822 Cn.
1277 1793 1408 1830 LegibuS,
1428 1798 1454 1820 et
1472 1793 1569 1820 divinis
1589 1799 1614 1820 et
1633 1793 1823 1831 imperialibus,
1843 1795 1962 1821 vetitum.
1992 1794 2031 1822 11).

1162 1866 1163 1875 ¹
1185 1837 1256 1864 XVI.
1276 1839 1300 1864 5.
1321 1847 1342 1863 c.
1362 1839 1386 1863 5.
1423 1836 1480 1864 Lex
1500 1836 1680 1863 sancientibus
1699 1837 1776 1863 nobis
1796 1842 1893 1873 rogata.
1922 1837 1958 1864 lb.
1971 1836 2031 1865 XV.

1187 1883 1210 1907 1.
1231 1891 1252 1907 c.
1274 1882 1314 1906 15.
1335 1879 1367 1906 de
1386 1890 1447 1918 opp.
1468 1880 1530 1917 pub.
1550 1896 1582 1900 —
1608 1881 1640 1914 δ.
1660 1882 1698 1907 6.
1719 1882 1799 1912 Lex,
1819 1882 1835 1907 i.
1855 1891 1875 1907 e.
1896 1882 2031 1907 Sanctio

1184 1925 1300 1958 populi
1318 1925 1351 1950 R.
1370 1925 1404 1949 de
1422 1930 1514 1950 statu
1534 1925 1667 1957 publico
1687 1925 1840 1959 singulae
1858 1925 2031 1955 civitatis,

1137 1990 1141 1995 .
1164 1979 1165 1989 1
1185 1970 1276 1993 intra
1297 1968 1389 2002 sines
1414 1967 1548 2000 imperii
1570 1968 1783 1993 constitutae.
1818 1965 1861 1992 111.
1881 1967 1945 1993 Gn.
1977 1965 2032 2001 Qui

1188 2010 1261 2046 lege,
1289 2008 1494 2046 plebisvescito,
1518 2010 1664 2046 permissus
1689 2014 1741 2041 est,
1767 2010 1828 2040 erit,
1853 2009 1891 2035 uti
1914 2007 1986 2043 leges
2005 2009 2033 2034 in

1188 2053 1331 2089 municipio
1344 2051 1469 2084 fundano,
1489 2052 1700 2089 municipibusve
1715 2053 1771 2078 eius
1786 2051 1930 2087 municipii,
1950 2050 2032 2078 daret.

1165 2119 1166 2129 ,
1189 2095 1254 2123 Tab.
1272 2094 1376 2122 Heracl.
1401 2094 1446 2121 lin.
1466 2096 1508 2121 55.
1528 2104 1586 2131 sqq.
1612 2105 1663 2121 aer.
1686 2094 1768 2132 Neap.
1803 2094 1844 2120 Ex
1864 2093 1905 2119 his
1925 2109 1956 2113 —
1978 2103 2034 2120 cae·

1189 2144 1244 2165 tera
1264 2148 1311 2175 per
1330 2137 1401 2173 leges
1421 2138 1550 2174 cuiusque
1569 2138 1682 2164 civitatis
1701 2147 1733 2163 ex
1747 2135 1938 2163 consuetudine
1956 2136 2034 2174 longa

1189 2180 1300 2217 intelligi
1324 2184 1476 2217 potueruut.
1501 2181 1531 2206 t'r.
1555 2182 1575 2206 l.
1596 2181 1617 2214 5.
1636 2182 1660 2206 2.
1681 2179 1713 2206 de
1732 2189 1801 2206 mun.
1822 2184 1847 2205 et
1866 2178 1927 2205 hon.
1947 2182 1989 2207 50.
2007 2183 2033 2207 4.

1190 2224 1221 2251 cf.
1246 2224 1278 2250 fr.
1296 2225 1319 2249 5.
1345 2223 1411 2256 5.1.
1436 2223 1469 2249 de
1489 2224 1544 2250 iure
1563 2224 1668 2249 immun.
1688 2224 1729 2248 50.
1749 2224 1773 2248 6.
1812 2222 1892 2257 Quod
1911 2222 1969 2259 lege
1987 2233 2034 2250 sua

1190 2266 1356 2305 privilegium
1380 2267 1406 2292 in
1425 2266 1503 2293 bonis
1522 2266 1638 2293 defuncti
1658 2265 1786 2292 debitoris
1806 2266 1907 2302 accepit
1926 2267 1980 2299 (sc.
2001 2267 2034 2293 ci-

1191 2310 1280 2343 vitas.)
1301 2309 1330 2336 sr.
1350 2310 1392 2336 37.
1412 2309 1445 2336 de
1465 2309 1518 2336 reb.
1539 2313 1604 2335 auct.
1624 2307 1677 2334 iud.
1695 2309 1735 2334 42.
1756 2310 1779 2334 5.
1817 2308 1846 2334 Si
1866 2309 1958 2335 civitas
1978 2308 2035 2336 nul-

1192 2354 1241 2380 lam
1261 2353 1394 2390 propriam
1413 2352 1496 2389 legem
1517 2351 1595 2378 babet
1613 2350 1645 2376 de
1665 2355 1713 2377 etc.
1734 2350 1763 2376 1“ι·.
1782 2352 1822 2377 21.
1843 2351 1865 2384 5.
1886 2353 1908 2378 7.
1929 2351 1961 2378 ad
1979 2362 2035 2378 mu-

1192 2397 1271 2433 nicip.
1285 2398 1326 2422 50.
1343 2397 1364 2421 l.
1396 2395 1448 2430 Qui
1468 2393 1612 2421 secundum
1632 2393 1715 2429 legem
1735 2393 1842 2420 decurio
1862 2399 1965 2421 creatus
1981 2405 2034 2422 non

1193 2441 1235 2466 sit.
1260 2439 1290 2466 fr.
1312 2440 1351 2464 10.
1376 2437 1408 2464 de
1433 2437 1566 2464 decuriou.
1586 2439 1627 2463 50,
1647 2439 1670 2463 2.
1696 2436 1728 2462 cs.
1756 2436 1787 2463 fr.
1808 2439 1848 2463 12.
1873 2436 1906 2463 de
1925 2447 1983 2475 app.
2009 2442 2035 2464 et

1194 2482 1267 2509 relat.
1287 2483 1328 2508 49.
1350 2482 1372 2506 l.
1409 2480 1438 2506 Si
1457 2479 1499 2506 lex
1519 2479 1684 2516 municipalis
1704 2479 1839 2512 concedat,
1858 2489 1879 2506 s.
1893 2481 2033 2516 permittat.

1169 2518 1172 2567 ¹¹>
1194 2526 1224 2552 fr.
1238 2527 1263 2551 3.
1284 2525 1306 2558 5.
1321 2527 1346 2550 4.
1367 2524 1418 2559 Qu.
1439 2523 1464 2548 vi
1484 2528 1528 2549 aut
1546 2523 1577 2549 cl.
1598 2525 1639 2549 43.
1657 2524 1699 2548 24.
1719 2522 1748 2548 1“1·.
1762 2524 1786 2548 3.
1806 2523 1828 2556 5
1838 2524 1862 2548 5.
1882 2522 1915 2549 de
1934 2523 2032 2561 sepulc.

1194 2568 1255 2595 viol.
1275 2569 1317 2594 47.
1338 2568 1378 2592 12.
1401 2565 1484 2592 leir
1503 2582 1534 2585 —
1560 2576 1574 2592 e
1597 2566 1654 2602 lege
1673 2565 1738 2592 Iulia
1761 2565 1920 2602 municipali.
1948 2566 1989 2593 Cf.
2008 2576 2032 2592 v.

1286 2611 1307 2644 5.
1323 2611 1361 2635 10.
1400 2608 1450 2635 Cui
1470 2608 1512 2635 lex
1532 2610 1668 2646 permittit,
1689 2612 1733 2634 aut
1751 2607 1808 2644 lege
1827 2613 1947 2635 cessante
1959 2607 2033 2635 Ordo

1195 2654 1274 2681 dedit.
1300 2653 1330 2679 fr.
1349 2653 1373 2678 3.
1399 2651 1428 2678 sr.
1448 2653 1471 2678 6.
1492 2662 1530 2688 pr.
1556 2652 1606 2688 Qu.
1632 2652 1681 2678 cui.
1706 2652 1776 2677 univ.
1796 2661 1865 2677 nom.
1883 2652 1907 2677 3.
1927 2652 1950 2677 4.
1987 2650 2033 2677 Se-

1171 2709 1172 2717 *
1195 2696 1308 2724 cundum
1327 2694 1409 2730 legem
1430 2695 1556 2726 civitatis,
1571 2710 1602 2713 —
1616 2704 1685 2731 resp.
1706 2693 1836 2720 distraxit.
1857 2703 1878 2720 c.
1890 2695 1914 2719 4.
1933 2692 1965 2719 de
1977 2694 2034 2720 iure

1171 2758 1172 2771 2
1195 2741 1259 2777 reip.
1280 2740 1319 2764 ll.
1338 2739 1380 2764 29.
1401 2753 1432 2757 —
1462 2738 1492 2771 ξ.
1514 2739 1546 2764 2.
1572 2739 1745 2772 Singulnm
1764 2742 1862 2771 caput
1879 2738 1991 2766 edicti.
2010 2747 2032 2764 v.

1194 2783 1344 2816 responsi
1363 2783 1451 2808 iuris
1470 2787 1648 2808 auctorum.
1686 2778 1705 2805 I.
1725 2780 1787 2813 Sy.
1807 2778 1869 2805 Pars
1884 2778 1971 2805 edicti.
1991 2778 2033 2806 Cf.

1193 2835 1218 2851 v.
1238 2823 1360 2851 Edictum
1385 2824 1406 2858 5.
1426 2825 1450 2850 4.
1493 2823 1536 2850 111.
1557 2824 1623 2851 Cn.
1651 2822 1876 2850 constitutionum
1901 2822 1985 2849 vicem
2009 2828 2035 2849 et

1987 2865 2034 2892 has
