2197 3121
946 163 1031 193 SEM
1044 181 1086 185 —-
1098 162 1189 193 SEN.

1870 165 1933 194 875

199 252 238 277 16.
258 250 289 277 01,
315 250 345 276 fr.
365 251 388 276 6.
413 250 434 283 9.
460 250 483 275 l.
507 246 634 284 Quemad.
658 246 747 272 servit.
772 246 795 271 8.
817 246 840 271 6.
879 244 963 271 Cuius
984 249 1042 270 ante
1063 244 1066 280 l
1088 243 1176 270 ditatis
1187 243 1348 274 dodrantem.
1361 245 1519 270 semunciam
1531 249 1556 270 et
1566 243 1836 277 sicilieumffiabere.)
1848 245 1929 271 fin-21.

197 292 345 319 aedificium
366 294 457 319 semita
476 293 502 318 in
516 290 574 317 loco
590 291 645 316 erit.
667 288 731 315 Tab.
747 287 849 314 Heracl.
864 289 905 313 53.
920 298 970 314 aer.
985 287 1029 313 Br.

233 343 424 370 semotim.
439 341 553 375 (Advb.)
572 341 766 374 Separaeim.
804 337 846 364 111.
863 339 928 365 Cn.
948 338 976 364 In
992 348 1041 364 una
1063 364 1064 372 ἵ

1086 287 1108 321 9.
1121 289 1145 313 2.
1161 287 1192 313 de
1206 296 1263 312 ann.
1278 286 1352 322 legat.
1367 288 1407 313 33.
1425 289 1446 313 l.
1467 287 1618 313 Sescuncia.
1639 303 1671 306 —
1691 286 1837 313 Semuncia.
1859 288 1889 314 fr.
1904 292 1928 314 ὅ.

1087 330 1108 363 3.
1128 331 1151 356 8.
1173 329 1206 356 de
1226 329 1298 355 inoff.
1319 334 1419 356 testam.
1439 332 1463 356 5.
1482 332 1506 356 2.
1525 330 1562 356 XI
1582 330 1703 366 (partes)
1724 344 1755 347 —
1780 330 1928 357 Semuncia.

198 385 276 412 domo
302 402 333 405 —
358 386 530 412 communiter
553 383 668 414 alantur,
692 383 718 407 in
743 392 791 408 una
818 381 895 407 domo
921 382 1041 407 semotim
1062 374 1064 414 ,l
1087 371 1116 398 f?-
1138 374 1177 398 17·
1198 372 1219 405 ξ
1242 374 1264 398 l·
1285 371 1316 398 de
1337 372 1424 398 Ilffl'ffll·
1445 374 1505 399 inst-
1525 375 1566 399 28·
1587 375 1610 398 5-

197 428 329 454 dormiant
349 429 397 461 (sc.
418 427 559 460 monachi.)
579 426 625 452 Iul.
647 436 685 462 ep.
706 434 765 450 nov.
787 434 806 450 c.
830 425 886 449 115.
908 424 928 457 3.
949 425 1007 449 482.

236 480 450 506 semovere.
488 479 518 511 §0
538 479 572 504 1.
600 478 791 510 Seiungere,
816 477 984 508 Separnre.
1021 473 1039 500 1.

199 522 262 556 ‚Sy⁸
282 521 425 558 Seponere.
451 531 472 547 c.
491 522 515 546 2.
540 520 578 554 99.
598 521 621 545 2.
644 520 682 544 17.
708 517 739 544 de
763 522 814 543 vet.
839 518 895 543 iure
915 516 997 543 enucl.
1019 518 1039 543 l.

199 566 238 590 l7.
276 564 317 590 III.
333 565 399 592 Gn.
419 563 524 589 Semota
539 573 624 594 earne,
645 577 675 580 —
696 560 867 596 relinquimus
887 565 933 586 ete.
954 559 983 586 fr.
1000 561 1039 585 18.

197 607 219 640 3.
239 608 263 632 3.
283 606 316 633 de
335 608 409 632 instr.
430 605 478 642 leg.
499 607 540 632 33
561 607 584 631 7.
604 619 636 624 -
661 604 691 637 9.
712 605 747 630 2.
768 605 899 634 Arcere,
920 604 1039 629 Exclu-
1061 619 1062 622 κ

195 651 274 676 dere.
311 648 328 675 1.
344 650 405 683 Sy.
425 648 600 675 Exheredare.
621 647 670 674 Th.
685 646 715 672 C.
730 645 760 671 V.
779 648 801 671 l.
822 656 842 671 c.
863 647 886 671 -1,
907 646 944 679 99.
960 648 983 671 2,
999 655 1038 681 sq.

197 691 230 718 de.
252 691 323 727 legit.
348 691 458 717 heredit.
500 691 543 717 III.
563 692 629 718 Gn.
659 688 762 716 Caeteri
786 687 881 723 gradus
906 693 1039 714 remanent

196 735 302 771 penitus
322 735 425 760 semoti.
446 734 467 767 3.
487 736 510 760 4.
531 733 548 760 I.
569 733 601 760 de
620 733 689 769 legit.
710 730 783 766 adgn.
806 740 875 757 succ.
896 732 920 757 3.
936 733 960 758 2.
990 730 1039 757 Ve-

196 782 280 804 terum
301 777 465 803 dubitatione
485 781 591 803 semota.
613 786 633 802 c.
654 777 676 800 7.
697 783 744 811 pro
765 783 819 800 soc.
839 775 862 799 4.
882 775 924 800 37.

229 828 399 860 Semper.
433 827 555 861 (Astvb.)
590 827 620 860 §-
639 827 672 852 1.
701 825 794 850 Omni
818 830 964 858 tempore.
1003 825 1037 850 ln

194 877 331 905 perpetu
340 881 354 896 ιι
362 881 394 896 m.
424 869 442 896 1.
458 871 519 904 Sy.
533 870 672 899 Aeternus,
693 867 823 904 Perpetuo
838 867 916 900 (Aug.
931 876 951 892 s.
967 865 1038 892 Prin-

196 914 280 950 ceps.)
301 913 383 939 Gesta
403 914 429 938 iu
449 912 509 939 Sen.
530 912 562 938 de
580 922 631 938 rec.
651 910 701 937 Th.
722 910 752 936 C.
767 910 808 936 Cf.
829 910 923 936 Const.
943 908 992 935 Th.
1007 908 1036 935 11.

196 955 228 982 de
249 955 298 981 Th.
313 955 344 981 C.
364 960 430 981 auct.
451 955 473 988 3.
487 957 510 981 5.
547 954 590 981 111.
606 955 670 981 Cn.
691 953 779 990 Semp.
800 958 825 979 et
845 953 948 988 ubique.
969 951 999 978 fr.
1015 954 1037 977 1.

196 998 245 1025 sol.
266 999 376 1024 matrim.
395 1000 436 1024 24.
450 1000 473 1024 3.
510 998 572 1029 Diu,
593 1002 618 1023 ct
638 996 691 1023 sere
711 1007 793 1033 semp.
813 996 843 1022 t'r.
860 998 881 1022 1,
902 995 935 1021 de
947 1005 1036 1031 usurp.

195 1043 236 1067 41.
251 1042 274 1067 3.
313 1041 349 1066 Ita
370 1040 540 1071 contrahitur,
560 1045 587 1066 ut
606 1050 687 1075 semp.
708 1039 776 1076 apud
796 1040 915 1065 maritum
934 1039 968 1064 sit
988 1041 1037 1069 (sc.

195 1083 267 1117 dos.)
287 1083 316 1110 fr.
340 1085 360 1109 l.
386 1083 418 1109 de
441 1084 496 1109 iure
520 1083 573 1109 dot.
592 1084 633 1108 23.
653 1084 676 1108 3.
715 1083 802 1119 Semp.
828 1082 973 1108 manumitti
997 1090 1038 1106 so·
1058 1087 1060 1093 ¹

195 1126 258 1152 lent.
284 1126 372 1162 Semp.
393 1136 514 1152 accusare
534 1126 701 1163 permittitur.
722 1125 778 1151 Gai.
799 1124 816 1151 1.
836 1127 877 1150 20.
898 1125 927 1150 1'r.
945 1125 984 1149 13.
1004 1123 1036 1149 de

195 1169 261 1196 S.C.
275 1169 356 1195 Silan.
370 1170 411 1195 29.
426 1171 449 1195 5.
465 1184 495 1188 -—
516 1169 546 1201 §.
563 1169 597 1194 2.
619 1170 827 1200 Constante-r,
847 1169 1035 1194 Iudiscrete.
1057 1174 1059 1188 ἑ

195 1212 214 1238 1.
236 1213 298 1246 Sy·
328 1211 459 1248 Perpetuo
486 1212 540 1243 (uti
566 1212 631 1243 etc.)
661 1210 690 1237 fr.
715 1213 756 1237 25.
786 1210 817 1237 de
842 1210 926 1247 pecul.
953 1211 991 1236 15.
1013 1211 1035 1235 1.

194 1255 224 1281 sr.
246 1256 284 1280 13.
314 1255 394 1288 331.
418 1264 455 1290 sq.
485 1255 517 1280 de
545 1253 613 1280 alim.
638 1263 661 1279 v.
687 1253 765 1279 cihar.
793 1255 833 1279 34.
858 1255 878 1278 1.
916 1252 945 1278 II.
968 1254 1034 1285 ΟΡ.

192 1297 286 1333 Neque
307 1307 424 1334 semper.
450 1307 533 1333 neque
557 1306 751 1332 nonnunquam.
776 1312 807 1315 -—
834 1296 949 1322 Omnino
974 1305 1033 1320 non.

192 1339 223 1366 fr.
243 1341 267 1366 6.
287 1350 326 1377 pr.
348 1340 380 1366 de
400 1350 475 1376 poen.
496 1341 537 1366 415¹.
559 1341 599 1365 19.
637 1338 730 1365 Vtrum
750 1349 867 1376 semper,
887 1349 918 1364 an
938 1339 972 1364 ita
993 1337 1035 1364 de-

193 1383 279 1409 mum?
311 1383 340 1409 sr.
363 1385 402 1408 12.
428 1382 449 1415 3.
470 1384 493 1408 2.
519 1382 551 1408 de
574 1382 636 1410 furt.
660 1384 701 1409 47.
721 1384 745 1408 2.
783 1381 841 1407 Non
866 1392 961 1419 semp..
987 1381 1035 1407 sed

192 1431 272 1463 prout
291 1430 331 1451 est
351 1425 487 1451 adiectum.
508 1424 536 1451 fr.
559 1426 615 1451 164.
636 1426 656 1459 3.
679 1427 700 1451 l.
721 1425 753 1451 de
772 1424 804 1451 V.
818 1424 844 1451 S.
865 1427 905 1451 50.
922 1426 960 1451 16.
992 1424 1033 1450 111.

193 1470 259 1496 Gn.
281 1468 339 1495 Non
360 1478 451 1505 semp..
471 1478 519 1494 nec
538 1467 614 1494 facile
634 1468 825 1501 (concurrere.)
851 1467 880 1493 fr.
903 1469 923 1494 l.
944 1477 982 1504 pr.
1003 1467 1035 1493 de

192 1517 276 1538 contr.
291 1516 349 1538 emt.
369 1513 408 1537 18.
426 1513 447 1537 1.
485 1511 538 1546 Qui
558 1512 662 1548 saepius
683 1511 859 1547 (abegerunt.)
880 1510 940 1536 licet
954 1520 1034 1546 semp.

192 1554 391 1591 (subripuerint
411 1554 477 1587 etc.)
502 1553 532 1580 fr.
552 1555 576 1580 3.
601 1554 622 1587 9
644 1556 669 1580 2.
696 1553 727 1580 de
751 1554 816 1589 abig.
841 1555 883 1580 47.
905 1555 944 1579 14.
982 1552 1035 1578 Sed

191 1597 243 1624 hoc
261 1607 313 1623 non
333 1607 415 1633 semp.
435 1606 524 1622 verum
538 1602 617 1633 put03
642 1607 700 1623 nam
720 1597 873 1634 plerumque
894 1601 941 1622 etc.
967 1595 996 1622 fr.
1011 1597 1034 1621 5.

192 1640 215 1673 3.
234 1642 258 1666 2.
278 1640 369 1677 depos.
392 1640 430 1665 16.
450 1640 474 1665 3.
503 1639 605 1677 Semp,
626 1645 737 1677 excepto
758 1650 788 1666 co
809 1645 857 1665 etc.
878 1638 938 1676 le.
960 1638 990 1664 V.
1011 1642 1034 1664 ὅ.

196 1682 236 1708 Vl.
251 1685 274 1708 5.
295 1682 360 1709 Fere
374 1692 455 1718 semp.
476 1682 606 1715 (utimur.)
627 1682 684 1708 Gai.
700 1682 727 1708 II.
747 1685 788 1708 25.
827 1682 939 1717 Quoties
960 1691 1035 1718 quae-

193 1726 273 1757 ritur,
299 1736 381 1762 semp.
402 1730 450 1750 etc.
475 1724 504 1750 fr.
527 1726 566 1751 19.
585 1726 607 1758 3.
631 1727 651 1751 1.
677 1725 709 1751 ‹Ie
729 1725 820 1751 iurisd.
840 1727 864 1750 2.
886 1727 907 1750 l.
946 1723 1034 1761 Semp.

193 1768 321 1795 satisdare
341 1769 450 1803 cogitur,
471 1769 649 1804 cuiuscunque
669 1769 704 1793 sit
724 1768 865 1803 dignitatis.
888 1766 917 1793 fr.
934 1769 954 1792 1.
975 1767 1033 1800 3.1.

194 1816 221 1837 ut
240 1810 315 1847 legat.
335 1820 402 1837 serv.
423 1820 444 1836 c.
464 1811 506 1836 36.
525 1812 549 1836 3.

227 1861 462 1894 Sempronia.
489 1862 603 1887 Nomen
628 1862 784 1887 mulieris.
809 1860 851 1886 111.
872 1862 937 1887 Gn.
962 1860 1033 1886 Sem-

193 1905 309 1941 proniae.
322 1903 482 1929 concubinae
493 1914 573 1933 meae,
584 1904 697 1936 (servire
708 1903 769 1929 volo
781 1903 941 1940 Scorpium.)
953 1903 982 1929 fr.
993 1905 1033 1929 24.

193 1948 214 1981 9.
236 1949 256 1972 1.
279 1946 311 1972 de
331 1956 379 1972 usu
398 1951 424 1972 et
443 1946 523 1973 usufr.
544 1946 591 1982 leg.
611 1948 653 1972 33.
672 1948 696 1973 2.

226 1997 535 2030 Senlpronianus.
547 1996 675 2029 (Adiect.)
684 1999 730 2023 Ad
740 1998 928 2030 Sempronia
935 2007 957 2022 m
968 2007 986 2030 p
993 2006 1034 2022 er-

192 2041 306 2066 tinens.
322 2039 363 2065 111.
379 2040 444 2066 Gn.
469 2039 577 2065 Fundus
591 2039 807 2077 Sempronianus,
821 2038 948 2075 quidquid
963 2038 1034 2065 Sem·

192 2083 278 2119 pronii
293 2082 339 2116 [al.
355 2082 549 2118 Semproniani]
564 2083 627 2108 iuris
641 2082 698 2113 fuit,
712 2083 761 2108 erit
775 2082 822 2108 tibi
836 2086 927 2108 emtus.
949 2082 977 2108 sr.
992 2083 1033 2108 48.

193 2124 225 2151 de
243 2125 274 2151 A.
293 2125 322 2151 E.
347 2124 374 2151 V.
396 2126 434 2150 19.
451 2122 472 2150 I.
510 2125 597 2151 Aedes
618 2124 830 2162 Sempronianae.
850 2124 880 2151 fr.
895 2126 918 2151 4.
939 2125 995 2158 37.
1011 2126 1033 2151 si

194 2169 281 2194 servit.
301 2170 323 2193 8.
344 2170 367 2193 5.

227 2210 481 2243 Sempronius.
510 2211 541 2243 §-
558 2211 592 2237 1.
614 2212 729 2237 Nomen
755 2212 838 2237 LCti
860 2213 978 2237 veteris
1002 2212 1031 2237 R,

194 2251 236 2278 111.
257 2253 321 2279 (711.
358 2252 417 2278 Fuit
436 2257 498 2289 post
517 2263 562 2279 eos
582 2256 630 2285 (sc.
646 2253 705 2280 Tib.
724 2253 926 2284 Coruncanium.
946 2252 972 2279 P.
987 2252 1032 2279 Pa-

194 2295 297 2331 pirium.
310 2295 376 2331 App.
391 2295 552 2327 Claudium.)
571 2297 696 2322 maximae
715 2297 838 2322 scientiae
852 2296 1031 2332 Sempronius,

195 2346 271 2373 quem
291 2336 404 2373 populus
422 2337 452 2364 R.
473 2341 554 2373 {seffor
578 2339 726 2376 adpellavit.
752 2339 781 2365 sr.
801 2342 823 2364 2.
844 2340 864 2372 3
885 2341 926 2364 37.
947 2338 979 2364 de
999 2338 1031 2365 Ο,

194 2378 211 2404 I.
235 2381 255 2404 1.
276 2382 299 2404 2.
316 2396 345 2398 -
366 2380 396 2412 δ.
416 2381 450 2406 2.
471 2383 586 2407 Nomen
603 2392 759 2415 personae
773 2383 891 2417 siclae.
910 2381 953 2407 111.
966 2382 1031 2408 Cn·

195 2421 287 2448 Putavi
307 2421 370 2447 Titii
391 2432 448 2447 csse
467 2424 514 2453 (sc.
535 2425 659 2460 negotia.)
684 2434 741 2450 cum
765 2429 854 2451 essent
873 2424 1030 2461 Sempronii.

194 2463 224 2490 fr.
243 2466 267 2490 5.
286 2465 308 2497 9.
330 2466 351 2489 1.
372 2464 401 2490 1“ι·.
421 2465 444 2489 6.
469 2465 490 2497 9.
510 2466 534 2491 8.
553 2467 582 2493 I'r.
602 2468 643 2493 31.
664 2467 729 2500 3.1.
751 2467 782 2493 de
807 2466 838 2492 N.
859 2466 890 2493 G.
910 2469 934 2493 3.
955 2469 978 2492 5.
1004 2466 1030 2493 P.

194 2506 319 2537 Maevius,
339 2506 367 2532 L.
383 2506 468 2532 Titius
482 2507 592 2535 heredes
612 2511 702 2536 sunto!
723 2510 894 2546 Sempronius
914 2515 1032 2546 exparte

195 2548 300 2575 dimidia
320 2549 396 2575 heres
415 2551 484 2575 esto!
505 2549 534 2575 sr.
557 2552 611 2576 142.
632 2551 664 2578 de
684 2551 713 2578 V.
735 2552 760 2579 S.
782 2555 821 2578 50.
845 2553 883 2578 16.
920 2551 950 2578 Si
970 2552 1031 2578 dolo

194 2591 262 2618 malo
282 2592 431 2629 Sempronii
450 2592 545 2618 factum
565 2591 650 2625 fuerit,
669 2605 701 2621 ne
715 2601 762 2622 etc.
783 2595 812 2621 fr.
826 2596 850 2621 3.
870 2595 891 2628 3
906 2596 929 2621 4.
950 2594 982 2621 de
1001 2606 1031 2621 eo

194 2645 219 2672 p.
240 2644 281 2670 qu.
303 2634 360 2660 fact.
381 2637 404 2660 2.
427 2636 465 2660 10.

229 2677 444 2704 §emunt-ia.
468 2679 567 2704 Vncia
581 2679 766 2706 dimidiata.
780 2680 798 2706 1.
813 2682 874 2714 Sy.
889 2680 974 2706 Semis
988 2691 1033 2707 un-

195 2721 240 2746 cia.
261 2719 310 2745 Th.
330 2719 360 2745 C.
384 2719 454 2746 XIV.
480 2722 518 2746 17.
544 2730 564 2746 c.
591 2722 630 2746 15.
655 2720 686 2746 de
710 2732 802 2749 annon.
826 2724 874 2749 civ.
899 2723 941 2749 111.
967 2725 1033 2751 Gn.

194 2762 302 2789 Vnciam
322 2763 371 2788 iam
390 2762 496 2789 habenti
511 2780 540 2783 -—
557 2764 714 2789 semunciam
734 2774 765 2791 ex
779 2767 852 2792 uncia
873 2776 918 2792 sua
933 2766 1033 2792 cedere.
1056 2787 1057 2790 ,

195 2804 231 2831 lb.
251 2805 295 2831 lx.
313 2807 354 2831 42.
375 2815 396 2831 c.
416 2806 438 2831 8.
460 2805 480 2836 3.
501 2807 523 2831 l.
543 2805 575 2831 de
594 2805 654 2831 bon.
679 2815 779 2842 proscr.
798 2807 942 2835 Vniversae
960 2809 1034 2835 here—

1062 420 1064 451 3'
1121 416 1293 442 Senator.
1314 415 1344 448 ξ.
1360 416 1394 441 l.
1412 417 1474 448 Qui
1488 418 1518 442 in
1535 418 1687 442 Senatum
1703 417 1791 442 urbis
1805 418 1929 447 Romae,

1062 458 1142 484 'aut
1163 459 1572 491 Constantiamustitanae,
1592 461 1741 485 adlectus
1760 465 1812 485 est.
1833 458 1850 485 l.
1866 460 1928 493 Sy.

1061 494 1063 528 l
1086 500 1139 536 Qui
1162 502 1188 526 in
1213 500 1311 526 Senatu
1335 502 1491 527 sententiam
1517 501 1603 527 dicero
1628 506 1749 538 possunt.
1777 501 1927 528 Senatores.

1061 530 1063 580 l
1086 542 1175 569 Patres
1196 543 1374 580 (conscripti.)
1400 542 1429 568 l'r.
1452 545 1491 570 12,
1512 544 1533 577 9.
1556 546 1576 569 1.
1598 543 1630 570 de
1650 543 1769 570 Senator.
1792 546 1813 570 l.
1833 546 1858 571 9.
1878 544 1927 571 Th.

1061 588 1062 616 ᾖ
1085 585 1114 612 C.
1135 585 1178 612 VI.
1199 588 1221 612 4.
1243 596 1264 612 c.
1293 588 1332 612 15.
1357 585 1389 611 de
1413 585 1497 612 Praet.
1522 591 1547 612 et
1571 587 1622 622 Qu.
1643 586 1684 612 Cf.
1709 597 1731 612 v.
1752 586 1836 613 Pater.
1861 587 1882 620 9.
1903 590 1926 613 5.

1084 628 1114 654 11.
1134 630 1201 662 Op.
1220 629 1344 655 Decurio.
1366 628 1406 655 Cf.
1432 628 1456 655 h.
1481 639 1504 655 v.
1530 630 1550 663 3.
1574 632 1598 655 2.
1620 629 1742 655 Plebeins
1762 629 1816 662 (vel
1836 629 1928 656 humili

1060 667 1062 693 i
1084 671 1143 697 loco
1163 673 1261 703 natus.)
1282 671 1323 698 Cf.
1344 682 1367 698 v.
1388 671 1508 698 Humilis.
1529 672 1549 705 9.
1564 673 1587 697 2.
1609 682 1631 698 v.
1652 672 1783 698 Plebeius.
1803 672 1843 698 111.
1861 674 1927 700 (Vn.

1060 698 1061 735 l
1084 713 1204 745 Senator.
1224 714 1266 740 vel
1286 725 1366 751 eques
1387 714 1432 746 R..
1457 714 1498 740 vel
1523 714 1586 740 alias
1612 720 1744 751 spectatae
1763 716 1927 741 auctoritatis

1060 737 1061 782 l
1084 757 1131 782 vir.
1152 756 1222 783 Paul.
1244 757 1275 783 V.
1295 759 1318 784 4.
1338 758 1360 791 9
1384 760 1421 783 10.
1461 756 1582 788 Senator.
1603 757 1644 784 vel
1666 757 1836 784 clarissimus.
1857 758 1886 784 sr.
1902 762 1925 785 8.

1086 799 1116 825 cs.
1138 799 1167 825 fr.
1190 802 1228 825 12.
1249 800 1270 834 3.
1293 802 1314 826 l.
1336 800 1367 826 de
1388 800 1476 826 Senot.
1499 802 1519 826 1.
1535 802 1558 826 9.
1579 800 1729 831 Senatores.
1750 805 1827 836 atque
1847 800 1927 827 hono-

1084 843 1140 868 rati.
1162 841 1210 868 Th.
1232 842 1261 869 C.
1283 843 1327 869 IX.
1347 845 1388 869 30.
1410 853 1429 869 c.
1452 845 1472 869 1.
1499 843 1579 878 Quib.
1600 853 1689 879 equor.
1709 853 1748 869 us.
1774 843 1813 870 Cf.
1834 843 1863 870 11.
1886 846 1925 870 17.

1059 911 1061 917 y
1084 894 1105 910 c.
1126 886 1147 910 1.
1169 885 1190 918 3.
1210 887 1233 911 2.
1255 885 1286 912 de
1306 885 1329 912 h.
1355 896 1397 922 qu.
1417 896 1475 912 ven.
1497 891 1545 912 aet.
1565 885 1601 912 lb.
1621 885 1663 912 IV.
1684 888 1707 912 6.
1728 896 1748 912 c.
1768 888 1792 912 3.
1813 886 1926 920 (Wek.)

1059 920 1061 951 i
1083 926 1115 952 de
1134 932 1215 953 natur.
1241 927 1277 953 fil.
1307 927 1345 954 Ne
1369 928 1482 954 Senator
1505 930 1552 960 sit⁷
1577 939 1609 954 ne
1632 928 1752 960 decurio,
1778 935 1821 955 aut
1846 929 1926 956 ullum

1059 957 1061 1017 ἱ
1082 968 1208 995 honorem
1233 971 1331 1007 capiat,
1361 981 1426 997 neve
1450 973 1475 997 in
1501 982 1558 997 eum
1583 971 1701 997 ordinem
1725 971 1822 998 sedeat.
1848 972 1878 998 I'r.
1904 974 1924 998 1.

1058 1020 1060 1053 j
1081 1022 1120 1049 pr.
1140 1012 1171 1038 ad
1191 1012 1220 1038 L.
1242 1012 1288 1038 Iul.
1313 1013 1345 1039 de
1368 1015 1393 1039 vi
1414 1015 1480 1051 priv.
1506 1015 1547 1040 48.
1568 1016 1589 1040 7.
1616 1014 1657 1047 CI.
1678 1014 1743 1040 Tab.
1763 1014 1864 1041 Heraci.
1884 1017 1925 1041 57.

1058 1056 1060 1082 ,ἶ
1082 1065 1141 1091 sqq.
1161 1056 1202 1081 63.
1223 1065 1280 1091 sqq.
1303 1066 1352 1081 aer.
1374 1055 1454 1093 Νίκη).
1475 1056 1524 1083 Th.
1545 1056 1575 1082 C.
1596 1056 1652 1083 XII.
1678 1059 1700 1083 l.
1721 1067 1742 1083 c.
1763 1059 1803 1084 93.
1828 1057 1860 1084 de
1884 1057 1926 1083 de-

1058 1115 1059 1118 =
1081 1099 1180 1124 curion.
1201 1098 1313 1124 Senator
1332 1104 1448 1125 remotus
1469 1099 1573 1125 Senatu.
1593 1099 1622 1126 fr.
1643 1101 1666 1126 3.
1688 1100 1718 1126 cs.
1739 1099 1769 1126 fr.
1789 1102 1813 1126 2.
1834 1100 1866 1126 de
1881 1100 1926 1126 Se-

1058 1132 1059 1162 l
1081 1146 1131 1167 nat.
1154 1143 1175 1167 l.
1194 1144 1218 1167 9.
1238 1141 1369 1167 Omnibus
1390 1142 1521 1177 ingenuis.
1540 1147 1644 1178 praeter
1663 1142 1805 1169 Senatores
1826 1153 1926 1169 eorum—

1081 1194 1131 1220 que
1155 1183 1267 1213 liberos,
1290 1183 1438 1210 libertinam
1468 1194 1574 1210 uxorem
1598 1184 1694 1211 habere
1723 1185 1810 1212 licere.
1834 1186 1864 1212 sr.
1883 1187 1925 1214 23.

1080 1225 1110 1252 fr.
1130 1228 1171 1252 44.
1191 1236 1230 1263 pr.
1256 1226 1288 1252 de
1307 1226 1337 1252 R.
1358 1226 1388 1253 N.
1408 1228 1450 1253 23.
1470 1229 1493 1252 2.
1516 1226 1575 1264 le.
1595 1227 1663 1254 XIII.
1686 1230 1706 1254 1.
1726 1228 1797 1255 XVI.
1817 1231 1841 1255 2.
1856 1229 1885 1255 sr.
1901 1231 1924 1255 7.

1080 1269 1101 1303 3.
1121 1271 1145 1295 2.
1166 1269 1198 1295 de
1218 1269 1306 1296 Senat.
1327 1271 1349 1295 1.
1370 1271 1393 1296 9.
1409 1283 1439 1287 —
1460 1270 1537 1302 §.2.
1561 1272 1622 1302 Qui
1641 1273 1848 1298 decurionum
1867 1274 1925 1298 col-

1079 1314 1166 1347 legio
1186 1314 1373 1346 adscriptus
1393 1319 1446 1339 est.
1484 1311 1526 1338 111.
1541 1313 1607 1340 Gn.
1621 1312 1787 1350 Principalis,
1806 1324 1835 1340 ac
1849 1314 1925 1340 decu-

1079 1356 1127 1385 rio,
1149 1360 1174 1380 et
1193 1365 1254 1381 suae
1274 1356 1309 1387 (si
1328 1356 1367 1381 sic
1386 1355 1438 1381 dici
1456 1358 1572 1392 oportet)
1594 1356 1679 1381 curiae
1694 1355 1812 1382 Senator.
1828 1356 1877 1383 Th.
1893 1356 1924 1383 C.

1080 1397 1136 1424 XII.
1158 1399 1216 1424 1.c.
1230 1401 1270 1424 255.
1292 1397 1323 1424 de
1338 1398 1471 1424 decurion.
1507 1398 1537 1424 In
1557 1399 1709 1435 municipio,
1729 1398 1839 1430 colonia.
1853 1409 1925 1436 prae-

1079 1440 1186 1472 fectura,
1208 1454 1237 1458 —
1256 1451 1321 1467 neve
1335 1441 1370 1467 ibi
1385 1441 1505 1471 Senator,
1520 1450 1585 1466 neve
1600 1442 1766 1478 conscriptus
1780 1446 1846 1473 esto,
1861 1452 1926 1468 neve

1081 1485 1237 1510 sententiam
1258 1483 1347 1509 dicito.
1368 1483 1433 1509 Tab.
1454 1482 1556 1509 Ileracl.
1576 1485 1617 1509 20.
1638 1493 1676 1520 sq.
1697 1483 1728 1510 cf.
1750 1486 1790 1509 15.
1810 1494 1848 1519 sq.
1874 1495 1924 1511 aer.

1080 1525 1161 1563 Neap.
1186 1526 1228 1552 Ad
1249 1526 1379 1552 Thracum
1404 1526 1602 1552 similitudinem
1622 1525 1792 1558 Senatorum,
1817 1526 1926 1562 (glebali

1081 1570 1258 1606 praestatione
1278 1569 1352 1595 reddi
1372 1570 1521 1600 immunes.)
1542 1568 1591 1594 Th.
1613 1568 1643 1595 C.
1665 1568 1707 1594 VI.
1720 1571 1744 1596 2.
1759 1579 1778 1595 c.
1793 1571 1816 1595 3.
1833 1569 1864 1595 de
1880 1570 1925 1596 Se*

1081 1617 1131 1637 nat.
1151 1617 1177 1638 et
1196 1611 1228 1638 de
1248 1611 1315 1647 gleb.
1336 1626 1367 1629 —
1393 1613 1424 1645 §.
1444 1613 1480 1638 3.
1502 1614 1606 1638 Genus
1624 1614 1867 1646 principalium
1893 1615 1924 1639 in

1079 1665 1214 1689 corpore
1233 1656 1438 1681 scholarium.
1460 1654 1493 1680 III
1524 1656 1588 1682 Cn.
1604 1654 1754 1680 Comitibus
1775 1654 1924 1682 scholarum

1080 1696 1245 1727 verberandi,
1265 1697 1457 1733 degradandive
1471 1697 1614 1723 Senatores
1629 1702 1654 1723 et
1670 1697 1825 1724 ducenarius
1844 1697 1924 1724 licen-

1056 1754 1057 1758 =
1078 1741 1139 1766 tiam
1160 1739 1325 1775 (lt-genamus.
1346 1750 1366 1766 c.
1386 1742 1409 1766 3.
1430 1739 1462 1766 de
1482 1740 1525 1766 off.
1550 1750 1614 1775 mag.
1635 1740 1679 1767 off.
1703 1742 1722 1766 l.
1743 1742 1785 1766 31.
1805 1750 1826 1766 c.
1847 1742 1870 1766 1.
1891 1740 1924 1767 de

1055 1797 1057 1816 ς
1078 1782 1166 1819 privil.
1186 1782 1269 1808 schol.
1291 1785 1331 1809 12,
1350 1785 1392 1809 30.

1114 1825 1347 1852 senatorius.
1368 1825 1495 1858 (Adiect.)
1516 1826 1546 1859 §.
1559 1826 1593 1851 1.
1614 1826 1661 1851 Aa
1680 1827 1856 1852 Senatores
1877 1837 1923 1853 ur-

1079 1870 1123 1894 bis
1135 1870 1264 1899 Romae,
1278 1875 1334 1895 aut
1347 1869 1752 1902 constantinopolitanae,
1765 1876 1922 1902 spectans.

1080 1910 1108 1937 11.
1131 1912 1198 1944 01).
1218 1910 1341 1938 Plebeius
1361 1912 1561 1948 (magistratus)
1582 1911 1603 1944 3.
1624 1912 1647 1936 4.
1668 1910 1685 1937 1.
1705 1910 1770 1937 del.
1792 1913 1813 1937 l.
1827 1913 1851 1938 2.
1872 1912 1923 1938 Cu-

1078 1953 1160 1980 rialis.
1180 1953 1228 1979 Th.
1251 1953 1280 1980 C.
1296 1954 1337 1980 VI.
1358 1956 1382 1980 3.
1404 1964 1424 1980 c.
1448 1956 1467 1980 1.
1489 1964 1510 1980 c.
1529 1955 1553 1979 3.
1574 1953 1606 1979 de
1623 1953 1711 1990 praed.
1726 1953 1845 1980 Senator.
1865 1954 1921 1980 XII-

1081 1998 1102 2023 1.
1123 2007 1143 2023 c.
1166 1998 1223 2023 187.
1244 1996 1276 2023 de
1296 1996 1428 2023 decurion.
1449 1996 1564 2023 Persona
1582 1997 1722 2022 senatoria.
1742 2010 1774 2014 —
1794 1996 1922 2023 Vilissimi

1078 2039 1206 2066 homines.
1228 2056 1257 2060 —
1279 2040 1332 2075 Qui
1352 2040 1501 2066 mediastini
1528 2044 1612 2065 status
1638 2044 1708 2065 sunt.
1732 2038 1777 2064 Iul.
1798 2049 1837 2076 ep.
1862 2049 1920 2066 nov.

1082 2093 1101 2109 c.
1122 2083 1163 2108 82.
1184 2083 1206 2116 3.
1225 2084 1284 2109 309.
1305 2082 1346 2109 111.
1368 2084 1433 2110 Gn.
1455 2083 1618 2109 Senatoriam
1638 2081 1748 2118 adeptus
1762 2081 1921 2118 dignitatem,

1081 2126 1230 2162 (municeps
1251 2135 1310 2151 esse
1330 2125 1449 2157 desinit.)
1470 2126 1556 2152 11:⁴23.
1573 2135 1611 2161 pr.
1632 2124 1663 2150 ad
1683 2125 1776 2150 munic.
1795 2126 1835 2150 50.
1853 2126 1873 2151 l.
1893 2124 1921 2150 ln

1055 2184 1056 2197 1
1079 2169 1211 2194 senatorio
1231 2168 1324 2194 ordine
1344 2178 1429 2205 agens.
1456 2168 1586 2194 Senatorii
1607 2167 1716 2198 ordinis,
1735 2176 1755 2193 s.
1775 2169 1921 2193 senatoriae

1078 2210 1210 2239 fortunae.
1230 2212 1277 2237 vir.
1297 2211 1326 2237 I'r.
1346 2213 1387 2237 27.
1409 2211 1440 2238 de
1460 2211 1489 2236 11.
1511 2210 1541 2236 N.
1561 2212 1602 2236 23.
1622 2212 1645 2236 2.
1666 2209 1715 2236 Th.
1736 2208 1766 2236 C.
1788 2209 1818 2235 V.
1842 2211 1878 2235 13.
1899 2220 1919 2236 c.

1079 2256 1118 2280 15.
1139 2253 1242 2287 (ch.)
1262 2254 1305 2280 Vl.
1326 2256 1348 2281 6.
1370 2265 1391 2280 c.
1408 2256 1429 2280 l.
1450 2254 1481 2280 de
1496 2253 1573 2279 Coss.
1588 2252 1632 2278 IX.
1646 2255 1687 2278 40.
1703 2263 1723 2279 c.
1739 2254 1777 2278 10.
1798 2252 1829 2277 de
1844 2262 1919 2288 poen.

1078 2296 1131 2332 Qui
1150 2298 1310 2323 ornamentis
1330 2298 1469 2323 senatoriis
1490 2301 1605 2322 utuntur.
1625 2295 1655 2321 fr.
1672 2298 1728 2321 100.
1749 2294 1780 2321 de
1793 2294 1824 2320 V.
1837 2294 1863 2320 S.
1877 2297 1919 2321 50.

1079 2341 1118 2366 16.
1139 2340 1162 2366 A
1176 2340 1315 2365 senatoriis
1337 2340 1435 2375 nuptiis
1455 2338 1556 2375 repelli.
1576 2338 1606 2364 sr.
1620 2340 1661 2364 32.
1682 2337 1714 2364 de
1732 2337 1763 2363 R.
1783 2336 1814 2363 N.
1834 2338 1875 2362 23.
1895 2339 1918 2364 2.

1077 2381 1199 2413 Functio,
1219 2382 1260 2407 vel
1279 2381 1392 2417 glebatio
1412 2383 1550 2408 senatoria.
1588 2380 1679 2407 Canon
1694 2381 1849 2406 senatorius
1870 2378 1919 2407 Th.

1078 2424 1108 2451 C.
1129 2424 1172 2451 VI.
1191 2427 1215 2450 2.
1236 2434 1256 2450 c.
1279 2426 1317 2450 12.
1338 2434 1377 2460 sq.
1399 2424 1431 2450 de
1450 2424 1538 2450 Senat.
1559 2429 1584 2450 et
1603 2423 1635 2450 de
1659 2423 1726 2459 gleb.
1748 2422 1789 2448 VI.
1810 2423 1833 2448 3.
1854 2432 1874 2448 c.
1893 2424 1917 2448 4-

1078 2467 1110 2493 de
1125 2466 1213 2504 praed.
1229 2466 1317 2492 Senat.
1334 2483 1363 2486 —
1384 2468 1414 2500 §-
1430 2468 1464 2493 2.
1485 2470 1532 2493 Ad
1549 2468 1758 2493 decurionum
1779 2467 1920 2491 ordinem

1053 2526 1055 2544 t
1077 2516 1233 2544 spectans.
1254 2509 1296 2535 III.
1318 2511 1384 2536 011.
1404 2509 1476 2536 Neve
1496 2511 1554 2545 quis
1575 2519 1664 2535 eorum
1684 2507 1753 2534 ludis
1769 2508 1840 2533 —in
1860 2507 1918 2534 loco

1077 2553 1218 2583 senatorio,
1238 2551 1416 2582 decurionum,
1437 2553 1656 2588 conscriptorum,
1677 2549 1769 2577 sedeto
1784 2555 1831 2576 etc.
1853 2549 1916 2576 Tab.

1053 2601 1055 2615 t
1077 2594 1178 2621 Heracl.
1198 2596 1239 2620 64.
1260 2604 1299 2631 sq.
1320 2605 1370 2621 aer.
1390 2595 1470 2631 Neap.

1113 2638 1288 2664 senatus·
1317 2638 1348 2671 ᾗ.
1372 2639 1406 2664 l.
1433 2639 1594 2668 Virorum,
1622 2645 1755 2670 quorum
1779 2638 1917 2663 consilio

1077 2682 1198 2713 respub.
1215 2682 1430 2714 gubernatur,
1451 2682 1525 2706 ordo
1542 2685 1571 2704 et
1585 2685 1692 2705 coetus
1707 2679 1746 2711 (in
1758 2678 1823 2705 urbe
1835 2678 1917 2704 Roma

1078 2727 1103 2748 et
1129 2722 1421 2759 Constantinopolitano
1447 2722 1628 2754 constitutus.)
1651 2721 1669 2747 Ι.
1696 2722 1757 2755 Sy.
1779 2720 1918 2757 Amplissi-

1079 2775 1136 2791 mus
1156 2765 1227 2791 ordo.
1250 2764 1291 2791 Cf.
1312 2776 1335 2791 v.
1356 2764 1430 2791 Ordo
1450 2765 1471 2798 3.
1491 2766 1514 2790 5.
1535 2764 1622 2790 Curia.
1644 2763 1684 2790 Cf.
1704 2763 1729 2790 11.
1749 2774 1772 2790 v.
1792 2764 1813 2797 3.
1827 2765 1850 2788 2.
1871 2762 1916 2788 Se-

1056 2800 1059 2851 l¹
1080 2813 1155 2834 natus
1175 2807 1331 2835 consultum.
1353 2807 1408 2833 Gai.
1429 2806 1445 2832 I.
1465 2808 1506 2833 67.
1520 2816 1560 2843 sq.
1581 2808 1622 2833 77.
1640 2807 1681 2833 80.
1695 2816 1736 2843 sq.
1749 2808 1791 2833 87.
1804 2815 1844 2841 sq.
1858 2806 1914 2831 173.

1058 2855 1059 2867 ¹
1402 2850 1475 2875 110*
