2197 3121
270 168 333 199 532

273 249 392 276 admittat
415 249 534 284 legatum.
563 248 599 275 lb.
620 248 650 275 II.
674 250 733 275 200.
780 248 931 285 Legatarius
961 254 989 276 ut
1013 254 1114 276 caveat:

273 294 379 326 „evicta
404 291 549 318 hereditate
573 292 655 326 legata
681 291 767 323 reddi,
793 297 818 318 et
842 292 912 329 quod
937 292 1049 329 amplius
1068 303 1116 330 per

272 335 302 362 L.
323 335 464 362 Falcidiam
484 336 610 371 ceperit.‘·
633 333 663 361 sr.
684 336 708 360 8.
728 335 750 369 §.
769 338 793 361 4.
832 336 885 371 Qui
904 335 995 362 satisd.
1016 345 1071 371 cog.
1091 337 1115 362 2.

273 382 296 405 ὅ.
333 378 362 404 Si
389 388 436 415 per
459 377 691 404 fideicommissum
716 377 837 405 alimenta
861 377 894 404 ad
918 378 968 404 hoc
991 377 1115 414 legatario

274 422 368 448 suerint
393 421 492 447 relicta.
518 420 548 447 fr.
568 422 592 447 8.
616 421 638 454 §.
663 424 686 448 5.
712 421 744 448 de
768 426 891 448 transact.
915 422 939 447 2.
966 423 1004 447 15.
1047 421 1116 448 Cum

273 464 394 500 legataria
418 464 652 490 fideicommissum
672 463 704 490 ad
723 474 751 490 se
770 465 902 502 pertinere
921 463 1059 491 noluisset.
1086 464 1116 491 fr.

271 510 312 534 43.
332 507 366 534 de
385 507 415 534 Α.
430 507 460 533 E.
477 506 506 533 V.
522 508 560 533 19.
584 509 605 533 l.
644 507 773 543 Legatarii
792 512 893 544 patres,
914 516 934 533 s.
954 507 1054 534 liberos
1073 507 1117 534 ha·

272 551 374 577 bentes.
394 550 451 577 Gai.
471 549 501 576 11.
521 552 581 576 207.
603 549 664 587 le.
684 550 702 576 1.
722 552 764 577 2l.

306 593 477 627 negatio.
506 593 537 626 ξ.
558 594 592 620 l.
612 595 811 628 Legatornm
831 603 954 620 munus.
992 593 1034 619 ΙΙΙ.
1049 595 1116 621 Cn.

271 636 436 673 Legationis,
455 635 497 662 vel
517 636 678 667 studiorum,
698 637 778 672 gratia
798 636 899 663 abesse.
937 635 966 662 ln
986 636 1116 672 legatione

272 690 339 706 esse.
364 679 394 706 l'r.
416 680 455 706 18.
479 680 502 713 ξ.
524 681 545 706 l.
567 679 598 706 de
619 679 696 705 iudic.
717 682 740 705 5.
762 681 784 705 1.
805 678 837 705 cf.
861 678 890 706 sr.
910 680 952 705 30.
972 690 1011 717 pr.
1032 679 1064 706 de
1083 679 1115 706 A.

270 733 294 749 v.
315 722 348 749 O.
368 722 398 749 H.
418 724 459 749 29.
479 725 504 749 2.
524 722 554 749 fr.
574 724 616 748 21.
637 723 658 755 ξ.
678 723 701 748 3.
722 721 755 748 de
774 726 822 748 tut.
843 727 869 748 et
889 732 942 749 cur.
956 724 997 749 26.
1012 724 1036 749 5.
1065 722 1116 749 Ro-

270 776 337 792 mam
356 767 382 792 in
401 765 558 802 legationem
577 766 673 791 venire.
694 764 724 791 sr.
738 766 780 791 32.
800 765 822 799 ξ.
836 767 859 792 9.
881 765 913 792 de
932 776 983 792 rec.
1003 776 1046 802 qu.
1060 766 1114 792 arb.

269 812 294 836 4.
314 810 339 835 8.
376 808 510 846 lmpendia
534 809 705 845 legationum,
731 818 797 844 quae
822 808 880 835 solo
904 810 1051 836 ministerio
1071 809 1116 835 ob-

271 857 372 879 euntur.
398 852 428 878 fr.
449 854 472 878 6.
493 852 525 879 dc
544 852 666 888 legation.
687 854 728 878 50.
749 853 772 878 7.
810 851 852 884 Si,
879 862 938 879 cum
957 853 1036 879 alium
1056 863 1116 879 con-

270 896 383 931 tingeret
406 895 514 931 legatio,
539 895 582 921 alii
606 895 657 921 hoc
681 905 747 921 onus
767 894 789 920 ll
799 896 839 921 vir
858 895 993 922 indixerit.
1022 896 1052 922 fr.
1074 897 1114 922 13.
1137 894 1138 898 ’

269 939 292 972 ξ.
312 940 335 964 5.
357 938 388 964 de
408 939 483 964 iniur.
504 939 544 964 47.
563 940 602 964 10.
640 937 719 975 Apud
739 943 862 965 externos
881 938 1012 975 legatione
1032 938 1111 975 fungi.

270 981 300 1008 sr.
323 983 363 1007 13.
383 982 404 1015 ξ.
427 983 448 1007 l.
487 981 538 1016 Qu.
559 986 661 1007 testam.
683 981 729 1008 sac.
749 991 774 1018 p.
793 983 835 1007 28.
858 983 879 1007 1.
909 981 1053 1018 Legatione
1066 991 1115 1019 pro

270 1025 376 1051 civitate
395 1024 474 1060 fungi.
512 1023 667 1051 Provinciae
685 1023 780 1061 legatio
797 1029 929 1062 suscepta.
949 1024 980 1051 sr.
993 1026 1034 1051 26.
1055 1025 1076 1058 ᾗ.
1091 1026 1115 1052 9.

270 1077 301 1094 ex
326 1077 368 1103 qu.
395 1077 416 1094 c.
440 1068 499 1093 mai.
524 1069 547 1093 4.
567 1068 591 1094 6.
624 1067 673 1094 Th.
694 1066 726 1094 C.
745 1066 849 1094 V1.2·2.
875 1078 895 1094 c.
918 1069 940 1094 1.
965 1067 998 1094 de
1021 1067 1114 1094 honor.

269 1110 352 1136 codic.
390 1110 486 1136 Libera
505 1110 635 1147 legatione
654 1110 756 1136 abesse.
776 1110 806 1136 t'r.
827 1113 866 1137 14.
887 1110 919 1137 de
938 1110 1114 1147 legation.50.

270 1154 292 1179 7.
313 1169 345 1172 —
370 1153 401 1186 ξ.
423 1154 458 1180 2.
482 1155 604 1189 Legati
628 1155 704 1188 ipsi.
747 1153 765 1179 I.
786 1154 848 1188 Sy.
872 1153 1038 1189 Legationes.
1066 1153 1115 1180 Le-

269 1196 329 1231 gati.
358 1195 408 1222 Th.
429 1195 460 1222 C.
479 1196 525 1223 XI.
546 1198 568 1223 7.
589 1207 610 1223 c.
631 1198 671 1222 18.
692 1195 725 1223 de
744 1197 873 1223 exaction.
892 1196 949 1223 XII.
971 1199 993 1223 1.
1014 1207 1035 1223 c.
1056 1198 1114 1223 186.

270 1238 303 1265 de
322 1238 457 1265 decurion.
476 1239 532 1266 XII.
554 1241 594 1266 12.
620 1250 641 1266 c.
661 1241 685 1266 9.
705 1249 744 1275 sq.
771 1239 803 1265 de
822 1239 897 1276 legat.
919 1244 945 1266 et
964 1239 1034 1267 decr.
1071 1239 1114 1266 III.

270 1283 337 1309 Cn.
362 1281 429 1308 Cum
448 1282 491 1308 vel
511 1282 543 1309 ad
562 1293 610 1309 nos
630 1287 671 1309 est
690 1282 814 1308 mittenda
834 1282 944 1319 legatio,
963 1283 1005 1309 vel
1025 1288 1114 1310 vestro

269 1324 347 1350 sedili
368 1323 467 1360 aliquid
486 1325 665 1351 intimandum.
687 1325 721 1352 lb.
736 1325 793 1352 XII.
814 1327 853 1352 12.
874 1336 895 1352 c.
918 1328 957 1352 12.
977 1336 1016 1363 pr.
1037 1337 1057 1352 c.
1074 1329 1114 1353 15.

268 1366 377 1403 Legatio
397 1367 595 1404 proconsularis
614 1369 765 1405 provinciae
785 1368 926 1403 (deflevit.)
954 1369 992 1396 lb.
1012 1369 1069 1396 XII.
1090 1371 1114 1396 1.

269 1420 291 1436 c.
312 1412 370 1436 156.
390 1409 406 1436 l.

304 1453 542 1487 negativum.
583 1455 748 1480 Viatieum
774 1457 966 1490 legatorum.
1007 1455 1027 1482 I.
1051 1457 1113 1491 Sy.

269 1495 386 1528 Sumtus,
407 1497 450 1532 qui
470 1496 650 1533 proficiscenti
670 1499 719 1529 (sc.
739 1497 838 1534 legato)
858 1503 920 1525 sunt
939 1498 1000 1525 dati.
1032 1498 1114 1526 Viati-

269 1549 326 1566 cum
346 1539 498 1575 legatorum.
519 1539 549 1566 fr.
563 1541 604 1566 36.
619 1550 658 1577 pr.
677 1539 709 1566 ad
729 1542 823 1568 munic.
835 1544 877 1568 50.
892 1544 913 1569 1.
934 1541 964 1568 sr.
978 1543 1017 1568 18.
1037 1543 1113 1576 §.12.

268 1582 301 1609 de
320 1592 388 1608 mun.
414 1587 439 1609 et
458 1582 519 1609 hon.
539 1584 580 1608 50.
601 1584 625 1609 4.
649 1582 680 1609 fr.
699 1585 724 1610 2.
744 1584 765 1618 ξ.
785 1586 809 1611 3.
829 1584 860 1611 fr.
883 1587 921 1611 10.
941 1585 963 1618 ξ.
984 1587 1007 1611 1.
1028 1585 1060 1612 de
1079 1585 1114 1612 le-

268 1626 363 1661 gation.
383 1627 425 1652 50.
446 1627 467 1652 7.

303 1669 502 1702 Legatuln.
545 1668 576 1701 ἓ.
596 1670 631 1695 l.
663 1671 753 1702 Quod
774 1671 948 1705 singulari
969 1673 1071 1698 titulo
1097 1682 1112 1698 a

267 1717 443 1743 testatore,
463 1714 603 1738 directis
624 1714 740 1744 zerbis,
764 1715 870 1740 alieni
887 1715 1038 1741 relietum
1057 1721 1112 1741 est.

267 1753 286 1780 I.
307 1755 368 1788 Sy.
393 1754 474 1789 Quod
493 1754 558 1791 legis
578 1754 670 1786 modo,
691 1756 706 1782 i.
727 1766 748 1781 e..
768 1756 935 1792 imperative,
955 1761 1112 1784 testamento

267 1796 433 1833 relinquitur.
453 1797 514 1834 le.
533 1797 630 1824 XXIV.
652 1800 675 1825 l.
711 1798 846 1825 Delibatio
867 1799 1030 1828 hereditatis.
1058 1801 1114 1827 Do·
1133 1792 1135 1803 )

267 1841 338 1866 natio
358 1845 516 1867 testamento
536 1840 635 1868 relicta.
660 1840 690 1867 fr.
712 1843 768 1868 116.
789 1852 828 1879 pr.
849 1841 881 1868 de
900 1842 976 1878 legat.
996 1843 1014 1869 I.
1035 1844 1111 1877 (30.)

268 1882 299 1909 I'r.
318 1884 360 1908 36.
381 1883 413 1909 de
433 1883 508 1919 legat.
528 1883 557 1910 11.
577 1885 646 1917 (31.)
682 1883 725 1910 ΙΙΙ.
747 1886 812 1912 Gn.
833 1884 888 1918 (Vt
907 1885 990 1919 nihil)
1010 1885 1111 1913 directo

267 1925 435 1957 hereditatis.
461 1926 638 1962 legatorumve
662 1929 767 1954 nomine
792 1938 837 1954 eos
861 1938 942 1965 posse
962 1939 1055 1966 capere
1074 1929 1112 1956 di-

268 1978 371 1999 camus3
399 1968 516 2005 alioquin
540 1980 587 2006 per
610 1970 843 1997 fideicommissum
873 1981 966 2008 capere
983 1977 1111 2009 possunt.

268 2011 325 2037 Gai.
346 2011 364 2037 1.
388 2014 429 2038 24.
458 2014 514 2038 123.
540 2012 569 2039 ll.
593 2014 653 2039 275.
691 2012 888 2040 Testamentum
912 2014 996 2041 facere
1021 2025 1110 2052 posse,

269 2060 294 2081 et
313 2056 339 2080 iu
359 2065 389 2081 eo
409 2055 532 2082 heredem
552 2055 602 2082 sibi
626 2056 778 2085 instituere.
803 2055 939 2094 legataque
963 2057 1113 2094 relinquere

269 2108 356 2134 posse.
389 2098 424 2124 II).
449 2098 466 2125 1.
492 2101 533 2125 40.
559 2098 590 2125 cf.
615 2098 645 2124 fr.
673 2100 729 2124 120.
754 2098 786 2125 de
808 2098 840 2125 V.
861 2100 888 2126 S.
907 2102 950 2126 50.
972 2102 1011 2126 16.
1049 2100 1112 2127 Sive

269 2140 380 2175 legatum
400 2143 545 2179 acceperit,
565 2142 621 2167 sive
639 2141 717 2168 heres
737 2143 875 2168 institutus
894 2144 941 2173 sit,
961 2143 1004 2169 vel
1024 2143 1055 2169 ab
1075 2145 1112 2170 in-

268 2188 365 2209 testato
390 2185 556 2211 successerit.
588 2183 659 2211 Paul.
679 2183 722 2210 lv.
750 2186 771 2211 1.
800 2185 822 2218 §.
842 2187 866 2211 4.
903 2185 962 2212 Non
982 2187 1112 2223 proficere

269 2226 319 2259 (sc.
338 2228 543 2257 matrimonium)
563 2227 595 2253 ad
615 2226 755 2264 capiendas
776 2227 949 2260 hereditates,
974 2234 1000 2255 et
1018 2229 1110 2266 legata.
1132 2240 1134 2261 3

1132 2264 1134 2274 ¹
1157 2285 1186 2288 —
1207 2269 1238 2302 ᾖ.
1259 2270 1296 2295 3.
1323 2270 1452 2295 Certum
1475 2269 1658 2303 dignitatis
1678 2277 1780 2302 genus
1806 2269 1836 2293 in
1861 2269 1996 2303 singula

269 2274 295 2295 et
317 2269 401 2295 dotes.
431 2269 490 2306 le.
510 2270 581 2296 XVI.
601 2273 624 2296 4.
661 2270 818 2306 Legatorum
843 2272 961 2302 nomine.
984 2274 1111 2299 mortisve

269 2321 355 2343 causa,
376 2322 469 2348 capere
489 2314 611 2349 permitti.
632 2313 689 2340 Gai.
709 2313 739 2339 II.
759 2316 817 2339 225.
833 2324 872 2350 sq.
892 2313 936 2340 IV.
950 2316 991 2340 23.
1018 2314 1078 2352 le.
1093 2315 1110 2341 Ι.

268 2357 292 2381 2.
329 2354 464 2381 Exhausta
484 2354 584 2389 legatis,
607 2362 650 2383 aut
669 2356 891 2388 lideicoimnissiS,
911 2357 952 2383 vel
972 2368 1004 2384 m.
1026 2368 1046 2386 c.
1068 2358 1112 2384 do-

269 2398 433 2430 nationibus,
458 2397 610 2424 hereditate.
639 2399 711 2426 Paul.
731 2399 773 2426 111.
797 2401 820 2426 8.
851 2399 872 2433 ξ.
894 2401 916 2426 1.
954 2399 1110 2429 Libertates.
1133 2420 1134 2432 1

270 2445 296 2467 et
315 2440 406 2476 legata.
427 2445 453 2466 et
471 2440 673 2467 fideicommissa
693 2443 724 2468 ab
744 2452 775 2468 eo
795 2442 854 2468 data
874 2447 922 2469 etc.
952 2442 1012 2480 ΠΡ.
1028 2443 1110 2470 NJ'll.

268 2485 293 2509 3.
313 2483 344 2509 cs.
365 2483 421 2509 Gai.
436 2483 466 2510 11.
482 2486 541 2510 224.
561 2483 591 2510 fr.
614 2486 670 2510 120.
691 2485 722 2511 de
742 2485 773 2511 v.
795 2485 822 2511 S.
842 2487 883 2511 50.
906 2487 945 2512 16.
983 2486 1049 2512 cnm
1069 2487 1111 2513 ad·
1132 2476 1134 2488 '

269 2527 382 2552 iectiuae
401 2525 478 2561 legati
499 2526 666 2553 exheredare.
692 2526 753 2563 Ylp.
772 2527 856 2554 XXII.
875 2530 916 2554 22.
953 2528 1111 2565 Legatorum

271 2570 360 2605 utique
379 2579 472 2603 genera
491 2570 578 2602 (sunt)
599 2568 641 2595 IV.
679 2569 732 2595 Aut
756 2572 823 2597 enim
843 2581 890 2608 per
907 2571 1110 2598 vindicationem

271 2609 401 2645 legamus,
421 2617 464 2638 aut
483 2622 531 2649 per
550 2612 754 2643 damnationem.
774 2618 817 2639 aut
837 2614 940 2640 sinendi
960 2614 1047 2648 modo,
1068 2620 1111 2641 aut
1132 2641 1133 2647 ,

271 2663 318 2689 per
337 2656 555 2691 praeceptionem.
581 2655 637 2681 Gai.
658 2655 687 2681 lI.
709 2657 766 2681 192.
804 2656 868 2686 ..Do
889 2656 969 2692 lego'‘
990 2657 1109 2693 legatum.

274 2695 354 2721 vatic.
375 2698 410 2729 ἓξ.
430 2699 469 2723 47.
486 2699 525 2723 75.
555 2698 638 2734 Optio
658 2698 735 2734 legati
753 2708 800 2735 per
820 2699 1022 2726 vindicationem
1042 2700 1108 2726 data.

272 2737 332 2774 le.
356 2738 452 2765 XMV.
480 2742 518 2766 1⁴1.
561 2741 589 2766 si
617 2751 671 2767 rem
699 2751 747 2778 per
770 2740 972 2768 vindicationem
1001 2742 1110 2779 legatam

272 2780 410 2815 legatarius
423 2797 455 2801 —
469 2788 547 2818 petat.
572 2783 628 2810 Gai.
642 2783 672 2810 11.
694 2785 751 2811 194.
772 2785 829 2810 1925.
866 2783 979 2811 Inliciari
999 2785 1109 2821 legatum

271 2833 318 2860 per
337 2823 527 2851 damnationem
546 2826 673 2853 relictum.
693 2826 730 2853 lb.
750 2826 783 2853 II.
802 2827 860 2853 282.
881 2826 913 2853 cs.
933 2826 976 2854 IV.
996 2830 1019 2854 9.
1052 2828 1109 2855 Iure

1094 166 1192 198 LEG.

1160 248 1238 285 legati
1257 249 1417 275 constitutus
1437 249 1560 283 (usussr.)
1580 249 1611 277 fr.
1625 252 1666 277 25.
1687 251 1708 285 ξ.
1730 253 1752 278 7.
1773 252 1806 279 cf.
1824 252 1855 280 sr.
1874 255 1898 280 3.
1919 264 1957 291 pr.
1973 253 2006 281 de

1162 292 1242 318 usulr.
1264 293 1286 318 7.
1308 293 1329 318 1.
1366 290 1462 327 Legata
1481 292 1512 319 ab
1533 303 1564 320 eo
1583 293 1651 326 data,
1672 294 1717 327 (ex
1737 296 1811 322 cuius
1830 305 1942 333 persona
1962 296 2006 323 he-

1161 333 1259 360 reditas
1284 334 1380 361 caduca
1405 336 1470 367 est.)
1501 335 1562 373 le.
1587 335 1671 363 XVII.
1695 339 1719 363 3.
1744 337 1776 364 cf.
1810 338 1866 365 Gai.
1891 339 1921 366 II.
1947 341 2004 366 103.

1161 376 1327 413 Legatoruim
1346 377 1389 404 vel
1409 377 1495 405 damni
1514 379 1604 405 infecti
1625 379 1790 416 (stipulari.)
1811 380 1841 407 sr.
1862 383 1904 408 35.
1923 382 1960 416 ἐξ.
1980 384 2004 409 2.

1161 430 1200 457 sq.
1221 420 1252 446 fr.
1271 422 1312 446 40.
1333 421 1354 454 §.
1379 422 1400 447 1.
1425 421 1457 448 de
1475 431 1580 458 procur.
1600 423 1624 448 3.
1644 424 1669 448 3.
1689 422 1720 449 sr.
1741 425 1763 450 l.
1785 424 1805 457 ζ’.
1824 426 1848 450 2.
1869 424 1901 451 de
1919 423 2005 452 Praet.

1161 462 1312 500 stipu1.46.
1332 465 1356 489 5.
1377 479 1409 483 —-
1429 464 1460 497 §.
1481 465 1516 490 2.
1539 466 1629 496 Quod
1645 475 1662 492 a
1682 472 1855 499 testatore,
1876 469 2005 502 quibus-

1160 516 1285 540 cunque
1318 508 1434 540 verbis,
1469 509 1641 542 singulari
1669 510 1770 534 titulo
1804 511 1836 536 in
1864 511 2005 544 aliquem
2027 527 2033 530 -

1160 551 1317 575 collatum
1336 555 1390 576 est.
1427 548 1470 576 111.
1491 550 1556 577 Cn.
1575 550 1610 576 Et
1628 549 1871 584 fideicommissum,
1891 556 1917 578 et
1934 561 1968 578 m.
1983 561 2005 578 c.

1161 591 1281 624 donatio,
1305 592 1482 629 adpellatione
1501 592 1579 629 legati
1598 594 1774 620 continentur.
1799 594 1831 621 fr.
1851 596 1894 621 87.
1918 594 1952 620 de
1970 593 2006 621 le·

1160 639 1210 670 gat.
1230 634 1272 661 111.
1292 636 1359 669 (32.)
1379 652 1411 655 —
1435 637 1466 669 §0
1487 637 1524 662 ³.
1549 637 1714 670 Depensio
1732 639 1898 671 perennis,
1923 647 2006 672 qaae

1159 688 1195 704 ex
1215 679 1334 705 ultima
1355 681 1527 705 voluntate
1549 680 1688 706 debetur.
1725 679 1767 706 ΠΙ.
1788 681 1854 707 Cn.
1879 680 1921 712 Si,
1946 690 2006 707 cum

1160 719 1283 747 venditor
1302 722 1395 754 sciret,
1418 721 1527 748 fundum
1549 721 1670 759 pluribus
1690 723 1840 760 municipiis
1860 722 1943 759 legata
1963 722 2006 750 de-

1160 763 1235 796 bere,
1255 779 1288 783 —-
1307 768 1400 801 postea
1423 763 1506 800 Iegem
1531 766 1737 801 consignaverit:
1758 767 1805 797 „si
1826 776 1875 802 qua
1895 765 2006 793 tributo·

1161 817 1225 838 rum,
1245 811 1289 833 aut
1308 807 1452 843 vectigalis,
1472 807 1660 834 indictionisve
1679 808 1743 844 quid
1762 810 1867 835 nomine
1881 825 1913 828 —
1932 819 2006 846 prae-

1160 854 1230 876 stare
1249 854 1355 886 oportet
1374 852 1446 877 etc.“
1466 850 1496 877 Ir.
1517 853 1557 877 13.
1577 851 1598 884 §.
1613 852 1637 877 6.
1652 850 1685 878 de
1704 851 1735 877 A.
1755 851 1785 878 E.
1797 851 1829 878 V.
1849 853 1890 878 19.
1910 854 1934 878 1.

1195 893 1373 927 laegatus.
1402 893 1528 927 (Subst.)
1566 894 1597 927 §0
1618 895 1652 920 1.
1684 895 1823 926 Orator,
1849 897 2005 923 miseusa

1156 938 1282 970 populo
1310 938 1357 962 vel
1384 947 1400 963 a
1428 938 1562 971 singula
1587 939 1787 971 provincia,
1815 939 2004 965 civitaeeve.

1159 977 1178 1004 I.
1198 980 1260 1012 Sy.
1279 978 1338 1004 Iure
1357 977 1470 1015 legatum
1489 989 1556 1006 esse.
1575 978 1719 1016 Legatione
1737 978 1809 1016 suugi
1828 990 1918 1018 posse.
1938 980 2003 1008 snt.

1136 1038 1138 1053 A
1159 1031 1198 1058 pr.
1224 1021 1261 1054 ἑὲ.
1288 1023 1309 1048 1.
1334 1030 1393 1058 sqq.
1418 1021 1450 1048 de
1475 1021 1597 1058 legation.
1621 1025 1663 1049 50.
1689 1024 1711 1048 7.
1752 1022 1797 1049 111.
1818 1025 1885 1051 (1η.
1912 1023 2006 1060 Legati

1159 1063 1252 1100 populi
1270 1063 1302 1090 R.
1322 1079 1355 1084 ·—
1373 1064 1465 1100 Legati
1484 1064 1652 1092 Graecorum.
1678 1064 1708 1092 fr.
1729 1066 1751 1091 8.
1780 1066 1801 1099 ξ.
1823 1068 1846 1093 1.
1866 1066 1899 1093 de
1917 1065 1949 1092 R.
1969 1066 2003 1093 D.

1161 1109 1183 1132 l.
1203 1108 1227 1133 S.
1265 1106 1308 1138 Si,
1333 1117 1392 1133 cum
1416 1107 1494 1144 legati
1513 1108 1582 1145 apud
1601 1118 1650 1135 nos
1670 1113 1759 1134 essent
1778 1110 1864 1145 gentis
1884 1109 2004 1142 alicuius,

1159 1148 1259 1176 bellum
1284 1160 1343 1176 cum
1367 1151 1404 1177 eis
1429 1150 1556 1177 indictum
1579 1152 1614 1177 sit
1639 1156 1688 1178 etc.
1713 1152 1743 1178 fr.
1766 1154 1805 1178 17.
1830 1152 1863 1179 de
1880 1152 2004 1188 legation.

1158 1194 1200 1218 50.
1222 1193 1244 1218 7.
1283 1191 1351 1219 Cum
1370 1192 1448 1229 legati
1467 1193 1602 1229 gentilium
1621 1195 1748 1221 venerim.
1770 1194 1819 1221 Th.
1840 1195 1872 1222 C.
1890 1195 1948 1222 XII.
1962 1197 2004 1222 12.

1159 1245 1180 1261 c.
1201 1237 1225 1262 5.
1246 1234 1278 1261 de
1302 1235 1378 1272 legat.
1404 1241 1430 1262 et
1453 1236 1523 1263 decr.
1561 1235 1667 1272 Legati,
1691 1239 1839 1274 caeterique
1862 1240 1908 1275 qui
1930 1248 2004 1265 revo-

1159 1278 1235 1304 candi
1255 1278 1361 1305 domum
1379 1280 1420 1305 ius
1440 1278 1544 1306 habent.
1568 1278 1599 1306 fr.
1619 1282 1642 1306 5.
1668 1279 1701 1306 de
1726 1280 1804 1307 iudic.
1824 1283 1848 1307 5.
1868 1283 1891 1307 1.
1910 1280 1941 1308 fr.
1960 1282 2003 1308 35.

1159 1322 1180 1355 ξ.
1200 1324 1224 1348 2.
1245 1321 1278 1348 de
1300 1323 1405 1349 iureiur.
1427 1324 1467 1348 12.
1486 1324 1512 1348 2.
1549 1321 1641 1358 Legati
1664 1322 1854 1360 provinciale8‚
1877 1333 1901 1350 v.
1921 1324 2004 1350 muni—

1135 1378 1137 1396 1
1159 1365 1305 1401 cipiorum,
1329 1375 1350 1391 s.
1371 1366 1513 1392 civitatum.
1538 1365 1568 1392 fr.
1587 1368 1629 1392 35.
1648 1366 1670 1400 §.
1690 1368 1715 1392 2.
1734 1366 1751 1393 l.
1773 1368 1813 1393 12.
1832 1368 1856 1393 2.
1876 1367 1906 1393 fr.
1926 1368 1951 1393 8.
1971 1377 2004 1394 ex

1159 1417 1202 1444 qu.
1223 1418 1244 1434 c.
1264 1409 1322 1434 mai.
1341 1410 1366 1434 4.
1386 1409 1410 1434 6.
1430 1407 1461 1434 sr.
1481 1410 1505 1435 4.
1525 1408 1546 1442 ς’.
1567 1409 1590 1434 6.
1611 1408 1644 1435 de
1663 1409 1785 1445 legation.
1805 1411 1846 1437 50.
1868 1412 1890 1437 7.
1923 1409 2004 1445 Quod

1158 1451 1277 1477 sentiunt
1304 1454 1359 1484 (sc.
1384 1450 1525 1485 concilia,)
1555 1450 1712 1488 eloquantur
1740 1452 1854 1479 decretis
1879 1452 2003 1486 conditis,

1158 1494 1301 1530 missisque
1324 1493 1425 1529 legatis.
1458 1493 1507 1521 Th.
1529 1493 1559 1520 C.
1582 1494 1638 1521 ΧΠ,
1666 1497 1705 1521 12.
1732 1505 1753 1521 c.
1774 1497 1797 1522 1.
1821 1495 1854 1523 de
1877 1495 1953 1532 legat.
1977 1500 2004 1522 et

1158 1536 1229 1564 decr.
1251 1553 1280 1557 —
1307 1537 1338 1570 §0
1357 1538 1393 1564 2.
1421 1539 1483 1570 Qui
1502 1539 1570 1564 vice
1589 1539 1774 1573 Principis,
1794 1541 1843 1565 vel
1861 1541 2003 1566 Procon-

1157 1581 1258 1612 salis,
1278 1582 1359 1614 reip.
1379 1582 1677 1613 administrandae,
1697 1584 1746 1608 vel
1766 1583 1834 1608 iuri
1852 1584 2002 1614 dicando,

1157 1624 1190 1648 in
1208 1628 1297 1649 certa
1318 1625 1497 1657 provincia
1517 1630 1620 1650 vacat.
1656 1623 1700 1650 III.
1722 1625 1788 1652 Cn.
1812 1623 1951 1657 Procoss.‚
1976 1629 2003 1651 et

1156 1664 1248 1701 Legati
1273 1664 1409 1697 Caesaris,
1425 1670 1460 1691 ‘et
1483 1675 1573 1692 omnes
1597 1667 1748 1703 provincias
1772 1673 1901 1704 regentes.
1926 1667 1957 1694 fr.
1978 1669 2001 1694 l.

1158 1708 1190 1734 cl'.
1211 1708 1241 1734 t'r.
1260 1710 1301 1735 20.
1322 1709 1354 1735 de
1378 1709 1422 1735 oss'.
1442 1708 1530 1735 Praes.
1552 1711 1574 1736 l.
1596 1710 1635 1735 18.
1674 1709 1795 1742 Praetor,
1819 1716 1863 1737 aut
1882 1710 2001 1743 Procos.‚

1156 1750 1304 1787 Legatusve
1324 1751 1453 1779 Caesaris.
1473 1752 1503 1778 sr.
1525 1754 1548 1778 7.
1568 1752 1600 1778 de
1619 1762 1731 1779 manum.
1750 1752 1822 1779 vind.
1841 1755 1883 1780 40.
1902 1755 1927 1780 2.
1957 1753 2002 1780 Ad

1156 1793 1282 1830 Legatum
1308 1796 1461 1832 provinciae
1489 1793 1641 1828 (decretum
1664 1796 1742 1833 1mp.,
1767 1806 1790 1822 v.
1816 1796 2000 1833 rescriptum.)

1157 1837 1226 1864 Coll.
1241 1837 1294 1864 LL.
1309 1838 1342 1865 M.
1362 1837 1421 1865 XV.
1440 1840 1464 1865 2.
1485 1838 1515 1865 sr.
1535 1840 1560 1864 3.
1580 1839 1602 1872 §.
1624 1840 1646 1865 1.
1667 1839 1699 1866 de
1718 1839 1806 1865 testib.
1825 1841 1867 1866 22.
1887 1841 1911 1866 5.
1930 1839 1961 1866 t'r.
1976 1840 2000 1866 7.

1156 1880 1189 1907 de
1208 1880 1284 1917 legat.
1304 1886 1401 1918 praest.
1415 1883 1457 1908 37.
1472 1883 1496 1908 5.
1527 1881 1563 1916 Is,
1583 1882 1625 1908 cui
1644 1881 1764 1908 mandata
1784 1887 1824 1908 est
1842 1881 1999 1914 iurisdictio,

1155 1938 1189 1943 —
1209 1928 1237 1950 ut
1256 1929 1318 1950 sunt
1335 1924 1426 1961 Legati
1445 1924 1645 1952 Proconsulum.
1673 1925 1703 1951 t'r.
1724 1927 1764 1951 12.
1784 1925 1806 1958 ξ.
1828 1927 1849 1951 1.
1869 1924 1901 1951 de
1919 1924 1998 1951 iudic.

1156 1970 1179 1994 5.
1202 1969 1224 1994 l.
1245 1967 1276 1994 cf.
1302 1968 1333 1994 fr.
1352 1970 1375 1994 6.
1396 1978 1435 2005 pr.
1459 1968 1489 1994 l'r.
1511 1970 1550 1994 13.
1576 1968 1608 1994 de
1628 1968 1671 1994 oss.
1692 1967 1767 1994 Proe.
1788 1973 1813 1994 et
1831 1967 1892 2003 Leg.
1914 1969 1936 1993 1.
1957 1968 1997 1994 16.

1156 2010 1292 2043 Procoss.,
1317 2010 1460 2047 Legatique
1484 2021 1588 2042 eorum,
1612 2016 1637 2037 et
1661 2012 1679 2037 ii
1699 2011 1743 2046 qui
1763 2010 1906 2047 provinciis
1924 2019 1999 2046 prae-

1156 2059 1226 2080 sunt.
1255 2054 1285 2080 t'r.
1304 2056 1346 2080 32.
1371 2064 1403 2080 ex
1430 2064 1473 2090 qu.
1498 2064 1519 2080 c.
1543 2054 1602 2079 mai.
1622 2056 1646 2079 4.
1666 2055 1689 2079 6.
1710 2053 1741 2079 cs.
1761 2053 1791 2079 t'r.
1813 2055 1834 2079 1.
1855 2062 1894 2089 pr.
1914 2052 1947 2079 de
1965 2053 1996 2080 B.

1157 2096 1184 2123 Ρ.
1205 2107 1237 2123 ex
1257 2102 1358 2123 testam.
1379 2096 1432 2123 mil.
1451 2098 1493 2122 37.
1514 2098 1553 2122 13.
1590 2095 1704 2131 Legatos
1724 2105 1776 2121 non
1800 2100 1906 2132 oportet
1924 2095 1999 2122 l'rin-

1156 2141 1241 2177 cipem
1265 2139 1416 2171 consulere,
1442 2139 1489 2165 sed
1514 2138 1702 2165 I'roconsulem
1725 2147 1808 2165 suum.
1834 2138 1864 2164 sr.
1885 2140 1908 2165 6.
1928 2139 1952 2172 ξ.
1972 2142 1996 2166 2.

1156 2182 1187 2209 cf.
1203 2182 1233 2209 t‘r.
1249 2185 1288 2209 11.
1309 2182 1342 2208 de.
1361 2183 1405 2208 off.
1425 2181 1500 2208 Proc.
1521 2187 1545 2208 et
1558 2181 1620 2217 Leg.
1642 2183 1663 2207 l.
1684 2183 1723 2208 16.
1760 2181 1880 2218 Epistola
1900 2182 1934 2208 D.
1948 2181 1997 2209 Ha-

1156 2225 1247 2257 driani,
1268 2235 1345 2262 quam
1364 2226 1471 2262 scripsit
1485 2241 1516 2244 —
1536 2224 1633 2261 Legato
1646 2223 1776 2259 Belgicae.
1798 2223 1880 2250 tatic.
1901 2225 1922 2258 ξ.
1936 2227 1996 2251 223.

1155 2313 1294 2346 legione.
1331 2311 1373 2337 111.
1393 2312 1458 2338 Gn.
1484 2310 1598 2346 Quidam
1621 2320 1679 2336 cum
1703 2310 1803 2346 legatus
1829 2315 1900 2336 esset
1917 2309 1997 2346 legio-

1133 2359 1134 2375 l
1156 2356 1210 2386 nis,
1231 2370 1263 2374 ——
1282 2354 1315 2380 ad
1339 2359 1454 2391 tempus,
1478 2363 1529 2389 quo
1553 2352 1654 2388 legatus
1678 2352 1789 2389 legionis
1809 2358 1878 2386 erat,
1901 2354 1996 2380 meruit

1490 2397 1494 2401 ’
1523 2398 1573 2413 -)-)-)

1156 2399 1359 2424 excusationem.
1379 2397 1463 2423 vatic.

1191 2442 1350 2475 Degere.
1393 2440 1423 2473 ἓ.
1446 2441 1480 2466 l.
1512 2441 1685 2474 Colligere.
1722 2438 1766 2465 111.
1794 2440 1859 2467 Gn.
1889 2438 1994 2466 Homini

1155 2489 1258 2510 mortuo
1278 2494 1310 2510 ne
1330 2493 1389 2510 ossa
1408 2482 1498 2518 legite,
1530 2492 1581 2518 quo
1602 2486 1662 2518 post
1682 2481 1760 2508 sunus
1784 2481 1868 2509 saciat.
1896 2481 1926 2508 L.
1944 2481 1994 2508 XII

1156 2526 1239 2553 Tabb.
1258 2527 1292 2554 X.
1310 2528 1335 2552 5.
1372 2525 1500 2552 Glandem
1520 2540 1551 2544 —
1575 2526 1714 2561 quominus
1733 2524 1772 2551 illi
1791 2526 1869 2552 tertio
1889 2534 1993 2562 quoque

1155 2570 1197 2596 die
1216 2570 1310 2605 legere,
1330 2568 1430 2595 auferre
1450 2567 1535 2599 liceat,
1555 2570 1620 2601 (vim
1640 2568 1697 2594 fieri
1716 2572 1776 2594 veto
1785 2568 1802 2601 !)
1823 2568 1887 2594 sr.1.
1907 2577 1946 2605 pr.
1960 2566 1992 2594 de

1155 2613 1248 2649 glande
1272 2612 1320 2648 leg.
1344 2614 1385 2637 43.
1410 2613 1451 2636 28.
1493 2611 1556 2637 Sive
1579 2611 1673 2638 lectam
1698 2621 1773 2637 uvam
1799 2611 1912 2642 calcare,
1935 2610 1991 2636 sive

1132 2649 1133 2666 l
1155 2661 1269 2682 mustum
1289 2654 1399 2681 evehere
1417 2654 1595 2690 prohibeatur.
1616 2654 1645 2680 fr.
1665 2656 1706 2680 25.
1727 2653 1759 2680 de
1776 2654 1807 2680 A.
1822 2654 1851 2680 E.
1866 2653 1897 2680 V.
1913 2654 1952 2679 19.
1968 2654 1990 2678 1.

1155 2714 1187 2718 —-
1207 2700 1237 2732 §.
1258 2699 1292 2724 2.
1313 2699 1480 2731 Adlegere.
1509 2699 1673 2733 Deligere.
1711 2696 1730 2723 l.
1751 2698 1812 2731 Sy.
1836 2695 1943 2723 militiae
1961 2705 1990 2721 se

1155 2741 1225 2767 dare.
1260 2740 1323 2775 Legi
1343 2750 1371 2765 se
1391 2741 1451 2777 pati.
1476 2740 1506 2766 sr.
1526 2743 1550 2767 4.
1571 2741 1608 2774 ἐξ,
1630 2742 1651 2767 1.
1671 2750 1710 2776 sq.
1735 2739 1768 2767 de
1786 2739 1817 2766 R.
1835 2738 1868 2765 Μ.
1887 2740 1928 2764 49.
1949 2740 1989 2765 16.

1154 2784 1194 2810 111.
1216 2785 1282 2811 (7¹1.
1307 2783 1346 2809 *Ne
1366 2785 1424 2819 quis
1444 2783 1478 2809 ob
1497 2783 1605 2809 militem
1624 2783 1774 2820 legendum,
1794 2781 1988 2811 mittendumve.

1153 2828 1214 2860 (aes
1233 2827 1368 2863 accipiat.)
1389 2827 1419 2853 t'r.
1439 2828 1462 2853 6.
1482 2827 1503 2860 ξ.
1523 2829 1546 2853 2.
1567 2826 1599 2853 ad
1619 2825 1647 2853 L.
1668 2826 1714 2853 Iul.
1735 2830 1814 2862 repet.
1834 2826 1876 2851 48.
1897 2827 1936 2851 ll.
1957 2825 1987 2851 cl'.
