2197 3121
250 177 314 208 206

251 260 273 294 §.
293 260 318 285 3.
338 257 370 285 de
389 257 465 292 legat.
485 256 503 283 Ι.
525 256 592 289 (30.)
618 254 649 281 cs.
671 254 700 281 sr.
720 255 745 280 3.
765 254 787 288 ξ.
806 255 830 280 3.
851 253 883 280 de
902 254 928 280 in
953 263 1007 280 rem
1027 262 1097 279 vers.

254 305 293 328 15.
314 303 338 327 3.
359 316 391 320 ——
412 301 441 333 ξ.
457 301 499 327 2.
533 299 752 326 Converaeaaeio
764 298 974 333 familiaris,
996 298 1098 323 Ratio

253 346 386 372 vivendi.
425 342 467 369 lli.
488 343 554 370 Gn.
579 340 655 366 Vitae
675 340 838 366 consuetudo
858 339 1001 366 individua.
1030 338 1052 372 ᾗ.
1074 340 1097 365 1.

253 388 270 414 Ι.
291 387 323 414 de
342 386 370 412 P.
391 385 418 412 P.
440 387 461 411 l.
482 387 505 412 9.
543 382 753 410 Consuetudinis
777 393 869 415 causa,
894 393 946 408 non
966 383 1098 408 matrimo-
1119 393 1121 396 ·

255 432 304 460 nii.
330 429 483 462 (continere.
507 426 668 456 mulierem).
700 425 730 452 sr.
749 428 792 452 34.
816 436 856 463 pr.
885 425 918 451 ad
942 424 972 452 L.
992 424 1040 451 Iul.
1065 424 1098 451 de

254 472 335 500 adult.
355 474 396 498 45.
417 474 440 498 5.
478 470 507 496 Si
527 468 698 500 concubinae,
719 473 837 506 tempore
851 469 1018 497 matrimonii.
1038 477 1098 494 con-
1118 473 1121 484 ⁹

254 514 418 542 suetudinem
438 514 596 550 repetiisset.
626 511 656 538 fr.
679 513 736 538 121.
760 511 782 545 ξ.
805 513 827 537 l.
847 510 879 537 de
899 509 930 537 V.
952 510 984 537 O.
1011 512 1052 536 45.
1074 512 1096 536 1.
1119 518 1121 546 g

255 559 323 585 Cum
343 558 401 594 quis
422 568 434 583 a
453 555 562 582 muliere
582 554 673 586 libera.
687 571 726 577 .—
746 555 820 581 cuius
835 553 1026 580 consuetudine
1039 563 1098 589 gau·
1119 550 1121 582 i

254 601 346 630 debat.
367 600 469 635 aliquos
489 598 588 625 liberos
607 597 736 624 babuerit.
765 608 779 624 c
808 599 848 623 10.
868 596 901 623 de
921 601 1004 623 natur.
1022 596 1097 623 liber.
1119 590 1121 636 l

254 647 279 671 5.
297 646 338 671 27.
365 643 396 670 cs.
416 643 438 676 ξ.
459 643 500 668 13.
519 640 537 667 1.
557 640 590 667 de.
609 646 682 678 nupt.
706 643 726 667 1.
750 642 789 666 10.
827 639 856 666 Si
875 640 1020 677 putaveris,
1042 649 1097 665 eam
1120 641 1121 650 ³

255 687 287 714 ad
306 687 399 713 bonam
419 686 489 712 vitae
508 683 726 711 consuetudinem
746 692 886 709 reversam.
906 682 937 709 fr.
950 684 993 708 30.
1007 692 1047 719 pr.
1067 681 1099 708 de

255 730 332 758 adim.
353 729 430 765 legat.
449 730 491 755 34.
511 729 535 754 4.
561 743 593 747 -—
618 728 649 760 ἓ.
669 728 706 753 3.
736 728 846 756 Ritus.
867 728 1042 752 Solemnia.
1079 724 1098 751 Ι.
1120 734 1122 759 1

257 776 319 808 Sy.
352 772 542 802 observantia,
561 769 652 796 Ritus.
673 769 842 806 Superstitio.
872 768 922 795 Th.
941 768 972 794 C.
992 767 1036 794 IX.
1058 769 1098 794 16.

255 827 276 842 c.
299 818 321 842 1.
341 825 381 852 sq.
407 814 439 841 de
458 813 542 841 males.
563 818 588 840 et
608 812 686 840 matb.
709 811 781 838 XVI.
804 813 844 837 10.
865 821 886 837 c.
907 813 930 838 1.
955 810 988 838 de
1006 821 1098 848 pagan.
1121 798 1123 849 l

256 859 298 886 111.
318 860 383 887 Cn.
412 857 647 885 Manumissionum
671 854 878 882 consuetudines
903 855 1030 891 (repeti).
1062 854 1098 880 ΙΙ).

255 901 314 929 XV.
337 903 376 927 14.
401 911 423 927 c.
446 902 484 927 13.
511 899 543 926 de
567 899 661 925 infirm.
686 898 711 925 h.
736 908 778 934 qu.
804 908 824 924 s.
849 902 900 934 tyr.
936 913 968 917 ——
1005 898 1036 931 §.
1060 899 1099 924 4.
1121 897 1123 928 ἰ

255 947 376 973 Pensio
399 949 562 971 consueta.
599 941 642 968 111.
668 943 734 969 Cn.
762 940 835 967 Nihil
858 950 943 977 neque
963 945 1101 967 consuetu-
1122 929 1123 968 l

256 988 325 1015 dinis
345 988 458 1014 nomine.
478 996 563 1022 neque
582 994 752 1015 annonarum,
771 994 857 1020 neque
870 984 896 1010 in
911 988 996 1012 veste.
1014 993 1100 1020 neque
1121 986 1124 1014 ξ

256 1033 282 1058 in
301 1030 359 1057 aliis
378 1029 518 1066 speciebus
538 1027 638 1064 aliquid
652 1028 770 1064 accipiat.
799 1026 892 1053 Iuliani
913 1027 975 1063 epit.
995 1036 1056 1052 nov.
1077 1036 1100 1052 c.

255 1076 297 1100 22.
324 1074 346 1107 §.
371 1075 412 1099 52.
459 1070 675 1098 Consuetudines
704 1071 896 1096 consecratoris
924 1070 1037 1095 ministri
1068 1067 1124 1104 exj

256 1126 328 1144 more
347 1117 490 1153 capientes.
518 1114 556 1141 lb.
577 1124 598 1141 e.
615 1116 672 1140 115.
692 1114 713 1147 ς.
728 1115 787 1139 451.
808 1112 840 1139 es.
861 1113 882 1146 §.
903 1114 962 1139 431.
1000 1111 1101 1138 Noun..
1122 1106 1124 1121 ²

256 1158 490 1189 consuetudinum,
515 1167 579 1194 quas
605 1158 630 1183 in
654 1156 683 1183 S.
703 1155 830 1183 laterculo
855 1171 887 1175 -——
910 1165 959 1193 pro
982 1160 1102 1192 tempore

257 1203 318 1230 Dux
338 1201 464 1240 praebere
483 1200 570 1227 debet.
599 1210 623 1226 c.
641 1201 666 1226 2.
685 1199 723 1233 §§.
742 1200 784 1224 20.
804 1202 845 1225 24.
866 1198 898 1225 cl'.
918 1199 955 1233 ἓξ.
972 1200 994 1225 7.
1008 1208 1048 1235 sq.
1069 1198 1102 1225 de
1123 1199 1125 1202 ’

256 1246 300 1273 off.
321 1245 373 1271 Prf.
394 1244 436 1271 Pr.
456 1244 513 1270 Arr.
536 1245 558 1269 1.
577 1244 618 1269 27.
640 1258 671 1262 —
691 1242 722 1275 ξ.
737 1243 775 1268 5.
805 1243 1103 1274 1us‚muribu³in-

256 1291 451 1316 traductum.
500 1286 518 1312 1.
542 1287 604 1320 Sy.
633 1285 689 1317 Ius,
714 1284 786 1321 quod
811 1294 943 1311 consensu
968 1288 1102 1321 receptum

256 1337 304 1359 est.
338 1330 395 1358 Gai.
420 1329 463 1356 ΙΙΙ,
487 1332 528 1355 82.
565 1329 622 1360 lus,
646 1328 765 1354 moribus
793 1328 974 1354 coustitutum.
1009 1327 1040 1354 fr.
1059 1328 1101 1353 32.

256 1375 278 1409 §.
300 1375 322 1400 l.
343 1373 375 1399 (le
394 1372 447 1399 LL.
470 1374 490 1399 l.
510 1374 534 1399 3.
564 1371 626 1408 le.
646 1371 665 1398 I.
685 1373 709 1397 4.
748 1370 896 1398 vetustatis
916 1380 988 1403 mos,
1012 1370 1102 1397 Prisca

258 1415 430 1444 consuetudo,
460 1414 509 1441 Th.
529 1414 560 1442 C.
579 1414 625 1441 XI.
645 1416 668 1441 7.
690 1425 711 1441 c.
732 1416 773 1441 18.
794 1414 826 1440 de
846 1418 930 1440 exact.
966 1413 1011 1440 III.
1036 1415 1101 1441 Gn.

257 1460 344 1487 Mores
365 1464 390 1485 et
409 1458 581 1484 consuetudo.
617 1458 647 1484 fr.
666 1459 708 1483 32.
729 1467 768 1494 pr.
788 1456 804 1483 l.
825 1456 842 1483 l.
870 1459 892 1484 1.
912 1458 937 1483 3.
966 1456 997 1483 sr.
1018 1458 1041 1483 7.
1062 1466 1101 1494 pr.

257 1503 290 1530 de
309 1503 353 1529 off.
373 1501 448 1528 Proc.
469 1506 494 1527 et
513 1500 574 1537 Leg.
596 1502 618 1527 l.
633 1501 673 1527 16.
694 1499 725 1526 fr.
739 1502 781 1527 31.
796 1500 817 1534 ξ.
833 1502 875 1527 20.
896 1499 929 1526 de
941 1499 1008 1527 Aed.
1024 1499 1102 1526 edict.

256 1548 298 1572 21.
321 1547 342 1571 1.
381 1544 456 1580 Quae
476 1544 561 1580 leges,
582 1543 706 1580 quodque
726 1544 780 1576 ius,
801 1553 920 1580 quaeque
939 1542 1104 1569 consuetudo

257 1590 345 1622 (inter
369 1589 441 1615 cives
461 1586 492 1613 R.
520 1592 546 1613 et
570 1586 748 1614 Tbermenses
773 1602 803 1607 -
829 1586 903 1619 suit).
937 1586 1051 1613 Plebisc.
1071 1585 1104 1612 de

257 1630 414 1658 lermens.
434 1629 466 1656 Il.
486 1631 527 1656 56.
547 1640 587 1666 sq.
626 1629 736 1661 Consu,
755 1633 800 1655 aut
818 1639 904 1656 rerum
923 1634 1052 1666 perpetuo
1071 1630 1105 1655 si-

257 1674 354 1702 militer
373 1673 545 1701 iudicatarum
564 1673 714 1699 auctoritas.
735 1671 766 1698 fr.
779 1674 822 1699 38.
842 1672 874 1699 de
887 1671 940 1699 LL.
962 1674 984 1698 l.
995 1673 1020 1698 3.
1048 1671 1104 1698 Lex

258 1718 434 1754 (municipii),
455 1716 497 1742 vel
516 1721 643 1753 perpetua
663 1725 754 1741 consu.
779 1715 810 1742 fr.
824 1717 848 1742 6.
862 1725 902 1753 pr.
923 1715 954 1742 ct'.
975 1715 1006 1742 fr.
1025 1717 1050 1742 4.
1064 1725 1104 1752 sq.

259 1762 311 1796 Qu.
332 1761 382 1787 cui.
403 1760 473 1786 univ.
494 1769 563 1786 nom.
582 1761 606 1786 3.
627 1760 651 1785 4.
688 1758 843 1794 Antiquitus
862 1758 987 1795 probata,
1006 1763 1032 1785 et
1051 1768 1105 1784 ser-

258 1808 316 1830 vata
331 1803 459 1830 tenaciter
473 1812 563 1829 consu.
584 1812 606 1828 c.
617 1803 641 1828 3.
663 1802 714 1837 Qu.
729 1803 771 1828 sit.
785 1801 854 1838 long.
870 1811 942 1828 cous.
962 1804 986 1828 8.
997 1803 1039 1828 53.
1066 1801 1106 1828 In—

259 1851 383 1877 veterata,
404 1845 544 1877 Diuturna,
564 1843 693 1881 Perpetua
713 1854 804 1871 consu.
824 1844 855 1871 fr.
865 1846 907 1870 32.
926 1844 949 1878 §.
969 1846 992 1870 1.
1011 1844 1042 1870 sr.
1061 1846 1104 1871 33.

260 1889 293 1916 de
320 1888 372 1915 LL.
404 1890 426 1914 1.
451 1890 475 1914 3.
512 1887 542 1913 fr.
567 1888 590 1913 6.
615 1898 654 1924 pr.
687 1888 738 1923 Qu.
765 1888 814 1914 cui.
839 1888 910 1914 univ.
934 1897 1003 1914 nom.
1031 1889 1056 1914 3.
1080 1889 1104 1913 4.

260 1931 358 1968 Longa,
378 1940 399 1957 s.
420 1930 503 1966 Longi
523 1932 664 1966 temporis,
685 1941 775 1958 consu.
805 1930 866 1968 le.
887 1930 905 1957 Ι.
920 1932 944 1956 4.
964 1930 995 1956 t'r.
1010 1932 1052 1957 35.
1073 1929 1105 1957 de

260 1974 314 2002 LL.
336 1976 359 2001 1.
377 1976 402 2001 3.
428 1973 458 2000 fr.
481 1975 503 1999 1.
524 1973 546 2007 §.
565 1975 606 1999 23.
628 1972 659 1999 de
679 1983 745 2009 aqua
765 1978 791 1999 et
810 1983 869 2010 aqu.
888 1973 925 2010 pl.
945 1975 987 2000 39.
999 1975 1024 2000 3.
1045 1984 1066 2000 c.
1082 1975 1105 2000 l.

261 2018 294 2044 de
313 2018 403 2044 servit.
430 2021 455 2043 et
480 2026 538 2052 aqu.
561 2018 586 2042 3.
606 2017 648 2042 34.
692 2015 881 2048 Consuetudo,
906 2020 932 2042 et
955 2015 1106 2042 huiusmodi

261 2061 458 2098 praerogativae
477 2058 712 2097 (provincialium).
738 2059 768 2085 l'r.
783 2060 806 2085 4.
827 2059 848 2092 §.
868 2060 892 2086 5.
913 2058 946 2085 de
965 2059 1009 2085 off.
1030 2058 1105 2085 Proc.

263 2109 288 2130 et
306 2103 367 2139 Leg.
390 2105 411 2129 l.
434 2104 472 2129 16.
502 2102 533 2129 cf.
554 2101 604 2128 Th.
625 2101 656 2128 C.
675 2101 721 2128 XI.
742 2104 764 2129 l.
786 2112 807 2128 c.
827 2103 869 2128 23.
890 2101 922 2128 de
942 2111 1000 2128 ann.
1020 2106 1045 2128 et
1062 2102 1107 2127 tri-

263 2147 317 2173 but.
361 2145 460 2173 Consu.
486 2146 513 2172 in
537 2155 565 2172 ea
589 2145 734 2182 provincia.
767 2144 798 2171 fr.
816 2146 841 2171 3.
866 2145 888 2179 §.
908 2146 932 2171 6.
961 2144 994 2171 de
1017 2144 1105 2170 testib.

261 2191 304 2215 22.
324 2191 347 2214 5.
376 2188 406 2215 sr.
426 2190 468 2214 21.
487 2198 526 2225 pr.
551 2188 585 2215 de.
604 2198 662 2215 ann.
682 2187 758 2224 legat.
778 2189 820 2215 34.
843 2190 865 2215 1.
903 2187 1003 2215 Consu.
1024 2188 1107 2223 regio-

264 2233 317 2264 nis=
337 2241 361 2257 v.
382 2230 441 2257 loci.
463 2231 492 2258 fr.
515 2232 554 2257 71.
575 2230 608 2258 de
628 2235 712 2258 contr.
732 2235 792 2257 emt.
814 2233 854 2258 18.
876 2233 898 2258 1.
924 2231 955 2258 fr.
975 2232 1017 2257 21.
1039 2231 1061 2265 §.
1083 2232 1105 2257 1.

264 2276 317 2311 Qu.
337 2278 439 2300 testam.
461 2274 508 2300 sac.
527 2284 552 2311 p.
571 2276 613 2300 28.
635 2275 656 2300 l.
682 2273 712 2301 fr.
732 2275 756 2300 4.
776 2273 809 2300 de
828 2273 909 2300 seriis
928 2277 952 2301 2.
973 2275 1014 2300 12.
1033 2273 1064 2300 fr.
1081 2275 1105 2300 6.

264 2318 286 2352 §.
304 2319 325 2344 1.
353 2317 404 2352 Qu.
425 2318 474 2343 cui.
495 2318 564 2343 univ.
584 2326 652 2343 nom.
672 2319 696 2343 3.
710 2319 734 2343 4.
773 2316 873 2344 Consu.
893 2317 943 2344 sori
963 2321 990 2343 et
1008 2316 1106 2343 iudicii.

265 2361 296 2387 l'r.
318 2362 339 2387 l.
360 2360 382 2394 §.
404 2361 442 2385 10.
464 2359 495 2385 de
515 2364 579 2385 extr.
601 2369 674 2394 cogn.
693 2362 734 2386 50.
756 2361 796 2386 13.

301 2403 522 2430 consuetus.
544 2401 663 2435 (Parthz)
693 2405 870 2435 Adsuetus,
892 2405 1029 2430 Solieue.
1062 2402 1105 2429 ΙΙΙ.

270 2447 336 2474 (J'n.
370 2445 429 2471 Non
449 2460 480 2464 --
501 2454 552 2480 quo
572 2444 704 2471 voluerint
726 2445 818 2478 modo,
843 2445 891 2473 sed
910 2447 1056 2478 communi,
1081 2450 1107 2472 ct

267 2488 353 2520 licito,
374 2493 399 2514 ct
419 2491 545 2514 consueto
566 2486 658 2513 ordine
678 2488 858 2521 observando,
878 2489 1010 2522 (condere
1031 2493 1108 2515 testa-

267 2533 373 2563 menta).
394 2541 414 2556 c.
428 2532 470 2556 37.
490 2540 529 2567 pr.
550 2529 581 2556 cf.
601 2540 622 2556 c.
642 2532 683 2556 35.
703 2540 742 2567 pr.
763 2531 794 2557 de
814 2532 886 2558 inoff.
906 2537 1006 2559 testam.
1027 2534 1051 2558 3.
1064 2534 1106 2558 28.

268 2572 372 2607 Quodsi
390 2574 518 2610 praestari
537 2577 691 2599 consuetum
711 2573 873 2610 indiligentia
892 2575 1025 2612 publicani
1046 2575 1108 2601 omi-

268 2620 345 2641 serat.
375 2615 405 2641 sr.
425 2618 448 2642 9.
469 2617 489 2650 §.
510 2617 533 2642 6.
554 2615 587 2642 de
605 2615 738 2653 publican.
757 2618 799 2643 39.
819 2619 842 2643 4.

304 2657 453 2685 Consul.
492 2661 639 2685 Summae
665 2661 696 2686 in
717 2661 793 2686 urbe
812 2662 908 2688 Romu
929 2664 1108 2697 magistra-

269 2706 320 2726 tus
344 2702 542 2728 ordinariae.
585 2701 627 2728 ΙΙΙ.
650 2703 716 2730 Gn.
747 2702 824 2728 Coss.
850 2705 1000 2735 constituti.
1025 2714 1107 2741 penes

269 2752 337 2778 quos
357 2752 484 2769 summum
502 2745 543 2770 ius
564 2745 601 2771 uti
625 2750 707 2777 esset,
732 2744 789 2781 lege.
813 2750 930 2781 rogatum
954 2752 1000 2773 est.
1033 2747 1064 2774 fr.
1083 2749 1108 2773 2.

269 2785 292 2819 §.
313 2786 352 2811 16.
373 2784 405 2812 de
419 2785 483 2812 0.1.
505 2789 526 2813 1.
545 2790 570 2814 2.
607 2787 635 2814 ln
655 2787 743 2824 aliquo
763 2789 914 2824 magistratu
933 2790 1045 2825 positus,
1066 2789 1108 2816 vel

270 2832 415 2865 potestate,
441 2827 503 2855 Cos.
523 2829 590 2856 sorte
613 2830 655 2858 vel
674 2830 789 2858 Praetor.
818 2830 848 2858 fr.
868 2832 891 2857 3.
912 2831 934 2865 ξ.
955 2833 978 2858 3.
1005 2831 1037 2858 de
1056 2841 1107 2858 rec.

1068 168 1172 201 CON.

1143 262 1186 289 qu.
1207 252 1260 278 arb.
1281 254 1304 279 ⁴.
1325 252 1349 279 8.
1391 251 1484 290 Neque
1507 252 1586 285 Cos.,
1611 263 1696 290 neque
1715 253 1883 286 Praefectus,
1901 264 1987 291 neque

1120 308 1121 322 1
1142 294 1265 326 Praetor,
1285 304 1371 331 neque
1390 294 1512 327 Procos.,
1537 306 1623 333 neque
1642 298 1738 323 caeteri
1755 298 1923 333 magistratus
1942 298 1987 334 qui

1143 339 1281 375 imperium
1301 338 1407 365 babent.
1440 338 1470 365 fr.
1489 340 1514 364 2.
1534 338 1567 365 de
1586 340 1613 365 in
1630 339 1672 365 ius
1690 349 1749 366 roc.
1768 341 1792 366 2.
1812 341 1836 366 4.
1861 340 1892 366 ef.
1911 340 1942 367 sr.
1962 342 1985 366 7.

1142 381 1163 414 ξ,
1183 382 1206 407 2.
1234 379 1267 406 de
1287 381 1330 407 off.
1351 380 1427 407 Proc.
1447 385 1473 408 et
1492 380 1554 418 Leg.
1582 384 1605 409 1.
1626 383 1666 408 16.
1697 382 1726 408 fr.
1747 384 1787 409 10.
1807 392 1866 418 sqq.
1891 382 1923 409 de
1942 382 1986 408 off.

1142 423 1230 450 Praes.
1252 425 1275 449 l.
1297 425 1336 450 18.
1372 424 1453 462 Apud
1471 425 1650 460 magistratum
1664 424 1849 452 Praesidemve
1868 426 1917 458 (sc.
1936 435 1987 451 ma-

1142 467 1277 497 numitti),
1306 466 1378 493 velut
1403 466 1564 499 Consulem,
1588 467 1696 495 ProcOS.
1733 466 1794 504 le.
1819 466 1837 493 Ι.
1858 469 1881 494 7.
1923 467 1986 504 lmp.

1143 509 1323 540 Consulibus,
1343 509 1528 542 Praetoribus,
1548 509 1675 537 Tribunis
1694 510 1743 543 Pl..
1762 510 1872 537 Senatui
1891 520 1940 536 suo
1959 510 1987 537 S.

1143 553 1193 580 Tb.
1214 552 1245 580 C.
1264 552 1297 579 ll.
1319 555 1340 579 1.
1362 562 1383 579 c.
1405 555 1445 579 12.
1466 552 1498 579 de
1516 552 1607 580 iurisd.
1633 553 1677 580 IV.
1698 555 1738 580 ll.
1762 563 1785 580 c.
1803 556 1828 580 2.
1848 552 1880 580 de
1900 552 1986 579 libert.

1143 601 1168 622 et
1188 606 1241 622 eor.
1261 595 1307 626 lib.
1344 596 1398 631 Qui
1418 606 1431 621 a
1451 594 1573 622 Patriciis
1597 601 1623 623 et
1642 595 1822 628 Consulibus,
1847 605 1931 632 usque
1955 595 1987 622 ad

1143 648 1234 664 omnes
1254 638 1372 665 illustres
1391 639 1473 669 viros.
1493 638 1665 666 descendunt.
1690 639 1720 666 fr.
1742 641 1782 666 12.
1802 639 1824 673 ξ.
1846 641 1869 666 1.
1889 638 1922 665 de
1942 638 1987 665 Se-

1143 686 1226 708 nator.
1257 683 1278 708 l.
1303 683 1326 708 9.
1373 681 1528 708 Senatorius
1552 682 1732 718 magistratus.
1760 697 1793 702 —
1816 681 1899 708 veluti
1924 681 1987 708 Cos

1143 725 1165 759 §.
1187 726 1210 750 4.
1231 724 1249 751 I.
1269 724 1303 751 de
1320 724 1341 751 1.
1358 723 1391 750 N.
1412 726 1434 751 l.
1454 726 1478 751 2.
1517 724 1581 751 Cos.
1596 724 1752 752 ordinarius.
1783 724 1865 751 Gesta
1886 725 1912 751 in
1927 724 1988 751 Seu.

1144 768 1176 794 de
1195 778 1246 794 rec.
1281 767 1331 794 Th.
1352 766 1382 794 C.
1409 767 1504 800 (ch.
1524 778 1550 805 p.
1568 768 1611 801 3.)
1660 767 1796 795 Suffectus
1816 768 1879 795 Cos.
1914 767 1944 794 fr.
1963 769 1988 793 2.

1144 811 1166 845 §.
1186 812 1227 837 47.
1248 810 1280 837 de
1299 810 1333 836 Ο.
1353 809 1372 837 Ῑ.
1399 812 1422 838 1.
1441 812 1465 836 2.
1509 810 1587 837 Coss.
1608 815 1633 837 et
1654 812 1698 848 qui
1717 812 1786 838 inter
1805 821 1851 838 eos
1870 809 1989 837 consula-

1121 874 1123 884 .
1144 854 1218 881 ribus
1237 853 1386 889 insignibus
1406 853 1572 880 decorantur.
1601 853 1668 880 Nov.
1689 856 1730 880 62.
1750 854 1772 887 §.
1786 856 1810 880 2.
1849 854 1878 880 Si
1896 853 1990 880 milita-

1144 898 1225 928 verit,
1249 896 1291 923 vel
1315 897 1339 923 si
1358 896 1484 929 Senator,
1508 896 1550 923 vel
1577 897 1640 924 Cos.
1661 896 1740 923 fuerit
1764 896 1855 923 factus.
1884 897 1906 931 §.
1926 898 1950 923 4.
1969 895 1989 922 Ι.

1146 942 1197 976 Qu.
1218 939 1288 966 mod.
1307 940 1348 966 ius
1368 943 1423 976 pot.
1444 939 1510 966 solv.
1533 942 1554 966 1.
1570 941 1610 966 12.
1648 938 1750 975 Singuli
1765 939 1843 966 Coss.
1863 955 1895 959 —-
1915 938 1990 965 Alter

1146 983 1209 1010 Cos.
1238 982 1270 1009 fr.
1292 984 1314 1010 l.
1333 982 1372 1016 ᾗῇ.
1393 984 1415 1009 l.
1436 992 1476 1019 sq.
1497 982 1530 1009 de
1549 983 1592 1009 ofl'.
1607 982 1685 1009 Coss
1707 985 1729 1008 1.
1748 984 1788 1008 10.
1826 981 1989 1009 Consulibus

1122 1020 1123 1054 Ῐ
1145 1026 1199 1053 illis
1220 1025 1334 1059 (factum
1353 1024 1380 1051 S.
1401 1024 1432 1051 C.
1452 1027 1527 1058 ete).
1561 1025 1618 1052 Gai.
1642 1025 1661 1052 1.
1681 1027 1723 1052 31.
1748 1024 1778 1051 Il.
1798 1026 1858 1052 253.
1878 1035 1919 1062 sq.
1945 1024 1988 1051 111.

1146 1071 1188 1096 63.
1214 1069 1244 1095 i'r.
1265 1070 1289 1096 4.
1309 1068 1331 1102 §.
1350 1070 1375 1094 2.
1400 1067 1433 1094 de
1453 1068 1496 1094 off.
1516 1067 1592 1094 Proc.
1612 1073 1637 1094 et
1655 1068 1717 1105 Leg.
1743 1069 1765 1094 l.
1788 1069 1827 1094 16.
1865 1067 1946 1097 Cum.
1969 1076 1990 1093 s.

1146 1111 1272 1143 Adiecto.
1294 1110 1337 1138 die
1356 1115 1382 1137 et
1402 1110 1529 1137 Consule.
1553 1127 1586 1131 —
1611 1111 1675 1138 Sine
1699 1111 1742 1138 die
1762 1115 1787 1137 et
1808 1110 1872 1137 Cos.
1893 1111 1990 1143 (ratio,

1146 1166 1171 1182 v.
1191 1154 1305 1192 epistola
1323 1154 1399 1188 ete).
1427 1154 1458 1181 sr.
1479 1156 1502 1181 1.
1527 1154 1550 1188 §.
1569 1156 1594 1180 2.
1619 1154 1649 1181 i'r.
1669 1156 1694 1180 4.
1713 1164 1752 1191 pr.
1777 1153 1808 1180 fr.
1828 1155 1852 1179 6.
1872 1153 1894 1187 §.
1915 1154 1939 1179 6.
1959 1151 1992 1179 de

1147 1197 1258 1225 edendo.
1278 1199 1302 1224 2.
1323 1198 1364 1223 13.
1397 1196 1428 1223 fr.
1448 1198 1490 1223 34.
1511 1197 1533 1230 §.
1554 1198 1576 1224 l.
1596 1197 1629 1223 de
1647 1198 1750 1234 pignor.
1768 1198 1811 1223 20.
1832 1198 1855 1222 1.
1887 1195 1937 1222 Tb.
1960 1194 1990 1222 C.

1146 1241 1203 1268 XII.
1225 1243 1248 1267 1.
1269 1251 1290 1267 c.
1311 1241 1369 1267 173.
1389 1240 1411 1274 ξ.
1433 1241 1455 1266 l.
1475 1239 1508 1266 de
1527 1239 1663 1266 decurion.

1183 1283 1414 1312 Consularis.
1439 1282 1558 1316 (Subst.)
1592 1284 1623 1316 δ.
1644 1284 1678 1309 l.
1709 1284 1893 1309 Consulatu
1910 1283 1991 1318 sun-

1147 1334 1232 1359 σίνε,
1256 1329 1305 1354 vel
1328 1327 1518 1361 insignibus
1541 1327 1640 1352 huius
1659 1327 1842 1361 diguitatis
1860 1327 1992 1352 decora-

1147 1377 1206 1398 tus.
1249 1369 1292 1396 Ill.
1313 1370 1378 1397 Cn.
1408 1368 1545 1395 Arbitrum
1564 1369 1745 1405 cuiuscunque
1763 1368 1898 1404 dignitatis
1918 1372 1992 1404 coget

1147 1413 1237 1439 officio
1261 1428 1294 1432 —
1319 1411 1454 1449 perfungi,
1480 1412 1582 1438 etiamsi
1602 1413 1637 1437 sit
1656 1411 1828 1442 Consularis3
1854 1411 1905 1437 nisi
1924 1410 1993 1437 sorte

1147 1457 1182 1482 sit
1202 1456 1229 1482 in
1253 1454 1342 1492 aliquo
1366 1456 1520 1491 magistratu
1543 1456 1662 1492 posituS,
1686 1454 1729 1481 vel
1754 1459 1901 1492 potestate,
1928 1453 1991 1480 Cos.

1148 1499 1229 1531 sorte,
1255 1497 1297 1524 vel
1317 1497 1433 1525 Praetor.
1467 1498 1498 1524 fr.
1518 1500 1541 1525 3.
1568 1498 1590 1532 ξ.
1609 1499 1634 1524 3.
1662 1497 1695 1524 de
1714 1508 1766 1524 rec.
1787 1508 1830 1534 qu.
1850 1497 1904 1524 arb.
1924 1499 1948 1523 4.
1967 1499 1991 1524 8.

1148 1542 1179 1569 fr.
1199 1544 1240 1568 51.
1261 1542 1283 1576 §.
1302 1543 1327 1568 2.
1356 1541 1386 1568 fr.
1405 1543 1447 1568 52.
1467 1551 1507 1578 sq.
1533 1541 1565 1568 de
1584 1551 1690 1578 procur.
1709 1542 1734 1567 3.
1753 1542 1778 1567 3.
1819 1539 1912 1567 Infulis
1933 1550 1993 1566 con-

1149 1585 1251 1612 sulatus
1269 1584 1412 1615 honorarii,
1432 1589 1476 1610 aut
1496 1584 1622 1610 ordinarii
1642 1583 1798 1621 ampliatuS,
1818 1587 1846 1610 ut
1865 1582 1908 1609 vel
1927 1582 1991 1609 Cos.

1148 1628 1192 1655 vel
1211 1627 1368 1654 Consularis
1382 1626 1519 1654 efficiatur.
1544 1637 1565 1653 c.
1579 1628 1621 1653 66.
1635 1637 1674 1664 pr.
1695 1627 1727 1653 de
1741 1626 1875 1653 decurion.
1896 1628 1936 1652 lo.
1950 1627 1992 1653 31.

1150 1671 1181 1698 ef.
1202 1671 1252 1698 Th.
1267 1670 1298 1697 C.
1319 1670 1363 1697 vl.
1382 1672 1424 1696 22.
1450 1680 1471 1696 c.
1491 1672 1514 1697 5.
1539 1669 1572 1697 de
1591 1670 1684 1696 honor.
1704 1669 1762 1696 cod.
1800 1669 1993 1696 praefectorius

1149 1725 1179 1741 ac
1199 1713 1364 1741 Consularis
1398 1713 1436 1739 lb.
1456 1713 1474 1739 Ι.
1496 1714 1519 1739 l.
1539 1723 1560 1739 c.
1580 1714 1604 1739 6.
1630 1713 1652 1747 §.
1671 1715 1696 1739 2.
1715 1712 1830 1746 (ch.)
1856 1712 1889 1739 de
1908 1717 1992 1739 const.

1150 1757 1192 1785 Pr.
1230 1757 1272 1784 Sit
1291 1756 1418 1789 Senator,
1438 1761 1464 1783 et
1483 1755 1677 1783 Consul-aribus
1696 1755 1859 1792 adgregetur.
1890 1755 1928 1782 lb.
1948 1755 1992 1782 VI.

1149 1803 1191 1827 27.
1212 1810 1233 1827 c.
1253 1801 1277 1826 6.
1305 1799 1337 1827 cf.
1358 1810 1380 1826 c.
1400 1802 1424 1826 5.
1449 1799 1482 1826 de
1505 1804 1589 1836 agent.
1614 1800 1640 1825 in
1660 1798 1714 1825 reb.
1741 1798 1784 1825 Vl.
1804 1800 1846 1825 26.
1870 1809 1892 1825 c.
1913 1800 1936 1825 7.
1961 1798 1994 1825 de

1149 1845 1262 1882 proxim.
1283 1844 1370 1870 comit.
1390 1858 1423 1862 —
1443 1843 1475 1876 §0
1495 1844 1531 1869 2.
1559 1844 1756 1879 Praefectus
1775 1843 1928 1877 singulae
1946 1852 1992 1868 re-

1147 1889 1275 1923 gionis,
1295 1896 1363 1914 cum
1382 1887 1523 1918 Italiae,
1542 1892 1606 1912 tum
1622 1887 1880 1920 provinciarum.
1899 1883 1992 1918 [Sy.

1151 1929 1324 1957 provincialis
1343 1928 1432 1961 iudex,
1452 1928 1495 1955 vel
1509 1929 1576 1955 intra
1590 1928 1698 1955 Italiam.
1736 1927 1875 1954 Praesides
1889 1931 1915 1953 et
1928 1926 1993 1953 Cor-

1150 1978 1281 2005 rectores,
1306 1973 1369 1999 item
1394 1971 1570 2005 Consulares,
1599 1971 1697 1998 Vicarii
1723 1980 1841 2007 quoque,
1869 1969 1991 1996 Procoss.

1150 2016 1187 2043 lb.
1207 2016 1252 2043 ΙΧ.
1274 2017 1296 2042 1.
1317 2025 1338 2042 c.
1359 2017 1399 2042 13.
1420 2014 1452 2041 de
1472 2025 1557 2042 accus.
1577 2019 1603 2041 et
1622 2015 1701 2041 inser.
1738 2012 1781 2039 111.
1802 2014 1868 2040 Gn.
1893 2012 1948 2048 Qui
1965 2013 1993 2039 iu

1150 2058 1357 2090 Proconsulum,
1378 2057 1580 2089 Consularium,
1606 2056 1807 2088 correctorum,
1831 2055 1874 2082 vel
1893 2054 1993 2082 Praesi-

1151 2102 1213 2129 dum
1238 2101 1334 2128 officiis
1358 2101 1393 2126 ita
1418 2099 1550 2137 stipendia
1580 2103 1714 2126 merentur
1738 2103 1787 2125 ctc.
1819 2098 1857 2125 1b.
1877 2097 1945 2125 VIII.
1968 2100 1992 2124 4.

1152 2155 1173 2171 c.
1193 2146 1217 2171 8.
1236 2154 1276 2181 pr.
1297 2143 1329 2170 de
1349 2142 1477 2170 cobortal.
1519 2141 1618 2169 Vicaria
1637 2146 1770 2179 potestas,
1795 2146 1820 2168 et
1838 2141 1994 2168 Praesidum

1151 2193 1229 2225 atque
1249 2186 1435 2214 Consularium
1455 2185 1549 2212 officia.
1577 2185 1615 2212 lb.
1635 2184 1702 2212 Vlll.
1722 2187 1746 2211 5.
1766 2195 1788 2211 c.
1808 2186 1848 2211 12.
1869 2184 1902 2211 de
1915 2194 1993 2212 cursu

1151 2231 1213 2269 pub.
1250 2229 1401 2257 Praesidem
1422 2230 1477 2256 eius
1498 2233 1547 2262 (sc.
1568 2232 1675 2265 quartae
1693 2228 1844 2261 Armeniae)
1865 2227 1993 2254 Consula-

1151 2285 1206 2301 rem
1230 2284 1289 2301 esse
1312 2274 1398 2300 iussit.
1434 2272 1527 2298 Iuliani
1546 2272 1608 2308 epit.
1628 2280 1686 2297 nov.
1711 2281 1733 2298 c.
1756 2272 1799 2297 39.
1825 2271 1847 2305 §.
1869 2272 1926 2297 167.
1960 2270 1992 2297 cl'.

1152 2317 1202 2345 Th.
1223 2317 1254 2344 C.
1274 2316 1342 2344 Vlll.
1363 2318 1386 2343 7.
1406 2326 1428 2342 c.
1449 2317 1489 2342 12.
1509 2314 1542 2341 de
1561 2314 1613 2340 div.
1633 2313 1703 2340 offic.

1187 2360 1418 2388 Consularis.
1448 2356 1586 2392 (Adit-ct.)
1624 2358 1670 2383 Ad
1689 2358 1917 2388 Consulatum,
1946 2359 1994 2383 vel

1153 2406 1336 2435 Consulem,
1355 2408 1512 2437 spectans.
1549 2399 1592 2426 111.
1612 2401 1678 2427 Gn.
1706 2399 1837 2432 Potestas,
1857 2409 1882 2426 v.
1902 2399 1994 2436 Digni-

1152 2452 1208 2477 tas,
1228 2445 1384 2472 consularis.
1414 2444 1444 2471 sr.
1464 2446 1488 2470 2.
1508 2443 1530 2476 §.
1549 2444 1591 2469 25.
1611 2442 1644 2469 de
1664 2443 1696 2468 ().
1717 2442 1734 2469 I.
1758 2445 1779 2470 1.
1799 2445 1823 2469 2.
1842 2442 1872 2469 fr.
1894 2444 1934 2469 12.
1953 2452 1992 2479 pr.

1152 2490 1185 2516 dc
1205 2490 1325 2515 Senator.
1347 2490 1369 2514 l.
1389 2489 1413 2514 9.
1450 2486 1564 2522 Insignia
1583 2485 1739 2512 consularia.
1769 2485 1799 2512 fr.
1818 2487 1842 2512 2.
1863 2495 1902 2523 pr.
1922 2485 1955 2512 de
1966 2485 1992 2512 11.

1153 2543 1195 2569 qu.
1216 2537 1270 2558 not.
1290 2531 1376 2558 insum.
1395 2532 1418 2556 3.
1434 2531 1458 2555 2.
1497 2528 1660 2555 Consulares
1675 2539 1704 2555 ac
1722 2529 1847 2566 praetorii
1868 2527 1991 2555 codicilli.

1153 2575 1204 2602 Th.
1220 2575 1251 2602 C.
1272 2574 1315 2601 VI.
1334 2575 1359 2600 4.
1379 2583 1400 2599 c.
1420 2573 1462 2598 23.
1487 2571 1520 2598 de
1539 2571 1622 2598 Praet.
1643 2576 1669 2598 et
1688 2572 1739 2607 Qu.
1776 2570 1940 2603 Praetoriae,
1959 2585 1992 2590 -·

1153 2618 1316 2645 Consulares
1336 2616 1427 2650 (viae).
1447 2614 1477 2641 fr.
1491 2617 1515 2641 2.
1535 2615 1573 2648 ἕξ.
1586 2617 1628 2641 22.
1643 2624 1683 2651 sq.
1703 2624 1735 2641 ne
1754 2624 1797 2651 qu.
1818 2615 1844 2641 in
1858 2613 1916 2640 loco
1929 2613 1991 2650 pub.

1153 2663 1195 2688 43.
1214 2664 1238 2688 ὅ.
1276 2660 1359 2691 onr,
1379 2668 1400 2685 s.
1421 2657 1542 2690 Femina,
1566 2668 1590 2684 v.
1610 2657 1705 2689 Mater,
1730 2657 1884 2684 consularis.
1916 2656 1946 2682 fr.
1968 2657 1990 2682 l.

1152 2714 1192 2741 pr.
1213 2704 1234 2737 §.
1256 2704 1278 2729 1.
1298 2702 1331 2729 de
1350 2701 1438 2728 senat.
1460 2703 1482 2727 l.
1501 2703 1525 2728 9.

1190 2745 1463 2774 Consularium.
1514 2744 1708 2771 Consularis
1744 2744 1900 2778 dignitas.
1947 2741 1990 2768 ΙΙΙ.

1154 2790 1220 2817 Gn.
1249 2787 1465 2819 Proconsularis,
1486 2791 1530 2814 aut
1548 2787 1644 2813 vicaria
1662 2790 1794 2823 potestas,
1813 2784 1855 2811 vel
1874 2783 1992 2810 consula-

1153 2832 1238 2858 ritatis
1258 2830 1352 2857 fasces.
1381 2830 1431 2857 Th.
1453 2830 1484 2857 C.
1505 2829 1550 2856 lx.
1568 2830 1611 2855 26.
1632 2839 1653 2855 c.
1664 2831 1688 2855 4.
1707 2828 1740 2855 ad
1757 2827 1787 2854 L.
1807 2826 1853 2854 lul.
1874 2826 1906 2853 de
1925 2827 1991 2853 amb.
