2197 3121
1004 162 1103 195 ACT.

199 260 265 287 quae
288 249 437 281 statuimus,
462 248 582 275 actitatis.
620 247 656 273 lb.
680 246 723 274 XI.
747 247 788 273 30.
813 256 833 273 c.
853 247 894 273 67.
918 245 950 273 de
974 256 1032 283 app.

199 298 225 320 et
243 303 319 330 poen.

233 337 359 363 Actor.
395 335 426 368 ξ.
446 336 480 361 1.
514 335 577 367 Qui
596 335 725 361 actione
741 334 893 367 privata,
913 335 962 359 vel
977 342 1034 366 po-

197 381 327 413 pulari,
346 379 525 411 experitur.
555 376 572 402 I.
587 377 648 410 Sy.
677 376 729 411 Qui
742 380 846 402 acturus
860 380 907 401 est.
936 375 1032 411 Agens.

199 421 230 448 fr.
251 423 290 447 10.
315 421 337 455 9.
355 422 380 446 2.
409 419 438 446 fr.
460 421 499 446 11.
523 419 553 446 fr.
574 421 614 446 12.
638 420 660 453 5.
681 421 703 445 l.
732 419 754 444 si
780 428 822 454 qu.
847 423 924 445 cautt.
948 420 972 444 2.
994 420 1033 444 11.

199 464 229 490 II.
255 466 321 498 Op.
357 462 540 489 Adversarius.
579 462 635 488 Gai.
660 461 704 488 IV.
729 463 769 487 18.
796 462 852 487 165.
882 461 912 487 [Γ.
938 462 978 487 78.
1003 460 1035 487 de

198 507 230 533 R.
250 506 268 533 1.
293 507 333 532 50.
359 507 399 531 17.
439 504 519 531 Reus.
552 504 608 532 Gai.
633 504 676 531 IV.
702 505 740 530 13.
760 505 800 530 57.
821 505 879 530 119.
900 505 956 529 157.
978 505 1034 530 159.

198 559 239 585 sq.
281 548 323 575 III.
349 549 414 576 Cn.
446 548 602 585 Experitnr.
626 547 706 575 Petit.
732 546 806 582 Agit,
831 551 878 572 act.
910 545 966 572 Gai.
991 545 1034 572 IV.

200 593 258 618 163.
282 592 312 618 fr.
332 593 355 617 5.
382 591 419 624 55
440 592 462 617 l.
483 600 522 627 sq.
549 592 571 617 si
591 601 633 627 qu.
654 594 731 616 cautt.
754 592 779 615 2.
800 591 839 616 11.
875 589 1034 616 Persecutio.

199 634 312 661 Intentio
336 634 439 660 actoris.
471 633 502 660 fr.
523 635 562 660 11.
587 633 603 659 1.
623 633 639 659 1.
663 634 687 658 2.
708 634 748 658 11.
782 631 839 658 Gai.
863 631 907 658 IV.
933 633 974 658 41.
1003 648 1035 651 -

198 678 231 712 ἓ.
243 679 277 705 2.
306 679 495 704 Accusator.
524 676 545 703 1.
557 677 617 710 Sy.
637 675 789 701 Accusator.
810 674 839 701 fr.
855 677 877 701 1.
892 675 980 709 5513.
995 685 1035 711 sq.

199 721 230 748 fr.
245 722 284 747 10.
298 730 338 757 pr.
352 718 384 746 ad
395 718 421 745 S.
434 718 464 745 C.
478 718 558 756 Turp.
572 720 613 745 48.
627 719 667 744 16.
686 734 718 737 -
734 718 764 752 §-
780 719 816 744 ³.
836 719 925 744 1Λίιέ
944 725 1036 745 (ιι-101·
1056 714 1057 718 ’

199 764 385 791 solemniter
397 764 608 789 constitutus.
637 760 668 787 II.
680 762 746 795 ⁰1).
766 760 930 787 Procurator.
949 760 979 787 fr.
993 762 1034 787 31.

199 807 221 840 5.
233 807 256 832 6.
271 805 303 832 de
316 804 348 831 N.
363 804 394 831 G.
413 806 437 830 3.
457 806 481 831 5.
501 815 522 831 c.
542 805 582 830 11.
603 803 635 830 (18
653 814 724 841 proc.
744 805 768 830 2.
787 805 826 830 13.
859 803 901 831 111.
916 804 982 831 Gn.
1006 802 1035 829 Si

199 849 274 886 quasi
288 852 367 878 tutor,
387 847 429 873 vel
443 851 554 878 curator,
567 846 609 873 vel
623 846 753 878 defensor,
768 846 809 873 vel
822 851 894 873 actor
913 847 1036 879 (interve-

199 892 274 925 niat).
299 890 328 917 fr.
349 892 389 916 10.
409 890 490 924 §.13.
510 888 543 915 de.
560 890 587 915 in
607 890 648 916 ius
666 899 723 916 voc.
747 891 771 916 2.
790 891 814 916 4.
851 889 933 916 Actor
952 888 1035 915 litium

200 944 276 961 causa
290 934 456 960 constitutus.
476 931 507 958 fr.
526 933 567 959 31.
588 933 610 966 5.
629 934 652 959 6.
673 932 705 959 de
719 932 749 958 N.
765 932 796 959 G.
810 934 834 959 3.
849 934 872 959 5.
892 948 923 951 —
943 932 973 966 ἕ.
995 933 1034 958 4.

198 978 475 1007 Administraeor,
496 976 614 1002 Custos
634 975 687 1008 (rei
706 974 829 1009 alienae).
866 974 884 1001 I.
900 976 961 1009 Sy.
983 974 1035 1010 Qui

199 1024 323 1057 procurat
352 1018 507 1055 (patrono).
545 1017 575 1045 fr.
599 1019 640 1044 44.
669 1018 690 1052 5.
714 1019 738 1044 3.
768 1018 800 1044 (18
829 1028 916 1045 excuS.
943 1019 985 1043 27.
1013 1019 1035 1044 1.

199 1062 242 1089 Ill.
267 1063 332 1090 Gn.
374 1061 486 1093 Servus,
519 1060 642 1093 colonus,
677 1060 833 1093 conductor,
870 1065 1035 1098 procurator.

200 1110 305 1132 actorve
327 1105 508 1141 possessionis
533 1104 576 1137 (v.
600 1103 679 1136 loci).
723 1102 772 1130 Th.
797 1103 827 1130 C.
851 1103 881 1130 II.
904 1105 945 1130 31.
971 1114 992 1130 c.
1013 1105 1035 1130 1.

199 1149 252 1184 Qu.
271 1149 354 1174 iussu.
385 1146 431 1173 cfr.
451 1146 481 1173 H.
499 1148 541 1173 30.
562 1157 583 1173 c.
602 1148 627 1173 2.
647 1146 679 1173 de
697 1147 767 1183 pign.
795 1145 839 1173 IX.
858 1148 900 1173 21.
924 1157 944 1173 c.
965 1148 988 1173 2.
1013 1147 1034 1180 5.

198 1194 223 1218 4.
244 1191 277 1218 dc
296 1190 352 1218 fals.
371 1200 440 1217 mon.
477 1188 544 1216 Nov.
564 1189 666 1216 Valent.
686 1189 728 1215 111.
748 1189 780 1215 de
799 1190 875 1216 tiron.
895 1188 924 1215 11.
939 1190 962 1215 6.
977 1199 997 1215 c.
1013 1191 1034 1215 l.

199 1235 221 1269 5.
242 1236 265 1261 1.
302 1234 396 1265 Actor,
420 1232 463 1259 vel
482 1232 591 1259 colonus
612 1242 643 1259 ex
664 1232 714 1258 alio
734 1231 822 1259 fundo.
859 1231 930 1259 Paul.
950 1232 992 1258 IH.
1011 1233 1035 1258 6.

199 1279 222 1312 5.
241 1278 283 1303 48.
320 1276 445 1303 Actorem
468 1276 495 1302 in
520 1275 611 1302 eodem
635 1280 693 1301 actu
716 1274 824 1307 hahere,
852 1275 1036 1311 (rationesque.

199 1319 388 1352 subscribere).
416 1318 446 1345 fr.
460 1320 500 1345 12.
525 1318 558 1345 de
576 1318 650 1345 liber.
670 1317 718 1354 leg.
736 1319 778 1344 34.
791 1319 816 1344 3.
844 1318 941 1345 Servus
956 1323 1036 1350 actor,

199 1374 224 1390 v.
244 1363 326 1390 Actor
347 1371 434 1389 rerum
459 1361 565 1388 domini.
595 1360 624 1387 sr.
647 1362 689 1387 21.
714 1360 747 1387 de
769 1361 812 1387 off.
837 1360 924 1387 Praes.
953 1363 975 1387 1.
996 1362 1035 1387 18.

199 1407 231 1434 fr.
250 1408 291 1433 39.
317 1406 400 1440 9.18.
426 1404 458 1431 (18
481 1404 548 1431 adm.
573 1408 599 1430 et
621 1413 677 1441 per.
700 1404 742 1430 26.
763 1405 786 1430 7.
814 1403 844 1430 fr.
866 1406 887 1431 l.
911 1404 932 1438 5.
952 1406 976 1430 5.
1005 1403 1037 1430 (18

200 1459 268 1476 serv.
288 1458 354 1475 corr.
374 1449 414 1474 11.
433 1449 457 1474 3.
494 1447 576 1474 Actor
594 1447 736 1479 bonorum,
759 1456 783 1473 v.
806 1456 893 1473 rerum
910 1447 1037 1473 heredita-

199 1494 303 1520 riarum.
334 1490 395 1528 le.
408 1489 491 1517 XXII.
505 1491 547 1516 26.
566 1489 596 1516 fr.
610 1491 652 1516 26.
671 1489 704 1516 de
722 1489 754 1516 N.
774 1489 805 1516 G.
824 1491 848 1516 3.
868 1492 891 1517 5.
922 1490 1036 1517 Decreto

199 1535 332 1562 Praetoris
351 1539 423 1561 actor
442 1534 609 1559 constitutus.
633 1532 663 1559 fr.
682 1534 723 1559 24.
743 1543 782 1570 pr.
802 1532 834 1559 de
852 1533 918 1560 adm.
938 1538 964 1560 et
982 1543 1036 1571 per.

199 1580 241 1605 26.
262 1581 285 1605 7.
305 1594 338 1598 —
356 1578 388 1611 §0
409 1577 446 1604 5.
475 1577 562 1610 Reip.
580 1577 733 1610 partibus
752 1578 784 1602 in
803 1578 927 1603 iudicio
946 1583 1036 1603 tuen-

200 1624 251 1648 dis
271 1622 478 1657 Praefectus.
515 1618 533 1645 I.
554 1620 615 1653 Sy.
643 1618 784 1654 Syndicus.
809 1618 840 1645 fr.
855 1621 876 1646 1.
897 1620 976 1653 551.
997 1629 1035 1655 sq.

202 1664 253 1700 Qu.
274 1665 322 1690 cui.
343 1664 412 1690 univ.
432 1672 500 1688 nom.
519 1663 543 1687 3.
563 1663 586 1688 4.
624 1661 665 1687 III.
686 1663 747 1689 Gn.
776 1661 804 1688 Si
822 1663 975 1699 municipes,
994 1662 1036 1688 vel

202 1707 287 1743 aliqua
313 1706 482 1735 universitas,
512 1704 545 1731 ad
569 1704 695 1741 agendum
720 1704 764 1731 (181
789 1710 910 1732 actorem.
939 1705 970 1732 fr.
997 1707 1035 1731 10.

202 1750 224 1783 5.
243 1751 267 1775 4.
287 1749 319 1775 de
338 1749 364 1774 in
382 1749 423 1774 ius
442 1757 500 1773 voc.
519 1749 543 1773 2.
563 1749 587 1773 4.
612 1747 641 1774 fr.
661 1749 685 1774 3.
709 1748 731 1782 5.
751 1749 774 1774 4.
799 1748 832 1774 de
849 1748 879 1775 Β.
900 1748 927 1775 P.
951 1750 992 1775 37.
1014 1750 1035 1774 l.

202 1791 371 1822 Procurator,
391 1791 432 1816 eui
450 1789 598 1816 mandatum
617 1795 669 1822 est,
689 1795 773 1823 tutor,
793 1796 896 1817 curator
914 1807 946 1811 -—
965 1796 1037 1817 actor

202 1835 370 1870 municipum.
408 1832 438 1858 sr.
469 1834 508 1858 ll.
538 1833 560 1866 5
584 1834 607 1859 7.
647 1833 680 1859 de
708 1843 764 1860 exc.
794 1835 831 1860 rei
860 1834 911 1860 iud.
946 1836 987 1860 44.
1011 1836 1036 1860 2.

203 1893 235 1896 —
263 1877 294 1910 ξ.
319 1877 356 1903 6.
399 1876 563 1911 Defensor
593 1877 640 1901 rei
667 1878 827 1910 privatae
857 1878 1036 1911 Principis.

202 1919 245 1946 III.
265 1920 327 1946 (3¹11.
356 1917 525 1949 Dominicus,
544 1927 568 1944 v.
582 1917 684 1944 Domus
703 1923 817 1951 nostrae,
837 1929 857 1945 s.
877 1919 973 1945 Rerum
993 1929 1037 1945 no-

203 1967 328 1992 strarum,
348 1970 369 1987 s.
388 1960 436 1986 Rei
455 1961 571 1997 privatae
589 1965 706 1990 nostrae.
726 1966 805 1988 actor.
842 1961 891 1988 Th.
912 1962 942 1989 C.
964 1961 993 1988 ΙΙ.
1014 1964 1036 1988 1.

203 2015 225 2031 8.
246 2006 285 2030 11.
314 2003 347 2030 de
365 2002 456 2029 inrisd.
476 2002 532 2029 VII.
553 2004 593 2029 18.
617 2013 638 2029 c.
658 2005 681 2030 7.
700 2004 726 2038 λ9.
752 2006 774 2030 1.
800 2006 881 2031 8..-12,
906 2005 975 2039 5.1.
1006 2005 1038 2031 de

203 2048 300 2075 desert.
319 2052 345 2073 et
363 2046 458 2072 occult.
489 2045 525 2072 Vt
544 2056 593 2072 una
611 2051 725 2077 actoreS,
745 2051 914 2084 caeterosque
933 2048 970 2074 rei
987 2049 1039 2085 pri-

202 2095 276 2117 vatae
295 2094 412 2119 nostrae,
433 2099 499 2125 quae
516 2089 701 2126 provincialeS‚
719 2094 806 2116 teneat
824 2090 970 2128 disciplina.
1000 2091 1037 2118 Ib.

202 2133 233 2160 II.
255 2134 277 2159 l.
297 2143 318 2159 c.
339 2134 361 2158 1.
380 2131 425 2158 XI.
446 2133 469 2158 7.
489 2142 510 2158 c.
530 2133 553 2159 6.
574 2132 606 2158 de
624 2133 751 2160 exaction.

237 2175 380 2203 Aetrix.
413 2176 549 2207 Mulier,
569 2185 648 2210 quae
666 2177 790 2203 iudicio
809 2178 893 2212 agit.
919 2176 961 2203 111.
973 2178 1037 2204 Gn.

203 2217 325 2245 lubenms
349 2227 439 2244 omnes
463 2217 588 2255 epistolas
612 2219 715 2245 actricis
735 2235 767 2239 —
785 2220 875 2246 inanes
897 2230 926 2246 ac
944 2229 1038 2246 vacuas

205 2270 270 2287 esse.
292 2271 313 2287 c.
332 2262 373 2287 41.
398 2260 430 2286 de
448 2260 550 2287 liberali
569 2271 590 2287 8.
610 2263 633 2287 7.
654 2262 694 2287 16.

239 2303 440 2330 Aotnarius
468 2303 602 2337 (Subst.).
648 2305 710 2337 Qui
737 2315 753 2332 a
780 2307 966 2333 rationibus
992 2312 1038 2333 est

206 2346 256 2379 (rei
280 2344 461 2372 frumentariae
483 2345 628 2380 militaris).
674 2346 716 2374 ΠΙ.
743 2349 809 2376 Cn.
845 2348 989 2375 Annonarii
1013 2354 1038 2376 et

205 2389 320 2415 actuarii.
356 2388 405 2415 Th.
425 2388 456 2416 C.
475 2388 543 2416 Vin,
564 2390 586 2415 l.
605 2399 626 2415 8.
643 2390 668 2416 3.
688 2400 709 2416 c.
729 2392 752 2416 5.
772 2401 794 2418 c.
814 2393 836 2418 7.
861 2391 894 2418 de
912 2402 1037 2419 numerar.

205 2430 365 2463 Irenarchae,
384 2436 410 2458 et
428 2432 543 2463 actuarii,
563 2436 589 2458 et
602 2432 766 2460 cornicularii
785 2434 849 2467 (tam
863 2434 985 2461 classium
998 2445 1038 2461 ur-

206 2473 248 2499 bis
267 2472 359 2500 Const.
380 2474 449 2507 etc.).
484 2473 522 2500 Ib.
542 2473 610 2501 VIII.
630 2477 653 2501 7.
673 2486 694 2502 c.
713 2478 754 2503 21.
774 2487 815 2514 sq.
838 2477 870 2504 de
893 2477 944 2504 div.
968 2477 1037 2505 offic.

207 2515 247 2542 Ne
274 2517 380 2543 actuarii
408 2518 611 2544 numerariorum
640 2521 779 2546 consortiis
803 2520 963 2547 adiuventur.
999 2520 1037 2547 lb.

207 2557 275 2585 VIII.
295 2561 317 2585 1.
330 2569 351 2586 c.
364 2560 403 2585 14.
417 2569 456 2595 pr.
475 2559 507 2586 de
526 2570 652 2588 numerar.
682 2561 830 2595 Actuarius,
849 2568 874 2589 et
892 2568 1038 2600 susceptor,

208 2606 233 2627 et
253 2600 368 2628 officium
391 2601 537 2629 iudicantis.
572 2603 609 2630 Ib.
629 2603 684 2630 VII.
708 2606 732 2631 4.
757 2616 777 2632 c.
798 2607 838 2632 13.
864 2605 895 2632 cf.
915 2616 936 2632 8.
957 2608 996 2633 ll.
1016 2617 1037 2633 c.

209 2645 248 2670 16.
269 2643 301 2670 de
320 2654 387 2681 erog.
407 2644 460 2671 mil.
480 2655 537 2671 ann.

242 2688 444 2715 Actum-ius
473 2687 571 2721 (Adi).
611 2691 714 2717 Velox.
755 2690 796 2717 III.
821 2691 885 2718 (7η.
920 2690 1037 2718 Navibus

208 2728 293 2765 longis
312 2734 389 2765 atque
407 2732 545 2761 onerariis.
565 2747 596 2750 —
615 2742 668 2758 non
686 2733 847 2769 piscatoriis,
871 2739 914 2760 aut
932 2735 954 2760 si
974 2744 1037 2771 quas

208 2772 335 2798 actuarias
363 2772 505 2810 voluptatis
533 2783 609 2800 causa
636 2781 799 2812 paraverunt.
833 2776 863 2803 sr.
887 2778 910 2802 2.
935 2787 973 2813 pr.
1006 2776 1038 2803 de

209 2815 302 2852 captiv.
321 2820 347 2841 et
364 2815 443 2853 postl.
467 2817 508 2843 49.
528 2819 568 2843 15.

1876 167 1914 196 15

1113 247 1247 274 Actum
1268 245 1395 279 (partic).
1423 248 1609 283 Effectum,
1630 248 1813 279 Conditzcm,
1834 248 1912 274 Con—

1078 296 1226 316 tractum.
1268 289 1287 315 Ι.
1313 291 1373 324 Sy.
1407 289 1500 321 Gesta.
1525 300 1547 316 v.
1574 290 1647 325 Quae
1670 295 1801 326 geruntur.
1838 290 1911 316 Acta.

1079 332 1128 359 Th.
1149 331 1179 358 C.
1199 332 1232 358 X.
1251 333 1292 358 22.
1317 343 1338 358 8.
1358 334 1381 358 6.
1417 332 1449 359 (18
1468 333 1605 359 fabricens.
1629 333 1672 359 XI.
1696 335 1738 359 30.
1759 344 1780 359 c.
1800 334 1822 360 1.
1845 343 1866 359 8.
1888 335 1910 358 5.

1056 368 1057 374 η
1079 386 1100 401 c.
1121 377 1161 402 ll.
1181 385 1202 401 c.
1222 376 1263 401 24.
1284 385 1305 401 c.
1324 377 1365 401 29.
1386 385 1424 412 sq.
1450 375 1481 401 (18
1501 386 1559 412 app.
1579 380 1604 401 et
1623 386 1697 412 poen.
1733 387 1753 403 c.
1775 378 1797 403 1.
1821 376 1853 402 de
1875 386 1912 402 sa-

1078 417 1208 444 tisdando.
1228 419 1251 444 2.
1271 419 1312 444 57.
1350 418 1391 444 III.
1412 419 1472 446 Cn.
1501 419 1575 444 Artis
1595 418 1714 454 legitimis
1735 430 1763 445 ac
1781 420 1840 445 voci
1853 419 1912 445 snb-

1079 460 1189 487 iicienda
1208 462 1354 498 praeconis
1391 460 1440 487 Th.
1455 460 1485 487 C.
1500 460 1531 488 V.
1553 463 1592 487 13.
1613 472 1633 487 c.
1650 463 1686 488 1³.
1707 462 1809 496 (ch.)
1838 462 1912 488 Actis

1079 505 1114 530 ita
1133 504 1323 535 contradicere,
1343 509 1366 530 et
1387 503 1449 540 quid
1468 505 1523 530 iure
1537 505 1570 530 sit
1583 505 1751 531 constitutum
1765 505 1911 531 ostendere.

1056 541 1058 553 ³
1078 546 1116 573 lb.
1134 547 1179 573 XI.
1199 548 1240 573 30.
1261 557 1281 573 c.
1301 549 1342 573 58.
1363 546 1394 573 (18.
1414 557 1472 583 app.
1493 551 1518 572 et
1536 557 1612 583 poen.
1638 547 1675 573 Eo
1695 547 1768 575 SCto
1787 548 1813 575 id
1828 554 1912 575 actum

1056 558 1058 574 1

1080 595 1127 621 est,
1147 595 1176 616 ut
1194 594 1241 616 etc.
1262 589 1318 616 Gai.
1332 589 1374 616 III.
1388 591 1429 616 64.
1461 589 1522 626 le.
1536 589 1553 615 Ι.
1567 591 1608 616 37.
1627 590 1721 617 XXVI.
1737 593 1759 618 7.
1791 591 1848 618 Nisi
1862 591 1912 619 hoe

1080 638 1164 659 actum
1179 637 1226 660 est.
1245 642 1269 659 v.
1290 632 1318 658 Si
1332 633 1357 658 in
1370 632 1536 669 paciscendo,
1556 642 1576 658 s.
1595 634 1662 659 inter
1673 634 1865 667 contrahentes.
1886 635 1911 661 id

1080 681 1172 702 actum.
1209 675 1265 702 Gai.
1285 674 1314 701 II.
1335 677 1392 701 179.
1412 675 1442 702 fr.
1461 677 1503 702 21.
1523 676 1544 709 5.
1563 677 1587 701 2.
1607 675 1637 702 fr.
1656 678 1695 703 22.
1716 676 1745 703 sr.
1764 679 1806 704 26.
1826 677 1855 704 sr.
1869 679 1911 704 27.

1079 719 1116 752 55.
1135 720 1160 744 2.
1179 719 1203 745 6.
1223 719 1246 745 9.
1271 718 1303 744 de
1321 723 1389 755 pact.
1415 720 1439 744 2.
1460 720 1499 744 14.
1537 719 1617 753 Quod
1636 721 1683 745 aeti
1703 725 1750 746 est.
1779 737 1811 740 —
1840 720 1912 748 Nihil

1079 762 1129 787 acti
1149 761 1204 787 erit.
1233 761 1262 788 fr.
1282 763 1323 787 21.
1343 771 1371 787 se
1390 761 1444 788 reb.
1464 761 1525 788 dub.
1544 763 1585 788 34.
1605 763 1628 788 5.
1655 762 1684 788 fr.
1706 764 1761 789 137.
1786 764 1850 797 5.1.
1880 763 1912 790 de

1079 803 1111 830 V.
1131 803 1164 830 Ο.
1183 805 1225 830 45.
1240 806 1262 830 1.
1282 803 1449 831 Contrarium
1469 810 1566 833 actum.
1587 815 1607 831 S.
1627 804 1655 831 111
1676 811 1756 832 contr.
1776 812 1823 833 act.
1843 806 1873 833 fr.
1887 808 1910 833 3.

1081 847 1120 874 de.
1139 852 1206 884 pact.
1226 849 1250 873 2.
1270 848 1311 873 14.
1338 846 1368 873 fr.
1390 849 1446 874 153.
1466 847 1499 874 de
1517 847 1547 874 R.
1568 847 1586 874 1.
1605 850 1646 874 50.
1668 850 1707 874 17.

1114 891 1229 917 Actus
1248 889 1383 923 (Subst.).
1420 891 1450 924 §.
1471 893 1504 918 1.
1537 893 1592 918 Ins
1611 893 1732 926 agendi
1750 892 1911 925 (iumentum,

1080 943 1103 960 v.
1123 933 1262 966 armenta).
1304 932 1322 959 I.
1342 934 1403 967 Sy.
1435 933 1477 960 Ius
1501 933 1592 970 agendi
1617 934 1678 966 (vel
1697 935 1852 966 iumentum.
1871 937 1912 963 181

1080 976 1253 1009 vehiculum).
1291 975 1347 1002 Gai.
1367 975 1396 1002 ll.
1421 978 1463 1003 31.
1486 976 1529 1003 IV.
1552 978 1576 1003 3.
1609 976 1670 1014 Ylp.
1695 977 1765 1004 XIX.
1792 980 1814 1005 1,
1838 978 1868 1006 fr.
1891 982 1910 1006 1.

1079 1030 1119 1057 pr.
1139 1019 1169 1046 fr.
1180 1021 1202 1046 7.
1216 1029 1255 1056 pr.
1275 1018 1307 1045 de
1322 1018 1348 1045 S.
1364 1018 1391 1045 P.
1406 1018 1436 1045 R.
1448 1020 1471 1045 S.
1485 1019 1575 1045 3.111.
1589 1020 1653 1047 Gn.
1678 1019 1734 1046 Iura
1747 1021 1913 1057 praediorum

1080 1063 1248 1094 rusticorum,
1267 1061 1339 1088 velut
1357 1063 1411 1093 via,
1436 1063 1497 1093 iter.
1521 1067 1606 1092 actus,
1631 1062 1814 1098 aquaeductus.
1851 1065 1911 1103 le.

1080 1105 1096 1132 l.
1116 1105 1133 1132 1.
1170 1105 1242 1131 Paul.
1261 1104 1279 1131 1.
1301 1107 1341 1131 17.
1361 1105 1382 1139 5.
1404 1107 1425 1131 l.
1446 1104 1475 1131 fr.
1496 1107 1518 1131 5.
1539 1115 1578 1142 pr.
1598 1105 1630 1131 (le.
1649 1107 1737 1132 servit.
1760 1107 1784 1133 8.
1805 1109 1828 1134 1.
1860 1109 1913 1144 Qui

1080 1150 1129 1175 iter
1147 1149 1203 1174 sine
1222 1153 1294 1180 actu,
1313 1147 1355 1174 vel
1375 1152 1459 1174 actum
1479 1149 1535 1173 sine
1554 1148 1645 1174 itinere
1664 1148 1748 1175 habet.
1774 1150 1804 1177 fr.
1818 1152 1841 1177 4.
1856 1152 1877 1185 5.
1890 1154 1911 1178 l.

1079 1193 1103 1218 si
1121 1192 1210 1218 servit.
1234 1192 1257 1217 8.
1276 1193 1300 1217 5.
1338 1190 1399 1226 Quo
1424 1191 1517 1216 itinere
1540 1196 1651 1227 actuque
1673 1193 1787 1228 privato,
1815 1210 1846 1213 —
1870 1195 1912 1221 γυ]

1079 1236 1133 1267 via,
1152 1235 1203 1261 hoc
1222 1244 1288 1261 anno
1308 1250 1340 1253 —-
1360 1243 1422 1260 usus
1442 1243 1478 1259 eS.
1512 1233 1541 1260 fr.
1563 1236 1584 1260 1.
1605 1245 1643 1271 pr.
1672 1234 1704 1261 de
1727 1236 1782 1262 itin.
1802 1242 1913 1274 actuque

1079 1279 1145 1315 priv.
1165 1279 1207 1305 43.
1227 1279 1267 1304 19.
1297 1293 1330 1296 —
1360 1277 1391 1310 §.
1412 1278 1447 1303 2.
1476 1278 1694 1309 Exercitium,
1720 1280 1912 1314 Exsecutio,

1081 1322 1276 1347 Celebratio.
1312 1319 1331 1345 I.
1352 1320 1413 1353 Sy·
1450 1318 1564 1346 Factum.
1593 1320 1623 1347 fr.
1642 1322 1701 1347 225.
1721 1320 1753 1347 de
1772 1321 1804 1348 V.
1825 1322 1851 1349 S.
1871 1325 1912 1350 50.

1081 1364 1121 1390 16.
1161 1363 1192 1390 II.
1212 1365 1279 1397 Op.
1311 1362 1467 1389 Consilium.
1504 1362 1586 1389 Mens.
1623 1362 1773 1401 Propositio
1793 1366 1913 1400 (animi).

1080 1406 1110 1433 sr.
1129 1408 1188 1433 225.
1207 1405 1224 1433 1.
1261 1405 1320 1432 Non
1341 1415 1451 1442 corpore
1470 1410 1495 1432 et
1518 1410 1588 1438 actu,
1613 1406 1660 1433 sed
1683 1408 1759 1434 etiam
1782 1408 1865 1435 oculis
1889 1414 1915 1436 et

1081 1449 1175 1476 affectu
1193 1448 1407 1486 (adprehendere
1425 1449 1647 1485 possessionem).
1675 1449 1705 1476 fr.
1727 1452 1748 1476 l.
1773 1451 1795 1485 5.
1814 1453 1855 1479 21.
1882 1452 1914 1480 de

1080 1493 1112 1519 A.
1131 1503 1155 1519 v.
1174 1492 1206 1519 A.
1225 1491 1254 1518 P.
1273 1493 1315 1518 41.
1334 1494 1358 1518 2.
1395 1491 1437 1518 III.
1458 1493 1523 1519 Gn.
1550 1492 1637 1530 Ipsius
1657 1492 1776 1530 (pupilli)
1796 1500 1869 1522 actus
1889 1501 1915 1523 81

1080 1535 1201 1563 voluntas
1226 1534 1275 1562 suit
1298 1536 1452 1561 necessaria.
1492 1534 1558 1561 Nam
1586 1536 1609 1562 si
1636 1536 1699 1571 quid
1727 1538 1860 1565 nesciente
1883 1550 1913 1565 eo

1080 1583 1151 1605 tutor
1170 1579 1222 1614 egit
1240 1583 1288 1604 etc.
1313 1588 1334 1604 c.
1348 1580 1371 1604 5.
1391 1577 1423 1604 de
1441 1578 1497 1604 iure
1510 1577 1587 1604 delib.
1608 1579 1631 1604 6.
1645 1580 1686 1604 30.
1715 1579 1842 1614 Quolibet
1855 1592 1914 1619 pro-

1080 1621 1194 1648 hibentis
1214 1625 1279 1653 actu,
1298 1620 1341 1647 vel
1359 1631 1462 1647 manum
1481 1622 1647 1658 opponentis.
1672 1621 1702 1648 sr.
1715 1624 1756 1648 20.
1776 1624 1836 1657 5.1.
1861 1625 1912 1660 Qu.

1080 1666 1106 1691 vi
1125 1669 1169 1691 aut
1187 1663 1219 1690 cl.
1243 1665 1284 1690 43.
1297 1665 1339 1690 24.
1376 1663 1497 1699 Quodam
1516 1669 1574 1690 actu
1593 1664 1624 1690 ad
1644 1664 1827 1701 obligationem
1847 1678 1914 1694 com-

1080 1707 1220 1745 parandam
1243 1708 1414 1744 interposito,
1438 1706 1519 1732 veluti
1543 1706 1720 1743 stipulatione.
1750 1708 1780 1734 fr.
1799 1711 1824 1735 2.
1848 1710 1870 1744 5.
1889 1713 1913 1737 5.

1081 1751 1113 1778 de
1131 1750 1162 1777 R.
1182 1750 1213 1777 C.
1234 1751 1274 1776 12.
1300 1751 1322 1776 l.
1347 1760 1368 1775 c.
1386 1752 1428 1774 28.
1447 1759 1486 1785 pr.
1512 1749 1544 1775 (18
1564 1754 1623 1776 test.
1643 1755 1668 1776 et
1687 1751 1805 1786 quemad.
1828 1753 1852 1779 6.
1871 1754 1913 1779 23.

1080 1794 1160 1821 Nullo
1180 1797 1238 1819 actu
1257 1802 1289 1818 ex
1308 1791 1364 1828 lege
1383 1791 1485 1823 habito,
1508 1791 1617 1819 IIvirum
1643 1798 1769 1825 creatum,
1794 1795 1841 1822 sed
1860 1801 1914 1822 tan-

1081 1842 1134 1863 tum
1157 1835 1266 1862 vocibus
1289 1834 1453 1871 popularium
1476 1834 1645 1871 postulatum.
1678 1836 1708 1863 sr.
1734 1839 1774 1864 12.
1803 1837 1835 1864 de
1854 1849 1912 1876 app.

1082 1884 1106 1906 81
1124 1878 1197 1905 relat.
1216 1879 1258 1904 49.
1279 1879 1301 1903 l.
1337 1877 1365 1903 In
1385 1877 1476 1903 eodem
1495 1883 1554 1904 actu
1572 1887 1748 1915 perseverare.
1774 1880 1804 1906 fr.
1820 1883 1859 1908 19.
1873 1892 1912 1919 pr.

1082 1921 1113 1948 dc
1131 1920 1163 1948 N.
1183 1920 1215 1947 G.
1234 1922 1258 1947 3.
1277 1922 1301 1947 5.
1339 1920 1413 1956 Quae
1432 1921 1483 1957 piis
1502 1920 1603 1947 actibus
1623 1926 1684 1948 sunt
1703 1922 1833 1959 deputata.
1854 1935 1874 1951 c.
1890 1927 1913 1951 l.

1082 1974 1173 1992 comm.
1198 1963 1324 2000 delegat.
1347 1964 1370 1989 6.
1390 1964 1431 1989 43.
1463 1973 1484 1989 8.
1502 1965 1544 1989 35.
1569 1964 1591 1997 5.
1611 1966 1635 1991 5.
1660 1964 1693 1991 de
1716 1965 1803 1993 donat.
1828 1968 1852 1993 8.
1871 1969 1912 1994 54.

1082 2024 1113 2027 —
1141 2007 1172 2041 ᾖ.
1192 2008 1229 2033 3.
1267 2008 1437 2041 Negotium
1454 2009 1643 2041 gerendum,
1663 2018 1729 2034 cum
1745 2011 1913 2043 publicum

1081 2057 1146 2077 tum
1168 2051 1342 2084 privatum.
1379 2048 1397 2075 I.
1417 2050 1474 2083 Sy.
1512 2049 1599 2076 Actio.
1629 2050 1660 2076 cf.
1679 2050 1704 2077 h.
1723 2062 1747 2078 v.
1767 2053 1788 2086 5.
1810 2055 1831 2079 1.
1859 2053 1913 2080 Mu-

1082 2103 1139 2119 nus.
1167 2092 1197 2119 fr.
1216 2094 1240 2118 5.
1264 2092 1285 2125 5.
1304 2093 1329 2118 3.
1353 2091 1385 2118 (18
1404 2092 1460 2118 iure
1477 2093 1546 2118 imm.
1570 2094 1612 2119 50.
1630 2094 1654 2120 6.
1692 2093 1741 2121 Th.
1762 2094 1792 2121 C.
1812 2095 1868 2123 XII.
1890 2098 1912 2123 1.

1082 2146 1102 2162 c.
1124 2136 1180 2162 137.
1200 2136 1257 2161 164.
1277 2136 1334 2161 177.
1353 2145 1391 2172 pr.
1411 2135 1443 2162 de
1463 2135 1595 2162 decurion.
1631 2136 1839 2165 Administratio.
1876 2139 1912 2165 Ib.

1081 2177 1149 2205 VIII.
1167 2179 1191 2204 5.
1215 2188 1236 2204 8.
1255 2179 1296 2204 44.
1320 2177 1353 2204 (18
1378 2188 1456 2205 cursu
1474 2178 1536 2216 pub.
1573 2179 1603 2206 II.
1623 2181 1689 2214 Op.
1723 2180 1834 2208 Actibus
1854 2182 1913 2208 snb-

1082 2222 1164 2258 sequi.
1187 2237 1219 2241 —
1248 2220 1438 2248 Codicillorum
1456 2221 1532 2259 parili
1551 2223 1660 2258 imagine
1682 2222 1776 2250 fulciri.
1812 2224 1848 2250 Ib.
1869 2224 1911 2251 VI.

1080 2266 1121 2290 22.
1146 2274 1167 2290 c.
1186 2265 1210 2290 8.
1238 2264 1260 2297 5.
1285 2265 1307 2290 l.
1341 2264 1372 2291 cf.
1397 2275 1418 2291 8.
1442 2266 1466 2291 6.
1501 2265 1533 2292 de.
1562 2265 1653 2291 honor.
1683 2266 1764 2293 codic.
1798 2266 1863 2293 VIII.
1888 2269 1911 2293 5.

1082 2317 1103 2333 8.
1121 2307 1163 2333 44.
1193 2306 1225 2333 de
1249 2316 1327 2333 cursu
1349 2307 1410 2344 pub.
1462 2307 1504 2335 ΙΠ.
1529 2309 1595 2336 Gn.
1635 2307 1792 2345 Plerumque
1815 2310 1912 2336 incerta

1081 2349 1144 2376 haec
1163 2354 1189 2376 et
1206 2350 1339 2386 inopinata
1357 2350 1463 2376 turbant
1485 2350 1675 2388 provinciales,
1699 2356 1724 2377 et
1743 2356 1814 2377 aetus
1834 2352 1912 2389 impe-

1082 2392 1163 2419 diunt.
1187 2391 1217 2418 fr.
1236 2393 1260 2418 4.
1280 2392 1302 2426 5.
1321 2394 1345 2419 4.
1365 2393 1397 2419 de
1416 2393 1459 2420 off.
1473 2393 1548 2420 Proc.
1562 2398 1588 2420 et
1599 2393 1661 2430 Leg.
1683 2395 1704 2420 l.
1725 2394 1764 2420 16.
1791 2393 1912 2431 Legitimi

1081 2440 1162 2462 actus.
1190 2434 1221 2462 fr.
1241 2436 1281 2462 77.
1305 2435 1338 2462 de
1355 2435 1387 2462 R.
1406 2435 1424 2462 I.
1443 2438 1484 2463 50.
1506 2438 1545 2463 17.
1571 2447 1591 2463 c.
1610 2438 1651 2463 21.
1676 2436 1708 2462 de
1726 2436 1821 2463 haeret.
1845 2439 1868 2464 1.
1887 2440 1911 2464 5.

1081 2478 1122 2505 Ab
1141 2477 1191 2504 hoc
1210 2482 1283 2510 actu,
1302 2478 1344 2505 vel
1364 2489 1437 2511 cura,
1457 2495 1489 2499 -
1508 2480 1623 2506 remotis.
1659 2478 1724 2505 Nov.
1743 2478 1799 2506 Val.
1818 2479 1860 2507 III.
1880 2481 1912 2508 de

1081 2521 1170 2548 tribut.
1189 2521 1245 2547 fise.
1265 2520 1297 2548 II.
1312 2523 1351 2548 19.
1366 2532 1387 2548 c.
1408 2524 1430 2548 1.
1445 2522 1504 2556 5.1.
1520 2521 1551 2549 cf.
1565 2522 1586 2555 5.
1598 2524 1621 2547 2.
1642 2520 1673 2547 cf.
1687 2521 1717 2548 II.
1729 2523 1769 2549 13.
1783 2525 1838 2550 c.1.
1852 2524 1911 2558 5.1.

1081 2563 1237 2601 Aegritudo,
1263 2563 1305 2590 vel
1328 2565 1466 2601 occupatio
1491 2570 1592 2591 actuum
1615 2563 1791 2600 publicorum,
1811 2566 1912 2603 aliaque

1081 2608 1232 2633 necessitas.
1269 2606 1319 2633 Th.
1340 2606 1370 2634 C.
1389 2607 1435 2634 XI.
1454 2609 1495 2634 31.
1516 2618 1536 2633 c.
1550 2608 1573 2633 9.
1593 2606 1626 2632 de
1644 2606 1759 2634 dilation.
1795 2609 1912 2646 Dignita-

1081 2651 1115 2676 tis
1134 2649 1219 2686 aliqua
1238 2649 1378 2687 depositio,
1398 2655 1441 2676 aut
1459 2650 1567 2676 alicuius
1587 2653 1658 2676 actus
1676 2650 1827 2687 prohibitio.
1846 2652 1876 2679 fr.
1887 2653 1910 2678 8.

1081 2702 1120 2729 pr.
1139 2692 1172 2719 de
1190 2703 1267 2729 poen.
1285 2693 1326 2719 48.
1346 2694 1386 2719 19.
1422 2691 1542 2728 Expletis
1561 2692 1681 2719 omnibus
1700 2694 1809 2723 actibus,
1828 2695 1912 2731 publi-

1082 2736 1119 2761 cis
1146 2736 1320 2772 privatisque,
1349 2745 1408 2761 sese
1435 2735 1568 2771 recipiant.
1610 2735 1659 2762 Th.
1684 2736 1715 2763 C.
1739 2736 1756 2763 I.
1782 2738 1822 2763 16.
1846 2747 1866 2763 8.
1887 2739 1909 2763 6.

1082 2777 1195 2811 (ch.)
1223 2778 1256 2804 de
1280 2779 1323 2804 off.
1347 2778 1420 2804 Rect.
1445 2776 1486 2803 Pr.
1512 2777 1542 2804 H.
1562 2779 1585 2804 8.
1615 2789 1636 2805 c.
1655 2781 1696 2805 21.
1721 2779 1753 2806 de
1772 2779 1850 2806 feriis.
1879 2795 1909 2799 -—

1080 2821 1111 2854 §.
1137 2822 1175 2848 4.
1213 2822 1472 2848 Administratio
1504 2823 1668 2854 bonorum,
1701 2824 1910 2849 Exercitium
