2197 3121
254 207 318 237 924

254 293 294 315 tes
323 287 475 314 succedunt.
504 287 573 314 coll.
599 287 650 314 LL.
676 287 709 314 M.
731 285 801 313 XIV.
821 287 844 312 3.
882 284 950 312 Cum
979 286 1096 323 propriis

254 331 409 358 animalibus
429 342 459 357 eo
473 340 557 367 usque
571 329 728 356 veniendum
742 335 791 362 cst,
812 329 856 356 ubi
870 329 1025 365 obsequium
1042 338 1099 354 cur-

254 374 328 401 suale
345 373 470 400 succedit.
491 372 540 399 Th.
563 372 593 400 C.
615 373 668 400 Vll.
692 375 712 398 l.
733 382 754 399 c.
775 374 798 399 9.
819 372 852 399 de
871 372 902 399 R.
923 371 955 398 M.
981 370 1098 408 Stipula-

255 418 292 444 tio
310 418 439 444 successit
458 417 483 442 in
503 416 590 443 Iocum
609 415 750 453 praedium.
771 415 827 442 Gai.
842 415 885 442 lv.
899 416 940 442 91.
961 430 992 434 —
1013 414 1044 448 δ.
1059 415 1098 441 Ι».
1120 444 1121 448 ¹

255 462 310 488 Ius
329 461 468 487 alterius
487 461 518 486 in
537 470 568 486 se
586 461 735 493 recipere.
771 457 790 484 I.
806 459 867 493 Sy.
887 457 1036 484 Succcdere
1055 455 1099 482 ali-

256 513 332 540 quem
352 504 376 529 in
396 503 436 528 ius
455 503 539 539 primi.
560 501 686 528 Transire
706 500 738 527 ad
757 511 814 527 eum
835 502 875 527 ius
895 500 1001 537 prioriS.
1022 498 1052 526 fr.
1073 500 1097 525 3.

256 546 308 581 Qu.
328 555 369 571 res
388 546 458 582 pign.
477 546 519 571 20.
533 547 556 571 3.
594 544 624 572 ΙΙ.
640 547 707 579 θΡ.
727 543 788 581 Ipse
800 542 962 570 contrahere.
978 558 1010 562 ——-
1031 542 1096 569 Suc-

256 588 349 615 cederc
368 588 399 619 ei,
419 589 463 624 qui
483 589 621 614 contraxitv
645 588 675 614 I'r.
695 589 720 614 9.
743 588 765 621 §.
786 589 809 613 4.
835 586 866 612 de
891 585 984 612 edend.
1009 587 1033 612 2.
1056 586 1095 611 13.

256 632 286 658 fr.
309 633 347 657 17.
367 631 389 664 §.
409 633 432 657 5.
453 631 486 657 de
505 641 575 658 usur.
594 633 636 658 22.
659 632 680 657 l.
717 630 760 656 111.
780 631 846 657 Cn·
866 628 913 661 ..1η
932 628 1019 655 locum
1039 637 1099 654 suc-

256 675 389 700 cessissc‘·
408 675 560 711 accipimus,
580 675 637 700 sive
651 683 697 711 per
711 673 908 700 universitatem
921 673 978 698 sive
997 672 1022 697 in
1043 680 1097 697 rem

256 717 298 744 his
318 718 378 750 (sit)
397 727 557 744 successum.
582 716 612 744 fr.
634 719 655 743 1.
675 717 697 750 ξ,
720 718 757 742 13.
783 715 863 752 Quod
887 715 994 751 legator.
1014 715 1055 740 43.
1075 716 1099 740 3.

257 760 290 787 cf.
310 760 340 787 sr.
361 762 383 786 7.
404 770 443 797 sq.
463 761 496 787 de
519 761 624 787 iureiur.
648 762 686 786 12.
705 762 729 786 2.
767 758 795 785 ln
820 759 894 785 cuius
919 757 1004 784 locum
1028 756 1100 782 here-

257 803 347 831 ditate.
366 802 408 829 vel
428 804 553 836 emtione,
574 803 659 829 aliove
678 812 729 839 quo
749 803 819 834 iure,
838 801 964 828 successi.
985 800 1015 826 l'r.
1033 801 1058 826 3.
1079 799 1101 833 ξ.

256 849 281 873 2.
302 846 334 873 de
354 848 409 873 itin.
430 851 515 884 actuq.
536 848 601 884 priv.
622 847 664 872 43.
687 847 727 872 19.
765 845 793 871 In
813 844 900 871 locum
920 849 946 870 et
965 845 991 870 in
1010 844 1060 874 ius,
1080 852 1102 868 s.

256 889 285 916 In
305 891 353 921 iuS,
373 889 550 916 dominiumve
570 888 678 915 alterius
697 887 878 921 (succedere.)
896 886 927 914 fr.
946 888 970 913 9.
990 887 1012 920 §.
1029 888 1051 912 1.
1071 885 1103 911 de

257 932 368 959 edendo.
388 935 412 960 2.
434 935 473 959 13.
494 932 523 959 fr.
545 934 603 958 177.
624 942 662 969 pr.
683 931 715 957 de
734 931 765 958 R.
785 931 803 957 1.
823 933 864 958 50.
886 932 925 956 17.
963 928 1102 956 Secundus

257 975 374 1002 creditor
393 992 424 995 —
444 975 530 1002 solvat
548 976 639 1012 priori.
659 980 685 1001 et
704 974 763 1001 loco
783 975 838 1001 eius
858 972 990 1000 succedat.
1011 972 1040 998 fr.
1063 973 1102 997 12.

257 1019 279 1054 §.
299 1020 323 1045 9.
343 1019 396 1054 Qui
416 1023 470 1056 pot.
490 1021 531 1045 20.
550 1022 573 1044 4.
595 1017 668 1044 Furti
688 1017 785 1044 delicto
804 1017 909 1044 succed.
930 1027 951 1043 c.
965 1018 989 1042 3.
1009 1014 1101 1051 depos.

257 1064 281 1089 4,
305 1063 348 1088 31.
373 1077 404 1081 -
433 1063 464 1096 §·
485 1063 522 1089 5.
551 1064 728 1088 Personam
752 1061 905 1097 defuncti
928 1060 1100 1085 sustinere.

257 1104 301 1131 III.
322 1106 388 1132 Cn.
407 1105 489 1132 Heres
509 1106 535 1131 in
555 1114 631 1130 omne
650 1105 691 1131 ius
711 1105 816 1135 mortui,
835 1113 887 1129 non
901 1107 1001 1128 tautum
1015 1102 1102 1136 singu-

257 1148 340 1175 larum
360 1158 446 1174 rerum
467 1147 624 1180 dominium,
650 1147 776 1174 succedit.
804 1146 834 1173 fr.
853 1148 894 1172 37.
919 1145 952 1172 de
971 1145 1002 1171 A.
1023 1154 1045 1170 v.
1067 1142 1101 1169 0.

257 1191 288 1218 H.
308 1193 350 1217 29.
369 1193 393 1218 2.
414 1191 445 1218 ct'.
465 1191 494 1218 fr.
515 1192 538 1217 6.
553 1191 573 1224 §
589 1192 612 1217 6.
627 1190 659 1217 de
672 1190 697 1217 h.
712 1191 756 1227 qui
771 1194 823 1215 not.
839 1188 925 1215 infam.
939 1189 964 1215 3.
977 1190 1001 1214 2.
1016 1187 1045 1214 l'r.
1060 1188 1101 1212 42.

258 1234 291 1261 de
309 1234 340 1261 R.
360 1234 378 1261 1.
402 1236 443 1261 50.
465 1236 505 1261 17.
542 1233 580 1265 Is,
604 1235 678 1260 cuius
703 1234 728 1260 in
754 1232 840 1259 locum
863 1231 1021 1258 hereditario
1047 1231 1104 1257 iure

258 1279 384 1304 successi.
404 1277 434 1303 fr.
454 1279 477 1303 5.
498 1286 545 1314 pro
560 1286 616 1303 suo.
630 1278 672 1303 41.
689 1278 728 1302 10.
765 1275 816 1302 Cui
835 1274 946 1301 necdum
966 1275 1103 1311 quisquam

259 1321 339 1353 civili,
358 1320 401 1347 vel
420 1320 560 1347 honorario
579 1321 635 1346 iure
654 1320 790 1346 successit.
811 1318 840 1344 sr.
858 1320 877 1344 1.
899 1318 920 1351 ξ
938 1319 962 1344 4.
983 1317 1015 1344 de
1035 1326 1103 1343 mun.

259 1368 286 1390 et
304 1364 364 1390 hon.
383 1365 424 1390 50.
443 1366 467 1389 4.
487 1362 517 1389 fr.
537 1364 570 1389 70
601 1363 623 1397 §.
645 1364 667 1388 1.
687 1361 720 1388 de
744 1361 774 1388 V.
795 1362 822 1387 S.
847 1363 888 1387 50.
911 1361 950 1387 16.
975 1360 1033 1387 Gai.
1059 1358 1104 1385 IV.

258 1408 301 1433 34.
339 1406 392 1442 Qui
411 1407 437 1432 in
457 1407 497 1432 sui
520 1405 626 1432 heredis
650 1405 735 1431 locum
759 1403 939 1436 succedendo,
964 1403 1039 1440 quasi
1063 1401 1107 1428 ad-

259 1449 422 1485 gnascendo,
446 1450 513 1475 liunt
531 1449 684 1487 parentibus
704 1449 745 1474 sui
765 1447 884 1474 heredes.
905 1447 934 1473 l'r.
957 1448 996 1473 13.
1017 1445 1049 1472 de
1069 1447 1105 1471 in—

260 1494 331 1520 iusto
351 1497 419 1529 rupt.
439 1494 480 1519 28.
499 1495 523 1519 3.
550 1492 606 1518 Gai.
626 1491 656 1518 II.
679 1493 735 1518 156.
760 1490 822 1528 le.
842 1489 938 1517 XXIII.
957 1491 981 1516 3.
1019 1488 1105 1526 ’Nepo-

260 1541 311 1567 tes,
331 1541 465 1572 neptesve,
486 1536 511 1560 in
531 1535 613 1572 patris
633 1535 673 1560 sui
692 1533 778 1560 locum
793 1534 995 1571 portionemque
1014 1542 1105 1559 succe-

261 1579 331 1606 dere.
352 1579 408 1605 Gai.
423 1577 464 1604 Ill.
480 1579 502 1604 7.
516 1588 554 1615 sq.
569 1577 630 1615 le.
644 1577 739 1605 XXVI.
754 1579 778 1604 2.
798 1576 871 1604 Paul.
891 1575 933 1603 111.
953 1576 1006 1603 4B.
1027 1576 1048 1610 §.
1065 1577 1104 1601 10.

262 1622 346 1649 vauc.
366 1623 387 1656 ξ,
410 1622 466 1647 198.

296 1665 550 1693 Succenderc.
592 1666 783 1696 Accendere,
814 1664 1017 1698 Calefacere.
1061 1660 1104 1687 111.

262 1711 328 1737 Gn.
353 1707 407 1734 Nec
431 1707 498 1734 ullas
522 1708 636 1744 privatas
661 1707 692 1734 ab
712 1707 753 1733 his
773 1705 898 1733 succendi
918 1705 1033 1732 balneas.
1054 1703 1104 1730 Th.

262 1752 294 1779 C.
314 1751 370 1778 VII.
393 1753 431 1777 11.
452 1760 473 1777 c.
496 1752 516 1776 1.
535 1760 568 1776 ne
588 1751 674 1776 comit.
695 1755 720 1776 ct
739 1750 836 1776 tribuu.

296 1796 518 1821 SuccenSuS·
539 1792 659 1825 (Partic.)
680 1795 878 1828 Instigatus.
914 1791 957 1818 III.
977 1792 1043 1819 Gn.
1068 1789 1107 1817 Iu-

263 1838 344 1869 dices.
363 1847 440 1874 prava
460 1836 569 1862 forsitan
589 1836 767 1872 indignatione
785 1845 938 1868 succensos,
958 1834 989 1860 ab
1005 1833 1106 1861 illicitis

264 1897 295 1900 —
315 1880 433 1907 deducat.
454 1879 490 1906 lb.
510 1879 577 1906 XIII.
598 1882 620 1906 5.
641 1890 662 1906 c.
686 1881 723 1906 16.
744 1889 782 1917 pr.
802 1878 835 1905 de
855 1878 966 1905 navicul.

297 1923 504 1951 Successio.
541 1923 572 1955 ξ.
593 1924 627 1949 l.
653 1925 752 1949 Actus
772 1923 968 1949 succedendi.
999 1922 1106 1948 Series

264 1976 486 1994 successorum.
523 1965 566 1992 III.
588 1967 653 1993 011.
672 1966 817 1992 Auctornm
838 1965 937 1998 (iuris)
962 1964 1105 1990 successio.

265 2010 295 2037 fr.
313 2012 337 2035 2.
357 2010 378 2043 ξ
401 2010 438 2035 13.
460 2008 492 2034 de
511 2008 576 2034 01
593 2010 614 2034 1.
628 2011 651 2034 2.
690 2007 725 2035 Vt
744 2013 806 2045 post
825 2008 1022 2034 successionem
1042 2017 1106 2043 quo-

264 2063 315 2090 que
334 2062 422 2079 eorum
442 2052 518 2078 facilc
536 2053 683 2087 requiratur
702 2056 749 2078 ctc.
770 2051 819 2078 Th.
840 2051 872 2079 C.
892 2050 936 2077 XI.
953 2052 974 2077 1.
995 2060 1016 2076 c.
1030 2051 1054 2076 3.
1075 2049 1107 2075 dc

265 2107 323 2123 ann.
349 2100 374 2122 ct
399 2095 486 2121 tribut.
511 2094 558 2121 Iul.
583 2105 622 2132 ep.
643 2104 703 2120 nov.
724 2104 744 2120 c.
767 2095 823 2120 124.
844 2094 866 2128 §.
886 2095 945 2120 562.
966 2109 998 2113 —
1019 2093 1050 2126 §0
1070 2094 1105 2119 2.

267 2141 457 2174 Adquiailio
485 2140 632 2164 bonorum
663 2139 820 2169 alterius,
850 2138 910 2170 (aut
934 2136 1106 2173 singulorum,

265 2187 310 2209 aut
328 2182 531 2214 universorum.)
566 2180 608 2206 111.
629 2181 695 2208 Gn.
720 2179 787 2206 Sunt
810 2180 887 2205 etiam
906 2179 1014 2206 alterius
1033 2189 1109 2215 gene-

266 2226 302 2252 ris
325 2226 521 2255 successiones,
546 2233 612 2260 quae
636 2233 720 2260 neque
743 2222 812 2259 Lege
830 2221 879 2248 XII
899 2222 997 2253 Tubu.
1023 2231 1107 2258 neque

266 2267 398 2295 Praetoris
421 2267 508 2293 edicto
528 2283 560 2286 —
585 2266 750 2293 introductae
775 2270 842 2291 sunt.
868 2263 924 2291 Gai.
946 2265 988 2291 111.
1008 2268 1049 2291 82.
1074 2264 1106 2291 cl'.

266 2313 307 2338 77.
344 2310 394 2337 Per
418 2310 584 2336 donationem
608 2310 673 2336 sacta
699 2309 841 2336 successio.
867 2307 897 2334 fr.
920 2309 958 2334 17.
984 2308 1005 2341 ς’.
1026 2309 1049 2333 5.
1074 2307 1107 2333 de

266 2359 334 2392 pact.
353 2356 376 2380 2.
399 2355 438 2380 14.
458 2368 489 2372 —-
510 2353 541 2386 ξ.
557 2354 594 2380 3.
616 2355 670 2379 lus
689 2353 877 2379 succedendi
896 2353 927 2377 in
947 2352 1106 2377 universi-

267 2404 364 2424 tatem
390 2399 538 2424 bonorum
563 2398 721 2433 defuncti.
763 2395 780 2421 I.
805 2396 868 2429 Sy.
893 2393 1040 2420 Hereditas.
1065 2392 1106 2419 Ct'.
1129 2423 1130 2430 ἵ

268 2440 291 2467 1ι,
311 2450 335 2466 v.
358 2440 380 2474 §.
403 2441 424 2466 1.
461 2439 504 2467 111.
524 2441 590 2468 Cn.
618 2439 823 2470 successiones.
852 2438 1001 2473 caeterique
1028 2435 1107 2462 modi.
1129 2433 1130 2476 J

267 2483 363 2520 quibus
384 2499 414 2502 —
434 2483 577 2509 dominium
603 2482 778 2508 confirmatur.
804 2480 853 2507 Th.
875 2480 905 2507 C.
926 2480 969 2506 lV.
994 2481 1017 2506 6.
1043 2490 1063 2505 c.
1083 2481 1106 2505 ⁸,

268 2526 372 2559 (ch)
393 2526 424 2552 de
443 2530 526 2551 natur.
547 2525 583 2552 fil.
604 2525 648 2551 IX.
669 2528 701 2551 42
730 2535 750 2550 c.
773 2526 794 2550 1.
814 2534 852 2561 pr.
874 2523 906 2550 de
925 2523 986 2550 bon.
1007 2532 1107 2560 proscr.

269 2570 362 2596 Omnis
382 2568 535 2599 liberalitas,
556 2573 581 2594 et
601 2569 743 2595 successio.
765 2567 801 2593 lb.
822 2567 891 2594 XVI.
906 2569 929 2594 5.
951 2578 972 2593 c.
986 2569 1028 2593 40.
1048 2567 1069 2600 ξ.
1084 2568 1107 2591 3.

269 2611 301 2638 dc
320 2612 416 2639 haeret..
453 2611 640 2638 Vniversitatis
664 2612 789 2647 cuiusque
809 2611 957 2641 successio,
983 2619 1032 2646 qua
1052 2619 1108 2635 suc·
1130 2629 1132 2648 ἢ

270 2654 369 2681 ceditur
389 2656 414 2681 in
433 2656 474 2681 ius
494 2655 632 2681 demortui.
653 2654 682 2681 t'r.
696 2655 720 2680 3.
741 2663 779 2691 pr.
800 2653 832 2679 dc
851 2654 881 2680 B,
896 2652 921 2680 l'.
943 2654 984 2679 37.
1001 2654 1023 2678 l.
1060 2651 1110 2678 Ti*
1131 2649 1132 2654 ¹

270 2702 397 2724 stameuto
417 2697 527 2724 heredes
546 2699 652 2734 scripti,
677 2702 702 2723 et
726 2707 758 2723 ex
778 2706 808 2722 eo
829 2697 1024 2722 successionem
1045 2694 1111 2720 obti-
1131 2726 1132 2732 1

270 2745 369 2767 nentes.
390 2750 409 2766 c.
432 2743 453 2767 1.
473 2741 505 2767 de
524 2751 639 2767 success.
659 2742 738 2766 (5320.
775 2738 834 2765 Non
854 2749 886 2765 ex
906 2739 1003 2765 iudicio
1022 2738 1111 2764 desun—

271 2785 315 2815 cti,
334 2782 381 2809 sed
400 2785 576 2810 successionis
597 2784 754 2810 necessitate.
773 2782 861 2818 (quasi
881 2781 912 2808 ad
933 2792 976 2807 aes
997 2780 1109 2807 alienum

271 2826 460 2859 admittantur.)
481 2826 509 2852 t'r.
532 2829 552 2853 1.
573 2828 586 2861 ξ
608 2829 632 2853 3.
653 2831 680 2852 ut
700 2825 775 2861 legat.
795 2835 863 2851 serv.
884 2835 905 2851 c.
918 2826 960 2851 36.
975 2826 998 2850 3.
1037 2824 1109 2859 Quo-

272 2871 320 2896 ties
345 2869 444 2906 duplici
468 2870 523 2895 iure
547 2869 663 2896 defertur
686 2868 762 2895 alicui
787 2868 930 2895 successio.
955 2867 985 2894 sr.
1010 2868 1051 2894 91.
1076 2867 1108 2893 de

1074 201 1170 233 SUC.

1143 284 1174 311 R.
1194 284 1213 311 Ι.
1233 285 1274 310 50.
1296 285 1335 310 17.
1372 282 1513 321 Legitima,
1533 293 1553 311 s.
1574 284 1710 317 intestati,
1729 286 1872 312 successio.
1898 285 1939 313 Cf.
1963 296 1988 313 v.

1143 327 1293 353 Intestatus.
1314 326 1357 358 Vt,
1378 328 1422 363 qui
1442 333 1578 365 sperarent
1599 328 1666 355 lianc
1685 329 1889 356 successionem.
1910 329 1989 356 iidem

1144 375 1279 396 tuerentur
1298 370 1374 396 bona.
1389 369 1419 396 sr.
1437 372 1456 396 1.
1472 380 1510 407 pr.
1524 369 1640 407 delegit.
1657 376 1702 398 tut.
1717 373 1760 398 26.
1773 373 1798 397 4.
1812 385 1844 390 —
1859 371 1890 404 ξ.
1902 372 1989 399 ³.A.

1144 414 1328 440 Hereditas.
1365 413 1572 440 Vniveraitas
1596 416 1747 441 banorum
1772 416 1931 451 defuncti.
1968 413 1988 440 1.

1143 456 1206 490 Sy.
1230 455 1375 483 Hereditas
1401 454 1470 482 Coll.
1490 455 1542 482 LL.
1562 456 1593 483 M.
1618 456 1690 484 XVI.
1713 458 1738 483 3.
1759 467 1780 483 c.
1801 459 1825 483 4.
1849 458 1876 483 in
1900 466 1943 493 qu.
1967 465 1989 482 c.

1144 508 1210 525 cess.
1231 497 1247 524 l.
1267 503 1285 525 t.
1305 508 1344 536 pr.
1365 500 1387 525 7.
1406 500 1448 525 3-1.
1468 498 1510 525 Pr.
1530 499 1548 525 Ι.
1568 498 1602 526 de
1620 499 1690 536 legit.
1710 505 1812 538 patron.
1837 504 1884 526 tut.
1907 501 1928 526 l.
1950 500 1989 526 17.

1143 540 1185 567 111.
1200 542 1267 569 Cn·
1287 541 1479 568 Successiones
1493 552 1541 569 nec
1555 543 1666 580 capiant,
1685 553 1733 570 nec
1746 543 1901 580 relinquant.
1922 541 1990 569 Νῦν.

1143 583 1200 610 Val.
1221 583 1263 610 III.
1289 584 1321 611 de
1346 584 1457 611 manich.
1483 584 1514 612 11.
1540 586 1579 612 18.
1604 596 1625 612 c.
1653 587 1674 612 1.
1694 586 1716 619 §.
1737 588 1760 613 3.
1799 586 1990 612 Successiones

1143 628 1289 664 parentium
1315 627 1347 654 ad
1372 627 1502 664 legitimos
1531 627 1601 654 filios
1627 630 1706 655 variis
1730 630 1864 666 pertinent
1892 627 1988 654 modis.

1144 669 1190 696 Iul.
1215 680 1255 707 ep.
1280 680 1340 697 nov.
1365 681 1386 697 c.
1407 672 1447 697 82.
1473 671 1495 704 §.
1514 672 1573 698 309.
1598 670 1630 697 cf.
1655 671 1724 698 Coll.
1744 671 1798 698 LL.
1818 671 1851 698 M.
1871 670 1943 698 XVI.
1963 671 1989 697 3.

1145 712 1195 739 Th.
1216 713 1246 740 C.
1267 712 1311 740 IX.
1331 716 1354 740 9.
1375 724 1396 740 c.
1419 716 1438 739 1.
1458 714 1479 747 ξ.
1500 716 1524 740 5.
1545 713 1577 740 de
1597 713 1658 740 mul.
1682 725 1724 751 qu.
1749 724 1778 741 se
1802 724 1870 741 serv.
1895 713 1936 741 CI.
1958 712 1989 740 11.

1147 758 1186 783 16.
1213 766 1234 783 c.
1253 758 1279 783 2.
1303 757 1324 790 §.
1345 759 1368 782 4.
1395 756 1428 783 dc
1451 758 1544 792 integri
1569 762 1632 783 rest.
1670 758 1784 793 Quoties
1808 759 1876 784 inter
1899 765 1990 783 omncs

1146 799 1257 826 heredes
1277 804 1387 825 testator
1406 801 1601 826 successionem
1621 810 1693 826 suam
1713 800 1814 827 dividit.
1835 802 1911 827 c.10.
1931 799 1990 826 fam.

1147 843 1238 869 ercisc.
1257 844 1281 869 3.
1301 844 1343 869 36.
1381 842 1454 878 Quas
1475 847 1524 874 (sc.
1544 844 1608 877 res)
1627 842 1701 870 velut
1724 843 1757 870 dc
1781 844 1864 881 patris
1887 852 1991 869 succes-

1147 886 1230 915 sione.
1250 885 1321 911 filius
1341 890 1401 911 tuus
1421 886 1544 913 vindicat.
1564 896 1586 912 c.
1608 887 1629 913 1.
1649 886 1682 912 de
1701 885 1779 913 Carb.
1805 886 1881 913 edict.
1905 887 1928 912 6.
1950 886 1990 911 17.

1147 928 1175 955 81
1195 927 1321 954 exhausta
1341 927 1433 964 legatis
1453 930 1588 955 successio
1608 929 1743 966 probetur.
1764 939 1785 956 c.
1808 931 1828 955 l.
1849 930 1934 965 Quor.
1954 927 1989 954 le-

1147 975 1196 1007 gat.
1216 972 1240 998 8.
1259 973 1283 998 3.
1303 987 1336 991 —
1356 972 1387 1005 §.
1408 973 1498 998 3.1}.
1520 973 1603 999 Ordo
1623 974 1862 1007 insequentium
1879 973 1991 1007 pro-'u'-

1147 1016 1276 1041 mitalis
1301 1016 1407 1049 gradu
1435 1016 1587 1041 heredum.
1625 1017 1790 1042 Graduum
1818 1015 1989 1042 successio.

1146 1057 1189 1083 111.
1211 1058 1277 1084 Cn.
1296 1057 1349 1092 Qui
1368 1066 1416 1093 per
1434 1058 1643 1089 successionem,
1663 1059 1782 1094 quamvis
1802 1058 1990 1095 longissimam,

1146 1098 1270 1125 defuncto
1290 1098 1402 1126 heredes
1422 1101 1604 1127 constiterunt.
1625 1100 1655 1127 fr.
1671 1102 1728 1128 194.
1749 1101 1781 1127 de
1800 1101 1831 1128 R.
1850 1101 1868 1128 1.
1888 1103 1930 1127 50.
1951 1101 1990 1126 17.

1147 1141 1176 1168 Si
1201 1142 1274 1179 prius
1294 1152 1386 1180 nepos,
1407 1141 1502 1169 deinde
1520 1142 1591 1169 filius
1605 1143 1752 1176 decederet,
1772 1154 1804 1170 ne
1821 1144 1992 1171 successione

1147 1189 1333 1211 testamentum
1355 1190 1527 1222 rumperetur.
1547 1185 1577 1212 fr.
1595 1188 1637 1213 29.
1657 1187 1678 1220 ξ.
1697 1189 1722 1213 4.
1741 1188 1773 1214 cs.
1787 1187 1817 1214 1“ι·.
1830 1189 1872 1214 23.
1886 1187 1908 1221 §.
1924 1188 1945 1213 1.
1959 1185 1992 1212 de

1146 1227 1191 1254 lib.
1212 1233 1238 1254 et
1256 1228 1345 1265 postli.
1363 1230 1405 1255 28.
1425 1230 1449 1255 2.
1485 1228 1514 1255 ln
1533 1228 1678 1255 hereditate
1696 1229 1809 1264 legitima
1828 1229 1992 1256 successioni

1147 1271 1223 1298 locus
1242 1281 1294 1298 non
1314 1276 1366 1304 est,
1386 1288 1417 1291 —
1437 1272 1496 1309 quia
1516 1273 1600 1298 omnis
1620 1274 1754 1299 successio
1772 1273 1927 1310 proximiori
1949 1271 1993 1298 de·

1149 1314 1238 1341 fertur.
1258 1314 1330 1341 Paul.
1354 1314 1398 1342 IV.
1418 1316 1441 1341 8.
1462 1316 1483 1349 ξ.
1503 1316 1544 1342 23.
1570 1315 1626 1342 Gai.
1646 1315 1689 1342 111.
1711 1317 1749 1342 12.
1770 1315 1831 1353 le.
1849 1314 1947 1342 XXVI.
1966 1316 1991 1340 5.

1150 1373 1181 1377 —
1196 1358 1227 1391 §.
1241 1358 1326 1385 3.C·
1341 1360 1546 1385 successores
1561 1360 1635 1393 ipsi.
1655 1360 1793 1385 Heredes
1810 1359 1991 1394 (legitimi.)

1150 1400 1168 1428 1.
1187 1402 1248 1436 sy.
1267 1400 1370 1434 Liberi,
1396 1406 1422 1427 et
1444 1403 1540 1428 caeteri
1565 1403 1675 1437 cognati.
1705 1401 1735 1428 fr.
1755 1403 1796 1428 38.
1817 1411 1854 1439 pr.
1874 1401 1895 1435 ξ.
1916 1403 1938 1427 7.
1959 1400 1993 1428 de

1150 1444 1225 1480 legat.
1251 1443 1292 1470 111.
1317 1445 1393 1478 (32.)
1421 1444 1561 1481 Adgnatio.
1587 1444 1628 1471 Cf.
1655 1444 1678 1471 Ii.
1705 1454 1729 1471 v.
1753 1445 1774 1478 §.
1799 1446 1823 1471 3.
1864 1443 1906 1471 111.
1925 1445 1992 1472 Gn.

1151 1487 1254 1523 Quodsi
1280 1487 1377 1514 nullam
1403 1498 1434 1514 cx
1457 1489 1538 1525 priori
1562 1489 1728 1514 matrimonio
1751 1487 1871 1514 habuerit
1890 1497 1993 1514 succes-

1150 1532 1259 1563 sionem,
1278 1530 1321 1557 vel
1340 1535 1416 1557 natus
1430 1532 1517 1557 native
1530 1530 1701 1557 decesserint.
1722 1529 1772 1557 Th.
1787 1529 1817 1557 C.
1832 1530 1873 1557 111.
1893 1531 1918 1557 8.
1932 1540 1953 1557 c.
1965 1531 1991 1556 2.

1150 1574 1171 1607 ξ.
1190 1576 1214 1600 2.
1235 1573 1267 1600 de
1286 1584 1338 1600 sec.
1358 1579 1432 1611 nupt.
1452 1573 1508 1600 Xll.
1530 1575 1550 1600 1.
1571 1583 1592 1600 c.
1614 1575 1671 1600 123.
1696 1574 1734 1607 ἐξ.
1754 1575 1777 1599 5.
1798 1583 1837 1610 sq.
1862 1573 1895 1600 de
1914 1573 1991 1600 decu-

1149 1618 1214 1643 rion.
1235 1616 1317 1643 Filius
1337 1616 1434 1648 fratris,
1454 1622 1480 1643 et.
1498 1621 1615 1654 patruuS,
1635 1622 1661 1643 et
1675 1616 1800 1653 deinceps
1820 1620 1874 1642 tota
1888 1625 1992 1643 succes·

1149 1662 1198 1687 sio.
1222 1659 1294 1687 Paul.
1318 1659 1362 1687 IV.
1386 1661 1409 1687 8.
1433 1660 1454 1693 ς’.
1481 1662 1521 1686 13.
1559 1659 1777 1696 Consanguineae
1800 1659 1992 1686 successiones.

1150 1703 1184 1730 Ib.
1205 1704 1227 1737 §.
1246 1705 1288 1729 22.
1326 1702 1389 1729 Eius
1413 1702 1481 1728 bona
1501 1718 1533 1722 -—
1557 1702 1704 1729 ordinariae
1728 1703 1890 1729 successioni
1913 1701 1992 1728 relin-

1150 1751 1272 1783 quentur.
1295 1745 1331 1772 lb.
1356 1744 1399 1772 IV.
1426 1747 1464 1772 12.
1489 1746 1510 1779 §.
1539 1747 1559 1771 1.
1598 1745 1706 1772 Alienos
1730 1745 1914 1772 successiones
1932 1753 1993 1783 pro-

1151 1790 1216 1827 priis
1235 1794 1402 1826 anteponere.
1422 1798 1442 1815 c.
1462 1790 1504 1815 30.
1525 1787 1558 1814 de
1576 1788 1733 1815 fideicomm.
1753 1790 1776 1815 6.
1797 1790 1838 1815 42,

1185 1834 1397 1860 Successor.
1434 1832 1464 1864 ξ.
1485 1833 1519 1858 l.
1547 1833 1608 1864 Qui
1627 1834 1658 1858 iu
1678 1834 1780 1858 locum
1800 1833 1898 1858 etius
1917 1833 1993 1858 alee-

1151 1878 1218 1903 rius
1238 1877 1386 1902 succedit.
1424 1873 1467 1901 III.
1484 1875 1549 1901 Gn.
1570 1874 1650 1910 Quod
1672 1874 1787 1912 Principi
1805 1874 1925 1901 relictum
1944 1878 1992 1906 est,

1152 1936 1182 1939 —
1203 1918 1352 1946 successori
1371 1919 1427 1944 eius
1447 1917 1565 1944 debetur.
1592 1918 1622 1944 l'r.
1641 1919 1682 1944 56.
1707 1917 1740 1944 de
1764 1917 1838 1954 legat.
1867 1917 1897 1944 ll.
1916 1918 1992 1951 (31.)

1152 1963 1338 1999 Vnusquisque
1358 1972 1389 1987 ex
1403 1970 1451 1987 suo
1465 1960 1580 1986 admisso
1594 1961 1659 1987 sorti
1679 1960 1827 1992 subiicitur,
1847 1970 1895 1987 nec
1914 1959 1992 1986 alieni

1151 2007 1267 2033 criminis
1286 2014 1426 2032 successor
1445 2004 1621 2030 constituitur.
1642 2003 1671 2030 sr.
1685 2004 1727 2030 26.
1748 2003 1780 2030 de
1801 2013 1875 2040 poen.
1894 2004 1935 2030 48.
1950 2003 1990 2029 19.

1153 2066 1182 2070 —
1204 2050 1235 2082 ξ.
1255 2050 1291 2076 2.
1318 2049 1379 2081 Qui
1402 2049 1503 2074 alium
1526 2049 1687 2081 sequitur,
1713 2056 1839 2073 munere
1861 2046 1991 2081 publico

1145 2094 1347 2129 fungentem.
1385 2090 1414 2117 11.
1436 2091 1503 2124 01).
1524 2090 1693 2116 Antecessor.
1714 2088 1763 2116 Ch.
1784 2088 1808 2115 li.
1822 2099 1846 2115 v.
1861 2089 1882 2122 §.
1898 2090 1919 2114 1.
1939 2087 1992 2114 De-

1150 2145 1249 2162 cessor.
1277 2134 1324 2161 Iul.
1353 2144 1393 2171 ep.
1422 2143 1482 2159 nov.
1502 2143 1523 2159 c.
1543 2134 1584 2159 8⁸.
1604 2132 1625 2166 ξ.
1644 2134 1704 2159 337.
1741 2131 1783 2158 111.
1807 2133 1871 2159 Gn.
1900 2129 1991 2166 Neque

1152 2178 1285 2216 praefecti,
1304 2187 1388 2214 neque
1406 2176 1518 2207 tribuni,
1538 2180 1581 2202 aut
1600 2176 1708 2207 caeteri,
1729 2175 1772 2211 qui
1792 2173 1991 2200 successoribus

1152 2222 1266 2259 acceptis
1285 2220 1397 2247 militare
1415 2219 1546 2246 desinunt.
1567 2218 1595 2245 fr.
1615 2220 1657 2244 21.
1683 2217 1715 2244 de
1735 2216 1807 2243 milit.
1828 2220 1929 2242 testam.
1948 2217 1990 2242 29.

1153 2267 1175 2291 1.
1213 2265 1309 2300 Quive,
1329 2273 1386 2290 cum
1406 2264 1428 2289 ei
1449 2263 1474 2289 in
1493 2262 1627 2300 provincia
1646 2269 1796 2287 successum
1816 2263 1900 2290 esset,
1920 2268 1992 2285 exer-

1152 2309 1230 2334 citum
1250 2307 1399 2333 successori
1419 2315 1471 2332 non
1491 2304 1606 2331 tradidit.
1626 2303 1656 2330 sr.
1674 2305 1698 2329 3.
1718 2301 1750 2328 ad
1769 2301 1798 2328 L.
1812 2301 1858 2328 Iul.
1873 2302 1929 2328 mai.
1949 2302 1992 2329 48.

1152 2353 1175 2377 4.
1212 2350 1304 2387 Vsque
1322 2349 1353 2376 ad
1373 2349 1513 2375 adventum
1533 2346 1694 2374 successoris
1714 2345 1799 2371 onmia
1819 2344 1916 2371 debere
1929 2343 1992 2371 Pro-

1153 2404 1206 2420 cos.
1231 2403 1312 2429 agere.
1338 2392 1368 2419 l'r.
1390 2394 1428 2418 10.
1449 2401 1487 2429 pr.
1513 2390 1545 2418 de
1568 2389 1610 2416 off.
1630 2388 1705 2414 Proc.
1726 2393 1751 2414 et
1771 2387 1832 2424 Leg.
1854 2389 1876 2413 l.
1898 2388 1937 2414 16.
1958 2387 1989 2414 cl'.

1153 2436 1244 2463 1¹:249.
1273 2436 1294 2469 ξ.
1321 2437 1342 2461 1.
1373 2434 1404 2461 de
1433 2434 1510 2461 indic.
1537 2435 1561 2459 5.
1584 2434 1605 2458 1.
1642 2431 1695 2466 Qui
1723 2440 1904 2457 successorem
1931 2435 1991 2456 ante

1154 2484 1256 2516 tempus
1276 2479 1383 2516 accepit.
1404 2478 1435 2504 fr.
1455 2479 1478 2503 4.
1498 2476 1530 2502 de
1550 2475 1592 2501 oll'.
1610 2474 1712 2500 adm-ss.
1736 2475 1757 2500 1.
1776 2475 1818 2500 22.
1856 2473 1909 2508 Qui
1934 2482 1992 2499 suc-

1153 2532 1284 2548 cessoren)
1309 2532 1358 2547 suo
1382 2519 1498 2557 periculo
1523 2518 1672 2544 nominavit..
1697 2517 1726 2543 fr.
1750 2518 1787 2543 15.
1814 2517 1835 2550 ξ.
1858 2518 1879 2542 I.
1899 2515 1929 2542 fr.
1951 2518 1990 2542 17.

1130 2550 1131 2574 1
1153 2565 1174 2598 ξ.
1196 2567 1234 2591 14.
1255 2565 1286 2591 ad
1306 2565 1400 2591 munic.
1420 2564 1460 2588 50.
1483 2563 1504 2587 1.
1524 2576 1555 2580 -
1587 2562 1616 2594 ,6.
1637 2562 1673 2586 3.
1701 2562 1763 2593 Qui
1785 2569 1888 2586 rerum
1912 2561 1990 2585 alte-

1153 2610 1236 2640 rius,
1267 2610 1492 2634 universarum
1527 2606 1787 2639 singularumve,
1821 2604 1870 2628 ius
1902 2604 1935 2629 in
1962 2612 1992 2628 se

1154 2652 1338 2677 transtulit.
1375 2648 1392 2674 I.
1416 2648 1477 2681 Sy.
1503 2647 1555 2682 Qui
1580 2645 1698 2673 succedit
1721 2647 1746 2672 iu
1771 2645 1856 2671 locum
1876 2645 1991 2671 alterius.

1155 2693 1314 2719 Succedens.
1341 2691 1370 2718 I'r.
1391 2693 1413 2717 7.
1438 2691 1459 2724 ς’.
1479 2691 1502 2716 8.
1527 2689 1559 2716 de
1583 2690 1687 2716 iureiur.
1710 2691 1747 2715 12.
1767 2690 1791 2715 2.
1817 2688 1847 2714 sr.
1868 2690 1889 2714 l.
1909 2687 1930 2721 ξ.
1952 2688 1990 2713 13.

1156 2738 1206 2772 Qu.
1227 2736 1303 2771 legat.
1322 2736 1363 2761 43.
1382 2736 1405 2760 3.
1427 2733 1476 2759 Th.
1496 2732 1527 2759 C.
1547 2732 1591 2759 XI.
1611 2734 1635 2758 3.
1656 2742 1670 2758 c
1691 2733 1714 2758 5.
1735 2732 1791 2758 sine
1811 2740 1891 2757 censu
1910 2740 1932 2756 v.
1952 2738 1991 2756 rc-

1154 2779 1218 2816 liqu.
1255 2778 1350 2809 Heres,
1377 2776 1529 2813 similesque
1551 2785 1687 2812 personae.
1710 2774 1893 2801 Successores.
1917 2771 1947 2798 sr.
1965 2773 1988 2798 5.

1153 2822 1189 2856 §§.
1214 2824 1237 2848 5.
1263 2823 1302 2847 13.
1327 2820 1358 2846 de
1383 2820 1407 2846 l1.
1432 2821 1476 2856 qui
1500 2818 1579 2845 eli'ud.
1603 2819 1626 2844 9,
1646 2818 1670 2844 3.
1708 2817 1750 2843 III.
1772 2818 1837 2844 Gn.
1861 2813 1990 2843 Heredum

1153 2874 1257 2895 nomen,
1275 2863 1317 2890 vel
1337 2872 1528 2894 successorum,
1547 2870 1690 2897 eorumque
1709 2860 1740 2887 ad
1758 2869 1824 2896 quos
1839 2869 1866 2886 ea
1880 2867 1921 2885 Pes
1934 2867 1991 2894 ΡΗ·-
