2197 3121
927 177 1015 209 CAN
1039 197 1081 201 —
1105 177 1197 209 CAP.

192 271 291 300 petua
320 265 570 298 qualiscunque,
602 262 750 296 praediis
779 261 946 294 imposita.
992 260 1035 286 III.
1059 270 1061 283 ι

196 308 259 335 Gn.
296 306 386 333 Tertia
406 306 493 343 portio
513 306 569 331 eius
589 304 711 333 canoniS.
736 304 781 340 qui
801 313 832 329 ex
852 302 918 329 loris
938 302 1038 329 sundis-
1059 311 1061 328 t

195 360 247 386 que
265 349 366 386 reipub.
387 348 527 385 quotannis
546 346 660 373 conferri
680 346 756 372 solet.
785 346 822 372 Ib.
835 345 894 372 XV.
916 347 939 372 1.
960 356 981 372 c.
995 347 1036 372 33.
1060 345 1061 348 ’

194 392 228 419 de
247 402 308 429 opp.
328 392 390 429 pub.
421 391 452 418 cf.
471 391 504 417 X.
524 392 548 416 3.
573 400 595 416 c.
614 392 638 416 5.
664 389 696 415 ‹h›
720 389 770 415 loc.
790 388 861 414 fund.
882 390 929 415 iur.
951 388 1036 426 emph.
1059 420 1061 426 .

194 434 327 461 Personae
354 444 406 461 non
435 433 595 471 prohibitae.
629 432 677 458 sed
705 442 846 458 concessae
875 436 901 458 et
928 431 1060 459 idoneae}

194 477 228 504 ad
246 477 403 504 solvendum
422 476 646 514 emphyteuticum
666 484 798 501 canonem.
831 484 852 500 c.
876 475 900 500 3.
925 474 958 500 de
982 475 1038 500 iure
1059 495 1061 501 .

195 520 281 557 emph.
299 523 324 546 4.
345 521 386 546 66.

231 561 517 591 Canoniearius.
556 561 683 594 (Subst.)
722 561 849 587 Canoni
878 561 1037 594 exigendo
1058 550 1061 569 ¹

191 607 392 641 praefectus.
429 603 470 630 III.
492 605 557 631 Cn.
591 603 653 630 Sive
672 602 751 629 iudex
770 604 817 635 sit,
841 603 898 628 sive
917 602 1036 634 curialis,

193 649 251 674 sive
270 648 396 676 vindices.
416 646 459 673 vel
479 647 646 678 canonicarii,
665 646 721 671 sive
740 645 783 672 alii
798 645 902 677 fuerint,
924 644 955 671 ad
970 655 1036 681 quos
1058 656 1060 690 >

193 691 316 728 publicae
330 691 475 717 exactionis
489 689 635 727 periculum
648 689 764 725 respicit.
792 687 885 714 Iuliani
900 689 961 725 epit.
975 698 1035 713 nov.

194 744 215 760 c.
237 735 295 760 124.
315 733 352 767 ἓξ.
365 734 424 759 545.
445 743 485 769 sq.
523 732 618 758 Nullus
638 731 669 757 ad
688 731 850 768 provinciam
869 731 1037 767 magnificen-

193 778 244 803 tiae
264 781 323 802 tuae
342 776 536 807 canonicarios,
556 773 644 800 nullus
663 773 802 810 palatinus.
822 773 911 800 nullus
925 779 1036 800 armatae

192 820 333 857 potestatis
352 820 473 845 minister
491 817 605 844 accedat.
642 816 708 843 Νῦν.
728 816 861 843 Maiorian.
886 816 919 843 de
938 816 1035 853 indulg.

192 861 318 898 reliquor.
338 861 382 888 IV.
403 864 427 887 3
448 871 469 887 c.
490 862 512 886 l.
532 860 554 894 ᾗ.
574 862 599 885 2.
624 859 655 885 cs.
675 859 696 893 §.
718 861 740 886 1.
770 859 834 886 Iust.
854 859 885 886 C.
910 870 931 886 c.
952 862 976 887 9.
996 870 1035 897 pr.
1058 858 1059 863 ¹

192 904 225 931 de
245 909 359 931 exactor.
379 904 470 930 tribut.
491 905 531 928 10.
552 903 592 928 19.
1058 906 1059 910 ¹

229 947 454 975 eanonicus,
483 945 621 977 (Adiect.)
659 944 690 977 ξ.
714 946 749 971 1.
779 947 828 971 ..td
845 955 994 977 canones,
1013 956 1035 972 v.

191 992 378 1017 sanctiones
397 990 567 1020 ecclesiae,
587 994 749 1021 spectans.
786 987 828 1014 ΙΙΙ,
845 989 910 1015 Gn.
930 987 1036 1024 Siquid

191 1034 346 1059 canonicum
357 1031 489 1059 acciderit.
507 1031 557 1057 hoe
568 1030 678 1056 Praeses
694 1040 752 1056 cum
763 1030 965 1067 metropolitano
977 1041 1036 1068 pro-

191 1077 293 1102 vinciae
306 1074 448 1112 disponere
467 1073 552 1100 debet.
580 1073 670 1100 Iulian.
685 1072 702 1099 Ι.
716 1072 732 1099 l.
747 1082 768 1100 c.
779 1075 820 1099 21.
835 1074 857 1107 ξ.
871 1075 911 1100 76,
940 1073 1035 1100 Poenis
1057 1087 1058 1091 =

191 1119 324 1145 canonicis
343 1117 447 1143 subiici.
476 1117 513 1143 Ib.
528 1127 549 1143 c.
566 1119 623 1142 115.
643 1116 665 1150 ᾗ.
680 1117 738 1142 457.
759 1132 791 1136 —
812 1117 843 1149 ξ.
863 1118 898 1143 2.
918 1119 966 1143 Act
984 1127 1035 1143 ca·
1057 1127 1058 1137 1

191 1172 299 1189 nonem
328 1162 535 1187 ordinarium
562 1161 731 1194 pertinens
782 1159 800 1186 I.
823 1161 884 1194 sy.
918 1159 1034 1186 Collatio

190 1214 274 1230 annua
293 1203 440 1237 (vestium).
477 1201 579 1228 Canon.
617 1202 765 1228 Canonicae
785 1202 908 1235 (vestes).
930 1201 980 1228 Th.
1001 1202 1032 1229 C.

189 1246 235 1274 XI.
255 1248 279 1273 9.
300 1256 321 1272 c.
341 1248 364 1272 1.
384 1255 423 1281 sq.
449 1245 482 1271 do
501 1244 575 1271 distr.
595 1246 697 1282 pigner.
728 1244 782 1272 VII.
803 1246 827 1271 6.
848 1255 868 1271 c.
888 1248 912 1271 2.
937 1245 970 1271 de
989 1246 1034 1271 mi·
1055 1254 1057 1281 t

190 1289 260 1316 litar.
283 1293 365 1315 veste.
407 1287 437 1314 II.
466 1289 532 1322 Op.
563 1288 821 1319 Extrzmrdinarium,
849 1288 1034 1325 superindicti-

190 1333 296 1358 tiumve.
316 1347 349 1351 -—
369 1330 503 1357 Canonica
522 1332 566 1365 (et
586 1333 728 1364 consueta)
748 1331 839 1358 illatio.
868 1331 906 1357 lb.
926 1331 971 1357 XI.
992 1332 1032 1358 16.

189 1385 212 1401 c.
231 1377 256 1401 2.
277 1374 309 1401 de
329 1379 394 1400 extr.
414 1384 436 1400 s.
456 1374 526 1400 sord.
546 1374 617 1401 XVI.
636 1376 661 1401 2.
682 1385 703 1401 c.
723 1376 764 1401 40.
785 1374 817 1401 de
836 1375 953 1412 episcop.
969 1374 1032 1401 eccl.
1055 1376 1056 1398 1

188 1417 232 1444 III.
248 1419 314 1445 Gn.
344 1416 452 1443 Praeter
471 1417 602 1444 solemnes
628 1422 653 1443 et
672 1419 810 1444 canonicas
829 1418 1031 1455 pensitationes.
1055 1434 1056 1448 χ

189 1461 227 1487 ΙΙ).
251 1460 320 1487 Vssl.
344 1462 384 1486 10.
414 1470 435 1486 c.
454 1462 478 1486 2.
504 1460 536 1486 de
560 1470 681 1487 concuss.
714 1460 745 1487 cf.
769 1461 814 1487 XI.
842 1463 881 1486 ΙΙ.
906 1471 927 1487 c.
949 1463 971 1487 l.
999 1471 1031 1487 ne

190 1504 275 1530 damn.
291 1504 408 1541 provinc.
438 1502 587 1530 Canonicae
606 1502 759 1530 indictionis
779 1503 913 1530 tributum.
937 1503 974 1529 ΙΙ).
990 1502 1032 1530 VI.
1055 1501 1056 1508 ¹

189 1548 231 1573 26.
253 1557 275 1573 c.
296 1548 336 1573 14.
356 1556 395 1583 pr.
420 1546 453 1572 de
476 1547 587 1583 proxim.
609 1545 705 1573 Comit.
748 1546 844 1572 Vestes
867 1551 945 1583 atque
965 1547 1033 1582 equi.

190 1594 362 1626 caeteraeque
386 1590 526 1615 canonicae
550 1590 662 1626 species.
696 1589 733 1615 lb.
753 1589 822 1616 XIII.
843 1591 866 1616 5.
892 1599 913 1616 c.
934 1591 974 1615 14.
994 1600 1033 1626 pr.

189 1632 223 1659 de
242 1632 382 1658 navicular.

226 1675 515 1702 Gantabrarius.
558 1677 713 1702 Portitor
737 1677 986 1709 cantabrorum,
1015 1685 1033 1702 ε.

189 1719 396 1744 vexillorum.
441 1717 484 1744 III.
511 1719 577 1745 (711.
616 1717 791 1753 Collegiatos.
824 1734 856 1738 ——
885 1718 1033 1755 signiferos.
1055 1711 1057 1739 l

191 1760 383 1792 cautam-arios,
408 1765 434 1786 et
458 1760 619 1797 singularum
643 1760 746 1787 urbium
770 1766 925 1798 corporatos
945 1777 977 1781 -
997 1772 1035 1788 re-
1055 1767 1056 1772 ¹

189 1803 286 1829 vocari.
315 1802 352 1829 lb.
371 1802 442 1829 XIV.
464 1805 487 1829 7.
509 1814 530 1830 c.
549 1805 574 1829 2.
595 1803 627 1829 de
647 1803 776 1839 collegiat.

226 1846 450 1873 cantamen.
506 1847 549 1872 Ca
557 1847 645 1872 nticu
654 1856 677 1872 m
690 1866 696 1877 ‚

190 1887 233 1914 III.
253 1889 318 1915 Gn.
344 1887 373 1914 Si
394 1889 452 1924 quis
472 1898 570 1924 magus,
589 1887 631 1914 vel
650 1889 756 1924 magicis
777 1889 967 1915 cantaminibus
989 1890 1031 1923 [al.

190 1930 396 1964 contaminibus]
417 1930 556 1963 adsuetus,
581 1947 613 1950 -—
633 1935 677 1957 aut
695 1931 828 1968 haruspex
849 1936 897 1957 etc.
930 1932 967 1958 lb.
986 1932 1032 1959 IX.
1054 1923 1056 1972 ἐ

190 1974 230 1999 16.
251 1983 272 1999 c.
294 1974 318 1999 6.
338 1973 370 1999 de
389 1973 499 1999 malefic.

225 2016 403 2043 eantare.
446 2017 477 2050 ἕ.
502 2018 536 2043 l.
568 2018 683 2043 Palam
706 2019 862 2049 recitare,
888 2019 1033 2045 Pronun-

187 2061 284 2086 ciare.
321 2058 363 2085 III.
385 2060 451 2086 Gn.
482 2058 615 2091 Saltandi,
639 2059 794 2086 cantandivc
819 2070 895 2086 causa
916 2062 942 2087 in
963 2071 1033 2087 scae-

187 2111 247 2128 nam
266 2101 381 2139 prodirc.
401 2101 431 2128 fr.
446 2104 487 2128 24.
508 2113 547 2139 pr.
568 2102 600 2129 ad
618 2102 648 2129 L.
669 2103 715 2129 Iul.
737 2102 769 2129 de
789 2102 828 2129 ad.
848 2104 889 2129 48.
908 2106 932 2130 5.
962 2104 1033 2131 Psal-
1054 2107 1055 2111 ’

188 2145 283 2171 terium
302 2160 334 2164 -
353 2146 379 2171 in
399 2142 506 2171 alterius
526 2145 657 2172 infamiam
677 2147 862 2183 compositum,
883 2151 908 2172 et
926 2147 1033 2184 publice
1054 2158 1055 2161 ¹

189 2192 327 2214 cantatum.
355 2187 427 2214 Paul.
448 2187 480 2214 V.
500 2190 523 2214 4.
543 2189 565 2222 ς’.
581 2190 621 2215 16.
642 2188 673 2215 cf.
694 2189 724 2215 sr.
746 2191 785 2215 15.
805 2189 827 2222 ξ.
841 2190 883 2215 27.
904 2189 936 2216 de
955 2191 1031 2217 iniur.

189 2231 231 2256 47.
254 2232 293 2257 10.
314 2246 346 2250 —-
370 2232 401 2264 ξ.
422 2232 457 2257 2.
486 2233 608 2258 Iterum
628 2234 813 2267 iterumque
828 2235 1031 2267 praedicare.

189 2272 232 2299 III.
249 2274 314 2300 Gn.
337 2273 394 2300 Hoc
413 2275 481 2300 enim
500 2279 557 2300 toto
576 2275 633 2301 iure
652 2280 781 2301 cantatum
797 2280 846 2307 est,
867 2277 908 2308 (ut
922 2277 1032 2313 scriptu-

190 2325 245 2342 ram
263 2315 380 2352 prolator
399 2316 544 2350 adfirmet).
578 2317 627 2344 Th.
649 2317 679 2344 C.
700 2317 729 2344 II.
753 2320 795 2344 27.
820 2329 841 2345 c.
867 2321 890 2344 l.
915 2320 936 2353 ξ.
958 2321 980 2345 l.
1009 2321 1031 2346 si
1053 2322 1054 2330 ¹

191 2363 253 2384 cert.
274 2363 326 2394 pet.
346 2359 378 2385 de
397 2360 508 2396 chirogr.

227 2402 441 2429 cantharis.
491 2405 710 2436 Scarabacus,
742 2414 778 2430 ea·
806 2415 864 2439 qao
893 2407 1054 2442 medica-y

190 2450 325 2470 mentum
354 2447 493 2472 ducitur.
539 2445 581 2472 III.
606 2448 671 2474 Gn.
704 2446 872 2483 Pigmcntarii
893 2449 915 2474 si
936 2450 976 2474 cui
996 2453 1031 2474 tc·
1052 2459 1054 2462 ’

190 2495 260 2512 mere
280 2487 398 2519 cicutam,
418 2487 613 2521 salamandram,
634 2506 666 2509 -
686 2495 711 2516 et
730 2490 756 2516 id
777 2490 846 2526 quod
866 2490 1030 2517 lustramenti
1052 2497 1053 2523 Ῐ

191 2538 268 2555 causa
288 2529 421 2561 dederim,
442 2532 613 2558 cantharidas.
644 2532 673 2560 fr.
688 2535 711 2559 3.
732 2534 753 2567 §.
773 2536 797 2560 3.
818 2533 850 2560 ad
870 2533 899 2560 L.
921 2534 983 2561 Cor.
999 2534 1030 2560 de
1052 2530 1053 2533 Ι

190 2573 236 2598 sic.
257 2574 298 2598 45.
318 2574 341 2599 8.
589 2584 593 2585 ⁷

227 2616 452 2643 cantharus.
492 2619 626 2645 Fistula
647 2621 800 2653 personis
825 2626 956 2652 ornata,
981 2631 1030 2647 sa-

190 2661 351 2686 lientibus
378 2662 567 2686 emittendis
595 2668 681 2699 apta.
724 2662 765 2689 III.
787 2664 852 2690 Gn.
880 2663 1052 2689 Antoniam-¹

190 2702 240 2733 ria,
270 2706 311 2728 aut
337 2702 360 2728 si
386 2703 430 2738 qui
454 2703 584 2735 canthari,
612 2714 660 2740 per
683 2715 749 2741 quos
775 2716 856 2742 aquae
881 2706 978 2732 saliunt
997 2723 1029 2726 —

190 2745 300 2771 maxime
315 2746 336 2770 si
351 2746 497 2782 imposititii
512 2747 572 2773 sint.
594 2746 623 2772 fr.
637 2749 678 2774 41.
694 2749 715 2782 ξ.
731 2751 770 2775 11,
786 2749 817 2775 de
831 2749 906 2785 legat.
919 2752 940 2776 l.
953 2750 1028 2782 (30.).

226 2788 439 2815 Canticum.
479 2791 661 2816 Cantilena.
697 2790 740 2817 ΙΙΙ.
758 2793 823 2819 θη.
853 2793 905 2827 Qui
926 2803 1028 2819 carmen

191 2830 317 2858 famosum
336 2833 362 2857 in
382 2833 501 2858 iniuriam
517 2832 635 2861 alicuius.
656 2833 698 2860 vel
711 2834 759 2860 alia
774 2835 907 2872 quaelibet
920 2837 1027 2863 cantica.

737 1848 1032 1873 lna-antamentam.

1867 181 1923 210 lll

1083 270 1134 296 quo
1154 259 1277 296 adgnosci
1301 261 1400 297 possit,
1427 261 1612 298 composuerit.
1642 260 1712 287 Paul.
1733 259 1764 287 V.
1792 262 1815 287 4.
1840 261 1862 294 §.
1884 263 1922 287 15.

1082 302 1252 335 Psalterium,
1282 303 1353 339 quod
1376 303 1455 340 vulgo
1480 304 1575 330 dicitur
1599 305 1741 334 canticum.
1766 305 1791 330 in
1816 303 1923 330 alterius

1082 346 1212 373 infamiam
1235 347 1424 383 compositum,
1453 351 1479 373 et
1501 346 1608 384 publice
1631 351 1768 373 cantatum.
1806 346 1843 373 ΙΙ).
1869 346 1885 373 Ι.
1906 347 1922 373 l.

1082 389 1104 422 §.
1126 390 1166 415 16.

1118 432 1269 459 Cantor.
1315 434 1380 465 Qui
1402 434 1530 459 scholae
1556 438 1767 459 cantatorum
1793 438 1922 466 praeest

1082 476 1113 500 iu
1139 476 1284 501 ecclesia.
1326 475 1368 501 ΙΙΙ.
1394 476 1459 502 Cn.
1488 474 1572 501 Cuius
1598 475 1784 511 (sc..gradus)
1811 475 1922 501 clericus

1082 527 1133 542 non
1153 516 1310 554 prohibetur
1329 528 1437 544 uxorem
1457 517 1565 549 habere,
1587 518 1671 555 qualis
1691 522 1732 544 cst
1751 518 1846 554 gradus
1866 528 1923 545 can-

1081 565 1167 586 torum
1187 565 1212 586 et
1235 560 1371 587 lectorum.
1404 560 1497 586 Iuliani
1518 562 1578 597 epit.
1603 572 1663 588 nov.
1689 572 1710 587 c.
1730 562 1753 587 4.
1778 561 1799 595 ξ.
1819 563 1861 587 20.
1890 560 1921 587 cs.

1058 593 1060 617 ἕ
1082 613 1103 629 e.
1122 604 1164 629 36.
1184 603 1206 637 ξ.
1228 605 1284 630 159.
1305 613 1326 629 c.
1348 605 1405 630 115.
1425 603 1447 637 ς.
1467 604 1526 630 453.

1117 646 1329 679 capacitas.
1368 646 1398 679 §0
1422 648 1456 672 l.
1489 647 1682 673 Destinatio
1706 653 1733 674 et
1757 648 1922 674 habilitas

1081 691 1121 715 ad
1147 691 1279 723 aliquid
1304 690 1535 723 recipiendum.
1577 689 1619 716 III.
1643 691 1708 717 (7η.
1736 689 1815 716 Vasis
1835 699 1922 726 argen-

1080 732 1129 757 teis
1149 730 1251 767 legatis,
1272 742 1300 758 ea
1320 732 1404 757 omnia
1425 733 1605 761 continentur.
1630 743 1695 768 quae
1715 734 1853 769 capacitati
1878 733 1922 759 ali-

1081 775 1121 800 cui
1139 779 1227 811 parata
1247 779 1316 801 sunt.
1350 774 1422 801 Paul.
1434 774 1477 801 ΙΙΙ.
1491 776 1515 801 6.
1529 775 1551 808 ξ.
1566 777 1607 801 86.
1644 774 1673 801 In
1693 776 1789 811 quibus
1809 776 1858 809 (se.
1880 786 1921 802 σε·

1083 816 1171 849 cdris)
1191 822 1291 844 tantum
1311 817 1490 854 amplitudinis
1510 823 1536 844 ct
1555 818 1658 844 decoris
1677 828 1736 844 esse
1754 823 1922 850 monstratur,

1081 865 1109 886 nt
1128 860 1242 897 publicis
1262 860 1406 887 commodis
1425 861 1532 898 possint
1555 862 1705 898 capacitatis
1731 866 1756 887 et.
1779 861 1922 898 pulchritu-

1057 915 1059 929 ς
1080 902 1149 929 dinis
1168 913 1230 929 suae
1250 902 1420 929 admiratione
1440 903 1570 930 sufficere.
1600 903 1650 930 Th.
1671 904 1702 930 C.
1721 903 1780 930 XV.
1802 906 1823 930 1.
1844 914 1865 930 c.
1879 905 1921 930 53.

1081 946 1113 972 de
1133 956 1204 983 oper.
1224 945 1286 982 pub.
1324 945 1423 972 Navem
1446 956 1494 972 nec
1519 946 1603 973 fact-re.
1626 957 1734 979 novam,
1758 957 1806 973 nec
1825 947 1922 972 instau-

1081 999 1150 1021 rarc,
1174 990 1241 1015 intra
1266 990 1436 1026 capacitatem
1459 988 1514 1015 XL.
1536 999 1667 1026 cuparum.
1697 1006 1729 1009 —
1758 989 1922 1016 Privatorum

1081 1042 1160 1058 naves
1173 1032 1302 1068 legitimae
1316 1033 1475 1069 capacitatis
1501 1031 1567 1058 Nov.
1583 1031 1685 1058 Valent.
1699 1032 1742 1058 III.
1762 1032 1795 1058 de
1809 1031 1919 1058 navicul.

1080 1076 1172 1101 amnic.
1191 1075 1222 1101 ΙΙ,
1241 1076 1283 1101 29.
1304 1085 1324 1101 c.
1346 1077 1369 1101 1.
1389 1076 1411 1109 ξ.
1430 1077 1455 1101 2.
1489 1074 1521 1101 cl'.
1542 1074 1591 1101 Th.
1612 1074 1642 1101 C.
1662 1075 1731 1101 XIII.
1751 1077 1775 1101 9.
1796 1086 1817 1101 c.
1836 1077 1860 1102 2.
1888 1074 1920 1101 de

1079 1118 1194 1154 naul'rag.
1213 1117 1282 1144 XIII.
1303 1120 1326 1144 5.
1348 1128 1368 1144 c.
1389 1120 1430 1144 28.
1451 1118 1483 1144 dc
1504 1118 1644 1144 navicular.
1676 1134 1708 1137 —-
1737 1119 1767 1152 §.
1789 1120 1824 1144 2.
1857 1120 1921 1145 Fa-

1078 1164 1185 1188 cultas
1204 1167 1233 1187 et
1254 1163 1303 1187 ius
1322 1163 1475 1195 cupiendi
1494 1162 1539 1194 (ex
1553 1160 1660 1187 alterius
1674 1166 1830 1187 testamento
1850 1161 1920 1195 ctc.).

1055 1198 1057 1227 ⁴³
1078 1204 1120 1231 ΙΙΙ.
1141 1206 1206 1232 Gn.
1227 1204 1256 1230 Si
1277 1214 1306 1230 eo
1326 1203 1424 1230 herede
1443 1205 1578 1236 instituto,
1599 1205 1643 1240 qui
1662 1204 1703 1230 vel
1723 1204 1788 1230 nihil
1807 1203 1850 1230 vel
1869 1213 1921 1230 non

1078 1252 1162 1274 totum
1181 1257 1275 1284 capere
1293 1251 1396 1284 potest,
1421 1257 1497 1273 servo
1522 1246 1680 1273 hereditario
1704 1246 1816 1283 legatum
1836 1246 1921 1279 fuerit,

1078 1290 1250 1317 tractantibus
1270 1290 1347 1316 nobis
1367 1290 1400 1316 dc
1415 1291 1570 1327 capacitate.
1590 1289 1732 1316 videndum
1752 1294 1800 1316 ete.
1830 1289 1860 1316 fr.
1879 1292 1919 1316 55.

1055 1323 1056 1329 .
1078 1334 1099 1367 ξ.
1116 1335 1138 1360 1.
1158 1333 1190 1359 dc
1208 1333 1285 1369 legat.
1305 1333 1335 1359 II.
1357 1334 1424 1367 (31.)
1462 1332 1622 1370 Capacitatis
1642 1332 1780 1370 privilegio
1799 1332 1922 1359 videlicet

1079 1381 1104 1403 et
1122 1376 1200 1402 modo
1220 1377 1353 1413 inspecto,
1378 1381 1406 1402 ut
1430 1376 1613 1402 consideretur
1632 1375 1695 1412 quid
1715 1386 1807 1412 capere
1826 1377 1920 1412 potuit.

1078 1419 1128 1446 Th.
1142 1418 1173 1446 C.
1193 1419 1237 1445 ΙΧ.
1258 1420 1299 1445 42.
1320 1429 1342 1445 c.
1363 1421 1385 1445 l.
1404 1429 1444 1456 pr.
1465 1419 1497 1446 de
1516 1419 1577 1446 bon.
1597 1429 1698 1456 proscr.
1728 1419 1759 1445 cf.
1774 1418 1835 1456 le.
1848 1417 1920 1445 XVI.

1079 1462 1187 1495 (Rubr.)
1208 1478 1240 1481 -
1261 1462 1291 1495 §.
1312 1463 1349 1488 3.
1378 1463 1578 1489 Intellectus.
1615 1462 1657 1488 III.
1674 1464 1739 1490 011.
1763 1461 1920 1499 Reperimus

1079 1515 1181 1531 omnem
1204 1505 1291 1541 legum
1314 1505 1444 1531 tramitem
1468 1521 1501 1524 —
1525 1506 1560 1531 ita
1583 1515 1642 1531 esse.
1662 1504 1813 1537 confusum,
1838 1509 1867 1531 ut
1893 1506 1919 1531 in

1056 1549 1057 1581 j
1079 1548 1210 1575 infinitum
1230 1547 1394 1580 extendatur,
1415 1553 1440 1574 et
1459 1547 1557 1574 nullius
1577 1548 1703 1574 humanae
1722 1553 1828 1574 naturae
1847 1558 1920 1585 capa-

1056 1588 1057 1633 }
1079 1593 1156 1618 citate
1176 1590 1356 1617 concludatur.
1382 1601 1403 1617 c.
1419 1593 1440 1618 1.
1456 1591 1478 1624 §.
1494 1593 1516 1617 1.
1536 1591 1569 1617 de
1587 1596 1639 1617 vet.
1653 1592 1709 1617 iure
1723 1591 1807 1617 euucl.
1828 1592 1850 1617 1.
1863 1592 1903 1617 17.

1114 1635 1255 1667 Capax.
1292 1635 1323 1668 ξ.
1344 1635 1378 1660 l.
1410 1636 1539 1665 Potens,
1564 1636 1753 1668 Recipiens,
1774 1636 1918 1661 Patiens.

1055 1683 1057 1706 ζ
1078 1678 1096 1704 Ι.
1117 1679 1179 1712 Sy.
1215 1676 1287 1703 Dolo
1306 1687 1359 1703 non
1383 1687 1479 1703 carcre.
1517 1676 1580 1703 Doli
1605 1687 1725 1714 capacem
1749 1686 1816 1702 csse.
1844 1676 1875 1703 sr.
1895 1678 1919 1703 4.

1079 1721 1100 1754 ξ.
1120 1722 1162 1746 26.
1193 1720 1225 1746 de
1245 1720 1269 1746 d.
1289 1730 1321 1746 m.
1347 1730 1401 1746 cxc.
1427 1721 1468 1745 44.
1493 1721 1516 1745 4.
1554 1719 1583 1745 Si
1607 1719 1655 1745 hac
1679 1720 1731 1745 sint
1756 1724 1853 1751 aetate,
1878 1720 1919 1746 cui

1078 1764 1176 1790 crimen
1203 1764 1290 1799 possit
1319 1763 1426 1799 opponi.
1473 1761 1523 1788 Per
1551 1766 1661 1788 aetatem
1690 1763 1806 1788 criminis
1828 1773 1917 1800 capax.

1055 1819 1056 1834 ς
1078 1806 1127 1832 Th.
1154 1805 1184 1831 C.
1210 1804 1281 1831 XYI.
1307 1806 1330 1831 6.
1357 1815 1378 1830 c.
1401 1806 1425 1830 6.
1454 1814 1494 1840 sq.
1518 1815 1550 1830 ne
1574 1804 1601 1831 S.
1626 1805 1748 1842 baptism.
1785 1805 1827 1832 III.
1853 1807 1919 1833 011.

1079 1847 1214 1883 Quaedam
1234 1848 1283 1880 (sc.
1303 1848 1395 1880 naves)
1416 1847 1489 1873 fluvii
1510 1858 1632 1884 capaces,
1653 1847 1685 1874 ad
1704 1858 1774 1874 mare
1793 1858 1846 1874 non
1866 1848 1918 1875 suf-

1078 1891 1205 1917 ficientes.
1231 1890 1261 1916 fr.
1278 1892 1300 1916 1.
1320 1890 1342 1923 ξ.
1358 1892 1398 1916 12,
1419 1889 1451 1916 de
1471 1900 1555 1916 exerc.
1576 1895 1625 1916 act.
1645 1892 1685 1916 14.
1707 1893 1728 1916 1.
1766 1890 1796 1917 Si
1815 1890 1918 1917 auditus

1078 1944 1185 1971 capaces
1206 1937 1267 1959 snut
1287 1933 1340 1966 (sc.
1360 1933 1451 1965 muti).
1483 1932 1512 1959 fr.
1533 1934 1574 1960 65.
1594 1934 1615 1967 ξ.
1635 1936 1660 1960 3.
1689 1933 1721 1960 ad
1740 1933 1767 1960 S.
1788 1933 1819 1960 C.
1839 1933 1918 1960 Treb.

1076 1978 1117 2002 36.
1140 1978 1160 2002 l.
1198 1975 1274 2002 Licet
1293 1975 1398 2002 consilii
1417 1986 1499 2012 capax
1518 1986 1571 2002 non
1590 1977 1669 2003 suerit
1693 1977 1857 2014 (impubes).
1886 1977 1916 2004 fr.

1077 2020 1118 2045 88.
1138 2019 1159 2053 ξ.
1182 2021 1203 2044 1.
1228 2018 1260 2044 dc
1283 2018 1315 2044 A.
1334 2028 1359 2045 v.
1379 2018 1413 2045 Ο.
1433 2018 1464 2045 H.
1488 2021 1529 2046 29.
1549 2022 1573 2046 2.
1616 2019 1645 2046 Si
1670 2021 1705 2046 sit
1731 2021 1781 2046 iam
1807 2021 1917 2047 iniuriae

1077 2072 1158 2099 capax
1178 2061 1332 2098 (impubes).
1352 2061 1383 2087 fr.
1403 2063 1426 2088 5.
1447 2063 1468 2096 ς’.
1488 2064 1512 2088 2.
1532 2062 1565 2089 ad
1582 2062 1612 2089 L.
1632 2063 1701 2099 Aqu.
1721 2065 1745 2090 9.
1764 2066 1788 2090 2.
1830 2063 1918 2101 Pupil-

1077 2105 1143 2137 lum,
1163 2106 1207 2141 qui
1227 2105 1364 2142 proximus
1384 2104 1517 2141 pubertati
1536 2107 1582 2138 sit,
1609 2116 1729 2143 capacem
1753 2117 1812 2133 esse
1836 2112 1861 2133 et
1880 2107 1917 2133 fu-

1077 2147 1164 2177 randi.
1190 2153 1215 2174 et
1238 2148 1348 2173 iniuriae
1372 2147 1512 2175 faciendae.
1542 2149 1572 2175 l'r.
1595 2151 1652 2176 111.
1672 2160 1711 2187 pr.
1732 2150 1765 2176 de
1784 2150 1814 2177 R.
1835 2150 1853 2177 I.
1873 2152 1913 2176 50.

1078 2193 1117 2217 17.
1156 2191 1223 2217 Cum
1248 2195 1358 2227 uterque
1383 2190 1551 2227 obligationis
1575 2203 1656 2229 capax
1685 2194 1726 2219 sit.
1758 2193 1788 2219 fr.
1814 2195 1853 2219 12.
1884 2192 1915 2218 de

1077 2234 1167 2271 stipul.
1191 2243 1291 2260 servor.
1320 2235 1361 2259 45.
1389 2235 1414 2260 3.
1457 2234 1570 2261 Tantum
1598 2235 1739 2262 solutionis
1767 2246 1848 2273 capax
1875 2239 1915 2261 est

1077 2277 1234 2303 fructuarius
1259 2277 1309 2303 hoc
1334 2287 1408 2309 casu,
1433 2287 1485 2303 non
1511 2279 1587 2304 etiam
1613 2278 1789 2315 obligationis.
1819 2278 1848 2304 sr.
1872 2279 1912 2304 98.

1076 2320 1098 2353 ς’.
1119 2322 1141 2346 7.
1162 2320 1194 2346 dc
1213 2320 1292 2346 solut.
1312 2321 1353 2346 46.
1373 2322 1398 2346 3.
1418 2336 1450 2339 —
1470 2321 1501 2354 §.
1516 2322 1551 2347 2.
1571 2323 1746 2348 Facultate
1765 2322 1915 2354 capiendi

1053 2373 1111 2406 ξωε
1136 2365 1278 2389 alterins
1303 2369 1495 2390 testamento
1513 2366 1695 2398 praeditus.
1732 2364 1749 2390 Ι.
1770 2365 1830 2397 Sy·
1859 2363 1914 2399 Qui

1076 2416 1168 2442 capere
1188 2410 1285 2442 potest.
1305 2416 1325 2431 s.
1342 2407 1418 2442 capit.
1452 2405 1502 2432 Cui
1518 2406 1568 2433 hoc
1588 2406 1751 2433 commodum
1771 2406 1826 2442 lege
1845 2416 1914 2432 com-

1076 2449 1149 2485 petit.
1168 2448 1199 2474 fr.
1220 2451 1260 2475 75.
1281 2449 1303 2483 ξ
1323 2451 1346 2475 3.
1368 2449 1398 2475 fr.
1419 2451 1461 2475 ὅθ.
1482 2449 1514 2475 ‹le
1534 2450 1622 2476 hored.
1642 2452 1701 2476 inst.
1721 2452 1762 2475 28.
1782 2451 1805 2475 5.
1826 2448 1856 2475 fr.
1870 2452 1911 2476 29.

1076 2491 1107 2517 de
1126 2491 1228 2518 liberat.
1248 2491 1297 2527 leg.
1316 2493 1358 2518 34.
1377 2493 1401 2518 3.
1430 2492 1472 2519 III.
1490 2494 1555 2520 071.
1584 2492 1704 2529 Scriptus
1724 2491 1808 2523 heres,
1829 2493 1913 2519 cuius-

1076 2545 1177 2571 cunque
1197 2536 1329 2572 portionis
1349 2545 1438 2572 capax.
1469 2546 1489 2562 c.
1510 2537 1533 2562 8.
1561 2546 1651 2561 comm.
1676 2534 1708 2560 dc
1732 2544 1802 2561 succ.
1826 2537 1849 2562 6.
1869 2538 1910 2563 59.

1052 2581 1053 2584 ’
1076 2577 1106 2604 cs.
1128 2588 1147 2603 c.
1164 2579 1202 2603 10.
1224 2577 1256 2604 de
1275 2583 1376 2605 testam.
1399 2584 1424 2605 et
1437 2579 1554 2615 quemad.
1575 2580 1597 2604 6.
1612 2579 1652 2604 23.
1690 2577 1782 2604 Filiam
1802 2594 1834 2597 —
1853 2589 1911 2616 spe-

1076 2621 1114 2646 cie
1133 2620 1216 2651 dotis,
1242 2622 1316 2647 cuius
1341 2632 1423 2659 capax
1443 2622 1549 2653 suisset,
1574 2620 1686 2647 delendi.
1716 2620 1746 2647 fr.
1765 2623 1807 2648 35.
1832 2622 1909 2649 famil.

1075 2664 1167 2689 ercisc.
1190 2666 1229 2689 10.
1248 2666 1272 2690 2.

1110 2707 1294 2740 Capenas.
1324 2707 1462 2740 (Adiect.)
1501 2709 1549 2732 Ad
1573 2708 1746 2741 Capenam,
1774 2709 1911 2735 Tusciae

1074 2752 1238 2784 oppidum,
1261 2753 1438 2785 pertinens.
1480 2748 1521 2774 III.
1547 2750 1611 2777 Gn.
1645 2749 1726 2786 quue
1750 2756 1776 2777 et
1794 2751 1826 2778 D,
1848 2751 1909 2777 Pius

1074 2794 1250 2830 piscatoribus
1270 2794 1415 2821 Formianis
1440 2797 1465 2818 et
1484 2791 1625 2829 Capenatis
1646 2794 1693 2827 [al.
1715 2794 1908 2832 Capenatibus]

1073 2838 1218 2874 rescripsit.
1244 2838 1273 2864 fr.
1294 2840 1317 2863 4.
1337 2848 1376 2874 pr.
1397 2836 1428 2862 dc
1448 2835 1478 2862 R.
1499 2836 1532 2863 D.
1555 2840 1576 2863 1.
1597 2840 1620 2863 8.
