2197 3121
1017 141 1103 174 INC.

232 227 461 255 Incivssiter.
498 225 620 260 (Advb.)
657 224 689 258 β.
718 225 752 250 l.
790 225 935 256 Iniuste,
959 225 1036 251 1112·-

196 273 267 298 cite.
306 270 325 296 I.
344 271 405 305 Sy.
424 270 524 306 Inique.
544 267 584 295 Cs.
603 267 628 294 h.
648 277 672 294 ν.
709 266 752 293 IlI.
765 267 830 294 Gn.
850 266 929 293 Inciv.
951 271 1036 293 custo·

198 313 255 340 dire
275 313 420 346 (athletam,
439 317 465 339 et
484 322 497 338 a
517 309 701 338 certaminibus
720 309 884 347 prohibere.)
904 309 934 336 fr.
952 311 994 336 23.
1013 309 1035 343 §.

196 358 222 383 2.
243 356 294 392 Qu.
314 360 374 383 met.
395 366 416 382 c.
435 357 459 381 4.
473 357 497 381 2.
534 354 577 381 De
595 354 660 379 rivis
679 353 755 379 novis
774 351 915 379 inciviliter
933 352 1036 378 institu-

197 400 232 426 tis
252 415 285 419 —
304 397 454 425 Praesidem
472 396 515 424 Pr.
541 396 636 423 docere
660 400 790 433 oportere.
813 394 845 421 fr.
864 396 888 420 2.
913 394 945 421 de
968 399 1034 421 extr.

197 451 271 478 cogn.
292 443 333 467 50.
354 442 394 467 13.
419 455 451 460 —-
476 440 508 473 §.
533 440 568 466 2.
589 440 713 465 Contra
727 440 871 475 formam
890 439 1034 464 iudicio-

196 494 267 511 rum
283 486 496 518 privatorum
515 484 604 516 apud
620 483 703 508 Rom.
730 481 750 507 I.
764 481 825 515 Sy.
845 479 909 506 Sine
927 481 1036 507 notione

197 526 301 553 iudicis.
336 525 396 552 Non
416 526 567 561 cognitione
585 524 679 551 habita.
700 523 731 550 fr.
749 524 791 550 23.
810 523 831 557 §.
850 524 874 549 3.
903 522 955 558 Qu.
974 528 1034 550 met.

197 580 218 596 c.
238 571 263 596 4.
281 571 306 596 2.
342 568 373 595 lI.
395 569 461 602 Op.
487 567 617 594 Civiliter.
636 567 674 593 Ib.
693 566 710 593 l.
724 566 740 592 l.
761 565 801 592 Cf.
822 565 846 592 h.
866 575 889 592 v.
910 566 932 599 5.
951 567 975 593 3.

232 613 464 639 Inclamare.
500 612 673 642 Est-iture,
699 611 885 636 Admonere.
905 608 949 635 III.
969 610 1035 637 Gn.

197 654 234 682 Vt
252 665 300 692 per
319 653 455 681 intervalla
475 654 602 690 temporis
626 652 751 688 longioris
774 651 928 678 inclamatus
946 651 1036 678 adver-

197 702 243 729 tat,
263 696 392 723 confutari
416 696 513 723 debere
537 701 585 723 etc.
612 694 662 722 Th.
682 694 713 721 C.
732 693 763 720 II.
781 695 824 720 27.
844 705 864 721 e.
886 696 908 721 1.
927 695 950 728 §.
968 695 992 721 6.
1012 695 1035 721 si

197 744 260 767 cert.
280 744 335 776 pet.
354 738 387 765 de
406 739 469 765 chir.

232 782 476 810 luel-lunatio.
514 781 733 809 Exclamatio.
753 779 795 806 ΠΙ.
814 780 881 807 Cn.
899 779 1034 817 Frequens

196 825 335 862 praeconis
364 824 540 851 inclam..lb.
568 824 586 850 I.
616 824 655 850 16.
684 833 705 850 c.
734 823 757 850 6.
786 822 900 857 (Wek.)
930 822 963 850 de
990 823 1034 850 off.

196 867 271 894 Rect.
291 866 334 893 Pr.

231 912 462 937 Inelemens.
499 908 628 941 (Adiect.)
665 910 780 936 Atrox.
816 908 859 935 111.
887 909 955 936 Gn.
983 908 1034 935 Ex-

196 952 302 980 cludere
322 961 398 979 casus
423 957 449 979 et
473 951 654 978 inclementem
673 961 726 977 uon
749 961 891 989 possumus
910 951 1034 978 cohibere

194 996 332 1023 fortunam.
353 995 403 1022 Th.
423 994 453 1021 C.
472 994 540 1021 XIII.
559 996 583 1021 9.
603 1004 625 1021 c.
639 996 663 1021 5.
683 994 716 1021 de
735 994 850 1031 naufrag.
868 994 981 1021 Iniuriae
994 995 1031 1021 in-

188 1039 388 1076 clementiores.
408 1048 429 1064 c.
449 1039 472 1063 4.
493 1036 525 1063 de
544 1036 571 1064 P.
592 1037 620 1064 P.
639 1038 664 1063 8.
683 1039 725 1064 47.

231 1081 438 1108 Inclinato·
475 1079 507 1112 δ.
533 1081 567 1106 1.
588 1081 779 1112 Det-linare,
799 1082 986 1116 Inflectere.
1014 1080 1032 1106 Ι.

196 1125 258 1158 Sy.
278 1123 308 1150 Si
325 1121 524 1160 procumberet,
549 1122 579 1149 Si
598 1133 626 1149 se
651 1122 815 1149 inclinaverit
833 1124 873 1156 (in
891 1124 971 1150 vicini
989 1122 1034 1150 do-

195 1176 274 1198 mum,
293 1175 329 1192 sc.
349 1165 457 1202 paries.)
477 1164 507 1191 fr.
529 1166 569 1192 14.
599 1166 620 1199 §.
641 1167 662 1192 l.
687 1165 718 1192 fr.
739 1167 779 1192 17.
798 1175 838 1203 pr.
858 1167 881 1192 si
900 1167 990 1192 servit.
1009 1167 1032 1193 8.

194 1211 219 1236 5.
256 1208 298 1236 III.
319 1209 385 1236 Gn.
417 1206 446 1233 Si
466 1207 545 1235 arbor
564 1218 595 1235 ex
614 1209 694 1235 vicini
712 1207 793 1235 fundo
812 1213 891 1235 vento
911 1208 1033 1236 inclinata

193 1252 222 1279 in
240 1256 313 1278 tuum
331 1249 440 1277 fundum
459 1252 502 1277 sit.
527 1250 556 1278 sr.
575 1253 600 1277 2.
624 1251 657 1277 de
680 1251 765 1278 arbor.
789 1251 860 1278 caed.
879 1254 920 1278 43.
939 1254 981 1279 27.
1001 1268 1033 1272 —

194 1295 226 1328 §.
250 1296 286 1321 Β.
307 1295 472 1321 Proclivis
492 1304 569 1325 esse,
590 1295 799 1321 Commoveri.
822 1294 865 1321 III.
880 1295 946 1322 Cn.
965 1294 1033 1321 Cum

193 1338 275 1374 magis
295 1346 341 1363 eos
360 1336 455 1363 collata
474 1336 618 1363 liberalitas
637 1336 669 1363 ad
683 1337 839 1373 obsequium
851 1336 977 1364 inclinare
991 1337 1034 1364 de—

193 1380 263 1412 beat,
283 1390 359 1416 quam
378 1379 411 1406 ad
430 1379 597 1406 insolentiam
617 1381 722 1416 erigere.
742 1379 826 1407 Vatic.
845 1381 867 1414 §.
887 1382 946 1407 272.
982 1380 1033 1407 Ae-

194 1424 241 1460 qui
259 1428 286 1450 et
304 1424 375 1455 iusti,
395 1427 421 1449 et
439 1431 492 1449 nou
510 1422 667 1449 inclinantes
681 1422 713 1449 ad
729 1422 831 1449 lucrum
844 1423 1033 1457 (adsessores.)

193 1465 242 1493 lul.
262 1476 302 1504 ep.
322 1476 382 1492 nov.
403 1476 424 1492 c.
440 1467 479 1491 15.
498 1466 520 1499 §.
534 1466 576 1492 56.
612 1465 646 1492 Et
664 1466 691 1492 in
704 1465 770 1492 lianc
788 1467 944 1493 sententiam
956 1465 1033 1492 Pom-

193 1518 256 1546 pon.
275 1508 391 1536 inclinat.
412 1507 442 1535 fr.
463 1510 486 1535 7.
505 1509 527 1542 5.
546 1510 570 1534 2.
595 1508 628 1535 de
646 1508 732 1546 pecul.
757 1511 797 1535 15.
823 1511 846 1536 l.
883 1509 1033 1545 Quaereba-

194 1556 244 1578 tur.
264 1566 296 1571 —
315 1552 350 1578 Et
368 1550 546 1578 inclinandum
565 1555 613 1583 est,
636 1554 702 1584 (non
721 1551 832 1589 perdere
851 1556 950 1589 patrem
970 1552 1032 1586 etc.)

194 1592 224 1620 fr.
244 1596 285 1620 22.
306 1594 371 1628 5.1.
392 1593 424 1620 de
443 1594 515 1620 inoff.
535 1598 637 1620 testam.
656 1596 680 1621 5.
699 1596 723 1621 2.
743 1610 775 1614 —-
794 1595 826 1629 §0
851 1596 889 1622 3.
913 1595 1032 1629 Deprt'-

194 1646 282 1663 mere.
318 1636 360 1663 III.
381 1638 447 1664 Cn.
479 1636 626 1668 Contemti,
647 1653 677 1658 —
698 1642 724 1664 et
746 1638 856 1664 miserae
878 1637 1033 1665 humilitatis

194 1677 313 1706 inclinati
331 1679 466 1716 despectu.
486 1678 535 1705 Th.
550 1678 581 1706 C.
594 1679 665 1706 XVI.
679 1682 703 1707 2.
723 1690 744 1707 e.
758 1682 800 1707 41.
820 1680 853 1707 de
873 1681 953 1717 episc.
968 1681 1031 1708 eccl.

194 1720 236 1748 Ne
254 1721 325 1758 plebi
342 1723 424 1750 mixta
445 1721 557 1758 dignitas
582 1722 729 1750 inclinetur.
754 1723 791 1750 lb.
810 1723 867 1751 XII.
889 1725 929 1750 12.
949 1734 971 1750 c.
992 1726 1031 1751 12.

194 1764 218 1798 §.
236 1766 260 1790 2.
281 1763 314 1791 de
331 1764 407 1801 legat.
426 1769 452 1791 et
471 1764 541 1792 decr.

230 1809 448 1835 Includere.
468 1807 500 1841 ὃ.
516 1808 551 1834 1.
572 1809 742 1841 Claudere,
762 1810 970 1835 Abscondere.
989 1808 1032 1835 III.

195 1851 262 1878 Cn.
283 1850 337 1886 Qui
355 1849 487 1876 hominem
505 1849 617 1876 liberum
640 1851 766 1883 vinxerit,
785 1852 973 1888 suppresserit,
994 1852 1032 1878 in-

195 1893 312 1920 cluserit.
333 1892 404 1919 Paul.
426 1892 457 1919 V.
477 1894 500 1920 6.
520 1893 542 1927 §.
563 1894 602 1919 14.
623 1892 655 1919 cf.
679 1893 709 1920 fr.
728 1895 752 1920 5.
772 1903 811 1931 pr.
831 1893 863 1920 ad
882 1892 911 1920 L.
931 1893 979 1920 Iul.
999 1893 1032 1920 de

194 1937 221 1963 vi
241 1937 302 1973 pub.
322 1937 363 1962 48.
383 1938 407 1962 6.
444 1935 529 1962 Etiam
553 1935 683 1968 inclusos,
708 1936 789 1964 veluti
812 1935 959 1969 lautumiis,
978 1937 1033 1963 viu-

195 1983 296 2005 ctorum
315 1988 424 2005 numero
444 1978 542 2005 haberi.
563 1978 594 2005 fr.
613 1980 636 2005 9.
658 1989 689 2006 ex
709 1988 751 2015 qu.
772 1989 793 2005 c.
812 1980 870 2005 mai.
890 1980 912 2005 4.
933 1981 956 2006 6.
983 1979 1033 2006 Ar-

195 2021 278 2048 culam
302 2022 329 2048 in
352 2021 478 2058 templum
497 2031 608 2059 ponere,
631 2022 722 2058 ibique
740 2021 871 2048 hominem
889 2021 1032 2049 includere.

196 2063 228 2090 fr.
250 2066 290 2090 10.
314 2064 380 2098 5.1.
405 2064 437 2090 ad
456 2064 485 2090 L.
504 2063 552 2091 Iul.
576 2063 660 2101 pecul.
685 2065 726 2090 48.
747 2066 786 2090 13.
823 2063 904 2091 Ferae
923 2065 1032 2097 bestiae,

195 2116 260 2143 quas
278 2108 385 2133 vivariis
404 2107 600 2138 iucluserimus.
621 2112 646 2133 et
664 2108 761 2144 pisces,
785 2117 852 2144 quos
870 2109 898 2134 in
916 2109 1033 2145 piscinas

197 2150 392 2176 coniecerimus.
412 2149 442 2176 fr.
461 2152 485 2176 3.
505 2150 526 2183 5
549 2150 587 2176 14.
608 2149 640 2176 de
658 2150 690 2176 A.
709 2160 734 2176 v.
754 2150 786 2176 A.
805 2149 833 2176 Ρ.
854 2152 895 2177 41.
914 2153 939 2177 2.
976 2151 1030 2187 Qui

197 2200 250 2217 non
268 2201 310 2218 res
328 2192 444 2219 inclusas
468 2192 611 2224 subtraxit,
635 2192 683 2219 sed
706 2193 815 2219 traditas
839 2203 892 2219 non
910 2193 1033 2221 reddidit.

197 2232 228 2259 fr.
247 2235 287 2259 55.
306 2235 390 2261 mand.
411 2237 451 2262 17.
472 2237 494 2261 l.
526 2251 559 2255 —
590 2235 620 2268 §.
649 2237 686 2262 2.
711 2237 860 2267 Induere,
885 2237 1033 2263 Circum-

198 2278 279 2302 dare.
317 2275 335 2301 l.
355 2278 415 2312 Sy.
451 2278 573 2314 Iungere,
599 2277 766 2314 coniungere
785 2278 938 2312 (aedificio.)
958 2279 988 2305 fr.
1007 2281 1031 2306 6.

198 2317 231 2344 ad
251 2317 338 2344 exhib.
358 2320 398 2346 10.
416 2321 440 2347 4.
460 2320 490 2347 sr.
509 2322 551 2347 63.
571 2320 603 2347 de
623 2320 709 2347 donat.
734 2321 780 2347 int.
802 2320 833 2347 V.
852 2323 894 2347 24.
915 2323 938 2349 1.
957 2322 988 2349 fr.
1009 2324 1032 2348 l.

198 2370 238 2398 pr.
257 2361 337 2394 55.1.
357 2370 396 2396 sq.
415 2361 447 2388 de
465 2364 536 2399 tigno
556 2365 635 2390 iuuet.
654 2366 695 2390 47.
709 2365 733 2389 3.
752 2363 795 2389 III.
807 2364 873 2391 Cn.
892 2363 922 2390 Si
934 2374 1033 2400 gemma

199 2402 369 2434 includenda.
396 2408 439 2429 aut
462 2406 634 2444 insculpenda
658 2406 716 2433 data
736 2407 778 2432 sit.
798 2405 828 2432 fr.
850 2408 889 2432 13.
909 2407 932 2440 5.
951 2409 975 2434 5.
995 2407 1032 2434 Ιο-

201 2451 249 2473 cat.
271 2447 310 2472 19.
328 2447 353 2471 2.
390 2444 440 2471 Vel
459 2454 607 2483 argenteae,
628 2449 672 2476 vel
691 2454 797 2486 argento
816 2449 933 2476 inclusae
951 2450 1033 2483 (men-

199 2490 265 2520 sae.)
284 2488 314 2514 fr.
334 2489 357 2515 9.
377 2488 442 2521 51.
462 2488 495 2515 de
512 2491 606 2528 supell.
624 2492 673 2529 leg.
692 2494 733 2519 33.
755 2494 794 2518 10.
836 2493 911 2528 Quae
929 2492 1033 2519 tabulae
1053 2483 1055 2520 l

1053 2564 1054 2574 ἶ
1075 2538 1222 2563 civitate.
1244 2535 1274 2561 II.
1296 2537 1362 2569 Op.
1382 2535 1471 2573 Origo.
1491 2536 1539 2562 Th.
1560 2535 1590 2561 C.
1609 2533 1664 2559 XII.
1685 2535 1707 2558 1.
1729 2543 1749 2559 c.
1768 2535 1792 2559 5.
1813 2533 1845 2560 de
1864 2533 1906 2560 de-

199 2533 285 2569 pictae
303 2540 351 2568 pro
370 2532 481 2557 tectorio
501 2532 675 2561 includuntur.
700 2534 729 2562 fr.
752 2537 791 2561 17.
815 2535 836 2569 5
855 2536 879 2561 3.
899 2534 932 2561 de
950 2535 982 2562 A.
1001 2536 1031 2562 E.

201 2573 232 2600 V.
247 2575 286 2600 19.
301 2576 320 2600 1.
337 2572 373 2599 Vt
386 2574 483 2600 inserta
497 2579 521 2601 et
534 2575 633 2602 inclusa
647 2577 766 2604 aedificio
780 2579 892 2615 (partem
905 2579 960 2604 eius
974 2588 1033 2605 esse

201 2617 402 2648 existimemus)
422 2616 452 2643 fr.
471 2618 512 2643 38.
532 2617 553 2650 5.
572 2619 597 2643 2.
616 2619 650 2645 ib.
671 2622 710 2647 19.
731 2623 753 2647 1.
775 2637 804 2641 —
825 2622 856 2655 §.
878 2622 914 2647 3.
941 2622 1032 2647 Com—
1053 2624 1054 2632 ¹

200 2661 409 2695 prehendere,
430 2661 617 2694 complecti.
653 2661 696 2689 Ill.
715 2664 782 2691 Gn.
812 2662 1032 2700 Interrogationes

201 2703 297 2730 litteris
317 2702 433 2728 inclusae
452 2707 529 2738 atque
548 2702 706 2739 obsignatae.
730 2705 761 2732 fr.
780 2707 803 2732 6.
829 2707 851 2740 5.
872 2708 894 2733 1.
915 2706 947 2733 de
966 2712 1033 2734 cust.

203 2751 228 2772 et
247 2745 332 2773 exhib.
352 2746 393 2770 48.
409 2746 433 2771 3.
471 2744 570 2772 Omnes
590 2747 715 2778 actiones,
727 2763 756 2768 -
770 2748 851 2775 semel
869 2749 985 2776 inclusae
998 2751 1035 2776 iu-

1856 146 1916 177 451

1115 224 1297 258 Inclytus.
1317 225 1446 258 (Adiect.)
1468 226 1599 257 Clarus,
1619 226 1779 252 Illustria.
1799 225 1915 254 lucu.

1080 266 1180 302 Inclyta
1199 266 1323 293 nobilitas
1343 269 1463 294 civitatis.
1483 267 1513 294 fr.
1535 269 1574 294 17.
1594 268 1616 302 §.
1636 269 1657 295 1.
1678 267 1710 295 de
1729 274 1854 295 excusatt.
1873 272 1914 297 27.

1080 311 1102 336 l.
1140 309 1224 336 Huius
1244 309 1358 345 inclytae
1376 310 1450 337 urbis
1469 310 1654 344 (Praefectus.)
1677 321 1698 337 c.
1720 313 1757 338 ll.
1777 311 1810 338 de
1829 312 1915 339 adses-

1080 362 1131 379 sor.
1153 354 1175 380 l.
1195 354 1236 379 51.
1273 352 1380 379 Reserat
1404 353 1436 379 ad
1459 355 1595 380 scientiam
1619 358 1747 386 nostram,
1767 354 1808 381 vel
1828 355 1860 382 ad
1878 357 1915 382 in·

1080 395 1164 432 clytas
1184 400 1338 433 potestates.
1358 394 1408 421 Th.
1430 395 1460 422 C.
1480 395 1524 423 lx.
1546 399 1567 423 l.
1589 406 1609 423 c.
1625 397 1664 423 13.
1684 396 1717 423 de
1735 407 1820 424 accus,
1840 404 1866 425 et
1878 400 1914 426 in-

1079 448 1129 465 scr.
1167 438 1331 465 Constitutio
1351 437 1465 474 inclytae
1488 439 1678 466 recordationis
1702 440 1742 466 avi
1762 442 1853 468 nostri.
1875 442 1912 468 Ib.

1078 481 1134 508 XII.
1153 483 1177 508 3.
1198 492 1219 508 c.
1239 483 1262 508 2.
1283 491 1322 519 pr.
1343 480 1374 507 de
1398 481 1487 518 praed.
1512 487 1537 508 ct
1561 491 1643 508 manc.
1664 477 1752 509 curial.
1789 483 1860 515 Pius,
1879 484 1914 511 se-

1079 523 1125 555 lix,
1144 524 1260 560 inclytus
1280 529 1328 550 etc.
1348 524 1428 561 (Imp.
1449 523 1524 550 Caes.
1550 523 1621 551 flav.
1643 525 1828 559 Iustinianus.)
1852 526 1913 554 Pro-

1079 576 1145 593 oeui.
1164 566 1227 593 Iust.
1248 566 1356 600 (Rubr.)

1115 610 1390 644 Incogitabssiu.
1427 608 1566 642 (Adiect.)
1603 611 1726 639 Contra
1755 614 1913 640 rationem

1079 654 1262 687 cogitandi.
1300 652 1342 679 III.
1363 653 1429 680 Gn·
1458 652 1544 688 Quam
1563 654 1718 680 sententiam
1736 655 1794 692 ipse
1813 660 1841 682 ut
1859 661 1913 683 sto-

1080 694 1158 721 lidam
1177 695 1360 733 reprehendit;
1380 695 1475 722 etenim
1494 704 1554 721 esse
1572 695 1738 732 incogitabile
1757 703 1805 725 etc.
1830 698 1911 726 Vatic.

1079 737 1101 770 ξ.
1121 739 1161 764 75.

1114 781 1347 815 Incognitas.
1385 781 1549 817 Defectus
1567 783 1780 816 cognitionis.
1814 786 1912 819 Igno-

1078 826 1201 850 rantia.
1239 823 1281 850 III.
1296 825 1362 852 Gn.
1399 823 1491 860 Neque
1514 823 1635 850 inanibus
1659 825 1790 852 immorari
1813 828 1914 855 sinatur

1079 865 1207 897 obiectis,
1227 871 1256 892 ut
1274 868 1344 893 vires
1362 866 1467 893 sibimet
1486 871 1607 893 causetur
1623 866 1742 894 locorum
1760 870 1912 906 incognitas,

1079 909 1125 945 qui
1143 907 1278 935 familiaris
1304 910 1342 935 rei
1366 911 1435 936 scire
1458 910 1528 936 vires
1548 925 1579 929 -
1600 909 1727 938 debuerit.
1751 911 1802 939 Th.
1821 912 1852 940 C.
1871 913 1912 940 III.

1080 952 1102 977 1.
1122 961 1143 978 c.
1163 952 1188 978 4.
1208 950 1241 978 de
1260 957 1341 979 contr.
1362 958 1420 979 emt.

1113 995 1348 1029 IncogniCus.
1373 995 1502 1028 (Adiect.)
1529 996 1560 1029 δ.
1580 997 1615 1022 1.
1635 997 1836 1031 Cognitione
1854 1008 1913 1026 non

1076 1039 1248 1071 probatus,
1268 1039 1436 1069 Iniustas,
1456 1039 1628 1065 Inhabilis.
1652 1038 1682 1065 II.
1698 1041 1765 1073 Op.
1783 1039 1912 1076 Legitimi,

1078 1095 1111 1099 —-
1129 1079 1244 1116 Legibus
1267 1081 1394 1116 incogniti
1413 1080 1504 1114 (filii.)
1531 1080 1578 1107 Iul.
1604 1092 1644 1118 ep.
1666 1091 1725 1108 nov.
1746 1092 1766 1109 c.
1786 1084 1809 1108 6.
1830 1084 1851 1117 5,
1871 1086 1912 1111 24.

1077 1121 1120 1148 III.
1133 1124 1199 1150 Cn.
1220 1122 1250 1149 Si
1268 1124 1337 1149 vitae
1357 1124 1413 1149 eius
1437 1123 1567 1150 sobrietas
1586 1123 1653 1150 clara
1673 1125 1720 1155 sit.
1740 1124 1781 1151 vel
1801 1125 1913 1153 adfectio

1078 1165 1189 1192 honesta
1208 1176 1256 1192 uec
1274 1166 1412 1202 incognita.
1433 1166 1464 1192 fr.
1480 1168 1519 1192 17.
1539 1167 1561 1200 5.
1575 1168 1599 1193 4.
1618 1166 1651 1193 de
1670 1167 1758 1204 adopt.
1773 1169 1795 1194 l.
1810 1170 1832 1195 7.
1861 1168 1913 1196 No-

1078 1218 1133 1239 vas,
1153 1214 1179 1234 et
1197 1218 1246 1235 usu
1266 1208 1308 1235 vel
1327 1210 1428 1235 ratione
1446 1210 1604 1245 incognitas.
1623 1209 1763 1245 religiones
1781 1210 1912 1239 iuducere.

1078 1250 1150 1277 Paul.
1170 1250 1200 1278 V.
1221 1252 1262 1277 21.
1285 1252 1306 1286 5.
1324 1253 1348 1278 2.
1385 1251 1425 1278 Ne
1443 1251 1476 1278 lis
1496 1253 1628 1288 incognito
1647 1254 1752 1288 negotio
1770 1252 1912 1281 dirimatur.

1078 1294 1128 1321 Th.
1149 1293 1180 1320 C.
1199 1293 1245 1320 XI.
1264 1296 1305 1321 30.
1326 1305 1347 1321 c.
1367 1296 1391 1321 9.
1411 1294 1444 1321 de
1462 1305 1523 1332 app.
1544 1300 1570 1321 et
1587 1305 1665 1333 poen.
1686 1295 1715 1321 cf.
1736 1295 1779 1322 XI.
1793 1298 1834 1323 35.
1854 1308 1875 1324 e.
1890 1299 1912 1324 l.

1078 1339 1101 1364 si
1119 1337 1197 1375 pend.
1217 1347 1276 1374 app.
1312 1336 1400 1363 Facile
1417 1337 1570 1375 repudiare,
1593 1338 1635 1365 vel
1653 1343 1751 1365 temere
1770 1340 1913 1377 suscipere.

1077 1381 1234 1416 incognitam
1252 1381 1455 1407 successionem.
1475 1380 1506 1408 fr.
1525 1382 1566 1408 58.
1586 1380 1635 1408 sol.
1654 1382 1764 1408 matrim.
1782 1383 1824 1409 24.
1843 1384 1868 1410 3.
1881 1399 1914 1403 -

1078 1424 1108 1457 §.
1132 1425 1167 1450 2.
1193 1425 1434 1457 Incompertus‚
1462 1425 1612 1460 Ignotus.
1654 1423 1696 1451 III.
1725 1425 1791 1452 Gn.
1822 1424 1914 1462 Neque

1078 1467 1146 1493 enim
1164 1476 1270 1499 novum,
1290 1470 1333 1492 aut
1352 1467 1512 1502 incognitum
1531 1472 1578 1493 est.
1598 1466 1628 1493 sr.
1641 1467 1682 1492 48.
1702 1466 1735 1497 «Le
1753 1477 1863 1495 manum.
1877 1474 1914 1495 te-

1077 1514 1151 1536 stam.
1171 1510 1212 1536 40.
1239 1511 1263 1537 4.
1300 1508 1360 1536 Non
1384 1514 1425 1535 est
1447 1510 1619 1545 incognitum,
1644 1519 1669 1535 v.
1693 1510 1757 1536 iuris
1780 1511 1912 1548 incogniti.

1078 1553 1107 1579 l'r.
1127 1554 1151 1579 8.
1171 1553 1253 1587 5.11.
1274 1552 1306 1579 de
1330 1552 1401 1578 inoff.
1427 1557 1528 1579 testam.
1548 1554 1571 1579 5.
1591 1554 1615 1578 2.
1641 1562 1661 1579 c.
1681 1554 1705 1579 2.
1732 1552 1764 1578 de
1787 1563 1836 1580 rer.
1857 1564 1914 1591 per-

1077 1600 1140 1622 mut.
1160 1597 1184 1622 4.
1204 1597 1245 1622 64.
1281 1594 1415 1631 Incognita
1439 1599 1499 1621 ante
1521 1595 1622 1632 peritia.
1648 1594 1696 1621 Th.
1717 1594 1747 1621 C.
1767 1594 1811 1622 IX.
1830 1598 1871 1623 40.
1891 1607 1912 1624 c.

1077 1640 1118 1665 24.
1138 1638 1171 1665 de
1184 1648 1260 1676 poen.
1296 1637 1492 1664 Acclamatione
1506 1639 1668 1675 excipiantur
1681 1636 1766 1669 solita,
1781 1648 1829 1664 nec
1841 1649 1913 1676 prae-

1079 1686 1211 1708 tereantur
1229 1686 1257 1707 ut
1276 1681 1409 1716 incogniti.
1440 1680 1476 1706 Ib.
1497 1679 1540 1706 Vl.
1560 1682 1584 1706 9.
1610 1690 1631 1707 c.
1650 1682 1674 1706 2.
1694 1690 1732 1717 pr.
1753 1680 1785 1707 de
1804 1681 1911 1717 Quaest.

1077 1724 1142 1760 Mag.
1162 1724 1205 1750 off.

1113 1768 1257 1793 Incola.
1277 1766 1308 1799 δ.
1329 1766 1363 1792 1.
1389 1767 1453 1798 Qui
1471 1767 1640 1792 domicilii
1657 1767 1733 1792 iure
1751 1768 1784 1792 in
1803 1769 1912 1794 aliena

1077 1810 1219 1835 civitate
1242 1811 1358 1834 utitur.
1395 1808 1413 1834 I.
1434 1808 1494 1842 Sy.
1526 1807 1564 1839 Is,
1590 1809 1635 1845 qui
1659 1808 1819 1835 domicilium
1837 1819 1913 1836 suum

1078 1851 1197 1883 contulit,
1216 1861 1240 1878 v.
1260 1850 1347 1883 habet,
1368 1851 1467 1887 (aliqua
1486 1852 1600 1887 regione,
1619 1861 1644 1878 v.
1663 1852 1820 1888 provincia.)
1839 1852 1868 1878 fr.
1889 1854 1912 1879 7.

1078 1895 1154 1929 510.
1175 1894 1208 1921 de
1221 1894 1316 1921 interd.
1337 1899 1362 1921 et
1381 1894 1458 1930 releg.
1479 1894 1519 1919 48.
1539 1895 1580 1919 22.
1601 1893 1631 1921 fr.
1644 1895 1703 1921 239.
1724 1895 1745 1928 §.
1758 1896 1783 1921 2.
1803 1894 1835 1921 de
1846 1894 1911 1922 V.S.

1076 1940 1118 1964 50.
1131 1937 1287 1971 16.11.⁰p.
1302 1937 1383 1973 Origo
1398 1947 1451 1963 sua.
1476 1936 1622 1969 Provincia,
1637 1937 1705 1963 unde
1724 1937 1851 1964 oriundus
1865 1943 1911 1965 est.

1078 1979 1206 2009 —Prov..
1226 1980 1252 2006 in
1272 1990 1321 2017 qua
1341 1979 1427 2006 incola
1446 1984 1523 2006 esset.
1543 1979 1572 2005 fr.
1594 1981 1615 2005 7.
1635 1980 1717 2013 5.10.
1737 1979 1754 2006 l.
1774 1981 1815 2007 48.
1828 1983 1869 2007 22.
1890 1991 1910 2008 c.

1079 2024 1100 2049 l.
1115 2022 1148 2049 de
1166 2023 1261 2049 munic.
1281 2028 1306 2049 et
1325 2024 1416 2059 origin.
1438 2025 1479 2049 10.
1492 2024 1533 2049 38.
1554 2021 1637 2049 CiviS.
1656 2022 1800 2060 Municeps.
1821 2023 1850 2050 fr.
1869 2025 1910 2050 29.

1077 2065 1110 2092 ad
1128 2066 1224 2092 munic.
1243 2067 1284 2092 50.
1305 2067 1327 2092 1.
1348 2065 1377 2092 sr.
1397 2067 1421 2092 6.
1442 2066 1462 2100 5.
1482 2068 1505 2092 5.
1531 2065 1562 2092 sr.
1583 2066 1622 2091 18.
1646 2065 1667 2099 §.
1686 2068 1727 2092 22.
1748 2065 1780 2092 de
1798 2076 1866 2093 mun.
1886 2071 1912 2093 et

1077 2108 1137 2135 hon.
1157 2110 1197 2134 50.
1217 2109 1241 2134 4.
1262 2118 1282 2135 c.
1303 2110 1327 2135 7.
1347 2108 1379 2135 de
1398 2108 1475 2135 incol.
1496 2111 1537 2135 10.
1555 2109 1596 2134 39.
1633 2107 1676 2134 III.
1699 2109 1764 2135 Cn.
1787 2108 1911 2135 Pluribus

1078 2151 1144 2178 locis
1164 2161 1221 2177 eum
1240 2150 1351 2178 incolam
1371 2161 1443 2183 esse,
1468 2157 1512 2178 aut
1535 2149 1695 2178 domicilium
1713 2150 1816 2178 habere.
1836 2151 1866 2178 fr.
1886 2154 1908 2178 5.

1077 2194 1109 2220 ad
1127 2196 1222 2221 munic.
1241 2196 1283 2220 50.
1303 2196 1325 2221 1.
1375 2194 1474 2220 Omnes
1493 2193 1608 2225 incolae,
1628 2203 1693 2229 quos
1714 2203 1831 2231 quaeque
1850 2195 1910 2220 civi-

1077 2242 1143 2264 tates
1163 2237 1214 2263 sibi
1232 2236 1373 2263 vindicant.
1394 2237 1424 2263 fr.
1443 2238 1485 2263 37.
1504 2247 1543 2274 pr.
1558 2236 1592 2262 ib.
1606 2237 1646 2261 50.
1659 2238 1681 2262 l.
1718 2236 1820 2263 Incolas
1834 2238 1908 2263 etiam

1054 2299 1055 2302 .
1077 2285 1102 2306 et
1120 2285 1243 2307 vacantes
1262 2279 1394 2312 (iubemus
1414 2279 1561 2315 adstringi.)
1582 2277 1630 2305 Th.
1651 2278 1681 2305 C.
1700 2278 1756 2305 XII.
1777 2281 1799 2305 l.
1819 2280 1906 2305 0137.

1076 2333 1114 2360 pr.
1135 2322 1167 2349 cf.
1188 2333 1209 2349 c.
1228 2324 1269 2348 5⁴2.
1290 2322 1323 2349 de
1342 2322 1474 2349 decurion.
1495 2339 1524 2342 —
1547 2322 1576 2355 §.
1596 2323 1631 2348 2.
1651 2323 1837 2348 Habitator.
1864 2320 1905 2347 III.

1077 2366 1144 2393 οη.
1162 2364 1245 2390 Actor
1262 2363 1348 2396 fundi,
1368 2365 1410 2391 vel
1429 2374 1534 2397 servus,
1553 2363 1596 2390 vel
1615 2364 1713 2392 incola.
1737 2363 1777 2389 vel
1797 2363 1907 2390 colonus

1076 2407 1239 2445 (plectetur.)
1263 2407 1300 2433 lb.
1320 2407 1363 2434 IX.
1383 2409 1425 2434 21.
1453 2418 1474 2434 c.
1493 2409 1517 2434 2.
1541 2407 1563 2441 §.
1583 2408 1606 2433 4.
1631 2407 1663 2434 de
1686 2406 1741 2433 sals.
1760 2410 1856 2432 mouet.
1874 2405 1905 2432 cf.

1076 2451 1109 2477 X.
1130 2452 1170 2476 10.
1191 2460 1212 2476 c.
1231 2452 1272 2476 25.
1293 2449 1325 2476 de
1344 2451 1417 2487 petit.
1437 2455 1463 2476 et
1481 2450 1550 2477 ultro
1570 2449 1620 2476 dat.

1112 2494 1319 2520 Incolatus.
1344 2492 1460 2526 (Subst.)
1485 2493 1659 2520 Domicilii
1678 2493 1726 2517 iux
1745 2492 1778 2517 in
1798 2493 1906 2518 aliena

1076 2579 1174 2605 corion.
1212 2577 1331 2604 Civicum
1350 2588 1451 2605 nomen.
1466 2594 1497 2599 --
1514 2576 1644 2604 Incolatus
1664 2575 1708 2608 [al.
1727 2575 1905 2610 Incolonatus]

1076 2620 1222 2652 vinculum.
1248 2630 1269 2646 s.
1288 2622 1337 2647 ius.
1360 2621 1397 2648 Ib.
1418 2622 1434 2648 l.
1454 2621 1470 2647 I.
1491 2631 1511 2646 c.
1531 2621 1571 2645 46.
1597 2629 1617 2645 c.
1638 2620 1679 2644 52.
1716 2618 1757 2644 III.
1779 2620 1844 2647 Gn.
1863 2619 1905 2646 Ad

1077 2663 1186 2690 alienam
1205 2673 1234 2690 se
1253 2664 1391 2696 civitatem,
1410 2663 1538 2690 incolatus
1557 2662 1702 2693 occasione,
1723 2660 1849 2688 conserre.
1867 2661 1902 2688 Ib.

1077 2706 1093 2732 l.
1107 2705 1124 2732 l.
1145 2717 1166 2733 c.
1186 2707 1225 2733 12.
1262 2706 1349 2733 Incola
1372 2708 1421 2732 iam
1445 2704 1596 2731 muneribus
1619 2703 1733 2741 publicis
1750 2703 1903 2730 destinatus.

1055 2777 1056 2780 Ἴ
1078 2750 1128 2775 nisi
1146 2748 1263 2786 perfecto
1282 2758 1401 2778 munere.
1425 2746 1548 2774 incolatui
1567 2748 1718 2774 renunciare
1738 2757 1789 2773 non
1809 2751 1901 2783 potest.

203 2787 279 2817 dicio.
300 2787 386 2814 salvae
406 2794 565 2824 permanent.
591 2788 620 2814 sr.
643 2790 698 2815 139.
718 2799 757 2825 pr.
776 2790 808 2817 de
826 2790 856 2818 R.
877 2791 894 2818 I.
914 2794 955 2818 50.
976 2794 1016 2818 17.
1055 2792 1056 2795 ’

1079 2791 1108 2818 fr.
1126 2793 1168 2818 34.
1188 2791 1220 2818 ad
1239 2793 1331 2818 munic.
1351 2792 1390 2816 50.
1413 2792 1434 2816 l.

1412 2834 1444 2858 57
1455 2834 1468 2845 ‘¹'
