2197 3121
243 183 309 215 350

247 271 299 292 tua.
320 264 389 291 Con.
410 263 461 290 LL.
482 262 514 290 M.
537 262 566 289 V.
587 264 610 288 3.
647 261 770 288 Rescribi
793 260 893 299 placuit
911 260 1090 297 experientiae
1112 278 1113 294 .

249 314 316 334 tuae.
341 318 361 333 c.
385 309 405 333 1.
432 306 464 333 d.»
491 306 570 333 seriis.
596 306 620 330 3.
643 306 682 331 12.
720 304 788 342 Exp.
808 308 850 330 tua
870 307 1020 339 cognoscat.
1041 301 1090 328 Tb.
1112 296 1114 328 i

249 350 280 378 C.
302 350 371 377 XVI.
391 352 413 375 5.
435 359 456 376 c.
476 352 517 375 2⁸.
540 349 572 375 de·
593 348 690 374 haeret.

284 392 608 426 Experimentum.
659 392 918 421 Tentamenrum,
948 389 1092 415 Pericli-

251 438 344 463 tatio.
383 435 400 461 1.
414 436 474 469 Sy.
494 434 672 471 Experientia.
692 443 714 460 e.
736 435 775 460 14.
796 432 828 460 de
849 432 926 459 indic.
946 433 971 458 3.
988 432 1011 457 l.
1031 440 1053 457 c.
1069 432 1091 456 1.

250 489 289 516 pr.
312 477 344 504 de
363 477 420 504 Lat.
443 477 529 503 libert.
556 479 578 503 7.
603 479 627 503 6.
665 475 707 502 111.
735 477 800 504 Cn.
831 475 859 501 Si
879 474 962 501 mulas
982 473 1030 500 tibi
1050 473 1093 500 de-
1114 468 1115 484 ¹

251 521 328 548 dero.
352 526 380 547 ut
399 521 556 557 experiari&
577 535 609 539 -
629 518 725 546 deinde
750 518 834 545 mulae
859 528 872 543 a
897 516 1092 553 grassatoribus

251 564 345 590 suerint
366 563 466 589 ablatae
485 564 551 589 iutra
572 562 627 588 dies
648 562 828 599 experimenti.
855 561 885 587 fr.
904 562 946 586 20.
967 570 1005 597 pr.
1025 560 1048 594 5.
1069 562 1091 586 1.

251 607 283 633 de
302 616 415 644 praescr.
439 616 480 632 vv.
508 608 546 632 19.
571 607 595 632 5.
633 605 701 642 Ipsis
726 614 812 631 rerum
839 604 1026 641 experimentis
1051 613 1093 629 co-

251 651 397 686 gnorimus
419 658 440 675 c.
459 650 484 675 2.
504 653 533 675 ut
551 650 576 675 in
596 658 669 685 poss.
689 647 765 682 legat.
785 649 809 673 6.
829 648 870 673 54.

286 691 476 725 Experiri.
514 691 544 724 ἓ.
572 692 606 718 1.
648 693 800 721 Tentare,
823 691 1015 716 Periculum
1033 689 1092 724 fa·
1114 677 1116 712 i

250 746 319 762 rere
362 734 405 760 ul.
427 735 493 761 Gn.
513 734 542 760 Si
562 744 638 770 quem
659 738 795 770 quaestum
815 732 877 759 fecit
896 733 932 763 is,
953 733 998 768 qui
1017 741 1094 768 expe-

252 777 370 805 riendum
391 776 454 813 quid
474 778 582 814 accepit,
601 776 681 802 veluti
701 777 723 802 si
743 777 856 802 iumenta
876 775 981 802 fuerint.
1002 774 1032 801 Τι“·.
1054 775 1093 800 13.
1116 781 1117 792 ¹

252 822 273 855 5.
297 823 317 846 l.
338 819 467 847 commod.
489 822 528 846 13.
548 822 571 846 6.
591 819 623 845 es.
644 818 673 845 fr.
693 821 734 845 52.
754 819 776 853 5.
796 820 820 845 3.
841 818 872 845 ari
892 817 922 844 L.
942 818 1011 854 Aqu.
1031 818 1056 844 9.
1069 819 1085 843 2

252 865 282 891 Τι’.
302 866 344 891 20.
364 873 402 900 pr.
423 863 445 896 5.
468 865 489 889 l.
509 863 541 889 de
560 872 675 900 praescr.
700 872 741 888 vv.
764 863 802 888 19.
822 864 846 888 5.
885 861 990 897 Quodsi
1010 860 1094 887 hacte-

251 917 300 934 nus
321 906 470 935 intervenit.
491 910 519 931 ut
539 906 714 942 experiretur,
740 915 771 931 au
792 904 904 931 consilio
923 914 972 931 suo
991 903 1035 930 vel
1054 913 1095 929 au-

253 951 373 977 ctoritate
393 949 488 975 discuti
508 947 580 974 litem
599 953 760 985 paterentur.
785 948 815 974 fr.
837 949 876 973 13.
902 947 924 981 5.
944 949 968 974 2.
990 946 1022 973 de.
1042 957 1093 973 rec.

253 1003 296 1030 qu.
323 992 376 1018 arb.
400 994 424 1018 4.
449 992 473 1017 8.
507 1006 539 1010 -
570 991 601 1024 §-
628 992 663 1018 2.
687 993 889 1025 Comperire,
919 991 1094 1024 Excipere,
1116 986 1117 1000 ³

253 1037 341 1063 Pati.
379 1034 397 1060 I.
418 1035 480 1068 Sy.
498 1033 556 1060 Pati
575 1035 742 1067 (servitutem
761 1033 892 1066 alterius.)
912 1032 942 1059 Τι’.
963 1034 986 1059 9.
1006 1032 1037 1058 fr.
1052 1033 1094 1058 21.

252 1078 282 1105 Τι’.
302 1080 343 1104 24.
364 1077 386 1110 5.
405 1078 430 1103 8.
450 1076 480 1103 fr.
500 1078 542 1103 41.
562 1077 621 1111 5.1.
642 1077 675 1104 de
693 1077 779 1104 fideic.
793 1076 857 1103 libb.
871 1078 912 1102 40.
926 1078 949 1102 5.
970 1075 1014 1102 III.
1029 1076 1094 1103 Gn·

253 1123 339 1157 Quam
359 1123 407 1153 (sc.
427 1119 627 1156 indulgentiam)
653 1130 704 1156 quo
725 1121 837 1157 quisque
857 1119 1004 1156 pleniorem
1024 1123 1095 1145 esset

253 1168 391 1201 expertus.
418 1173 448 1189 eo
468 1168 516 1189 etc.
543 1162 573 1189 fr.
593 1164 617 1189 3.
642 1163 725 1197 5.17.
753 1163 785 1190 de
808 1163 836 1190 S.
856 1162 887 1189 C.
908 1162 989 1189 Silau.
1008 1163 1050 1188 29.
1070 1163 1094 1187 5.

254 1207 322 1234 Cum
345 1205 434 1232 eadem
458 1205 575 1243 pericula
602 1207 783 1243 experiantur,
804 1207 859 1233 iura
879 1215 985 1242 quoque
1005 1204 1094 1231 eadem

252 1251 346 1277 merito
370 1249 422 1275 sibi
445 1248 588 1276 vindicant.
612 1249 642 1276 fr.
668 1251 690 1275 1.
715 1259 753 1286 pr.
780 1249 812 1276 de
835 1248 866 1275 B.
891 1247 920 1274 P.
942 1258 974 1275 ex
992 1253 1095 1274 testam.

253 1293 306 1320 mil.
325 1294 368 1319 37.
388 1293 429 1318 13.
466 1291 524 1318 lura
543 1296 712 1329 patronorum
731 1293 849 1329 graviora
869 1291 992 1328 experiri.
1008 1290 1040 1317 fr.
1053 1292 1095 1316 51.

254 1337 276 1371 5.
296 1337 320 1363 3.
340 1335 373 1362 de
391 1334 477 1361 fideic.
497 1334 561 1361 libb.
582 1336 622 1361 40.
644 1337 667 1361 5.
704 1334 827 1361 Liberale
853 1334 979 1361 iudicium
1003 1333 1047 1367 [al.
1067 1332 1096 1359 li-

253 1378 336 1406 berali
355 1378 464 1411 iudicio]
485 1388 542 1415 exp.
563 1377 593 1404 fr.
615 1379 653 1404 12.
675 1377 708 1404 de
727 1383 828 1414 quaest.
847 1379 888 1404 48.
911 1379 994 1404 ls-
1007 1376 1038 1409 §.
1059 1377 1096 1403 3.

255 1424 384 1450 Iudicio
403 1431 506 1457 agere.
543 1420 561 1447 l.
586 1422 647 1455 Sy.
675 1420 821 1448 Postulare.
847 1420 877 1448 fr.
897 1422 921 1447 3.
941 1421 963 1454 5
982 1422 1006 1446 2.
1045 1419 1097 1455 Qu.

255 1467 341 1503 quisq.
362 1466 410 1491 iur.
429 1466 453 1490 2.
472 1465 496 1490 2.
516 1463 547 1490 Τι’.
571 1465 613 1490 33.
639 1463 671 1490 de
696 1463 728 1490 N.
754 1464 785 1491 G.
805 1466 830 1491 3.
850 1467 874 1490 5.
910 1463 1005 1500 Agere.
1026 1462 1097 1489 Cou-

255 1509 353 1535 venirc.
379 1507 437 1533 Gai.
461 1506 492 1533 II.
515 1508 556 1533 39.
576 1506 620 1533 IV.
645 1508 687 1533 64.
707 1516 765 1544 sqq.
789 1506 820 1534 sr.
839 1508 881 1533 39.
901 1507 922 1540 5.
944 1508 966 1532 1.
987 1505 1019 1532 de
1038 1515 1098 1543 pro-

255 1562 308 1578 cur.
328 1553 352 1577 3.
372 1551 397 1576 3.
417 1549 448 1576 Τι’.
467 1551 509 1576 21.
529 1549 578 1576 sol.
598 1551 708 1577 matrim.
728 1552 770 1576 24.
789 1552 814 1576 3.
835 1549 865 1576 Τι’.
884 1552 926 1576 63.
947 1548 979 1575 de
997 1558 1026 1575 re
1044 1547 1098 1575 iud.

254 1597 295 1621 42.
317 1596 339 1620 l.
376 1592 517 1629 Persequi,
540 1592 685 1624 Inteutare.
710 1592 849 1619 Intendere
873 1592 1006 1625 (crimen.)
1032 1601 1054 1618 c.
1075 1593 1097 1617 1.

255 1648 313 1674 sqq.
334 1636 367 1663 de
385 1637 457 1663 crim.
478 1635 558 1673 expil.
578 1638 601 1662 9.
621 1637 663 1662 32.
683 1635 726 1662 111.
750 1637 816 1663 Cn.
835 1634 914 1672 Apud
934 1634 1046 1661 eundem
1062 1634 1099 1660 iu-

255 1681 347 1708 dicem.
367 1690 391 1706 v.
411 1679 454 1706 Ad
474 1679 595 1710 iudicem.
617 1689 676 1716 exp.
697 1679 726 1705 Τι’.
746 1680 788 1704 23.
809 1677 901 1715 depos
923 1678 962 1704 16.
982 1679 1007 1703 3.
1027 1677 1058 1703 Τι’.
1076 1679 1098 1703 l.

256 1734 295 1761 ap.
316 1733 373 1750 eum
393 1733 406 1749 a
426 1732 478 1759 quo
498 1732 556 1763 app.
577 1724 618 1749 49.
636 1724 674 1748 12.
712 1721 869 1757 Priusquam
889 1722 946 1747 iure
965 1720 1098 1747 ordinario
1120 1726 1122 1742 ³

256 1767 413 1804 experiatur.
433 1764 506 1792 Paul.
525 1765 568 1791 111.
589 1767 612 1791 5.
632 1765 654 1798 5.
676 1766 716 1791 ls.
753 1763 901 1790 Houorario
921 1763 1099 1795 iurc‚—·Iure

257 1809 336 1841 civili,
356 1809 478 1845 experiri.
500 1808 532 1835 fr.
555 1810 577 1834 1.
599 1808 621 1842 5.
640 1810 664 1834 3.
685 1807 747 1834 furti
761 1806 819 1833 adv.
839 1812 908 1833 naut.
923 1809 965 1833 47.
978 1808 1002 1833 5.
1023 1806 1100 1843 Opti-

258 1861 328 1879 mum
348 1856 387 1878 est
406 1856 442 1878 ut.
463 1852 486 1877 si
505 1861 570 1888 quas
591 1855 667 1888 putes
687 1855 712 1877 tc
735 1850 831 1876 habere
849 1851 1001 1887 petitiones,
1021 1850 1100 1876 aetio·
1121 1852 1123 1884 f

258 1895 336 1921 nibus
360 1895 512 1931 experiaris,
535 1894 565 1920 fr.
592 1895 614 1920 7.
640 1893 671 1920 ad
701 1892 729 1919 L.
754 1893 801 1920 Iul.
826 1893 859 1920 de
882 1894 908 1920 vi
926 1894 994 1930 priv.
1014 1894 1055 1919 48.
1076 1893 1099 1918 7.

259 1939 290 1965 ef.
310 1938 340 1965 fr.
360 1939 384 1964 ὅ.
404 1947 442 1974 pr.
463 1936 496 1963 de
514 1946 618 1973 procur.
637 1938 662 1963 3.
681 1938 705 1962 3.
743 1936 810 1963 Cum
825 1938 883 1972 quis
897 1937 1027 1962 actionem
1045 1945 1099 1961 mu-

258 1987 307 2013 tat.
332 1985 357 2007 et
377 1980 539 2017 experiatur.
566 1978 706 2005 dummodo
731 1978 764 2005 de
787 1978 878 2005 eadem
901 1989 929 2005 re
949 1979 1100 2015 experiatur
1121 1998 1122 2003 .

259 2029 307 2051 etc.
327 2023 357 2050 fr.
376 2025 400 2049 5.
421 2022 453 2049 de
473 2032 528 2048 exc.
549 2023 593 2048 rei.
614 2021 666 2048 iud.
692 2024 735 2048 44.
753 2024 777 2048 2.
815 2022 931 2051 Iudicio.
951 2031 974 2048 v.
996 2020 1101 2048 Praeiu-
1120 2023 1123 2054 ἶ

259 2067 336 2097 dicio.
356 2066 477 2103 experiri.
498 2065 528 2091 Τι’.
548 2066 590 2091 43.
610 2065 692 2099 5.10.
713 2065 745 2091 de
764 2065 795 2091 R.
816 2064 848 2091 N.
867 2066 909 2090 23.
929 2066 953 2090 2.
979 2063 1010 2090 Τι’.
1031 2065 1055 2090 4.
1076 2064 1098 2097 5.

258 2111 299 2136 23.
320 2109 351 2135 de
371 2109 456 2135 lideic.
478 2108 542 2135 libb.
562 2110 603 2134 40.
624 2110 648 2134 5.
671 2108 700 2134 Τι’.
714 2109 756 2134 30.
777 2108 809 2135 de
829 2107 883 2134 reb.
903 2112 969 2133 auct.
990 2106 1043 2133 iud.
1057 2108 1098 2132 42.
1121 2104 1122 2111 ¹

259 2154 282 2179 5.
320 2152 383 2178 Sive.
402 2153 503 2178 actione
521 2150 601 2177 vellet
616 2151 742 2177 adversus
757 2150 906 2188 Campanos
927 2151 1050 2188 experiri.
1067 2165 1099 2169 —

260 2195 316 2222 sive
336 2195 490 2231 exceptione
509 2194 635 2220 adversus
655 2199 784 2231 petentes.
804 2194 834 2220 Τι’.
849 2195 872 2220 9.
892 2194 914 2228 5.
927 2195 951 2219 3.
973 2193 1024 2229 Qu.
1039 2197 1099 2219 met.
1122 2214 1123 2227 .

261 2249 282 2264 c.
302 2240 326 2264 4.
351 2240 374 2263 2.
412 2237 544 2269 Detiueri.
569 2242 596 2263 ut
619 2247 704 2274 neque.
730 2238 844 2274 experiri
869 2247 953 2273 neque.
978 2236 1100 2262 mandare
1121 2236 1123 2265 ι’

260 2281 354 2318 possit.
374 2279 404 2306 Τι’.
425 2281 446 2305 1.
467 2279 498 2305 ‹h-
519 2279 569 2306 div.
589 2285 667 2317 temp.
690 2290 804 2318 praescr.
819 2281 860 2306 44.
874 2281 899 2306 3.
936 2278 1100 2316 Experiundi

260 2327 419 2361 potestatem
438 2322 540 2348 babere.
562 2338 593 2342 —
614 2322 736 2360 impediri
756 2323 878 2360 experiri.
899 2322 929 2348 Τι’.
947 2324 968 2348 1.
988 2321 1005 2348 l.
1020 2323 1061 2348 44.
1075 2324 1099 2348 3.

262 2367 292 2392 Τι’.
314 2367 336 2392 l.
355 2365 421 2399 5.1.
442 2376 473 2391 ex
494 2375 535 2401 qu.
556 2376 577 2391 c.
597 2367 654 2391 mai.
678 2368 702 2392 4.
722 2366 745 2392 6.
771 2365 800 2392 Τι’.
824 2367 845 2392 l.
873 2375 911 2402 pr.
932 2365 985 2400 Qu.
1006 2364 1039 2391 dc
1057 2375 1102 2402 pe·
1122 2357 1123 2390 i

263 2408 312 2435 vul.
335 2413 383 2434 avt.
404 2410 443 2434 15.
464 2410 487 2434 2.
524 2407 563 2433 Ex
587 2418 698 2444 persona
721 2419 790 2435 mea.
815 2409 890 2445 quasi
915 2408 1034 2443 cognitor
1059 2413 1102 2434 aut

264 2456 417 2489 procurator
440 2460 527 2481 meus,
552 2460 610 2486 exp.
636 2450 724 2477 debes.
757 2452 814 2478 Gai.
834 2451 864 2478 ll.
884 2452 926 2477 39.
963 2450 1101 2477 Adversus
1122 2456 1124 2461 '

264 2494 389 2530 aliquem.
410 2504 430 2519 S.
451 2492 519 2520 Cum
539 2492 636 2529 aliquo.
656 2503 714 2530 exp.
747 2494 803 2521 Gai.
823 2494 866 2521 IV.
889 2495 946 2520 163.
966 2493 996 2519 sr.
1020 2496 1058 2520 10.
1079 2494 1101 2527 5.
1123 2495 1125 2505 ²

264 2538 287 2561 ι.
308 2536 340 2562 de
359 2537 384 2562 in
404 2537 444 2562 ius
467 2545 524 2562 voc.
548 2538 572 2561 -ι,
597 2537 621 2561 4.
647 2534 676 2561 fr.
700 2537 741 2562 30.
767 2537 796 2563 ιϊ.
816 2539 858 2563 33.
878 2536 911 2563 110.
930 2535 962 2562 N.
983 2536 1014 2562 G.
1033 2537 1058 2562 3.
1077 2538 1101 2562 5.
1124 2531 1125 2551 ³

266 2578 331 2615 exp.
351 2589 382 2605 vx
403 2579 484 2611 (noxa
503 2578 565 2610 ote.)
585 2577 614 2604 fr.
637 2579 676 2604 15.
696 2579 717 2612 ς.
739 2580 760 2604 1.
781 2579 813 2605 «ι.
832 2579 910 2605 indic.
930 2580 953 2604 5.
972 2580 994 2604 1.
1032 2578 1101 2615 Exp.
1124 2570 1125 2616 1

268 2620 300 2646 dt·
320 2622 434 2653 (iniuriis
454 2621 515 2652 etc.)
536 2620 566 2647 fr.
586 2622 609 2647 7.
629 2620 654 2654 5.
670 2622 694 2647 5.
715 2621 747 2647 de
765 2622 841 2648 iniur.
861 2624 902 2648 47.
923 2624 964 2648 10.
985 2621 1016 2648 fr.
1038 2623 1059 2647 l.
1080 2622 1101 2655 5.
1124 2621 1125 2632 ¹

266 2664 308 2690 32.
328 2662 359 2688 dv
378 2665 403 2689 xi
423 2669 446 2689 et
467 2665 492 2689 vi
512 2673 573 2689 arm.
598 2665 639 2689 43.
665 2665 704 2690 16.
746 2664 812 2700 Exp.
834 2665 859 2690 iu
879 2665 1021 2701 (reliquum
1041 2665 1103 2698 otc.)

268 2705 324 2731 Gai.
345 2704 387 2731 IV.
407 2708 447 2732 66.
468 2706 498 2732 Τι’.
519 2707 557 2732 14.
578 2706 599 2740 5.
619 2708 643 2732 2.
664 2706 716 2741 Qu.
735 2711 794 2733 met.
815 2716 835 2732 (’.
858 2710 880 2732 4.
900 2710 924 2733 2.
1125 2709 1127 2748 l

302 2748 461 2780 Expers.
499 2748 627 2780 (Adit-ct.)
664 2749 695 2783 §-
716 2750 749 2776 1.
778 2750 918 2780 Vacuus,
940 2752 1103 2777 Immanis.
1126 2749 1127 2783 l

272 2790 288 2816 Ι.
311 2790 372 2823 Sy.
392 2790 456 2815 Sim·
478 2791 559 2827 culpa.
598 2792 664 2828 Exp.
690 2791 789 2829 culpae.
815 2791 844 2818 fr.
869 2793 910 2818 61.
935 2791 968 2818 dt·
994 2792 1060 2819 adm.
1081 2797 1105 2819 et
1126 2788 1128 2808 l

270 2843 322 2869 per.
346 2834 386 2858 26.
408 2834 430 2858 7.
469 2833 509 2858 ΙΙΙ.
531 2836 596 2861 Cn.
617 2834 796 2861 personalium
821 2844 955 2861 muncrum
975 2840 1105 2872 expertes.

1069 177 1158 208 EXP.

1134 258 1184 286 Th.
1203 258 1234 285 C.
1254 257 1325 285 XVI.
1345 260 1369 285 2.
1399 269 1420 286 c.
1438 261 1480 287 24.
1501 259 1534 287 de
1553 261 1634 297 episc.
1655 260 1718 287 eccl.
1747 276 1779 280 —
1807 261 1838 295 ὓ.
1850 262 1893 288 ’2.
1914 263 1977 288 Ru-

1135 304 1199 334 dis,
1220 304 1374 337 Ignarus.
1412 301 1455 329 111.
1470 304 1536 331 Cn.
1556 304 1609 339 Qui
1629 313 1658 329 se
1672 308 1749 340 neget
1767 303 1880 330 littteras
1900 305 1976 336 scire,

1136 361 1168 364 —
1187 345 1210 371 si
1234 344 1313 371 modo
1338 354 1391 371 non
1415 346 1451 372 sit
1473 356 1569 383 expers
1592 346 1764 382 negotiorum.
1790 346 1820 373 fr.
1845 349 1869 374 6.
1892 348 1914 381 5.
1936 349 1976 374 19.

1112 393 1115 420 ζ
1136 387 1168 414 de
1187 392 1315 421 excusatt.
1335 389 1376 414 27.
1400 390 1423 414 l.
1443 388 1475 415 cf.
1496 399 1517 416 c.
1537 390 1561 416 6.
1587 389 1619 416 de
1638 389 1773 416 decurion.
1795 392 1834 416 10.
1853 391 1895 416 31.
1932 390 1978 417 Mi-

1136 430 1184 463 les,
1203 430 1245 457 vel
1265 430 1416 467 agricultor,
1437 436 1461 458 et
1481 431 1625 459 sorensium
1648 442 1735 459 rerum
1755 442 1859 469 expers
1884 432 1915 459 Τι·.
1934 435 1976 459 25.

1136 474 1157 507 5.
1178 475 1200 500 1.
1220 473 1253 500 dc
1272 474 1375 511 probat.
1395 476 1437 500 22.
1457 476 1481 500 3.

1170 518 1375 550 Expetere.
1413 517 1444 551 §.
1469 518 1503 544 1.
1545 518 1698 549 Precari,
1725 519 1840 545 Orare.
1877 517 1896 544 I.
1916 518 1978 552 Sy.

1136 559 1238 592 Petere,
1257 559 1404 592 Postulare,
1424 559 1546 587 Poscere.
1573 560 1623 587 Th.
1644 560 1675 587 C.
1694 560 1728 587 X.
1751 561 1790 587 lo.
1815 570 1839 587 c.
1860 562 1900 587 11.
1919 569 1979 597 sqq.

1137 613 1158 629 c.
1181 604 1219 629 16.
1240 614 1261 629 c.
1281 604 1323 629 23.
1343 602 1375 629 de
1394 604 1468 640 petit.
1495 608 1521 629 et
1545 603 1615 630 ultro
1634 603 1686 630 dat.
1724 603 1766 630 III.
1785 604 1852 631 Gn.
1871 602 1979 630 Fundos

1137 645 1333 682 patrimoniales
1352 645 1434 672 semel
1453 647 1586 683 expetitos
1599 651 1626 673 et
1643 646 1755 673 traditos
1774 645 1922 673 refundere.
1941 644 1979 672 Ib.

1138 687 1169 714 Υ.
1186 690 1225 714 13.
1242 698 1263 715 c.
1279 690 1320 715 32.
1341 688 1444 721 (Wek.)
1463 688 1558 726 Populi
1577 689 1688 716 vocibus
1710 690 1807 727 expeti.
1831 689 1981 726 Expetente

1137 731 1246 769 populo.
1257 731 1294 758 lb.
1304 731 1396 759 X11.1.
1410 743 1431 759 c.
1445 734 1487 759 49.
1502 742 1541 769 pr.
1555 732 1578 766 5.
1593 734 1615 759 1.
1625 731 1658 759 de
1669 732 1756 759 decur.
1768 749 1800 752 —
1811 733 1885 766 §.8.
1897 733 1981 759 Exi-

1136 785 1218 810 gere.
1256 774 1299 801 111.
1318 776 1383 802 Cn.
1402 775 1432 802 Id
1450 775 1481 802 ab
1502 785 1658 812 unaquaque
1676 777 1812 813 provincia
1830 775 1981 802 censuimus

1140 817 1329 855 expetendum,
1354 818 1425 855 quod
1449 818 1480 845 ab
1506 818 1599 845 iisdem
1624 829 1708 856 nuper
1730 829 1790 845 esse
1813 819 1980 856 promissum.

1140 860 1177 887 lb.
1197 860 1242 887 XI.
1264 862 1286 887 l.
1308 871 1329 888 c.
1349 862 1390 888 33.
1411 861 1444 888 de
1462 871 1556 888 annon.
1577 866 1602 887 et
1621 861 1710 888 tribut.
1736 862 1766 889 cf.
1787 862 1832 888 Xl.
1854 863 1894 888 10.
1914 871 1935 887 c.
1957 861 1980 886 1.

1139 914 1173 930 ne
1192 914 1263 941 oper.
1285 914 1298 930 a
1319 904 1406 931 collat.
1443 904 1545 942 Sponte
1563 906 1674 941 pronius
1693 905 1806 931 inferant
1825 903 1980 942 expetenda.

1140 946 1177 973 lb.
1196 946 1241 973 XI.
1259 948 1301 973 22.
1327 957 1348 974 c.
1372 949 1396 974 4.
1420 958 1453 974 ne
1473 947 1560 974 collat.
1580 947 1671 974 transl.
1705 948 1781 983 Quae
1800 949 1849 981 (sc.
1869 946 1982 973 animad-

1139 990 1240 1023 versio)
1264 1000 1317 1017 non
1341 990 1479 1017 facultates
1503 1000 1592 1016 eorum
1617 991 1652 1017 sit
1671 992 1833 1028 expetitura,
1857 989 1906 1016 sed
1924 999 1982 1016 san-

1139 1034 1250 1070 guinem.
1287 1033 1324 1059 lb.
1344 1033 1378 1059 X.
1398 1035 1439 1059 10.
1459 1043 1480 1060 c.
1499 1035 1541 1060 20.
1562 1032 1594 1059 de
1613 1034 1687 1070 petit.
1709 1039 1735 1060 et
1755 1033 1802 1060 ult.
1822 1033 1874 1060 dat.

1175 1076 1356 1109 Expiare.
1394 1079 1548 1108 Placare,
1568 1078 1724 1111 Purgare.
1755 1077 1798 1103 III.
1817 1078 1883 1104 Gn.
1902 1075 1984 1103 Delu-

1140 1119 1186 1145 bra
1206 1135 1238 1138 —
1258 1118 1372 1151 destrui,
1393 1118 1620 1156 collocatioueque
1637 1118 1801 1146 venerandae
1826 1119 1984 1146 christianae

1140 1161 1276 1198 religionis
1297 1163 1364 1199 sigui
1384 1163 1492 1199 expiari.
1530 1161 1567 1188 lb.
1586 1161 1657 1188 XVI.
1678 1164 1718 1188 10.
1738 1172 1759 1189 c.
1778 1164 1821 1189 25.
1841 1162 1874 1189 de
1891 1172 1983 1200 pagan.

1118 1235 1119 1241 ἵ
1141 1205 1217 1241 Quae
1235 1208 1286 1238 (sc.
1306 1205 1452 1238 iracundia)
1473 1205 1601 1232 effusione
1620 1204 1725 1231 humaui
1744 1205 1878 1242 sanguinis
1897 1207 1984 1243 expia-

1140 1253 1190 1275 tur.
1210 1248 1248 1274 lh.
1267 1247 1312 1274 XJ.
1332 1250 1374 1275 36.
1394 1259 1415 1275 c.
1437 1250 1477 1274 14.
1515 1248 1599 1284 Quor.
1619 1257 1680 1285 app.
1700 1257 1724 1274 n.
1749 1258 1800 1275 rec.
1827 1248 1984 1275 Huiusmodi

1141 1291 1230 1317 scelus
1251 1307 1283 1311 —
1303 1291 1414 1318 ssanunis
1434 1291 1585 1318 vindicibus
1605 1289 1756 1328 expiabunt.
1775 1290 1813 1318 lb.
1826 1291 1871 1318 IX.
1886 1293 1909 1318 7.
1924 1293 1984 1326 096.

1142 1334 1174 1361 ad
1194 1333 1223 1360 L.
1243 1334 1290 1360 Iul.
1311 1334 1344 1361 de
1363 1334 1445 1361 adult.

1176 1378 1366 1411 Expiatio.
1408 1379 1572 1404 Vindicta.
1610 1376 1653 1403 ΠΙ.
1671 1377 1737 1404 Gn.
1761 1375 1820 1403 Nisi
1844 1378 1888 1414 qui
1908 1377 1984 1413 digna

1142 1421 1292 1457 expiatione
1319 1424 1361 1446 est
1390 1419 1502 1448 luiturus
1532 1430 1624 1447 ausum
1651 1421 1771 1447 immanis
1799 1419 1915 1447 admissi.
1946 1419 1984 1446 lb.

1142 1463 1211 1490 XIII.
1230 1465 1255 1490 5.
1275 1474 1296 1490 c.
1318 1464 1358 1489 16.
1378 1473 1417 1501 pr.
1439 1463 1471 1491 de
1491 1463 1603 1490 navicul.

1176 1507 1371 1540 Expilare.
1418 1507 1590 1542 Diripere,
1621 1507 1836 1541 Depraedarn'.
1878 1505 1897 1532 1.
1923 1506 1985 1540 Sy-

1143 1549 1265 1587 Spoliare
1284 1549 1502 1583 (hereditatem.)
1526 1549 1557 1576 fr.
1576 1551 1618 1576 40.
1643 1559 1683 1586 pr.
1709 1548 1742 1576 de
1761 1548 1878 1576 statulib.
1899 1550 1941 1575 40.
1961 1550 1985 1575 7.

1144 1592 1173 1619 Τι’.
1196 1594 1217 1619 l.
1238 1592 1318 1629 expil.
1339 1592 1428 1619 bered.
1452 1595 1494 1619 47.
1520 1594 1560 1619 19.
1598 1591 1759 1629 Compilare.
1784 1591 1815 1619 Τι’.
1833 1593 1875 1619 33.
1900 1591 1934 1618 (le
1952 1591 1985 1618 N.

1144 1635 1175 1662 G.
1196 1638 1220 1662 3.
1241 1638 1264 1661 5.
1284 1635 1315 1662 fr.
1338 1638 1360 1662 1.
1381 1635 1460 1673 expil.
1480 1635 1571 1662 hered.
1589 1637 1632 1662 47.
1652 1637 1692 1662 19.
1729 1634 1772 1662 111.
1789 1636 1855 1663 (ln.
1874 1635 1928 1671 Qui
1948 1645 1987 1662 ae-

1144 1678 1190 1705 des
1211 1678 1318 1709 alienas,
1338 1678 1449 1705 villasve
1469 1678 1658 1716 expilaverint,
1678 1678 1837 1714 effregerint,
1856 1687 1987 1716 expugna—

1140 1722 1237 1751 .verint.
1258 1720 1331 1747 Paul.
1350 1720 1382 1747 V.
1401 1723 1425 1748 3.
1445 1722 1467 1755 5.
1487 1723 1511 1748 3.
1549 1721 1578 1748 Si
1600 1722 1659 1758 quis
1679 1726 1821 1748 extraneus
1840 1730 1895 1747 rem
1913 1720 1988 1748 here·

1121 1790 1122 1797 ἵ
1144 1764 1276 1795 ditariam.
1301 1765 1376 1800 quasi
1400 1764 1551 1801 subripiens
1575 1763 1618 1790 vel
1638 1764 1772 1801 expilatis.
1792 1768 1872 1790 tenet.
1893 1763 1924 1790 fr.
1943 1765 1986 1790 21.

1121 1800 1123 1840 ζ
1143 1817 1183 1844 pr.
1208 1807 1239 1833 de
1263 1807 1294 1833 A.
1320 1817 1344 1833 v.
1370 1807 1402 1833 o.
1427 1807 1458 1834 ιι.
1477 1810 1518 1834 29.
1538 1809 1562 1833 2.

1606 1806 1746 1844 Expilatae
1764 1806 1919 1833 hereditatis
1940 1807 1988 1833 cri·

1144 1860 1211 1877 men.
1231 1849 1262 1876 fr.
1281 1851 1305 1876 3.
1325 1850 1348 1883 5.
1368 1852 1392 1876 5.
1412 1850 1445 1877 de
1463 1860 1536 1888 susp.
1562 1855 1610 1877 tut.
1634 1851 1676 1876 26.
1702 1852 1742 1876 10.
1767 1849 1797 1876 Τι’.
1818 1851 1842 1876 l.
1865 1859 1924 1886 sqq.
1945 1858 1988 1876 ex—

1143 1893 1189 1931 pil.
1210 1892 1299 1919 bered.
1319 1894 1362 1918 47.
1383 1894 1423 1919 19.

1177 1936 1382 1969 Expilatio.
1427 1938 1605 1970 Spoliatio,
1637 1937 1802 1970 Direpn'o.
1844 1933 1888 1960 111.
1920 1935 1986 1961 οη.

1144 1980 1268 2006 Discerni
1288 1978 1376 2005 solent
1395 1980 1467 2005 rixae
1491 1990 1503 2005 a
1522 1980 1690 2015 grassaturis.
1710 1977 1884 2014 expilationes
1903 1986 1917 2003 a
1937 1976 1987 2003 sur-

1144 2024 1177 2049 tis
1198 2027 1247 2049 etc.
1268 2021 1298 2048 fr.
1320 2022 1359 2048 16.
1380 2022 1402 2055 5.
1423 2023 1447 2048 6.
1468 2021 1500 2048 de
1518 2032 1594 2059 poen.
1615 2023 1657 2047 48.
1679 2022 1718 2047 19.

1178 2065 1389 2098 Expilntor.
1428 2066 1665 2099 Depraedator.
1703 2062 1746 2089 III.
1767 2063 1832 2090 011.
1852 2062 1987 2099 Expilato-

1144 2117 1196 2139 res,
1215 2108 1260 2143 qui
1280 2111 1341 2133 sunt
1361 2109 1505 2134 atrociores
1524 2106 1603 2133 fures.
1623 2106 1654 2133 fr.
1676 2108 1698 2132 l.
1718 2106 1740 2139 5.
1762 2107 1783 2131 l.
1804 2104 1836 2131 de
1856 2105 1986 2132 effractor.

1121 2146 1122 2156 ¹
1144 2152 1185 2177 47.
1207 2151 1246 2177 18.

1178 2193 1378 2227 Expirare.
1416 2192 1457 2219 Cf.
1478 2202 1501 2218 v.
1521 2192 1671 2230 Exspirare.

1179 2238 1411 2269 Explanare.
1449 2237 1646 2269 Explicat-e,
1666 2236 1855 2262 Illustrare.
1886 2234 1905 2260 I.
1924 2235 1987 2269 Sy·

1122 2286 1123 2315 ζ
1146 2278 1296 2305 Declarare.
1318 2278 1349 2305 ef.
1368 2278 1394 2304 h.
1415 2288 1438 2304 v.
1476 2278 1517 2304 111.
1534 2279 1600 2306 Gn.
1622 2277 1702 2313 Quod
1721 2279 1781 2314 quis
1801 2277 1940 2303 obscurius
1960 2278 1986 2303 in

1122 2340 1123 2343 .
1145 2326 1302 2348 testamento
1320 2320 1363 2347 vel
1383 2326 1525 2358 nuncupat,
1543 2320 1585 2347 vel
1605 2320 1706 2352 scribit,
1729 2331 1761 2346 an
1780 2325 1842 2357 post
1861 2320 1988 2347 solemnia

1146 2365 1286 2401 explanare
1304 2364 1407 2401 possit?
1426 2364 1456 2390 Τι’.
1476 2365 1518 2389 21.
1537 2364 1559 2397 5.
1581 2365 1603 2389 l.
1641 2364 1692 2398 Qu.
1713 2368 1816 2390 testam.
1837 2363 1883 2389 fac.
1903 2373 1928 2400 p.
1944 2364 1987 2389 28.

1122 2420 1124 2437 ς
1148 2410 1170 2434 1.
1192 2407 1224 2434 cf.
1245 2407 1275 2434 Τι’.
1295 2409 1336 2434 25.
1357 2408 1378 2440 5.
1396 2408 1420 2432 4.
1441 2406 1473 2432 de
1491 2405 1592 2442 probat.
1611 2407 1653 2432 22.
1668 2407 1693 2432 3.
1740 2406 1762 2433 V
1783 2406 1898 2433 testibus
1917 2405 1987 2432 adhi-

1147 2450 1211 2477 bitis
1231 2460 1305 2476 suam
1325 2449 1466 2487 explanare
1485 2448 1655 2475 voluntatem.
1676 2459 1697 2475 c.
1714 2451 1735 2476 1.
1755 2450 1776 2483 5.
1791 2452 1814 2475 2.
1835 2448 1868 2475 de
1886 2448 1942 2475 Lat.
1958 2447 1987 2474 li-

1149 2493 1215 2520 bert.
1237 2495 1259 2519 7.
1279 2494 1303 2519 6.
1343 2492 1422 2518 Suam
1440 2490 1510 2528 expl.
1530 2492 1671 2528 optionem.
1692 2491 1742 2519 Tb.
1762 2492 1793 2519 C.
1814 2491 1857 2518 IV.
1876 2493 1901 2518 4.
1921 2501 1942 2518 c.
1963 2491 1985 2517 7.

1147 2547 1185 2574 pr.
1206 2536 1239 2562 de
1259 2540 1359 2562 testam.
1379 2539 1406 2560 et
1419 2533 1500 2560 codic.

1182 2580 1358 2612 Explere.
1396 2577 1427 2610 §-
1450 2578 1484 2603 1.
1510 2579 1647 2604 Plenum
1670 2579 1823 2614 efficere.
1845 2579 1984 2612 Replere.

1147 2622 1189 2648 III.
1203 2623 1268 2649 οη.
1297 2622 1326 2648 Si
1346 2620 1430 2646 fossas
1451 2619 1565 2649 fecisset.
1586 2637 1618 2641 -
1638 2630 1731 2657 cogere.
1749 2625 1881 2657 oportere,
1901 2619 1984 2646 fossas

1149 2675 1207 2691 eum
1227 2664 1341 2701 explere.
1366 2664 1397 2690 fr.
1417 2664 1458 2690 24.
1483 2664 1504 2696 5.
1524 2666 1548 2690 2.
1573 2663 1606 2690 de
1625 2673 1690 2700 aqua
1714 2667 1740 2689 et
1763 2673 1821 2700 aqu.
1846 2662 1881 2700 pl.
1900 2663 1941 2689 39.
1960 2663 1984 2688 3.

1149 2708 1180 2741 §-
1200 2709 1236 2734 2.
1258 2709 1409 2741 1mplere,
1430 2707 1669 2738 Cvnsnmmare,
1688 2707 1842 2741 Exsequi.
1882 2704 1899 2731 l.
1923 2705 1984 2739 Sy·

1150 2750 1270 2787 Replere.
1291 2749 1386 2775 Fiuire.
1406 2748 1436 2775 Τι’.
1450 2750 1475 2775 2.
1497 2749 1526 2776 Τι’.
1543 2751 1582 2775 15.
1603 2759 1641 2786 pr.
1662 2748 1695 2775 de
1713 2748 1765 2775 div.
1780 2753 1857 2785 temp.
1870 2757 1984 2784 praescr.

1150 2795 1191 2819 41.
1210 2794 1235 2819 3.
1272 2792 1391 2829 [inplere.
1412 2792 1441 2818 Τι’.
1461 2792 1503 2818 63.
1522 2792 1559 2825 55.
1580 2793 1602 2818 7.
1622 2801 1681 2828 sqq.
1701 2791 1732 2818 Τι’.
1748 2792 1789 2817 65.
1809 2790 1830 2824 5.
1852 2791 1873 2816 l.
1894 2789 1924 2816 Τι’.
1945 2791 1984 2816 74.

1150 2836 1171 2870 5.
1194 2837 1215 2861 1.
1237 2834 1268 2861 ad
1288 2834 1315 2861 S.
1336 2834 1367 2861 C.
1388 2834 1466 2861 Treb.
1487 2836 1529 2861 36.
1552 2836 1572 2860 l.
1598 2834 1627 2861 Τι’,
1647 2836 1670 2860 3.
1691 2834 1712 2867 5.
1731 2834 1755 2859 8.
1774 2832 1805 2858 Τι’.
1825 2834 1848 2858 4.
1867 2832 1889 2865 5.
1909 2834 1933 2858 4.
1954 2832 1985 2858 de
