2197 3121
878 917 1389 980 PROOEMIUM.

290 1202 304 1212 ν.

269 1203 416 1272 bemper
448 1232 544 1260 risum
576 1230 647 1260 mihi
679 1236 738 1263 est„
770 1229 843 1263 illis,
874 1232 924 1270 qni
955 1229 993 1260 de
1023 1229 1174 1261 latinitate
1206 1231 1339 1261 fontium
1369 1232 1442 1261 iuris
1466 1231 1523 1260 ciV.
1548 1230 1638 1260 Rom.
1661 1229 1756 1260 verba
1781 1229 1891 1260 facturi
1915 1233 2001 1264 sunt,

268 1292 360 1323 facile
377 1297 520 1322 constare
538 1301 631 1332 posse
655 1302 722 1321 cum
747 1290 786 1321 (le
810 1291 872 1321 line
895 1296 958 1322 tum
983 1291 1022 1322 de
1045 1293 1167 1322 ratione
1190 1294 1235 1323 rei
1252 1291 1441 1329 tractandae,
1465 1290 1634 1322 dummodo
1658 1297 1895 1334 praeceptorum
1920 1291 2001 1323 iuris,

268 1355 355 1384 cuius
379 1354 538 1384 scientiam
561 1352 756 1393 profitentur,
781 1363 932 1383 memores
956 1355 1025 1390 sint,
1049 1360 1078 1383 ct
1102 1353 1200 1394 probe
1225 1359 1421 1395 perspectum
1445 1353 1580 1384 habeant
1603 1353 1734 1383 fontimn
1759 1354 1832 1383 iuris
1856 1353 1894 1382 R.
1918 1350 2001 1381 habi-

268 1421 330 1445 tum
354 1420 445 1455 atque
469 1415 637 1456 ingenium.
685 1414 832 1443 Profecto
858 1416 938 1444 enim
962 1416 1034 1445 artis
1058 1420 1183 1445 nostrae
1208 1420 1373 1456 praecepta
1397 1417 1543 1457 ignorare
1567 1416 1720 1445 neminem
1751 1416 1924 1456 patiuntur,
1954 1423 2001 1442 ac-

268 1482 372 1506 curate
396 1474 632 1517 distinguendas
657 1486 723 1505 esse
748 1474 886 1517 singulas
910 1475 1104 1517 singulorum
1128 1476 1295 1507 verborum
1319 1476 1574 1519 significationes,
1597 1487 1665 1506 cum
1689 1485 1914 1517 saepenumero
1938 1484 2001 1503 non

269 1536 337 1567 leve
360 1535 496 1578 pendeat
520 1536 684 1567 discrimen
708 1547 725 1566 a
749 1535 881 1577 duplici,
911 1547 1012 1578 neque
1036 1536 1202 1568 admodum
1227 1537 1356 1579 dispari,
1387 1549 1476 1579 quem
1500 1537 1581 1568 idem
1604 1537 1732 1568 verbum
1755 1536 1876 1578 prodit,
1899 1546 2001 1566 sensu.

268 1599 343 1628 Item
367 1597 498 1628 fontium
523 1599 596 1628 iuris
620 1599 657 1627 P..
682 1598 814 1627 varietas
838 1597 1000 1635 admonet,
1031 1609 1070 1629 ne
1101 1610 1136 1629 ex
1166 1599 1298 1630 barbara
1328 1599 1430 1640 aliqua
1460 1600 1606 1629 versione
1636 1598 1893 1641 fragmentorum,
1924 1607 2002 1638 quae

267 1670 382 1699 graeco
407 1655 559 1689 sennone
575 1660 750 1699 conscripta
776 1664 861 1696 sunt,
891 1659 1051 1690 latinitatis
1075 1660 1228 1701 praesidia
1252 1666 1436 1702 repetamus.
1482 1661 1518 1691 In
1542 1670 1604 1701 quo
1629 1671 1734 1690 errore
1757 1671 1869 1702 magna
1894 1669 2001 1689 eorum

268 1732 339 1761 pars
362 1726 519 1757 versatur,
543 1721 595 1761 qui
618 1721 650 1750 in
674 1720 731 1749 hac
755 1731 848 1751 arena
872 1722 953 1751 vires
978 1723 1095 1762 experti
1119 1727 1199 1752 sunt.
1253 1723 1359 1752 Taceo
1390 1721 1577 1759 nonnullos,
1605 1732 1785 1762 graecarum
1809 1721 2003 1751 constitutio-

270 1792 340 1811 num
364 1781 527 1811 Iustiniani
551 1781 660 1818 latina,
692 1792 771 1822 quae
800 1781 897 1824 vulgo
923 1782 1149 1817 circumfertur,
1178 1784 1436 1824 intelpretatione
1465 1788 1616 1824 tamquam
1641 1782 1799 1813 latinitatis
1823 1782 2002 1812 testimonio

269 1841 350 1872 haud
374 1841 606 1872 contemnendo
633 1848 771 1873 utentes:
802 1853 867 1873 non
892 1842 1004 1873 desunt
1027 1843 1094 1879 alii,
1124 1845 1207 1885 iique.
1230 1845 1391 1886 graviores
1416 1849 1573 1881 auctores,
1603 1845 1653 1884 qui
1677 1843 1803 1874 latinam
1826 1844 2002 1874 versionem

270 1903 512 1945 fragmentorum
536 1914 734 1945 graecorum,
758 1909 818 1933 tam
843 1906 873 1934 in
897 1904 1036 1946 Digestis
1060 1905 1239 1941 obviorum,
1263 1916 1352 1946 quam
1377 1907 1408 1935 in
1432 1907 1689 1936 constitutionum
1712 1904 1913 1946 imperialium
1937 1914 2004 1934 cor*

267 1964 411 2004 poribus,
444 1963 531 1994 latini
555 1966 707 1994 sennonis
731 1964 870 1995 fontibus
894 1965 957 1996 fide
981 1965 1168 2008 dignissimis
1192 1977 1358 1997 accensere
1382 1978 1447 1997 non
1477 1966 1669 1997 destiterunt.
1715 1965 1846 1997 Accedit
1868 1965 1928 1995 alia
1952 1963 2003 1994 ad-

267 2026 413 2061 monitio,
444 2035 483 2055 ne
514 2036 549 2055 ex
580 2024 668 2067 largo
692 2032 963 2057 monumentorum
988 2026 1146 2057 latinitatis
1170 2029 1244 2058 iuris
1268 2029 1305 2058 R.
1330 2028 1476 2058 thesauro
1500 2027 1655 2070 singulum
1679 2027 1806 2069 aliquod
1828 2036 1927 2069 genus
1951 2025 2003 2056 eli-

267 2096 390 2127 gamm,
413 2086 599 2127 posthabitis
623 2086 749 2128 reliquis
774 2093 804 2118 et
827 2088 892 2118 fere
917 2090 1090 2119 contemtis.
1137 2089 1234 2129 Quod
1259 2088 1382 2131 quidem
1406 2089 1540 2120 studium
1564 2089 1660 2131 vulgo
1685 2089 1846 2119 confertur
1867 2090 1899 2118 in
1923 2087 2002 2128 frag-

266 2152 369 2177 menta
393 2146 461 2183 illa,
492 2159 570 2188 quae
595 2159 630 2178 ex
655 2147 854 2179 classicorum
878 2150 900 2179 I.
915 2149 1048 2181 Ctorum
1071 2151 1109 2180 R.
1135 2150 1283 2191 operibus
1307 2150 1347 2181 ad
1369 2156 1477 2181 nostra
1501 2161 1598 2192 usque
1622 2156 1761 2192 tempora
1784 2153 2000 2192 pervenerunt.

268 2207 409 2238 Manebit
432 2218 506 2238 sane
530 2207 647 2239 illibata
671 2209 857 2250 prudentum
881 2210 1006 2241 illorum
1037 2213 1158 2252 scriptis
1189 2213 1340 2242 orationis
1369 2211 1450 2249 laus,
1480 2214 1652 2254 argumenti
1682 2211 1881 2242 subtilitatem
1911 2216 2002 2250 atque

269 2270 390 2310 copiam
413 2268 543 2299 mirifice
566 2270 747 2305 referentis;
778 2282 817 2301 ne
840 2277 943 2302 tamen
967 2274 1117 2303 minorem
1142 2272 1334 2315 diligentiam
1357 2273 1557 2304 adhibeamus
1587 2275 1618 2303 in
1648 2272 1786 2314 reliquiis
1809 2272 2002 2302 constitutio-

269 2340 341 2359 num
357 2330 586 2371 Principahmr..
611 2343 689 2372 quae.
713 2332 906 2373 temporibus
930 2334 1081 2364 seriorum
1103 2334 1327 2375 Imperatorum
1352 2333 1544 2376 prodierunt,
1569 2340 1598 2365 et
1621 2336 1772 2365 sermonis
1796 2333 1881 2364 latini
1906 2333 2002 2373 magis

270 2396 321 2420 aut
344 2392 442 2421 minus
467 2390 627 2432 depravati
651 2395 785 2433 speciem
809 2405 882 2434 prae
906 2405 939 2424 se
965 2394 1076 2425 ferunt.

420 2451 483 2492 Qui
513 2454 689 2483 universum
721 2453 852 2485 fontium
881 2457 955 2485 iuris
986 2457 1024 2486 R.
1048 2455 1193 2486 ambitum
1225 2456 1563 2493 circumlustraverunt,
1594 2462 1624 2487 et
1652 2458 1684 2486 in
1715 2454 1859 2486 eruendis
1890 2465 2001 2484 vocum

271 2512 431 2543 latinarum
461 2513 743 2555 significationibus
773 2525 901 2557 operam
931 2523 1104 2558 posuerunt
1133 2516 1214 2547 haud
1245 2517 1466 2558 spernendam,
1503 2517 1601 2548 nihilo
1633 2523 1734 2548 tamen
1765 2517 1865 2546 minus
1895 2525 2001 2556 parum

272 2573 443 2613 profecisse
467 2573 663 2613 videbuntur,
686 2578 745 2606 nisi
768 2577 850 2607 iusto
876 2576 987 2608 ordine
1012 2584 1041 2608 et
1064 2577 1212 2609 methodo
1237 2578 1395 2609 luculenta
1418 2578 1591 2610 studiorum
1614 2588 1740 2608 suorum
1765 2577 1881 2608 fructus
1898 2576 2001 2617 dispo-

270 2644 354 2671 nere,
378 2640 407 2664 et
430 2642 680 2677 argumentorum
704 2639 814 2668 seriem
831 2644 997 2669 contexere
1014 2638 1187 2670 didicerint.
1225 2639 1281 2670 Illa
1306 2641 1388 2670 enim
1411 2642 1489 2670 ratio
1514 2638 1657 2670 tradendi
1680 2638 1838 2669 latinitatis
1862 2637 2001 2678 exempla

270 2695 530 2736 iurisprudentiae
554 2696 725 2729 cultoribus
749 2710 839 2739 quam
862 2701 990 2730 maxime
1015 2699 1256 2738 commendatur,
1280 2712 1359 2742 quae
1384 2706 1414 2731 et
1437 2712 1543 2731 causas
1567 2701 1719 2730 variarum
1736 2699 1999 2742 significationum

271 2758 302 2786 in
325 2756 455 2798 singulis
478 2757 608 2789 vocibus
632 2764 736 2800 apeite
760 2759 965 2798 demonstrat,
996 2767 1027 2792 et
1056 2762 1177 2792 facilem
1207 2762 1317 2792 lectori
1347 2762 1475 2804 praebet
1504 2767 1755 2803 argumentorum
1779 2762 2000 2803 cognitionem.

271 2817 380 2858 quibus
403 2818 547 2859 probatio
571 2818 691 2850 illarum
716 2822 901 2853 continetur.
937 2822 1033 2863 Quod
1051 2822 1089 2854 de
1106 2823 1261 2865 analytica
1279 2823 1426 2855 methodo
1444 2821 1624 2864 praedicare
1641 2822 1720 2861 licet,
1745 2824 1830 2854 cuius
1848 2822 2001 2854 elementa
