2197 3121
1044 169 1137 199 PRA.

217 254 325 281 crimina
346 252 515 280 abscondere.
539 251 569 279 fr.
591 253 613 278 l.
632 251 654 285 3.
676 252 698 277 1.
718 250 750 276 ad
770 249 835 277 S.C.
855 249 938 287 anp.
958 251 999 277 48.
1020 251 1060 276 16.

216 296 259 322 III.
274 297 341 323 Gn.
360 296 550 322 Accusatorum
570 294 703 320 temeritas
724 293 808 319 tribus
821 292 906 318 modis
920 292 1060 329 detegitur,

218 354 250 359 —
270 343 315 365 aut
335 340 402 365 enim
423 338 620 368 calumniantur,
640 341 684 362 aut
703 337 928 373 praevaricantur,
948 341 991 361 aut
1010 340 1060 362 ter-

215 382 390 418 giversantur.
411 381 441 407 fr.
463 382 484 407 1.
504 390 543 418 pr.
564 379 710 406 ib.-18.16.
748 378 810 405 Sive
830 379 932 416 privato
952 377 1059 410 iudicio,

216 424 272 450 sive
292 424 398 461 publico
417 424 612 461 praevaricatus
634 423 677 448 sit.
702 421 732 448 fr.
755 423 776 447 l.
801 422 822 455 3.
844 423 867 447 l.
894 420 923 447 fr.
942 422 966 446 3.
992 421 1013 454 3.
1033 423 1057 446 2.
1081 444 1082 459 ἰ

215 466 248 493 de.
266 476 383 504 praevar.
398 468 439 492 47.
458 468 496 492 15.
534 465 563 491 Si
583 470 721 502 patronum
742 474 834 491 causae
853 465 1059 501 praevaricatum

215 514 301 546 putas.
323 520 343 536 c.
365 511 386 535 1.
407 508 439 535 de
459 508 549 534 advoc.
570 507 622 534 div.
643 508 763 534 iudicior.
782 509 807 534 2.
828 508 850 532 7.

254 551 557 580 Praevaricatio.
605 552 636 584 ξ.
661 552 695 577 1.
725 551 953 579 Accusatoris,
981 551 1059 575 item

213 596 351 629 patroni
369 603 558 625 causarum,
583 594 813 620 inconstantia
831 598 861 618 el
879 594 977 618 dolus.
1014 591 1058 617 III.

216 638 282 665 Gn.
311 637 398 672 Quive
425 652 456 656 —
481 635 578 662 iudicio
609 636 671 673 pub.
700 634 887 662 condemnatus
916 639 968 665 est,
1001 635 1058 666 erit,

215 689 327 716 quemve
346 679 501 707 calumniae.
526 679 792 716 praevaricationisve
815 687 892 703 causa
911 687 1058 708 accusasse,

215 722 344 749 fecisseve
364 721 444 758 quod,
464 722 594 748 iudicatus
615 727 662 753 est,
683 722 738 747 erit.
759 719 823 746 Tab.
839 719 940 746 Heracl.
956 720 1000 746 lin.
1016 722 1057 746 45.

214 774 255 802 sq.
279 774 330 791 aer.
355 764 436 802 Neap.
464 764 504 791 CF.
530 775 552 790 v.
577 764 720 791 Calumnia.
745 763 767 797 3.
787 765 811 789 2.
849 762 885 789 Vt
908 772 960 788 non
985 763 1058 799 prins

215 812 367 840 accusetur,
392 818 468 844 quam
488 807 520 833 de
539 808 635 844 prioris
655 807 815 832 accusatoris
834 806 1059 843 praevaricatione

215 851 372 882 constiterit,
392 855 418 877 et
437 851 636 887 pronunciatum
657 849 742 875 fuerit.
763 848 792 875 fr.
812 850 836 875 3.
856 849 917 882 31.
937 848 970 874 de
986 858 1058 885 prae-

213 903 267 919 var.
287 895 328 919 47.
351 895 390 919 15.
429 893 534 929 Quodsi
558 892 684 919 advocato
708 892 940 929 praevaricationis
960 892 1058 917 crimen

215 935 375 963 intendatur.
400 935 430 962 fr.
449 938 474 962 3.
499 937 520 970 3.
539 938 563 962 2.
589 935 622 961 ib.
641 937 683 961 47.
705 937 744 960 15.
783 934 948 961 Collusionis
968 933 1058 960 fraude

213 978 331 1015 vulgata,
352 994 383 998 —
404 983 554 1016 recuperet.
581 977 708 1015 quidquid
733 977 875 1003 calliditate.
898 978 1058 1014 praevarica-

214 1023 295 1048 tionis
315 1021 467 1059 perdiderit.
489 1021 538 1048 Th.
553 1020 583 1047 C.
597 1021 630 1047 X.
647 1023 685 1046 15.
702 1031 722 1046 c.
737 1023 761 1046 3.
782 1020 814 1046 (le
834 1020 924 1046 advoc.
944 1020 1011 1046 fisci.
1027 1036 1056 1039 —

214 1065 293 1098 §.2
315 1067 502 1098 Apostasia.
540 1063 558 1090 I.
579 1065 640 1098 Sy.
661 1063 781 1089 Pei-lidia.
802 1063 838 1089 lb.
859 1063 929 1089 XVI.
950 1064 973 1089 7.
993 1073 1012 1089 c.
1033 1064 1057 1089 3.

213 1107 236 1141 3.
256 1109 280 1133 2.
301 1117 322 1133 c.
344 1109 365 1133 7.
386 1108 407 1141 3.
429 1109 452 1133 3.
473 1107 505 1133 de
525 1112 636 1144 apostat.

255 1149 562 1177 Praevarieator.
603 1152 666 1183 Qui
682 1151 944 1184 praevaricatus
963 1155 1015 1175 est.
1040 1147 1059 1173 l.

214 1194 276 1227 Sy.
308 1193 361 1228 Qui
386 1191 497 1219 colludit
521 1203 579 1219 cum
602 1203 655 1219 reo.
694 1192 747 1227 Qui
773 1202 875 1218 causam
900 1191 1058 1217 adversariis

213 1236 269 1262 suis
289 1235 376 1262 donat.
401 1234 431 1261 fr.
454 1237 475 1261 1.
500 1236 520 1269 3.
542 1238 565 1262 6.
586 1234 617 1261 ad
637 1234 703 1261 S.C.
725 1234 806 1272 Turp.
827 1236 867 1261 48.
890 1236 928 1261 16.
950 1234 979 1260 fr.
999 1236 1058 1260 212.

213 1278 246 1305 de
264 1277 296 1305 V.
317 1278 344 1305 S.
364 1280 405 1304 50.
428 1279 467 1303 16.
504 1278 546 1304 III.
563 1279 628 1305 Cn.
648 1277 845 1304 Praevaricator
864 1283 904 1304 est
923 1278 998 1314 quasi
1017 1287 1059 1303 va-

211 1322 318 1353 ricator,
338 1322 383 1358 qui
403 1320 533 1347 diversam
547 1326 648 1358 partem
661 1320 774 1353 adiuvat.
794 1321 897 1358 prodita
912 1330 989 1346 causa
1003 1330 1058 1346 sua.

211 1363 243 1390 fr.
258 1365 280 1390 l.
300 1374 339 1401 pr.
359 1363 392 1390 de
411 1374 528 1400 praevar.
548 1366 590 1390 47.
608 1366 647 1390 15.
685 1363 714 1389 Si
733 1365 764 1394 is.
785 1364 817 1389 de
837 1365 911 1390 cuius
927 1363 1054 1389 calumnia

212 1407 252 1443 agi
270 1406 440 1444 prohibetur.
464 1417 553 1443 praev.
573 1407 599 1433 in
620 1416 696 1433 causa
716 1406 804 1433 iudicii
824 1407 925 1444 publici
944 1416 1058 1444 pronun-

212 1450 296 1476 ciatus
317 1455 364 1476 cst.
386 1449 415 1476 fr.
436 1451 458 1475 ⁴.
480 1449 514 1476 ib.
535 1451 575 1475 47.
598 1451 637 1475 15.

250 1492 502 1520 Praevenire.
540 1493 571 1525 §·
592 1494 626 1519 l.
654 1494 834 1527 Occupare,
854 1495 1056 1520 Praecedere.

211 1535 230 1562 l.
247 1537 309 1570 Sy.
330 1535 476 1572 Occupare.
498 1534 538 1561 Cf.
560 1535 584 1562 h.
605 1546 628 1561 v.
648 1536 669 1569 3.
690 1537 712 1561 3.
745 1535 906 1572 Praeripere.
927 1536 967 1562 Cf.
989 1536 1012 1562 h.
1032 1546 1056 1562 v.

211 1578 234 1612 3.
254 1580 277 1604 l.
305 1578 382 1604 Prius
402 1577 542 1604 decedens.
571 1578 655 1605 Morte
675 1584 841 1615 praeventus.
862 1578 928 1605 Nov.
943 1578 1001 1605 Val.
1015 1578 1056 1605 111.

212 1620 245 1647 de
264 1626 365 1647 testam.
386 1620 415 1646 ll.
435 1622 477 1647 21.
498 1632 519 1647 c.
542 1623 563 1647 l.
584 1631 623 1658 pr.
643 1622 679 1655 33
698 1623 718 1647 1.
733 1632 773 1658 sq.
810 1622 840 1648 II.
857 1624 925 1656 Op.
946 1621 1057 1648 Cedere.

213 1662 255 1689 Cf.
275 1663 299 1690 h.
320 1674 343 1690 v.
363 1664 385 1697 3.
408 1665 428 1689 l.
466 1663 508 1690 III.
526 1665 591 1691 Cn.
613 1663 642 1690 Si
662 1666 769 1692 maritus
790 1666 964 1702 praevenerit.
984 1675 1058 1691 accu-

213 1716 323 1743 sareque
341 1708 491 1733 instituerit.
513 1706 542 1733 fr.
562 1708 586 1733 -1,
606 1717 645 1743 pr.
667 1707 698 1733 cf,
724 1707 753 1734 fr.
772 1710 796 1734 2.
816 1708 838 1741 3
858 1709 882 1734 8,
909 1707 940 1734 ad
959 1707 988 1734 L.
1009 1707 1056 1733 Iul.

213 1748 246 1775 de
265 1748 399 1775 adult-18.
414 1751 437 1775 5.
459 1748 528 1775 Coll.
543 1748 595 1775 LL.
611 1749 644 1776 11.
662 1750 703 1776 VI.
725 1752 748 1776 6.
787 1751 815 1777 Si
835 1755 1005 1788 praeventum
1025 1751 1056 1776 ab

213 1791 310 1828 aliquo,
331 1797 356 1818 et
376 1797 460 1817 aetum
481 1791 513 1817 de
532 1792 637 1829 peculio
657 1798 705 1819 etc.
727 1793 757 1820 fr.
778 1795 799 1819 1.
819 1795 840 1827 3.
861 1795 885 1819 2.
906 1793 938 1819 ‹le
957 1794 982 1819 in
1002 1803 1056 1819 rem

212 1844 299 1860 verso,
321 1836 360 1860 15.
379 1837 403 1860 3.
442 1835 540 1861 Moram
561 1845 612 1861 non
632 1837 776 1873 recipiant.
797 1846 847 1861 non
867 1846 967 1872 poenat-
987 1836 1057 1862 festi-

213 1878 326 1909 natione.
346 1877 393 1903 sed
413 1878 600 1914 praeveniendi
619 1878 731 1915 periculi
751 1889 835 1905 causa.
856 1878 886 1905 fr.
903 1880 926 1905 6.
944 1880 965 1912 3.
981 1881 1004 1906 9.
1025 1879 1057 1905 de

213 1921 302 1946 iniust.
327 1924 395 1956 rupt.
421 1922 462 1946 28.
482 1922 506 1946 3.
528 1920 559 1946 cf.
589 1920 658 1947 Coll.
683 1920 735 1947 LL.
759 1921 792 1948 m.
814 1921 855 1948 Ill.
875 1923 898 1948 3.
936 1921 979 1948 lus
998 1922 1057 1948 fisci

213 1973 316 1989 causam
337 1968 405 1989 tuam
426 1964 568 1998 praevenit.
590 1974 611 1989 c.
630 1966 654 1990 2.
676 1963 707 1990 de
727 1964 814 2001 privil.
835 1965 900 1991 fisci.
922 1967 944 1990 7.
964 1966 1003 1990 73.
1024 1964 1056 1991 cf.

213 2005 243 2032 fr.
257 2007 298 2032 28.
319 2005 351 2032 tle
371 2007 426 2032 inre
445 2006 511 2032 fisci.
526 2008 567 2032 49.
584 2009 622 2033 14.
642 2021 675 2026 —
696 2007 726 2040 ξ.
742 2008 777 2033 2.
799 2009 1055 2034 Circumvenire.

212 2048 255 2075 III.
276 2050 342 2077 Cn.
368 2048 420 2076 Nc.
450 2048 591 2086 Principali
616 2049 773 2076 liberalitate
797 2055 950 2087 praeventa,
977 2050 1058 2077 domi-

213 2092 284 2118 nium
309 2092 368 2128 quis
393 2093 430 2118 rei
455 2092 554 2118 alienae
574 2092 695 2119 adfectet.
722 2091 772 2119 Th.
793 2093 823 2119 C.
842 2093 874 2119 X.
895 2095 918 2119 S.
939 2104 960 2120 c.
979 2096 1004 2119 2.
1025 2093 1056 2119 de

214 2134 273 2160 bon.
293 2144 348 2160 vac.

252 2178 520 2204 Praevertere.
542 2179 757 2205 Anterortere.
783 2178 825 2205 III.
840 2180 906 2206 011.
928 2179 1055 2206 Ordinem

214 2218 320 2245 militiae
339 2225 416 2256 atque
437 2220 567 2257 stipendia
588 2230 663 2246 nemo
683 2227 838 2258 praevertat.
871 2221 920 2248 Th.
941 2222 972 2249 C.
992 2222 1010 2249 I.
1031 2224 1054 2249 9.

215 2272 236 2287 c.
255 2264 279 2287 2.
299 2261 403 2295 (ch.)
426 2262 459 2289 de.
479 2263 521 2289 off.
543 2273 606 2299 mag.
627 2263 696 2290 offic.
718 2264 749 2290 et.
769 2264 831 2290 lust.
853 2265 883 2291 C.
904 2276 925 2291 c.
946 2267 969 2291 7.
990 2266 1010 2299 3.
1033 2267 1054 2291 l.

215 2304 247 2330 de
267 2303 357 2342 advoc.
378 2305 428 2331 div.
448 2305 570 2332 iudicum.
591 2308 614 2332 2.
632 2308 655 2332 S.

253 2347 499 2375 Praevidere.
537 2350 568 2382 §0
584 2351 617 2376 l·
642 2352 832 2381 Providere,
852 2353 1054 2385 Prospicere.

215 2389 255 2415 lIl.
281 2391 346 2417 sn.
376 2388 404 2415 Si
433 2391 593 2426 praevideris
621 2392 810 2428 ingredientem
838 2393 946 2419 fundum
974 2398 1054 2424 tuum,

214 2434 315 2469 poteris
336 2442 393 2458 eum
413 2433 468 2458 iure
486 2434 634 2469 probibere.
661 2436 682 2468 3
704 2437 744 2461 14.
765 2436 795 2462 cf.
816 2437 836 2469 3
858 2438 897 2462 12.
919 2436 951 2462 tle
970 2436 1000 2462 R.
1020 2436 1054 2463 D.

214 2478 237 2500 2.
261 2477 281 2500 1.
321 2475 395 2510 Quae
415 2474 529 2501 fortuitis
549 2478 652 2504 casibus
672 2478 806 2504 accidunt.
831 2489 889 2505 cum
908 2479 1054 2516 praevideri

215 2528 266 2544 non
286 2519 427 2554 potuerint.
448 2528 468 2544 c.
483 2519 505 2543 6.
526 2518 557 2544 de
577 2521 645 2556 pign,
660 2526 708 2547 act,
729 2523 808 2548 124,
829 2537 861 2541 --
881 2522 912 2555 ξ.
925 2523 960 2548 2.
980 2524 1054 2549 Per.

215 2563 345 2595 spirere.
383 2560 402 2586 1.
418 2561 480 2594 Sy.
499 2560 647 2589 Pervidere.
668 2563 708 2590 Cf.
728 2564 753 2590 h.
774 2575 797 2590 v.
813 2564 974 2601 Perspicere.
995 2575 1016 2592 c.
1029 2568 1053 2592 2.

215 2604 236 2638 3.
257 2606 280 2629 5.
301 2603 333 2629 de
353 2603 396 2629 off.
416 2602 464 2629 Prf
488 2602 530 2629 Pr.
551 2603 605 2629 Afr.
628 2607 649 2630 1.
668 2607 710 2632 27.

253 2646 515 2679 Pragmatsta,
542 2656 562 2671 s.
591 2647 887 2681 Pragmatio-im.
925 2652 1054 2677 Rescri-

213 2696 302 2724 ptum
324 2691 495 2722 Principis
515 2692 667 2720 solemne,
693 2691 862 2726 (praesertim
882 2693 963 2724 illud,
985 2693 1055 2729 quod

215 2742 257 2758 res
272 2731 391 2769 publicas
406 2731 634 2758 administrandas.
655 2737 697 2758 aut
712 2736 812 2769 negotia
827 2735 929 2771 collegii
946 2735 1055 2762 alicuius

215 2774 348 2801 tractanda
374 2774 558 2811 respiciebat.)
596 2774 614 2801 I.
636 2776 697 2808 Sy·
721 2774 879 2812 Pragmatica
901 2778 978 2805 huius
998 2789 1055 2805 san-

1886 170 1948 201 755

1105 250 1148 277 III.
1168 250 1200 277 de
1219 249 1325 287 palatin.
1345 249 1375 276 II.
1395 252 1417 277 7.
1443 261 1463 277 c.
1483 252 1507 277 3.
1527 250 1548 284 3.
1570 251 1593 276 1.
1629 249 1671 276 III.
1692 250 1758 277 Gn.
1782 250 1811 276 Si
1835 250 1948 277 caeleste

1106 298 1196 319 contra
1215 292 1364 330 proferatur
1383 293 1524 322 oraculum.
1544 293 1601 319 sive
1620 292 1762 325 adnotatio,
1782 294 1838 319 sive.
1857 294 1892 319 sit
1911 293 1948 320 di-

1104 337 1164 362 vina
1182 336 1348 373 pragmatica.
1368 335 1435 362 Nov.
1457 335 1506 362 Th.
1526 335 1556 361 ll.
1577 335 1609 362 de
1629 335 1713 362 navib.
1732 346 1756 362 n.
1777 346 1866 362 excus.
1885 336 1902 363 I.
1924 338 1946 363 7.

1104 388 1126 405 e.
1148 380 1169 405 1.
1194 388 1233 416 pr.
1259 378 1290 404 οἵ.
1316 378 1366 404 Th.
1392 379 1422 404 C.
1447 378 1517 405 XVI.
1542 380 1565 404 5.
1592 389 1612 404 c.
1636 381 1678 405 52.
1703 389 1743 416 pr.
1768 378 1800 405 de
1824 379 1946 406 haeretic.

1104 421 1166 447 Sive
1195 421 1351 458 pragmatica
1378 430 1458 458 super
1483 420 1533 447 hoc
1557 423 1704 458 processit,
1732 422 1789 448 sive
1817 423 1947 448 sententia

1104 465 1265 490 eminentiss,
1294 463 1480 501 praefecturae.
1511 474 1532 490 c.
1552 465 1593 490 66.
1622 464 1654 490 de
1680 464 1813 491 decurion.
1839 467 1879 490 10.
1904 466 1946 492 31.

1103 505 1163 533 Non
1186 506 1394 544 praeiudicatum
1421 516 1576 543 quacunque
1599 507 1768 540 generalitate
1786 509 1946 545 pragmatici.

1104 548 1153 575 Th.
1175 549 1205 576 C..
1226 548 1269 575 VI.
1294 551 1335 575 23.
1361 560 1382 576 c.
1402 552 1426 576 3.
1451 549 1483 576 de
1508 549 1595 576 decur.
1621 555 1646 575 et
1668 549 1755 576 silent.
1792 550 1946 587 Pragmatici

1104 593 1188 618 nostri
1208 592 1351 623 decretum,
1370 602 1394 618 v.
1414 593 1564 618 auctoritas.
1584 592 1650 619 Nor.
1664 592 1721 619 Yal.
1736 593 1775 619 lIl.
1796 593 1828 619 de
1847 593 1945 630 indulg.

1103 634 1196 671 reliqu.
1217 634 1246 661 11.
1269 637 1290 661 1.
1312 645 1332 661 c.
1348 637 1370 661 l.
1391 635 1413 669 3.
1430 637 1451 661 l.
1471 636 1497 661 in
1518 635 1602 661 damn.
1622 636 1683 672 pub.
1698 636 1727 662 11.
1748 638 1771 662 4.
1793 647 1813 662 c.
1830 638 1850 663 1.
1871 637 1930 670 3.1.

1141 678 1482 711 Pragmafiearius.
1522 680 1583 711 Qui
1606 680 1638 704 in
1660 681 1796 706 scriniis
1816 681 1946 706 Princi-

1100 723 1154 755 pia
1178 731 1305 755 operam
1334 723 1434 747 dabat
1460 723 1687 756 pragmaticis
1716 723 1946 748 sanctionibus

1103 766 1298 790 tractandis.
1336 763 1378 790 lII.
1400 764 1466 791 Cn·
1494 762 1684 799 Cuiuscunque
1703 765 1792 790 scrinii
1812 766 1946 791 memoria-

1103 805 1151 838 les,
1171 816 1218 832 seu
1236 807 1436 843 pragmaticarii,
1456 806 1497 832 vel
1511 805 1644 832 adiutores
1657 807 1807 843 primicerii.
1828 817 1849 833 c.
1865 809 1887 834 7.
1906 818 1945 845 pr.

1104 848 1136 875 de
1160 849 1213 876 div.
1239 859 1318 875 rescr.
1346 851 1368 875 1.
1387 850 1429 875 23.
1467 848 1670 875 Laterculenses
1697 854 1722 875 et
1747 851 1945 886 pragmaticarii.

1104 901 1124 918 c.
1145 894 1168 919 5.
1206 892 1260 927 Qui
1279 891 1352 917 milit.
1372 901 1444 929 poss.
1466 893 1505 918 12.
1524 893 1566 918 34.

1141 935 1419 968 Pragmatieus.
1439 934 1556 967 (Subst.)
1580 936 1745 968 Exceptor
1763 934 1946 967 (formularum

1104 982 1130 1003 et
1148 978 1403 1010 instrumentorum.)
1441 977 1482 1003 llI.
1501 979 1566 1005 Cn.
1591 976 1666 1003 Solet
1690 978 1723 1003 ita
1743 977 1786 1004 vel
1809 979 1874 1005 iuris
1893 984 1946 1006 stu-

1104 1019 1187 1046 diosis
1208 1019 1343 1051 interdici,
1368 1019 1410 1045 vel
1430 1020 1576 1051 advocatis,
1601 1020 1642 1046 vel
1667 1020 1866 1051 tabellionibus,
1890 1023 1946 1048 sive

1103 1063 1276 1099 pragmaticis
1297 1062 1326 1088 fr.
1347 1063 1370 1088 9.
1392 1063 1428 1095 33
1449 1065 1472 1088 4.
1493 1073 1531 1099 sq.
1553 1063 1584 1089 :le
1605 1073 1681 1100 poen.
1701 1064 1742 1089 48.
1764 1065 1803 1090 19.

1141 1105 1422 1139 Pragmatieus.
1444 1105 1581 1137 (Adiect.)
1603 1108 1649 1132 Ad
1666 1109 1823 1133 solemnia
1843 1110 1946 1142 respi-

1103 1150 1189 1175 ciens
1212 1150 1407 1181 Principum
1433 1151 1602 1182 rescripta.
1635 1148 1693 1181 (Cf.
1717 1159 1740 1175 v.
1760 1148 1945 1185 Praginatica.)

1103 1190 1147 1217 III.
1162 1192 1228 1218 (711'.
1247 1190 1377 1216 Vniversa
1391 1192 1527 1227 rescripta,
1548 1207 1579 1210 —
1600 1201 1665 1227 quae
1680 1192 1722 1218 vel
1742 1192 1883 1225 adnotatio,
1903 1194 1945 1220 vel

1104 1234 1212 1270 quaevis
1231 1234 1388 1271 pragmatica
1407 1235 1508 1260 sanctio
1521 1235 1694 1260 nominentur.
1716 1245 1737 1261 c.
1751 1237 1774 1261 7.
1794 1246 1832 1272 pr.
1848 1235 1879 1262 de
1893 1236 1944 1263 div.

1103 1286 1183 1303 rescr.
1206 1278 1227 1302 l.
1247 1278 1288 1302 23.
1327 1276 1355 1303 Si
1381 1286 1447 1313 quae
1466 1287 1528 1303 vero
1552 1279 1725 1314 pragmaticae
1743 1280 1893 1305 sanctiones
1913 1296 1945 1300 —

1103 1319 1254 1346 civitatibus
1274 1319 1354 1351 forte,
1375 1319 1417 1346 vel
1437 1320 1606 1358 corporibus.
1627 1320 1669 1346 vel
1688 1319 1801 1349 scholis.
1821 1321 1864 1348 vel
1884 1324 1946 1349 scri-

1102 1363 1168 1393 niis,
1192 1362 1235 1388 vel
1260 1361 1368 1395 officiis,
1392 1362 1434 1389 vel
1459 1362 1536 1389 alicui
1559 1372 1688 1400 personae
1710 1364 1858 1401 impertitae
1876 1370 1945 1392 sunt.

1103 1405 1197 1432 Const.
1227 1405 1333 1432 Summa
1352 1407 1416 1443 reip.
1445 1405 1487 1431 De
1506 1405 1569 1432 lust.
1590 1405 1657 1432 Cod.
1677 1407 1794 1433 confirm.
1815 1408 1879 1441 3.11.
1917 1408 1947 1435 Si

1103 1448 1216 1475 caeleste
1235 1453 1324 1475 contra
1344 1449 1493 1486 proferatur
1513 1448 1655 1481 oraculum,
1676 1450 1732 1476 sive
1751 1449 1885 1477 adnotatio
1902 1452 1945 1484 sit,

1102 1492 1158 1517 sive
1183 1491 1270 1518 divina
1295 1493 1452 1528 pragmatica
1472 1493 1582 1518 sanctio.
1607 1502 1628 1517 c.
1649 1494 1689 1518 10.
1717 1492 1749 1519 de
1768 1492 1817 1519 SS.
1838 1493 1901 1521 eccl.
1922 1496 1944 1521 l.

1101 1537 1125 1561 2.
1147 1534 1177 1561 cf.
1203 1546 1224 1561 υ.
1247 1537 1285 1561 12.
1311 1534 1343 1560 «le
1366 1535 1459 1570 vectig.
1485 1539 1510 1560 et
1535 1544 1626 1560 comm.
1650 1536 1672 1560 4.
1693 1535 1735 1560 61.
1773 1535 1895 1568 Sanctio,
1920 1547 1945 1563 v.

1102 1577 1204 1609 Forma,
1225 1579 1388 1615 pragmatica.
1410 1577 1477 1603 δον.
1498 1576 1547 1603 Th.
1568 1576 1597 1603 lI.
1619 1576 1651 1603 de
1671 1576 1720 1603 Th.
1742 1576 1772 1604 C.
1793 1584 1859 1605 auct.
1879 1580 1901 1613 3.
1921 1582 1944 1606 5.

1103 1620 1207 1654 (We-k.)
1228 1620 1273 1647 lul.
1294 1632 1333 1658 ep.
1355 1631 1414 1647 nov.
1436 1631 1456 1647 c.
1478 1622 1500 1646 7.
1521 1621 1542 1654 3
1562 1622 1603 1646 40.
1640 1619 1815 1656 Pragmaticas
1834 1623 1946 1649 sanctio-

1102 1674 1148 1690 nes
1169 1674 1221 1690 non
1241 1663 1272 1690 ad
1297 1663 1459 1700 singulorum
1479 1673 1572 1700 preces
1593 1679 1623 1682 -—
1643 1663 1763 1700 proferri.
1788 1674 1808 1690 c.
1829 1666 1852 1690 7.
1879 1665 1900 1698 3.
1922 1666 1943 1691 l.

1102 1707 1134 1733 de
1154 1707 1206 1733 div.
1228 1716 1307 1733 rescr.
1331 1709 1351 1732 l.
1371 1708 1412 1732 23.

1140 1751 1312 1776 Pratum.
1356 1750 1459 1775 Locus
1484 1750 1515 1774 in
1539 1750 1645 1783 agris,
1673 1759 1709 1775 ex
1733 1760 1791 1784 qao
1810 1752 1943 1786 foenum

1101 1794 1292 1826 percipitur.
1339 1791 1382 1817 III.
1408 1792 1474 1818 011.
1504 1790 1621 1819 Pratum.
1650 1792 1676 1817 in
1701 1802 1752 1828 quo
1777 1792 1808 1819 ad
1833 1792 1944 1820 fructum

1102 1835 1300 1873 percipiendum
1321 1834 1386 1860 falce
1405 1834 1539 1860 dumtaxat
1558 1844 1624 1870 opus
1644 1839 1691 1861 est.
1712 1834 1742 1861 fr.
1762 1836 1803 1861 31.
1824 1835 1856 1862 de
1870 1835 1901 1862 V.
1917 1836 1943 1863 S.

1102 1881 1143 1905 50.
1165 1880 1204 1904 16.
1242 1877 1263 1904 L
1288 1879 1374 1913 iugera
1399 1878 1503 1907 vineae.
1534 1881 1559 1903 et
1582 1876 1603 1903 L
1628 1879 1703 1914 prati.
1727 1878 1757 1904 fr.
1781 1880 1822 1904 22.
1848 1878 1877 1906 fr.
1902 1881 1943 1906 42.

1102 1922 1134 1948 de
1148 1922 1178 1951 A.
1193 1922 1222 1948 E.
1237 1920 1269 1947 V.
1286 1922 1325 1947 19,
1343 1923 1362 1946 l.
1400 1919 1509 1946 Publica
1529 1924 1601 1957 prata
1615 1920 1755 1957 Apamena.
1776 1920 1818 1948 Cf.
1837 1932 1860 1949 v.
1875 1923 1943 1960 Apa-

1102 1975 1202 1991 menus.

1140 2009 1279 2034 Prave.
1305 2005 1417 2038 (Advb.)
1443 2008 1626 2039 Perperam,
1652 2008 1775 2041 Inique.
1813 2007 1855 2034 III.
1877 2009 1943 2035 011.

1101 2050 1143 2077 Ad
1168 2050 1304 2076 libidinem
1332 2059 1412 2086 prave
1440 2047 1633 2074 consulentium
1661 2049 1776 2076 iudicum
1804 2051 1943 2086 (gravibus

1102 2093 1178 2120 adlici
1198 2093 1322 2124 iniuriis.)
1343 2091 1392 2118 Th.
1413 2091 1443 2118 C.
1465 2091 1520 2117 ΧΠ.
1543 2093 1564 2117 l.
1585 2102 1605 2117 c.
1626 2093 1667 2118 61.
1687 2092 1720 2118 de
1738 2092 1871 2119 decuriou.
1903 2093 1943 2120 In-

1101 2137 1238 2173 terpretari
1258 2136 1373 2172 pravius.
1393 2145 1469 2171 quam
1489 2134 1588 2161 utilitas
1608 2135 1712 2172 publica
1726 2135 1885 2172 postulabat.
1904 2136 1941 2163 Ib.

1101 2179 1132 2206 V.
1154 2180 1193 2205 13.
1214 2189 1234 2205 e.
1257 2180 1296 2204 17.
1316 2177 1421 2211 (wok.)

1139 2221 1331 2249 Pravitas.
1379 2222 1551 2255 Nequitia,
1582 2222 1797 2248 I'erverxitas.
1835 2221 1853 2248 I.
1879 2223 1940 2256 Sy.

1100 2265 1270 2302 Depravatio.
1295 2263 1335 2290 Cf.
1357 2263 1381 2289 h.
1401 2273 1424 2289 v.
1463 2263 1505 2289 llI.
1526 2264 1591 2290 sn.
1616 2262 1743 2289 Delectos
1768 2274 1887 2300 quosque
1906 2266 1941 2291 vi-

1101 2318 1157 2339 ros,
1181 2313 1259 2344 atque
1283 2307 1314 2332 ab
1341 2307 1410 2332 omni
1435 2307 1587 2342 suspicione
1605 2303 1742 2343 pravitatis
1762 2306 1861 2333 alienos
1880 2307 1941 2340 (de-

1101 2351 1214 2382 stinari.)
1235 2350 1271 2376 lb.
1285 2348 1340 2375 Vll.
1364 2351 1401 2374 13.
1423 2359 1443 2374 c.
1458 2350 1481 2373 9.
1502 2348 1534 2374 de
1549 2349 1625 2374 tiron.
1662 2347 1741 2374 Pares
1757 2351 1865 2375 caeteris
1879 2351 1940 2381 sint,

1100 2394 1196 2431 quibus
1219 2402 1297 2430 pares
1321 2396 1382 2417 sunt
1405 2392 1431 2416 in
1456 2390 1584 2427 dogmatis
1608 2392 1744 2429 pravitate.
1770 2391 1806 2417 Ib.
1826 2391 1896 2418 XVI.
1915 2395 1938 2419 5.

1101 2447 1121 2463 c.
1142 2438 1182 2463 58.
1203 2437 1224 2469 3.
1244 2438 1267 2461 4.
1288 2434 1320 2461 dc
1339 2434 1436 2460 haeret.

1138 2481 1298 2506 Pravus.
1319 2476 1449 2509 (Adime)
1470 2478 1620 2511 Iniquus,
1641 2478 1815 2510 Improbus.
1841 2476 1858 2503 I.
1878 2479 1939 2512 Sy.

1076 2512 1078 2518 .
1099 2523 1235 2559 Iniquitas,
1254 2520 1336 2546 Prava
1356 2520 1475 2545 intentio.
1496 2519 1545 2545 Tb.
1561 2519 1590 2545 C.
1604 2519 1649 2545 XI.
1668 2521 1709 2545 36.
1730 2529 1751 2545 c.
1767 2520 1807 2545 18.
1820 2529 1859 2556 pr.
1879 2520 1901 2553 3
1915 2522 1939 2546 2.

1077 2568 1078 2571 ’
1100 2566 1183 2601 Quor.
1204 2574 1262 2601 app.
1283 2573 1307 2589 n.
1328 2572 1378 2589 rec.
1415 2561 1458 2588 III.
1475 2563 1536 2590 (711.
1561 2561 1642 2587 Prava
1667 2561 1806 2588 admodum
1829 2561 1940 2589 venalis-

1076 2613 1077 2635 }
1100 2619 1150 2645 que
1169 2606 1280 2644 perfidia
1298 2605 1510 2642 (adparitorum.)
1531 2604 1566 2630 lb.
1588 2604 1630 2630 IX.
1651 2605 1691 2629 40.
1713 2614 1734 2630 c.
1755 2606 1794 2630 14.
1815 2604 1848 2631 de
1860 2615 1938 2642 poen.

1100 2651 1128 2677 Si
1148 2650 1250 2676 Nervae
1274 2648 1409 2674 arbitrium
1434 2649 1467 2673 ita
1486 2656 1593 2683 pravum
1613 2651 1666 2678 est,
1690 2651 1718 2672 ut
1738 2647 1873 2674 manifesta
1892 2649 1939 2675 ini-

1077 2707 1078 2710 =
1100 2694 1185 2729 quitas
1210 2692 1265 2717 eius
1286 2691 1415 2728 adpareat.
1441 2690 1469 2716 fr.
1491 2691 1530 2715 79.
1556 2699 1604 2725 pro
1625 2699 1678 2715 soc.
1705 2691 1744 2716 17.
1763 2692 1787 2716 2.
1824 2690 1938 2717 Pertina-

1100 2737 1164 2761 ciam
1188 2744 1283 2772 pravae
1308 2734 1402 2759 mentis
1428 2732 1648 2767 nequissimorum
1675 2731 1809 2759 hominum
1836 2735 1936 2771 punire.

1101 2777 1170 2804 Coll.
1196 2776 1248 2803 LL.
1272 2776 1306 2803 Μ,
1325 2775 1383 2802 XV.
1405 2776 1429 2800 3.
1468 2773 1549 2800 Prava
1577 2773 1603 2800 id
1631 2776 1791 2802 conscientia
1818 2776 1935 2803 faciente.

217 2818 312 2844 ctionis
331 2817 417 2843 forma.
457 2815 610 2853 Pragmatici
624 2818 708 2843 nostri
722 2825 897 2856 praeceptum.
916 2820 983 2848 Nov.
998 2821 1054 2849 Val.
1077 2837 1078 2867 1
1100 2820 1150 2847 Th.
1171 2819 1200 2846 C.
1220 2819 1265 2846 XI.
1285 2821 1326 2845 30.
1348 2829 1368 2844 c.
1387 2819 1428 2843 31,
1449 2816 1481 2842 dc
1500 2817 1558 2854 adp.
1579 2822 1604 2844 et
1623 2828 1698 2855 poen.

1436 2860 1492 2885 95*
