2197 3121
1020 148 1088 178 LIB
1114 166 1152 172 —
1178 146 1258 179 LIC.

253 236 286 263 de
304 241 383 273 temp.
405 240 430 261 et
449 245 532 272 repar.
553 236 576 260 7.
597 235 638 260 63.
659 231 690 259 cf.
712 242 732 258 c.
753 233 775 258 4.
797 231 818 265 ξ.
839 231 863 257 3.
883 230 916 257 de
935 240 987 256 rec.
1008 229 1098 256 arbitr.

252 281 276 305 2.
291 280 332 305 56.
358 278 471 304 Perfidia
492 278 577 304 nescit
596 281 702 303 naturae
722 274 876 301 libramenta
891 283 1004 300 servare.
1031 272 1099 299 Nov.

254 322 304 349 Th.
324 321 354 348 Il.
375 321 407 347 de
427 321 481 347 Iud.
502 320 520 347 I.
540 321 563 346 6.
584 330 605 346 c.
627 321 649 346 1.
669 319 690 353 ᾗ.
711 318 734 344 8.

288 365 463 391 Lim-are.
501 365 697 392 Ponderare,
718 361 931 387 Examinare.
969 358 1012 384 III.
1032 359 1098 386 Cn.

253 407 356 434 Elicere
377 409 426 439 (sc.
448 405 510 433 cael.
525 405 770 442 praescriptiones‚)
791 412 855 440 quas
875 411 927 428 non
947 407 1007 427 ante
1026 411 1099 438 prae-

254 450 323 477 celsa
344 449 421 476 sedes
441 454 483 476 tua
504 448 618 475 libravit.
645 447 694 474 Th.
716 447 746 473 C.
768 446 834 473 VIII.
854 447 877 471 4.
903 455 923 471 c.
943 446 986 471 26.
1007 444 1039 470 de
1059 454 1099 470 co-

253 493 347 520 hortal.
385 493 505 519 Duorum
525 490 671 517 solidorum
695 489 787 516 librata
812 487 951 526 impendia.
983 487 1020 513 lb.
1039 486 1098 513 XV.

253 538 277 564 9.
299 547 321 563 c.
340 538 364 562 2.
385 535 417 562 de
437 544 546 571 expens.
566 533 654 560 ludor.

290 578 500 606 Librarius.
542 577 573 610 ξ.
599 578 633 603 1.
664 578 836 602 Librorum
862 576 1018 607 scriptor.
1056 573 1098 599 III.

254 623 321 650 Cn.
342 621 371 647 Si
390 620 512 647 librarius
533 621 568 646 sit
588 620 641 653 (sc.
662 619 773 645 duorum
790 617 930 649 tiberim.)
951 621 976 642 et
995 616 1038 642 alii
1056 626 1099 653 pa-

253 670 330 691 trono
355 663 483 690 librorum
509 661 709 689 scribendorum
734 670 827 698 operas
853 659 920 686 edat.
950 659 980 686 l‘r.
1000 661 1041 685 49.
1067 658 1099 685 de

254 718 326 744 oper.
347 706 434 733 libert.
454 708 495 733 38.
519 708 540 733 1.
578 705 732 735 Librarius,
757 703 800 730 vel
820 702 1032 731 nomenculator.
1056 701 1098 728 vel

254 749 410 781 calculator,
439 748 481 775 vel
507 748 615 779 histrio,
639 747 682 774 vel
705 747 813 773 alterius
832 745 977 783 voluptatis
997 745 1098 772 artifex.

253 793 284 820 fr.
305 794 328 819 7.
348 793 370 826 ξ.
391 795 415 818 5.
436 792 470 818 ib.
490 793 532 818 38.
555 794 577 818 1.
592 792 623 817 cf.
644 790 673 817 fr.
689 791 728 816 15.
749 790 770 823 ξ.
788 791 810 815 1.
831 789 863 815 de
883 789 965 815 usul'r.
985 790 1008 814 7.
1031 790 1051 814 1.
1066 804 1097 808 —

254 836 284 869 §.
303 836 338 862 3.
369 837 584 866 Libelloram,
608 835 656 860 vel
678 835 987 863 instrumentorum,
1011 842 1097 858 exce-

251 885 333 913 ptor.
363 878 405 904 lII.
419 879 484 905 Gn.
504 877 625 908 Librarii⁷
645 880 671 901 et
684 876 787 907 notarii,
808 880 833 901 et
847 874 1028 903 calculatores.
1043 875 1098 900 sive
1120 888 1121 895 κ

252 921 383 948 tabularii.
403 919 434 947 fr.
450 922 472 946 1.
492 921 515 954 ξ.
528 922 551 946 6.
572 920 604 946 de
623 923 688 945 extr.
709 928 783 954 cogn.
797 920 838 944 50.
860 920 900 944 13.
938 917 1097 944 Horreorum

253 964 367 995 librarii,
393 968 418 989 et
442 962 635 1000 depositorum,
661 966 687 987 et
710 960 810 987 librarii
834 960 999 987 caducorum.
1024 960 1054 986 fr.
1073 961 1097 986 6.
1120 971 1121 990 ι

253 1007 286 1033 de
305 1008 361 1033 iure
381 1007 486 1032 immun.
501 1007 542 1031 50.
561 1007 586 1031 6.
623 1004 740 1030 Ordines
760 1003 924 1030 decuriarum
945 1002 1098 1034 scribarum.

252 1050 434 1081 librariorum,
460 1063 494 1068 —
518 1047 679 1074 editionibus
707 1046 857 1073 libellorum
886 1046 1034 1073 officiorum
1058 1056 1099 1072 so-

252 1093 387 1119 lemnitate
406 1092 554 1127 fungantur.
584 1089 633 1116 Th.
654 1090 684 1117 C.
704 1089 771 1116 Yltl.
792 1092 815 1116 9.
840 1100 861 1115 c.
885 1091 906 1115 l.
927 1089 959 1115 de
978 1089 1042 1115 lucr.
1062 1088 1099 1115 of·
1120 1110 1121 1125 ἦ

252 1136 336 1162 Iicior.
356 1134 427 1161 XIV.
448 1136 470 1160 l.
492 1144 513 1160 c.
535 1135 556 1160 1.
577 1133 609 1159 de
629 1133 716 1160 decur.
737 1133 794 1159 urb.
814 1132 846 1158 R.

288 1177 473 1205 Lim-atio.
511 1179 586 1208 Ars,
607 1178 820 1203 altitudinem
835 1176 1097 1211 fontiumaqua-

251 1231 319 1248 rum
346 1221 568 1247 examinandi.
612 1218 630 1245 I.
654 1220 715 1253 Sy.
744 1219 797 1254 Qui
822 1228 947 1255 aquarum
975 1219 1097 1244 inventos
1119 1222 1120 1247 ξ

251 1264 347 1290 ductus
373 1268 398 1289 et
420 1262 515 1289 modos
539 1261 619 1288 docili
644 1261 785 1288 libratione
808 1261 959 1288 ostendunt.
1004 1261 1097 1297 Aquae

251 1306 400 1333 libratoreS.
431 1305 482 1332 Th.
502 1305 532 1331 C.
552 1304 622 1331 XIII.
643 1306 666 1330 4.
688 1315 708 1331 c.
728 1308 752 1331 2.
773 1314 812 1341 sq.
832 1304 865 1330 de
885 1314 974 1331 exous.
994 1304 1061 1330 artit'.

285 1349 477 1376 Librator.
524 1349 733 1374 Libratiouis
758 1350 896 1382 peritas.
939 1347 981 1374 CF.
1006 1357 1030 1373 v.
1054 1346 1096 1374 Li-

250 1392 343 1419 brutio.

285 1434 500 1467 Libripens.
540 1435 617 1466 Qui,
637 1436 676 1460 ad
693 1435 811 1459 libram
830 1435 1092 1465 araminaudmn,

250 1480 282 1505 in
307 1478 558 1510 mancipatione
580 1478 772 1503 celebranda
793 1478 1015 1503 adhibebatur.
1052 1476 1094 1502 III.
1118 1480 1119 1501 ἒ

250 1522 318 1549 (7η.
350 1520 440 1556 anue
459 1529 502 1545 res
523 1520 575 1551 (sc.
595 1520 769 1556 mancipatio)
794 1520 828 1545 ita
849 1520 945 1555 agitur,
971 1519 1095 1546 adhibitis
1117 1535 1119 1540 ·

250 1573 303 1590 non
322 1564 408 1589 minus
428 1572 505 1599 qnam
525 1561 555 1588 V.
576 1562 689 1588 testibus
710 1562 812 1588 civibus
832 1562 861 1588 R.
887 1562 1045 1599 puberibus,
1071 1567 1096 1588 et
1117 1576 1119 1584 v

250 1611 384 1644 praeterea
404 1605 455 1631 alio
476 1604 592 1631 eiusdem
613 1605 787 1637 conditionis,
813 1606 857 1642 qui
878 1605 971 1631 libram
990 1615 1095 1631 aeneam

251 1653 350 1681 teneat,
375 1650 420 1685 qui
445 1648 593 1685 adpellatnr
616 1648 753 1685 libripens.
783 1648 839 1674 Gai.
860 1648 878 1674 1.
900 1650 956 1674 119.
984 1648 1016 1675 cf.
1039 1650 1094 1674 113.

250 1691 280 1718 ΙΙ.
302 1693 359 1717 104.
378 1691 420 1717 111.
442 1692 498 1717 174.
524 1690 584 1727 le.
604 1691 675 1717 XIX.
695 1693 719 1717 3.
758 1690 851 1727 Neque
876 1690 988 1717 familiae
1012 1696 1096 1717 emtor

251 1744 320 1766 esse,
339 1744 424 1770 neque
443 1734 519 1760 testis
539 1733 702 1771 libripensve
722 1734 779 1760 Iieri
799 1744 888 1771 posse.
911 1733 971 1771 le.
991 1734 1051 1760 XX.
1071 1736 1094 1760 7.

251 1777 283 1804 cf.
297 1779 322 1803 3.
336 1778 359 1803 6.
380 1776 420 1803 Fr.
442 1776 510 1803 Livii
530 1776 607 1803 I.Cti.
622 1777 673 1814 Ap.
694 1776 819 1803 Priscian.
841 1781 887 1802 art.
907 1786 1011 1812 gramm.
1028 1776 1094 1803 VIII.

251 1820 305 1856 Qui
326 1830 355 1846 se
373 1820 448 1846 sierit
466 1820 596 1851 testarier,
615 1819 777 1856 libripensve
796 1819 882 1845 fuerit.
902 1818 932 1845 L.
951 1819 1000 1845 XII
1012 1819 1094 1845 Tabb.

252 1862 319 1889 1'111.
339 1864 381 1888 22.

286 1905 419 1938 Libya·
457 1906 596 1940 Africae
615 1906 723 1938 regio,
741 1914 821 1939 qnae
840 1907 880 1931 ad
898 1906 1095 1939 septentrio-

250 1958 303 1975 nes
327 1955 380 1975 est.
418 1947 460 1973 III.
485 1948 550 1974 Cn·
581 1946 780 1983 Carthaginem,
809 1948 860 1973 imo
885 1949 966 1983 magis
991 1957 1094 1973 omnem

250 1990 371 2027 Libyam,
391 2000 454 2016 rom.
474 1990 585 2027 imperio
606 1990 699 2016 iterum
719 1991 852 2017 sociatam.
874 2001 894 2017 c.
914 1993 938 2017 2.
958 2000 997 2027 pr.
1017 1991 1038 2024 ξ.
1052 1992 1094 2017 23

251 2033 284 2060 de
302 2038 354 2060 vet.
374 2034 431 2059 iure
450 2032 533 2059 enucl.
555 2034 576 2059 l.
598 2034 637 2058 17.

286 2077 460 2109 Libycus.
480 2075 610 2108 (Adiect.)
636 2077 683 2102 Ad
700 2077 835 2111 Libyam
854 2083 1014 2110 spectans.
1052 2076 1093 2103 III.

252 2120 318 2146 Gn.
346 2118 492 2145 Orientalis
513 2129 541 2145 ac
560 2117 663 2145 Pontici
683 2118 783 2151 limitis,
803 2119 959 2156 Aegyptiaci
978 2120 1094 2156 insuper,

252 2160 389 2193 Thebaici,
407 2161 502 2197 Libyci
522 2161 652 2194 (milites.)
677 2161 744 2188 Nov.
758 2161 808 2188 Th.
823 2162 853 2189 11.
874 2162 906 2188 de
919 2162 986 2188 amb.
1001 2167 1027 2188 et
1045 2162 1095 2189 loc.
1116 2170 1118 2176 ’

252 2203 327 2230 Iimit.
346 2203 364 2229 1.
383 2206 425 2231 24.
446 2215 467 2231 c.
489 2206 510 2231 l.
534 2205 554 2238 §.
575 2207 599 2230 5.
620 2204 652 2230 cf.
672 2204 735 2231 Iust.
756 2205 786 2232 C.
807 2216 828 2232 c.
848 2207 872 2232 2.
892 2206 914 2239 §.
933 2208 975 2232 24.
997 2205 1014 2232 l.
1034 2205 1051 2232 l.
1072 2207 1094 2233 1.

254 2248 294 2272 17.
314 2256 334 2272 c.
354 2248 377 2272 5.
396 2257 435 2283 pr.
455 2247 487 2273 de
506 2251 586 2284 temp.
605 2252 631 2273 et
650 2257 735 2284 repar.
755 2250 778 2274 7.
799 2250 840 2274 63.

289 2289 437 2316 Dicens.
468 2289 599 2323 (Partic.)
638 2292 704 2317 Non
728 2292 927 2324 prohibitas.
964 2290 1007 2317 III.
1028 2292 1093 2318 Cn.

253 2330 334 2357 Liber
353 2331 388 2356 sit
406 2330 496 2364 stiluS,
520 2337 546 2358 et
564 2332 647 2359 licens
669 2333 716 2367 [al.
737 2333 853 2367 licitum]
874 2334 1018 2360 arbitrium.
1043 2333 1093 2360 Th.

253 2373 284 2400 C.
304 2373 375 2400 XVI.
395 2375 419 2399 2.
444 2383 465 2399 c.
484 2376 507 2400 4.
532 2375 565 2402 de
589 2377 669 2413 episc.
695 2376 758 2403 eccl.
779 2376 810 2403 cf.
830 2376 893 2402 lust.
914 2375 945 2403 C.
971 2387 992 2403 c.
1015 2378 1037 2403 l.
1062 2376 1094 2403 de

253 2416 303 2443 SS.
323 2415 387 2442 eccl.
411 2417 431 2441 l.
449 2418 474 2441 2.

288 2458 480 2486 Licenter·
508 2459 629 2496 (Advb.)
666 2463 697 2497 ἕ.
716 2464 750 2489 l.
780 2464 890 2489 Lirito
919 2465 1012 2489 modo.
1050 2462 1092 2489 III.

254 2502 321 2529 Cn.
340 2501 389 2527 Hic
407 2501 458 2527 sibi
477 2511 528 2527 non
550 2507 701 2538 consumsit,
721 2516 769 2532 nec
788 2505 866 2537 clam,
886 2516 934 2532 nec
954 2506 1028 2542 quasi
1047 2516 1093 2532 sua

253 2545 365 2582 pecunia
384 2543 494 2570 licenter
513 2545 635 2572 abutitur.
655 2547 685 2574 fr.
699 2551 740 2575 54.
760 2548 793 2575 de.
812 2549 878 2575 adm.
899 2553 925 2575 et
943 2559 998 2585 per.
1012 2550 1053 2575 26.
1070 2551 1092 2576 7.

253 2587 349 2614 Libere-
367 2586 529 2623 licenterque
549 2589 710 2620 (inserviant
727 2602 846 2627 agrorum
866 2591 1008 2625 culturae.)
1028 2602 1048 2618 c.
1068 2593 1092 2619 3.

253 2630 287 2656 de
306 2630 378 2657 seriis
397 2631 481 2656 3.12.
503 2647 533 2651 —
553 2631 585 2664 ξ.
596 2632 631 2657 2.
651 2633 847 2661 Libidinose.
882 2634 926 2661 111.
948 2636 1013 2662 Gn.
1034 2633 1093 2661 Non

254 2675 361 2710 passim,
381 2683 429 2699 uec
447 2672 557 2699 licenter
576 2675 700 2707 (sortiri.)
719 2685 740 2701 c.
754 2677 778 2702 9.
799 2677 831 2704 de
845 2676 897 2704 div.
911 2677 980 2704 offic.
997 2679 1036 2704 12.
1050 2679 1091 2705 60.

254 2715 350 2742 Nullus
377 2732 407 2735 —
436 2716 597 2752 provocandi
623 2722 761 2754 usurparet
785 2718 907 2747 licentius
935 2720 1091 2747 facultatem.
1113 2707 1115 2739 l

255 2758 304 2785 Th.
325 2758 356 2786 C.
375 2758 420 2785 XI.
439 2761 480 2785 30.
505 2769 526 2785 c.
546 2761 587 2786 23.
612 2759 645 2787 de,
664 2770 723 2798 app.
743 2765 769 2787 et
786 2771 863 2798 poen.
892 2763 933 2791 Cf.
953 2763 1019 2790 Νῦν.
1041 2763 1089 2791 Th.
1112 2787 1113 2799 ,

255 2800 286 2828 de
304 2801 358 2829 Iud.
380 2802 397 2828 I.
417 2803 439 2828 6.
460 2811 480 2827 c.
503 2803 525 2828 l.
545 2801 567 2835 ξ.
586 2804 610 2829 2.

1928 148 1991 178 543

1179 229 1366 258 Licentia.

1144 273 1194 300 Ius.
1215 273 1245 300 fr.
1266 274 1305 299 12.
1327 272 1359 298 de
1379 273 1422 299 off.
1437 272 1511 299 Proc.
1533 277 1558 298 et
1576 272 1639 308 Leg.
1656 274 1676 298 I.
1694 273 1732 298 16.
1751 271 1780 297 fr.
1801 273 1825 297 3.
1845 270 1878 297 de
1897 271 1989 297 iurisd.

1143 318 1167 342 2.
1190 318 1211 343 1.
1237 316 1267 343 sr.
1289 317 1311 342 1.
1331 325 1370 352 pr.
1397 315 1429 341 de
1454 315 1556 342 liberali
1582 326 1602 342 r..
1623 317 1664 341 40.
1686 316 1726 341 12.
1758 313 1887 340 Potestas.
1913 314 1944 340 fr.
1968 316 1989 340 l.

1411 230 1442 264 ξ.
1467 231 1501 256 l.
1534 231 1709 262 Fac-altas,
1736 229 1848 262 Copia.
1886 227 1904 254 Ι.
1928 229 1990 262 Sy·

1144 359 1165 392 ξ.
1185 360 1209 386 3.
1230 358 1263 385 de
1281 358 1325 384 off.
1345 357 1398 384 Prt‘.
1426 357 1468 384 Vr.
1492 360 1512 384 l.
1534 360 1573 384 12.
1599 358 1628 384 i'r.
1650 359 1674 384 6.
1698 358 1719 392 §.
1740 358 1763 383 8.
1784 356 1816 383 de
1836 357 1879 384 off.
1900 357 1989 383 Praes.

1146 403 1167 428 l.
1189 403 1228 428 18.
1253 412 1274 428 c.
1295 402 1318 427 8.
1345 401 1397 436 Qu.
1422 405 1523 427 testam.
1550 401 1597 427 fac.
1623 411 1648 438 p.
1667 402 1691 427 6.
1711 402 1753 427 22.
1789 399 1832 426 111.
1853 401 1918 428 Gn.
1947 399 1990 426 Li-

1145 446 1227 471 centia
1248 445 1306 475 erit,
1325 449 1411 470 utrum
1431 443 1523 470 malint
1539 449 1587 470 ete.
1603 459 1634 463 ——
1654 444 1791 470 Electione
1810 442 1938 469 servanda
1959 443 1990 473 ei,

1145 504 1175 508 —
1196 489 1230 514 ita
1250 492 1350 519 tamen,
1371 491 1400 513 ut
1418 496 1471 512 non
1491 486 1584 513 habeat
1605 486 1735 513 licentiam
1756 491 1804 513 etc.
1829 485 1859 512 fr.
1880 488 1902 512 1.
1922 486 1943 519 ς’.
1964 487 1988 512 2.

1143 530 1176 556 de
1195 529 1262 556 adm.
1283 535 1308 556 et
1327 531 1408 568 peric.
1421 531 1463 556 26.
1479 531 1502 555 7.
1523 529 1553 556 fr.
1573 531 1614 556 33.
1636 529 1669 556 de
1688 530 1763 566 legat.
1783 529 1801 556 I.
1822 529 1889 562 (30.)
1921 528 1989 554 Data

1144 578 1184 599 est
1203 574 1256 604 (sc.
1278 572 1421 599 Praefectis
1440 572 1500 605 Pr.)
1525 572 1630 610 plenior
1653 573 1758 599 licentia
1782 572 1814 599 ad
1833 571 1990 609 disciplinae

1143 615 1265 652 publicae
1284 615 1503 641 emendationem.
1524 615 1555 642 fr.
1576 618 1598 642 1.
1619 626 1657 653 pr.
1679 616 1711 642 de
1731 616 1774 642 off.
1789 614 1898 642 Prf.P1·.
1914 616 1988 640 1.11.

1143 658 1212 685 llaec
1236 658 1342 685 licentia
1366 658 1398 684 ad
1422 658 1597 685 sufficientem
1622 669 1757 685 munerum
1777 674 1809 678 ——
1834 662 1989 684 coarctatur.

1143 701 1173 728 l'r.
1195 703 1217 727 1.
1238 701 1259 735 ξ.
1279 703 1303 727 2.
1324 701 1356 727 de
1377 701 1465 728 testib.
1484 703 1526 727 22.
1547 703 1571 728 5.
1593 718 1622 722 —
1649 703 1679 735 §.
1700 703 1735 728 2.
1766 703 1988 735 Intemperan-

1142 746 1206 775 tia,
1229 745 1420 771 Temeritas.
1458 744 1477 770 I.
1500 745 1562 779 Sy.
1591 743 1696 771 Libido.
1725 744 1775 771 Th.
1796 744 1827 770 C.
1847 743 1902 770 HI.
1923 745 1945 770 4.
1967 753 1987 770 c.

1142 789 1183 813 32.
1205 788 1278 813 c.35.
1298 787 1330 813 de
1350 797 1419 823 erog.
1439 787 1493 814 mil.
1514 797 1609 814 annon.
1638 787 1682 814 III.
1698 789 1764 815 Cn.
1784 787 1863 813 Omni
1883 786 1988 812 licentia

1143 834 1168 855 et
1188 829 1294 856 lascivia
1315 831 1431 862 (iniuriis
1451 830 1585 864 adiicere.)
1606 841 1627 858 c.
1648 833 1688 858 10.
1709 831 1741 857 de
1761 840 1814 857 see.
1834 834 1907 866 nupt.
1925 831 1948 855 5.
1963 831 1986 855 9.

1143 872 1276 899 Effrenata
1301 872 1404 899 licentia
1432 873 1553 906 (futurae
1577 875 1753 900 accusationis
1777 873 1893 910 speciem
1916 882 1988 909 prae-

1144 915 1273 948 tendere.)
1294 925 1313 941 c.
1327 917 1369 941 21.
1390 915 1422 941 ad
1441 915 1470 942 L.
1490 916 1536 943 Inl.
1558 916 1590 942 de
1609 916 1690 943 adult.
1706 918 1729 943 9.
1750 918 1773 943 9.
1802 915 1987 945 Temerariam,

1142 969 1162 985 s.
1183 958 1300 988 Pravam.
1320 957 1453 984 licentiam
1473 960 1627 991 (coercere,
1647 969 1667 986 s.
1688 958 1849 991 includere.)
1870 968 1891 984 c.
1911 958 1934 983 4.
1956 956 1988 983 [lc

1120 1016 1121 1042 ζ
1143 1002 1253 1038 obsequ.
1278 1006 1381 1038 patron.
1403 1002 1428 1027 6.
1453 1002 1476 1027 6.
1509 1001 1558 1028 Th.
1579 1001 1610 1028 C.
1631 1001 1649 1028 I.
1670 1004 1710 1029 12.
1736 1012 1757 1029 c.
1777 1003 1800 1029 8.
1822 1000 1935 1035 (1Vck.)
1956 999 1988 1026 de

1142 1046 1186 1071 off.
1207 1045 1283 1071 Proc.
1304 1049 1329 1071 et
1348 1044 1411 1080 Leg.

1177 1089 1326 1115 Licere.
1364 1087 1406 1114 Cf.
1426 1097 1451 1114 v.
1470 1086 1554 1114 Licet.

1178 1131 1317 1158 Liceri.
1354 1131 1503 1158 Pretium
1532 1132 1662 1166 obferre
1691 1133 1722 1157 in
1750 1132 1903 1157 auctione
1931 1130 1985 1154 rei.

1119 1171 1120 1209 ᾗ
1142 1173 1185 1200 III.
1207 1175 1273 1201 Cn·
1304 1173 1346 1200 De
1365 1183 1443 1200 servo
1463 1187 1492 1190 —
1515 1173 1606 1200 iubere
1630 1173 1709 1199 debet
1734 1173 1807 1199 liceri
1831 1182 1890 1201 eos.
1918 1172 1987 1198 inter

1119 1211 1120 1214 ¹
1143 1226 1210 1253 qnos
1230 1215 1309 1242 iudex
1330 1221 1383 1248 est;
1404 1221 1429 1243 et
1448 1221 1511 1243 tunc
1530 1226 1588 1243 eum
1602 1216 1751 1243 adiudicare
1764 1217 1796 1247 ei,
1816 1225 1896 1253 penes
1910 1224 1987 1251 quem

1142 1255 1252 1286 licitatio
1272 1261 1404 1286 remansit.
1429 1259 1460 1286 fr.
1480 1261 1521 1286 19.
1546 1260 1567 1293 ξ.
1587 1261 1611 1286 3.
1632 1269 1724 1286 comm.
1749 1258 1801 1285 div.
1823 1260 1862 1284 10.
1882 1260 1906 1284 3.
1944 1255 1985 1283 Li-

1118 1318 1119 1324 .
1142 1303 1224 1329 cendo
1245 1312 1370 1339 superare
1389 1302 1508 1329 alterum.
1545 1303 1673 1329 Animose
1697 1302 1780 1328 liceri.
1804 1301 1835 1328 fr.
1856 1302 1879 1327 7.
1903 1301 1985 1334 §.1:3,

1141 1346 1176 1372 ib.
1198 1348 1236 1372 10.
1256 1347 1280 1371 3.
1301 1345 1333 1372 cf.
1354 1345 1383 1371 fr.
1403 1347 1444 1372 29.
1465 1345 1524 1372 sam.
1546 1346 1638 1371 ercisc.
1660 1347 1701 1371 10.
1720 1347 1745 1371 2.
1783 1344 1837 1380 Qui
1856 1344 1889 1370 de
1907 1344 1986 1370 vesti-

1117 1381 1119 1397 l
1141 1388 1203 1415 bulo
1228 1388 1300 1415 liceri
1326 1389 1445 1425 cogitur,
1474 1397 1586 1414 necesse
1613 1388 1693 1414 babet
1717 1387 1848 1414 interdum
1873 1391 1986 1413 totarum

1118 1449 1119 1452 κ
1140 1432 1242 1458 aedium
1261 1432 1374 1468 pretium
1394 1431 1487 1457 facere..
1507 1431 1537 1457 sr.
1559 1432 1598 1457 19.
1619 1431 1641 1465 §.
1663 1433 1685 1457 1.
1706 1440 1797 1457 comm.
1818 1430 1870 1457 div.
1887 1431 1925 1455 10.
1939 1430 1963 1455 3.

1176 1475 1297 1502 Licet.
1327 1474 1461 1510 (Impers.)
1499 1475 1530 1507 §.
1552 1475 1587 1500 1.
1616 1476 1679 1500 Fas
1698 1480 1760 1505 est,
1781 1474 1985 1500 Conceditur.

1141 1518 1158 1544 l.
1180 1519 1242 1552 Sy.
1274 1516 1373 1543 Potest.
1403 1516 1461 1543 Gai.
1486 1516 1504 1543 I.
1529 1518 1570 1543 59.
1595 1518 1636 1543 61.
1656 1527 1715 1553 sqq.
1746 1515 1806 1553 le.
1829 1515 1858 1542 V.
1883 1517 1906 1541 5.
1926 1524 1985 1551 sqq.

1140 1560 1236 1587 XXIII.
1258 1562 1280 1586 7.
1301 1570 1360 1596 sqq.
1381 1560 1411 1586 sr.
1431 1561 1455 1586 8.
1474 1569 1514 1596 pr.
1535 1560 1567 1586 de
1587 1561 1676 1586 servit.
1697 1563 1720 1586 ὅ.
1742 1561 1765 1585 l.
1784 1559 1815 1585 fr.
1836 1560 1858 1584 l.
1878 1558 1899 1592 ς’.
1913 1559 1936 1584 3.
1953 1557 1986 1583 de

1140 1605 1220 1641 peric.
1241 1608 1267 1629 et
1286 1613 1378 1629 comm.
1394 1604 1434 1629 18.
1449 1604 1472 1629 6.
1511 1602 1649 1639 Contingit
1668 1603 1737 1635 (iure
1751 1601 1906 1633 civitatum.)
1927 1600 1984 1627 Gai.

1140 1647 1158 1673 I.
1180 1648 1236 1674 1239.
1272 1645 1411 1674 Potestas.
1435 1655 1455 1672 s.
1477 1645 1612 1678 Facultas,
1638 1645 1697 1672 data
1716 1650 1763 1671 est.
1801 1644 1925 1670 Liberum
1945 1648 1986 1669 est

1140 1689 1225 1716 alicui.
1254 1689 1291 1715 lb.
1306 1689 1324 1715 I.
1346 1691 1403 1714 150.
1425 1690 1481 1714 152.
1501 1698 1540 1724 sq.
1562 1688 1592 1714 II.
1613 1690 1670 1714 162.
1691 1698 1730 1724 sq.
1753 1689 1810 1714 167.
1824 1686 1867 1713 IV.
1886 1688 1984 1713 27.29.

1117 1731 1118 1737 ¹
1139 1732 1300 1759 Permissum
1320 1736 1374 1763 est,
1401 1730 1577 1762 Conceditur,
1597 1730 1682 1757 Valet.
1714 1730 1750 1756 lb.
1769 1730 1787 1756 I.
1807 1731 1848 1756 43.
1869 1739 1928 1766 sqq.
1953 1729 1984 1755 II.

1117 1767 1118 1771 .
1138 1776 1198 1800 224.
1219 1784 1277 1810 sqq.
1298 1773 1360 1811 le.
1375 1774 1393 1800 I.
1407 1776 1448 1799 24.
1469 1772 1500 1799 fr.
1516 1775 1539 1800 7.
1560 1773 1597 1806 §§.
1619 1775 1659 1799 13.
1679 1783 1738 1810 sqq.
1759 1772 1787 1799 fr.
1803 1774 1844 1799 46.
1864 1772 1896 1799 de
1915 1777 1985 1810 pact.

1138 1820 1163 1844 2.
1185 1819 1223 1843 14.
1244 1817 1273 1843 sr.
1294 1820 1317 1843 8.
1338 1817 1373 1850 ςξ.
1393 1819 1417 1842 2.
1438 1818 1461 1842 5.
1482 1826 1522 1853 sq.
1543 1816 1575 1842 de
1595 1820 1718 1843 transact.
1735 1819 1758 1843 2.
1781 1818 1821 1842 15.
1858 1815 1900 1842 111.
1916 1816 1983 1843 Cn·

1116 1890 1118 1896 ,
1139 1860 1203 1886 Plus
1223 1859 1328 1896 quidem
1348 1859 1494 1891 intendere,
1515 1875 1547 1878 —
1567 1859 1746 1896 periculosum
1765 1864 1818 1890 est3
1837 1860 1923 1885 minus
1943 1869 1984 1885 au—

1116 1898 1118 1902 ⁴
1140 1908 1192 1930 tem
1211 1902 1348 1929 intendere
1367 1902 1437 1928 licet.
1467 1901 1524 1928 Gai.
1544 1901 1589 1928 IV.
1609 1904 1650 1928 56.
1687 1901 1747 1928 Non
1766 1902 1853 1928 solum
1872 1902 1935 1939 quid
1955 1901 1984 1928 li-

1139 1951 1196 1973 ceat
1214 1945 1431 1972 considerandum
1451 1950 1504 1977 est,
1523 1944 1571 1971 sed
1591 1949 1617 1971 et
1636 1945 1699 1982 qnid
1718 1945 1859 1971 honestum
1879 1946 1921 1971 sit.
1951 1945 1981 1971 l'r.

1138 1992 1179 2015 42.
1200 1999 1239 2026 pr.
1259 1988 1292 2014 de
1311 1988 1342 2015 lt.
1362 1988 1394 2014 N.
1413 1990 1454 2014 23.
1474 1990 1498 2014 2.
1520 1987 1552 2014 cl'.
1573 1987 1603 2014 fr.
1614 1989 1656 2014 53.
1677 1988 1709 2014 de
1728 1993 1795 2026 pact.
1809 1990 1833 2015 2.
1849 1990 1888 2014 14.
1907 1987 1984 2014 Licet

1139 2032 1254 2069 quidem,
1274 2041 1327 2057 non
1346 2036 1432 2058 antem
1452 2030 1530 2057 debet
1549 2035 1598 2057 etc.
1618 2030 1649 2057 sr.
1669 2032 1693 2057 6.
1713 2031 1735 2065 ᾗ.
1751 2033 1773 2058 1.
1793 2031 1825 2058 de
1844 2031 1887 2057 off.
1907 2030 1983 2056 Proc.

1139 2081 1165 2102 et
1183 2074 1245 2111 Leg.
1266 2077 1287 2101 1.
1310 2076 1348 2101 16.
1370 2074 1401 2100 cf.
1425 2074 1455 2100 fr.
1475 2075 1516 2100 61.
1538 2073 1570 2100 de
1589 2073 1620 2100 R.
1639 2074 1658 2100 Ι.
1678 2075 1720 2100 50.
1741 2075 1780 2100 17.
1816 2073 1909 2100 Licere
1928 2074 1983 2100 uni-

1139 2119 1247 2155 cuique,
1272 2117 1433 2153 naufragium
1457 2127 1533 2143 suum
1557 2118 1664 2154 impune
1683 2116 1820 2153 colligere,
1844 2117 1924 2154 (Imp.
1944 2127 1982 2143 re-

1139 2162 1268 2198 scripsit.)
1288 2160 1318 2187 sr.
1340 2162 1380 2187 12.
1400 2170 1439 2198 pr.
1461 2160 1493 2187 de
1512 2160 1615 2186 incend.
1636 2161 1717 2186 ruina.
1737 2162 1778 2186 47.
1798 2162 1823 2186 9.
1859 2159 1899 2186 Ne
1919 2159 1981 2196 quid

1139 2204 1251 2231 occultis
1270 2203 1447 2230 delationibus
1466 2205 1554 2240 possit
1572 2204 1598 2229 in
1612 2203 1746 2229 hominum
1762 2202 1841 2229 licere
1855 2202 1980 2229 fortunas.

1140 2247 1189 2274 Th.
1206 2246 1236 2274 C.
1250 2247 1283 2273 Χ.
1300 2248 1339 2273 10.
1360 2257 1381 2273 e.
1396 2248 1418 2273 4.
1439 2246 1472 2273 de
1491 2248 1565 2284 petit.
1586 2251 1612 2272 et
1631 2245 1700 2272 ultro
1721 2246 1772 2273 dat.
1810 2246 1891 2272 Iudici
1910 2245 1980 2276 licet,

1139 2300 1215 2327 quam
1235 2290 1311 2321 velit,
1331 2291 1486 2316 sententiam
1506 2290 1588 2325 sequi.
1618 2288 1675 2315 Gai.
1694 2288 1712 2315 1.
1734 2291 1757 2316 7.
1795 2289 1880 2320 Licet,
1900 2288 1979 2324 idque

1138 2335 1249 2371 primum
1273 2334 1299 2359 in
1324 2343 1400 2359 usum
1424 2334 1509 2364 venit,
1534 2342 1592 2358 cum
1617 2336 1665 2358 etc.
1695 2331 1733 2358 Ib.
1757 2331 1774 2357 I.
1794 2334 1835 2358 62.
1872 2331 1914 2357 Ius
1934 2340 1979 2368 po-

1138 2382 1274 2413 testasque
1298 2381 1368 2408 esto,
1394 2381 1422 2402 ut
1440 2375 1488 2401 hac
1507 2375 1564 2411 lege
1583 2376 1704 2411 sequenti
1724 2374 1821 2401 licebit.
1845 2373 1874 2400 fr.
1896 2375 1917 2400 1.
1938 2383 1978 2410 pr.

1138 2419 1168 2446 fr.
1188 2420 1230 2446 88.
1255 2419 1277 2453 ς.
1296 2421 1320 2445 2.
1345 2419 1377 2445 ad
1400 2418 1430 2444 L.
1452 2418 1521 2445 falc.
1545 2420 1587 2445 35.
1606 2420 1630 2445 2.
1655 2418 1685 2444 fr.
1707 2420 1728 2443 1.
1752 2427 1790 2454 pr.
1815 2417 1835 2450 ς’.
1855 2418 1878 2443 8.
1904 2415 1934 2442 fr.
1954 2418 1977 2442 5.

1114 2494 1116 2501 y
1137 2464 1160 2489 si
1185 2464 1225 2489 cui
1250 2462 1286 2499 pl.
1312 2472 1354 2498 qn.
1376 2471 1399 2498 p.
1420 2460 1448 2487 L.
1469 2461 1538 2488 Falc.
1558 2462 1600 2487 35.
1619 2463 1643 2488 3.
1673 2460 1729 2487 Gai.
1748 2459 1779 2485 11.
1798 2461 1856 2485 254.
1893 2458 1922 2485 ln
1941 2460 1978 2485 in—

1114 2506 1115 2510 *
1137 2511 1238 2541 tegrum
1258 2505 1401 2537 restituam,
1422 2504 1492 2540 quod
1512 2505 1568 2531 eius
1582 2515 1629 2541 per
1647 2504 1726 2540 legeS,
1743 2502 1891 2538 plebiscita,
1905 2502 1978 2529 S.C.-

1137 2554 1171 2581 ta,
1191 2548 1284 2579 edicta,
1305 2547 1418 2579 decreta,
1438 2547 1589 2584 Principum
1608 2547 1704 2573 licebit.
1725 2545 1754 2571 fr.
1771 2547 1792 2572 1.
1813 2546 1835 2579 ς.
1850 2548 1871 2572 1.
1892 2545 1976 2573 11:28.

1136 2592 1158 2626 ξ.
1178 2594 1202 2617 2.
1223 2601 1254 2617 ex
1274 2600 1317 2626 qu.
1338 2601 1359 2617 c.
1379 2591 1437 2617 mni.
1457 2592 1518 2617 16.
1540 2591 1570 2617 cf.
1591 2590 1675 2616 [1:35.
1695 2588 1726 2614 de
1745 2598 1855 2615 manum.
1875 2594 1976 2616 testam.

1114 2668 1115 2671 Ἴ
1136 2636 1177 2660 40.
1197 2636 1221 2660 4.
1259 2633 1318 2659 lure
1337 2633 1407 2660 civili
1427 2633 1496 2660 lieet.
1516 2633 1572 2659 Gai.
1587 2632 1628 2658 III.
1643 2633 1682 2657 66.
1703 2631 1814 2667 Rogare,
1828 2642 1851 2658 v.
1865 2631 1975 2665 Pacisci,

1137 2682 1165 2703 nt
1183 2677 1275 2704 liceret
1294 2681 1342 2702 etc.
1370 2676 1408 2702 Ib.
1422 2676 1452 2702 Il.
1470 2678 1510 2702 60.
1531 2677 1572 2701 64.
1592 2673 1635 2700 IV.
1657 2675 1714 2700 126.
1752 2674 1906 2712 Stipulatio:
1928 2676 1976 2702 Ila-

1136 2720 1212 2751 bere,
1235 2729 1259 2745 v.
1280 2718 1434 2749 possidere,
1459 2719 1538 2745 licere
1561 2717 1695 2754 spondes?
1723 2717 1753 2744 fr.
1773 2719 1815 2744 38.
1834 2728 1873 2755 pr.
1894 2719 1930 2753 §SR
1953 2721 1974 2744 l.

1136 2773 1194 2800 sqq.
1215 2765 1238 2789 7.
1258 2762 1291 2789 de
1310 2762 1341 2790 V.
1358 2762 1390 2789 O.
1406 2764 1447 2788 45.
1463 2764 1485 2788 1.
1523 2760 1568 2787 Vti
1587 2761 1637 2787 frui
1656 2760 1743 2793 licere,
1763 2761 1815 2788 sibi
1833 2761 1975 2798 heredique

1112 2803 1114 2846 l
1135 2816 1193 2839 Suo,
1213 2806 1343 2844 stipulari.
1362 2806 1392 2832 sr.
1411 2806 1452 2831 38.
1473 2804 1556 2838 §.12⁸
1576 2803 1610 2830 ib.
1630 2806 1671 2831 45.
1693 2806 1715 2831 1.
1736 2804 1767 2831 cf.
1788 2804 1817 2831 fr.
1838 2807 1861 2832 9.
1882 2815 1918 2841 pr.
1939 2805 1974 2830 10-
