2197 3121
1052 154 1155 184 DAR.

233 239 275 264 26.
293 239 315 264 1.
352 237 393 264 Ex
413 237 499 264 edicto
519 237 595 264 datur
610 241 721 275 patrono
741 235 820 269 (nihil
839 236 903 262 iuris
923 235 994 268 etc.).
1014 234 1076 272 le.

233 280 331 307 XXIX.
351 283 375 307 2.
413 280 508 307 Vetare
528 280 607 307 debet
620 279 728 306 Praetor
742 280 897 305 sententiam
913 278 1009 311 dicere,
1029 288 1077 305 nee

235 323 296 350 dare
315 323 400 350 dictae
420 324 623 350 exsecutionem.
649 322 679 348 fr.
691 324 732 348 32.
753 323 774 356 5.
795 323 818 349 6.
840 321 872 348 de
891 332 942 348 rec.
964 332 1007 358 qu.
1022 321 1077 348 arb.
1099 318 1100 325 ¹

234 368 258 392 4.
278 367 302 392 8.
340 366 380 393 Ne
401 377 431 393 eo
450 367 555 393 nomine
575 365 606 391 ab
626 365 667 391 his
687 366 795 402 petitio.
814 375 881 391 neve
900 365 926 391 in
946 374 989 390 eas
1009 365 1077 391 actio

234 408 319 435 detur.
344 409 374 436 l'r.
393 412 417 436 2.
438 410 503 443 5.1.
524 408 555 435 ad
575 408 602 434 S.
624 407 655 434 C.
676 407 770 434 Ulla-i.
792 408 831 434 16.
852 409 874 434 1.
895 407 926 433 cf.
948 407 980 433 fr.
994 409 1017 433 1.
1038 417 1076 444 pr.

234 451 267 478 de
287 451 314 478 S.
335 452 365 478 C.
380 452 444 479 Mac.
465 453 505 479 14.
521 454 544 478 6.
564 467 597 471 —
617 452 648 485 §-
663 453 699 478 3.
721 452 974 477 Liberalitatem
994 460 1078 476 exer-

234 505 314 526 cere.
334 497 472 523 Denare.
511 495 529 522 I.
548 496 610 529 Sy.
640 493 748 530 Legare.
768 493 839 520 Dare
858 493 949 529 legata.
975 492 1007 519 l'r.
1019 494 1077 519 126.
1099 499 1100 516 t

234 548 273 575 pr.
294 538 325 564 sr.
346 540 403 565 127.
424 538 456 565 de
474 537 551 574 legat.
571 537 589 564 l.
610 538 678 570 (30.)
702 537 732 563 l'r.
751 538 792 562 59.
812 536 834 570 5.
854 537 877 562 6.
898 536 930 562 de
950 535 1025 572 legat.
1046 535 1077 562 II.

234 581 302 614 (31.)
339 581 499 617 Relinquere
519 580 784 613 (fideicommissum,
808 579 839 604 ab
860 578 975 615 aliquo).
1004 578 1078 605 Paul.

234 623 278 650 IV.
299 626 321 650 1.
341 624 379 658 55.
400 626 422 650 1.
443 633 482 660 sq.
502 625 526 650 4.
565 623 678 649 Donare.
709 622 792 649 Vatic.
813 621 850 656 55.
870 623 931 648 304.
952 632 993 658 Sq.
1032 621 1076 648 III.

235 668 301 694 Cn.
331 666 370 693 Ne.
390 667 493 703 excepti
512 666 663 697 videantur.
689 670 717 692 ut
742 670 767 691 et
791 664 852 691 dare
877 670 903 691 et
922 675 1015 702 capere
1035 664 1079 692 lex

235 711 273 735 eis
292 711 433 747 permittat..
460 709 496 735 lb.
517 709 539 742 9.
558 710 618 735 309.
656 708 684 734 Si
705 708 763 744 quis
784 718 796 733 a
816 709 900 734 servis
921 724 953 728 ——
973 709 1078 745 accipit,

235 752 299 779 duit.
328 752 365 779 Ib.
381 753 403 786 9.
418 754 477 779 307.
516 752 545 778 Si
565 751 628 788 quid
648 752 685 777 eis
705 755 862 777 testamento
883 751 971 778 datum
992 751 1078 783 fuerit,

234 805 282 832 pro
302 805 354 822 non
373 797 480 833 scriptis
501 800 549 821 est.
578 794 608 821 fr.
630 796 669 820 17.
690 804 729 830 pr.
749 793 782 819 de
801 804 879 830 poen.
900 796 940 821 45.
957 796 997 821 19,
1030 794 1080 820 Ile-

234 838 345 869 reditas.
369 849 394 865 v.
413 839 562 869 Institutio,
588 837 646 863 data
670 841 836 863 testamento.
868 837 898 864 fr.
920 839 959 864 10.
981 847 1020 874 pr.
1047 837 1079 864 de

235 881 311 908 cond.
331 883 392 908 inst.
412 884 453 908 28.
475 884 497 908 7.
535 881 568 907 Et
588 880 702 911 directo.
731 884 756 905 et
780 889 827 916 per
846 879 1080 906 fideicommissum

234 928 324 961 potest
343 924 398 951 dari
423 924 574 958 (libertas).
606 922 668 959 le.
688 922 717 948 II.
740 923 762 948 7.
784 924 823 948 10.
843 923 928 950 XXV.
950 925 990 950 18.
1022 923 1079 950 Gai.

234 967 265 994 II.
285 969 344 994 263.
367 978 406 1004 sq.
452 967 481 993 In
511 965 677 992 libertatibus
702 965 795 992 dandis
820 967 925 992 nimiam
948 966 1080 993 licentiam

235 1011 398 1047 compescuit
423 1010 486 1043 (lex
505 1008 582 1035 Furia
603 1008 685 1040 Can.)
721 1007 778 1034 Gai.
798 1008 828 1034 II.
848 1010 907 1036 228.
946 1010 1022 1045 Quae
1042 1020 1081 1036 se-

235 1053 327 1079 cundis
347 1052 444 1079 tabulis
468 1052 543 1079 datae
569 1056 631 1078 sunt
657 1057 710 1082 (se.
731 1051 894 1085 libertates).
927 1052 958 1079 t'r.
979 1055 1019 1079 19,
1039 1063 1079 1090 pr.

235 1095 267 1122 de
286 1096 373 1133 adopt.
395 1097 417 1121 1.
438 1097 461 1121 7.
499 1094 559 1121 Iure
579 1093 687 1132 publico
708 1094 769 1121 dare
789 1094 875 1130 legare
894 1095 970 1122 velle.
1004 1095 1034 1122 l'r.
1056 1098 1078 1122 1.

233 1149 274 1177 pr.
294 1139 326 1165 ad
345 1138 374 1165 L.
396 1137 466 1165 Falc.
485 1140 527 1164 35.
547 1140 571 1164 2.
613 1137 656 1163 Do
681 1137 753 1173 lego,
778 1142 862 1164 testor
887 1144 935 1165 ete.
972 1139 1029 1166 Gai.
1049 1138 1079 1165 11.

237 1184 292 1208 104.
313 1183 371 1208 193.
399 1180 460 1218 le.
481 1180 578 1207 XXIY.
598 1182 623 1206 3.
644 1182 684 1206 12.
707 1182 746 1206 19.
772 1196 804 1200 —
829 1182 859 1214 ἓ.
883 1184 921 1208 l.
948 1184 1080 1209 Praevi-

231 1235 319 1259 pere,
340 1226 566 1259 I’romulgare.
596 1223 614 1249 I.
630 1224 691 1257 Sy.
718 1223 822 1256 Dicere,
843 1224 930 1253 Ferre.
950 1224 1080 1257 Proferre,

234 1267 359 1294 Promere
379 1268 570 1300 (sententiam).
602 1265 675 1292 Paul.
695 1266 727 1294 V.
747 1270 771 1293 5.
791 1268 823 1294 A.
843 1269 880 1302 55.
896 1270 918 1294 7.
935 1270 974 1294 10.
995 1267 1025 1294 sr.
1038 1270 1079 1294 28.

234 1310 267 1337 de
286 1321 314 1337 re
333 1310 386 1337 iud.
406 1312 448 1336 42.
468 1312 491 1337 1.
512 1310 542 1336 l'r.
559 1311 580 1335 1.
600 1319 640 1346 pr.
661 1309 691 1336 fr.
706 1312 729 1336 5.
751 1320 789 1347 pr.
810 1310 841 1337 sr.
856 1313 895 1337 14.
916 1311 975 1345 5.1.
996 1311 1026 1337 sr.
1040 1313 1079 1338 17.

234 1364 274 1391 pr.
294 1353 324 1380 fr.
346 1355 385 1380 19.
412 1352 444 1379 de
464 1363 523 1390 app.
544 1357 570 1379 et
589 1352 663 1378 relat.
688 1354 731 1379 49.
752 1355 773 1379 l.
804 1353 853 1380 Th.
875 1354 905 1381 C.
926 1354 969 1381 lV.
998 1356 1037 1381 17.
1058 1365 1079 1381 c.

236 1399 259 1423 1.
279 1407 337 1433 sqq.
363 1397 395 1423 de
419 1400 486 1422 sent.
512 1406 544 1422 ex
564 1405 618 1432 per.
638 1397 712 1422 recit.
755 1396 884 1427 Prodere.
910 1397 1081 1424 Introducere

235 1440 388 1474 (actiones).
409 1439 466 1467 Gai,
480 1438 524 1465 IV.
541 1441 580 1464 11.
596 1448 654 1475 sqq.
676 1441 716 1465 19.
736 1450 776 1476 sq.
796 1442 837 1466 27.
859 1450 898 1477 sq.
936 1440 1080 1467 Praelinire

235 1482 348 1516 (diem).
369 1482 399 1509 l'r.
419 1485 443 1509 5.
463 1492 502 1519 pr.
523 1481 555 1508 de
575 1492 636 1518 opp.
657 1482 718 1519 pub.
739 1485 780 1509 50.
803 1485 843 1510 10.
879 1484 921 1510 III.
943 1486 1009 1512 Cn.
1035 1484 1081 1511 Of-

234 1526 324 1552 ficium
349 1526 464 1562 regentis
488 1526 632 1552 exercitum
656 1535 708 1551 non
733 1530 832 1552 tantum
857 1528 883 1553 in
907 1527 1005 1559 danda,
1033 1527 1080 1554 sed

236 1569 314 1595 etiam
332 1569 359 1595 in
379 1568 544 1595 observanda
564 1568 704 1605 disciplina
724 1570 851 1596 constitit.
876 1570 906 1596 fr.
929 1573 969 1597 12.
989 1581 1027 1608 pr.
1048 1571 1081 1598 de
1102 1581 1104 1587 ’

236 1610 267 1637 R.
287 1611 320 1638 M.
340 1614 382 1638 49.
403 1613 443 1638 16.
482 1611 582 1643 Poena,
607 1621 673 1648 quae
693 1611 725 1638 de
745 1612 953 1640 oeeultatoribus
973 1619 999 1640 et
1018 1614 1081 1651 sugi-

238 1655 337 1681 tivariis
357 1654 415 1681 data
436 1659 484 1681 est.
514 1654 564 1681 Th.
579 1654 609 1681 C.
629 1655 662 1681 X.
684 1657 724 1681 12.
745 1666 765 1681 c.
788 1657 809 1682 1.
830 1657 851 1690 9.
874 1659 896 1683 l.
917 1658 939 1683 si
958 1667 1013 1694 vag.
1027 1663 1081 1695 pet.

238 1699 348 1735 mancip.
390 1697 484 1724 Forma
510 1708 542 1723 ex
567 1697 615 1724 hac
640 1699 829 1725 constitutione
854 1699 920 1726 data.
954 1700 1038 1727 Vatic.
1058 1702 1080 1735 5.

240 1741 296 1766 156.
325 1740 356 1767 fr.
377 1743 417 1767 10.
437 1751 476 1778 pr.
500 1740 532 1767 de
552 1745 620 1777 pact.
644 1743 667 1768 2.
689 1742 729 1768 14.
766 1741 823 1768 Lex
842 1742 900 1769 data
921 1743 970 1776 (ab
990 1743 1081 1780 Imp).

239 1793 260 1809 c.
271 1784 312 1809 23.
327 1784 348 1817 5.
359 1785 382 1809 3.
397 1782 482 1809 mand.
494 1784 517 1809 4.
527 1785 568 1809 35.
590 1783 640 1810 Th.
655 1784 685 1810 C.
697 1783 729 1811 V.
745 1786 785 1810 13.
800 1795 821 1811 c.
834 1787 873 1812 17.
889 1796 910 1811 c.
922 1788 961 1813 19.
976 1786 1080 1819 (ch.)

238 1825 282 1852 IX.
304 1828 344 1852 16.
366 1834 386 1852 c.
406 1828 430 1852 9.
451 1825 483 1851 dc
500 1825 611 1852 malefic.
649 1827 724 1862 Quae
743 1827 826 1863 legem
846 1830 992 1855 contractui
1011 1829 1082 1856 dant.

238 1869 268 1895 sr.
290 1870 313 1895 7.
333 1870 354 1902 5.
375 1871 398 1894 5.
419 1868 451 1895 de
469 1874 538 1905 pact.
557 1872 582 1894 2.
605 1871 643 1896 14.
670 1869 701 1896 l'r.
723 1872 745 1895 1.
770 1870 791 1903 9.
814 1872 853 1897 12.
874 1870 906 1897 de
926 1882 1011 1898 exerc.
1032 1877 1081 1899 act.

239 1913 278 1938 14.
301 1914 322 1938 1.
359 1912 420 1949 Ipse
439 1911 548 1938 Praetor
567 1911 635 1938 diem
656 1912 728 1938 dabit
747 1912 921 1950 stipulationi.
942 1914 972 1941 fr.
995 1917 1034 1941 13.
1059 1916 1081 1948 5.

240 1956 279 1981 15.
311 1955 343 1981 de
367 1955 453 1982 damn.
478 1954 523 1981 ius.
551 1957 593 1981 39.
618 1958 641 1981 2.
685 1955 811 1982 conditio
836 1956 902 1983 data.
933 1957 964 1984 t‘r.
986 1960 1025 1984 12.
1050 1958 1082 1984 de

238 2007 310 2024 usur.
329 2000 371 2024 22.
393 1999 414 2023 1.
439 1997 470 2023 sr.
489 2000 531 2024 35.
552 1998 573 2031 9.
595 1999 617 2023 l.
637 1997 670 2024 de
690 1999 720 2025 A.
736 2009 759 2025 v.
775 2000 807 2024 O.
826 1999 857 2026 II.
877 2002 919 2027 29.
933 2003 957 2027 2.
977 2000 1008 2027 fr.
1022 2003 1081 2028 217.

238 2041 260 2074 5.
282 2042 305 2066 1.
326 2040 358 2067 de
378 2040 409 2067 Υ,
430 2040 458 2066 S.
478 2042 519 2066 50.
542 2042 581 2067 16.
602 2056 634 2059 -
655 2041 685 2073 9.
701 2043 738 2068 5.
760 2043 986 2076 Constituere,
1008 2046 1082 2071 Con-

234 2085 336 2119 ferre.
380 2083 397 2110 I.
419 2085 481 2118 Sy.
510 2083 682 2110 Constituere
702 2084 814 2117 (usumf.
835 2087 909 2119 ete.).
940 2085 1024 2113 vatic.
1043 2088 1080 2122 55.

240 2127 281 2152 47.
301 2137 360 2164 sqq.
380 2129 440 2153 317.
460 2137 500 2163 sq.
519 2129 570 2153 322
601 2136 660 2163 sqq.
703 2126 820 2154 Tradere
839 2130 894 2162 (se.
914 2130 939 2156 in
960 2130 1083 2157 concubi-

240 2172 328 2199 natu).
361 2170 390 2196 fr.
410 2170 452 2196 41.
473 2170 539 2204 5.1.
560 2169 592 2195 de
612 2169 642 2196 R.
664 2168 694 2196 N.
715 2172 756 2196 23.
776 2173 800 2197 2.
820 2172 851 2198 fr.
873 2174 912 2198 13.
933 2172 965 2199 ad
984 2172 1013 2200 L.
1034 2173 1081 2200 Iul.
1104 2173 1105 2176 ’

242 2211 274 2237 dr
293 2211 372 2239 adult.
392 2215 433 2239 48.
453 2215 477 2239 5.
514 2213 619 2240 Mittere
639 2213 780 2245 (custodes
799 2216 927 2249 ventris).
959 2215 1031 2243 Paul.
1051 2216 1082 2243 II.

241 2256 283 2279 24.
303 2254 339 2288 55.
358 2258 381 2282 5.
402 2266 460 2292 sqq.
498 2255 541 2282 ΙΙΙ.
563 2257 629 2283 Cn.
658 2255 716 2281 Iure
737 2256 807 2283 civili
827 2257 886 2284 data
905 2269 934 2285 ae
953 2261 1082 2296 permissa

243 2297 301 2329 (vis
321 2307 349 2323 ae
368 2304 486 2334 potestas
506 2300 531 2325 in
552 2300 637 2335 capite
657 2298 768 2329 libero).
798 2299 828 2326 l'r.
850 2303 871 2327 1.
891 2312 931 2339 pr.
956 2302 989 2328 de
1008 2303 1082 2329 tutel.

242 2342 283 2365 26.
306 2342 328 2365 1.
365 2340 467 2368 Liberis
487 2343 542 2368 suis
563 2347 719 2368 testamento
740 2347 841 2369 tutores
862 2343 931 2370 dare.
956 2344 1040 2372 Vatic.
1060 2346 1082 2379 9.

242 2384 301 2408 229.
333 2381 390 2409 Gai.
414 2383 432 2409 I.
452 2386 509 2411 144.
529 2395 588 2422 sqq.
631 2385 775 2421 Legitimos
799 2391 900 2413 tutores
925 2398 1000 2414 nemo
1026 2388 1082 2420 dat,

245 2425 293 2451 sed
312 2425 340 2452 L.
356 2425 412 2452 XII.
427 2425 509 2453 Tabb.
523 2428 585 2454 fecit
605 2433 715 2455 tutores,
735 2429 766 2456 fr.
778 2431 801 2456 5.
812 2440 851 2466 pr.
873 2430 905 2456 de.
918 2430 988 2466 legit.
1003 2436 1082 2458 tutor.

243 2470 285 2494 26.
300 2470 323 2494 4.
352 2468 394 2494 Au
408 2467 450 2494 hie
464 2468 565 2496 dederit
578 2472 627 2504 (sc.
642 2475 778 2505 tutorem),
798 2474 842 2510 qui
857 2473 918 2499 dare
936 2475 1039 2510 potuit?
1059 2479 1084 2500 et

245 2511 290 2538 ille
309 2512 448 2548 acceperit.
469 2513 510 2538 cui
530 2512 612 2540 suerat
631 2515 750 2542 dandus?
768 2516 799 2542 l'r.
811 2518 834 2543 7.
855 2516 887 2543 de
901 2517 1018 2544 confirm.
1034 2522 1083 2544 tut.

244 2557 286 2580 26.
305 2556 329 2580 3
368 2555 421 2590 Qui
441 2555 490 2587 (sc.
512 2559 656 2591 curatores)
675 2558 717 2585 vel
737 2569 750 2584 a
770 2558 844 2591 Cos..
863 2560 906 2587 vel
924 2571 937 2586 a
951 2560 1083 2593 praetore,

244 2597 288 2624 vel
308 2608 320 2623 a
338 2597 461 2624 Praeside
475 2597 553 2624 Prov.
574 2598 673 2627 dantur.
694 2601 751 2628 Gai.
765 2601 783 2628 I.
797 2604 857 2629 200.
878 2602 909 2629 cf.
925 2605 981 2630 195.
1010 2603 1085 2630 Prae-

247 2646 330 2667 torem
350 2640 429 2668 adire.
450 2657 482 2660 -
502 2646 593 2678 utputa
614 2647 642 2668 ut
660 2648 762 2671 tutores
777 2650 820 2671 aut
833 2651 967 2673 curatores
982 2646 1084 2673 deutur.

245 2683 277 2710 fr.
291 2685 317 2709 2.
338 2683 369 2709 de
390 2683 470 2710 seriis.
490 2686 567 2711 212.
588 2684 680 2721 'Neque
699 2691 820 2720 tutorem,
839 2699 925 2726 neque
944 2689 1085 2727 specialem

246 2726 360 2753 iudicem
380 2728 437 2764 ipse
456 2736 485 2753 se
505 2727 567 2753 dare
585 2732 675 2764 potest
694 2729 742 2761 (sc.
754 2730 883 2765 Praetor).
903 2732 933 2759 t'r.
945 2734 969 2759 4.
989 2733 1021 2759 de
1041 2733 1084 2760 off.

246 2768 331 2796 Praet.
353 2771 375 2797 1.
391 2772 431 2796 14.
452 2769 484 2796 cf.
499 2769 529 2796 fr.
544 2772 567 2796 5.
588 2771 620 2797 de
640 2771 683 2797 off.
698 2771 785 2800 Praes.
806 2776 830 2801 1,
844 2776 884 2801 18.
922 2775 981 2802 Non
995 2786 1086 2802 omnes

248 2812 348 2839 iudices
369 2812 423 2839 dari
443 2819 555 2849 possunt
576 2814 607 2840 ab
628 2814 684 2840 his.
710 2816 753 2851 qui
773 2816 867 2844 iudicis
887 2818 965 2845 dandi
984 2820 1024 2845 ius
1044 2819 1087 2845 ha-

1903 159 1967 190 243

1122 235 1193 262 bent.
1213 235 1244 262 sr.
1266 237 1305 262 12.
1325 236 1347 270 5.
1367 238 1391 263 2.
1413 237 1444 264 cf.
1465 237 1530 271 5.1.
1551 238 1581 264 sr.
1602 239 1644 264 81.
1664 238 1696 265 de
1715 238 1793 265 indic.
1813 241 1837 266 5.
1858 241 1880 266 l.
1913 240 1967 275 Qui

1122 279 1261 316 imperium
1279 284 1490 317 potestatemque.
1509 280 1614 312 habent.
1633 281 1676 308 vel
1696 282 1740 318 qui
1760 292 1792 308 ex
1811 284 1967 309 auctoritate

1123 332 1213 348 eorum
1231 324 1300 349 iuter
1319 327 1408 359 partes
1428 323 1529 351 dantur.
1560 323 1631 351 Paul.
1651 323 1683 351 V.
1703 327 1727 351 5.
1748 325 1779 351 A.
1799 326 1865 359 9,1.
1896 326 1928 352 cf.
1948 326 1965 352 I.

1124 366 1163 391 18.
1184 366 1205 399 5.
1220 367 1244 392 4.
1281 365 1311 391 Si
1324 366 1480 403 municipes,
1499 366 1541 393 vel
1555 366 1642 404 aliqua
1656 368 1822 401 universitas,
1843 368 1875 395 ad
1893 379 1968 405 agen-

1123 407 1184 434 dum
1203 408 1248 435 det
1267 413 1389 435 actorem.
1418 409 1448 435 i'r.
1468 412 1492 435 2.
1519 410 1550 435 ct'.
1571 410 1600 436 l'r.
1620 411 1644 436 6.
1665 411 1686 444 5.
1703 412 1728 436 2.
1754 410 1805 446 Qu.
1826 412 1875 437 cui.
1895 413 1966 438 univ.

1122 462 1191 478 nom.
1210 453 1234 478 3.
1249 453 1273 478 4.
1310 452 1387 478 Datis
1407 451 1611 479 fideiussoribus
1632 463 1754 480 securum
1774 453 1858 480 facere
1877 454 1967 481 adver-

1123 496 1227 521 sarium.
1262 495 1293 521 sr.
1314 497 1336 521 1.
1364 494 1416 530 Qu.
1443 495 1534 522 satisd.
1559 506 1614 532 cog.
1642 499 1666 522 2.
1686 500 1710 523 ὅ.
1752 496 1804 523 Pro
1829 507 1881 523 non
1905 497 1966 524 dato

1099 546 1101 564 ι
1123 537 1265 564 fideiussor
1284 538 1402 570 habetur,
1423 539 1473 564 nisi
1494 543 1542 565 etc.
1563 538 1593 565 fr.
1612 541 1633 565 1.
1655 540 1677 565 si
1698 550 1740 576 qu.
1761 541 1787 566 in
1806 541 1846 567 ius
1866 551 1923 567 voc.
1941 543 1966 567 2.

1123 583 1146 607 5.
1184 582 1213 607 Si
1233 591 1285 607 non
1304 581 1365 607 talis
1385 581 1443 607 data
1463 582 1498 607 sit
1517 582 1669 610 satisdatio.
1694 583 1741 609 sed
1766 582 1845 609 solita
1871 584 1966 610 cautio.

1123 623 1153 651 fr.
1173 626 1196 650 5.
1218 634 1256 661 pr.
1277 624 1310 651 de
1329 624 1418 651 liered.
1439 629 1492 661 pet.
1512 627 1536 651 5.
1556 627 1580 651 3.
1610 625 1640 651 l'r.
1662 627 1701 651 73.
1727 625 1759 652 de
1779 626 1897 653 lideiuss.
1924 627 1965 653 46.

1124 669 1146 693 1.
1184 666 1212 693 In
1232 667 1401 705 adoptionem
1425 677 1454 693 se
1479 667 1552 698 dare.
1577 678 1600 694 v.
1621 667 1684 694 dari.
1727 668 1914 705 Adrogandum
1938 679 1967 695 se

1124 709 1193 736 dare.
1229 710 1285 737 Gai.
1306 711 1349 737 Ill.
1378 713 1419 737 41.
1445 710 1488 737 lV.
1509 712 1550 737 77.
1584 710 1645 748 le.
1666 710 1734 737 Vlll.
1754 715 1777 738 8.
1801 711 1922 738 XXVIII.
1942 713 1966 738 8.

1124 753 1154 779 fr.
1174 755 1198 779 2.
1219 753 1241 787 5
1261 756 1285 780 2.
1306 753 1336 780 sr.
1357 756 1380 780 5.
1401 753 1432 780 fr.
1451 755 1494 780 34.
1519 753 1551 779 de
1570 753 1659 791 adopt.
1686 756 1707 780 1.
1729 756 1751 780 7.
1790 754 1818 780 In
1837 755 1968 781 matrimo-

1125 797 1195 822 nium
1215 806 1244 822 se
1264 796 1332 823 dare.
1354 797 1384 823 fr.
1398 799 1440 823 37.
1461 797 1482 830 9
1496 798 1520 823 2.
1540 796 1572 823 ad
1591 797 1714 834 municip.
1734 799 1775 823 50.
1792 799 1814 823 l.
1850 798 1967 829 Militiae,

1125 849 1146 865 s.
1165 839 1284 866 Militem.
1305 850 1333 866 se
1353 839 1422 866 dare.
1452 839 1482 866 fr.
1502 841 1544 866 29.
1564 850 1603 877 pr.
1623 840 1688 874 5.1.
1710 839 1742 866 (1(-
1762 840 1863 867 liberali
1884 851 1904 867 c.
1924 843 1966 868 40.

1126 884 1165 908 12.
1186 881 1216 908 ir.
1231 883 1254 907 4.
1275 882 1351 915 99.1.
1372 893 1430 919 sqq.
1451 882 1483 909 de
1496 882 1527 909 R.
1541 883 1574 909 M.
1595 885 1636 909 49.
1651 884 1691 909 16.
1712 899 1744 902 —
1765 884 1795 916 §-
1811 885 1848 910 6.
1869 886 1967 911 Prae-

1125 931 1232 956 stare,
1258 926 1411 960 Exsequi.
1448 925 1466 952 I.
1492 928 1553 960 Sy.
1582 926 1681 957 Edere.
1701 925 1811 957 Facere.
1831 925 1968 953 Praestare

1126 970 1246 1005 (operas,
1266 977 1290 994 V.
1309 970 1436 1001 munera).
1464 968 1495 995 fr.
1514 972 1556 996 34.
1577 970 1598 1003 5.
1620 971 1642 996 1.
1663 980 1695 995 ex
1716 979 1758 1005 qu.
1779 980 1800 995 c.
1820 971 1878 996 mai.
1898 972 1922 996 4.
1943 971 1967 996 6.

1125 1010 1155 1037 1”ι·.
1174 1012 1198 1037 3.
1219 1010 1241 1044 5
1264 1013 1285 1037 1.
1306 1011 1336 1037 fr.
1357 1013 1380 1038 7.
1400 1012 1421 1046 5.
1441 1013 1465 1038 3.
1486 1012 1516 1038 l'r.
1538 1014 1577 1038 10.
1598 1012 1628 1038 sr.
1644 1014 1684 1039 12.
1704 1012 1735 1039 sr.
1751 1014 1790 1038 15.
1805 1022 1864 1049 sqq.
1884 1012 1914 1039 fr.
1925 1015 1967 1039 21.

1126 1064 1184 1091 sqq.
1206 1054 1238 1080 de
1252 1064 1324 1092 oper.
1339 1053 1425 1081 libert..
1445 1056 1487 1081 38.
1502 1057 1525 1081 1.
1562 1055 1703 1092 Exponere
1723 1056 1882 1087 (cautionem
1897 1056 1967 1089 etc.).

1125 1097 1218 1124 Iuliani
1238 1108 1278 1135 ep.
1300 1108 1359 1124 nov.
1380 1108 1401 1125 c.
1421 1100 1463 1124 45.
1482 1098 1574 1132 §.179.
1612 1098 1699 1129 Ferre,
1719 1098 1816 1125 Dicere
1835 1099 1969 1131 (testimo-

1102 1153 1103 1158 ¹
1125 1142 1217 1171 nium).
1238 1140 1267 1167 sr.
1289 1143 1311 1167 1.
1332 1141 1397 1174 9.1,
1419 1140 1448 1167 fr.
1468 1142 1492 1167 3.
1513 1151 1552 1178 pr.
1574 1140 1603 1167 l'r.
1622 1143 1664 1167 21.
1684 1141 1744 1174 9.1.
1765 1141 1797 1167 de
1816 1141 1905 1168 testib.
1925 1143 1967 1168 22.

1102 1196 1104 1211 ι
1126 1187 1149 1210 5.
1187 1184 1217 1210 II.
1235 1186 1302 1218 Op.
1334 1183 1491 1213 Remittere..
1512 1184 1644 1210 Recusare
1663 1184 1869 1217 (iusiurandum.
1890 1194 1910 1211 s.
1930 1194 1969 1211 sa·

1126 1228 1312 1260 cramentum).
1344 1226 1374 1253 l'r.
1394 1229 1418 1253 5.
1438 1227 1461 1260 5.
1480 1230 1503 1253 2.
1525 1226 1555 1253 sr.
1575 1228 1598 1253 9.
1619 1227 1685 1261 9.1.
1706 1227 1737 1253 de.
1757 1228 1862 1253 iureiur.
1884 1229 1923 1253 12.
1942 1229 1967 1254 2.

1126 1281 1147 1297 c.
1166 1273 1208 1297 32.
1229 1270 1261 1296 de
1280 1269 1437 1296 fideicomm.
1461 1271 1485 1296 6.
1505 1272 1546 1296 42.
1592 1269 1635 1296 III.
1656 1271 1721 1297 οη.
1750 1269 1818 1296 Cum
1843 1270 1969 1297 iusiuran-

1126 1314 1187 1340 dum
1207 1313 1313 1340 dedisse
1333 1323 1413 1350 super
1433 1312 1483 1339 lioc
1502 1318 1613 1339 testator
1632 1312 1787 1339 adfirmavit.
1808 1312 1837 1339 fr.
1852 1314 1894 1339 37.
1908 1314 1930 1347 5.
1944 1316 1968 1340 5.

1126 1357 1158 1383 de
1177 1356 1253 1393 legat.
1273 1356 1315 1383 III.
1337 1357 1414 1389 (32.)
1451 1356 1521 1383 Dato
1541 1355 1718 1385 iureiurando.
1738 1366 1790 1382 uon
1810 1356 1880 1382 aliud
1895 1367 1970 1393 quae-

1125 1401 1192 1426 ritur
1211 1410 1301 1436 quam.
1321 1410 1353 1426 an
1374 1401 1485 1426 iuratum
1505 1400 1555 1425 sits!
1581 1398 1611 1425 fr.
1626 1401 1650 1425 5.
1670 1399 1692 1433 5.
1706 1401 1730 1425 2.
1751 1398 1783 1425 de
1802 1400 1907 1426 iureiur.
1930 1401 1968 1426 12.

1102 1465 1104 1472 ‚
1124 1445 1149 1469 2.
1187 1443 1317 1469 Damnum
1337 1442 1406 1469 dare.
1432 1442 1464 1469 cf.
1484 1453 1509 1469 v.
1523 1442 1662 1469 Damnum.
1684 1457 1716 1461 —
1736 1442 1767 1475 5.
1784 1443 1816 1469 7.
1842 1444 1969 1474 Cedere,

1129 1488 1285 1517 Tradere,
1307 1487 1445 1512 Solvere.
1476 1486 1494 1512 I.
1510 1487 1571 1520 Sy.
1592 1484 1688 1511 Facere
1701 1485 1863 1521 acc1pientis.
1883 1485 1913 1512 t'r.
1929 1487 1968 1511 75.

1102 1538 1104 1556 τ
1126 1529 1147 1563 9.
1169 1531 1209 1556 10.
1234 1529 1266 1555 de
1286 1528 1317 1555 V.
1338 1529 1371 1555 O.
1396 1531 1437 1555 45.
1459 1531 1480 1555 l.
1514 1528 1545 1555 sr.
1572 1530 1628 1554 167.
1653 1538 1692 1565 pr.
1716 1527 1748 1554 dr
1773 1527 1803 1554 R.
1824 1527 1842 1554 I.
1866 1530 1907 1554 50.
1931 1531 1969 1554 17.

1127 1572 1184 1599 Gai.
1204 1572 1246 1599 Ill.
1266 1574 1307 1598 99.
1328 1572 1372 1598 IV.
1393 1573 1416 1598 4.
1454 1572 1567 1600 Deberi.
1592 1571 1657 1597 Dari
1676 1575 1806 1608 oportere.
1836 1570 1866 1597 fr.
1888 1573 1926 1597 ll.
1948 1572 1969 1605 5.

1125 1618 1149 1642 2.
1170 1615 1202 1642 de
1222 1616 1327 1642 iureiur.
1356 1618 1395 1642 12.
1415 1617 1439 1641 2.
1476 1615 1598 1651 Erogare.
1632 1614 1663 1640 fr.
1683 1616 1724 1640 27.
1750 1613 1782 1640 (1(Ι
1805 1613 1871 1640 Aed.
1893 1613 1969 1640 edict.

1125 1660 1167 1685 21.
1188 1661 1211 1685 l.
1249 1658 1279 1685 ll.
1301 1661 1368 1692 Op.
1398 1657 1528 1684 Reddere.
1557 1657 1587 1684 fr.
1606 1659 1631 1684 3.
1651 1658 1673 1691 5.
1693 1659 1716 1683 9.
1742 1657 1771 1683 fr.
1791 1658 1832 1683 39.
1852 1657 1874 1690 9
1893 1659 1917 1683 2.
1938 1657 1971 1683 de

1127 1701 1243 1728 statulib.
1264 1703 1305 1728 40.
1326 1704 1348 1728 7.
1369 1701 1398 1728 l'r.
1420 1703 1461 1727 94.
1482 1700 1514 1727 de
1533 1700 1564 1726 V.
1586 1700 1612 1726 S.
1633 1702 1674 1726 50.
1696 1701 1735 1726 16.
1774 1699 1909 1737 Recipere.
1939 1700 1969 1727 l'r.

1126 1748 1150 1772 2.
1170 1755 1209 1782 pr.
1235 1744 1267 1771 de
1285 1744 1316 1770 R.
1338 1744 1368 1770 C.
1397 1746 1436 1770 12.
1457 1745 1479 1769 1.
1518 1743 1644 1779 Obligare
1664 1753 1700 1768 se.
1730 1741 1760 1768 sr.
1782 1743 1804 1768 7.
1824 1742 1890 1775 5.1.
1916 1742 1967 1778 Qu.

1104 1802 1105 1818 1
1127 1793 1187 1814 met.
1208 1798 1230 1814 c.
1250 1789 1273 1814 4.
1292 1790 1316 1813 2.
1354 1787 1458 1815 Dicere.
1477 1785 1634 1813 Promittere
1654 1785 1776 1819 (dotem).
1805 1784 1866 1822 le.
1889 1784 1931 1812 VI.
1947 1787 1969 1813 1.

1127 1841 1186 1867 sqq.
1224 1830 1265 1856 lII.
1282 1832 1347 1857 Cn.
1372 1829 1449 1855 Vltro
1469 1830 1535 1855 citro
1555 1829 1642 1858 dandi,
1662 1828 1816 1865 accipiendi,
1836 1828 1969 1859 credendi.

1127 1873 1274 1910 obligandi,
1294 1872 1415 1899 solvendi
1435 1873 1476 1898 sui
1496 1882 1572 1898 causa
1592 1872 1776 1908 (negotiatio).
1808 1870 1838 1899 ir.
1859 1873 1882 1897 6.
1903 1872 1925 1905 5.
1945 1873 1969 1899 3.

1128 1917 1160 1943 de
1180 1916 1273 1943 edend.
1297 1918 1321 1942 2.
1343 1918 1382 1942 13.
1413 1915 1444 1941 cf.
1466 1915 1496 1941 l'r.
1516 1917 1575 1941 218.
1601 1914 1633 1941 de
1654 1914 1684 1941 V.
1706 1914 1733 1940 S.
1758 1916 1799 1940 50.
1822 1916 1860 1943 16,
1903 1914 1970 1941 Eum

1128 1962 1177 1993 (se.
1198 1960 1315 1991 servum)
1334 1963 1377 1984 aut
1394 1958 1455 1984 dare
1468 1963 1641 1995 praesentem.
1662 1962 1705 1984 aut
1718 1957 1853 1985 absentem
1868 1957 1969 1984 cedere.

1128 2003 1200 2030 Paul.
1221 2002 1250 2029 ll.
1270 2004 1311 2028 31.
1332 2001 1353 2034 5.
1373 2003 1415 2028 37.
1437 2012 1457 2028 a.
1494 2001 1575 2027 Iubeo
1596 2000 1648 2030 det.
1666 2005 1782 2038 praestet
1804 2006 1852 2027 etc.
1878 2001 1907 2026 fr.
1928 2002 1969 2026 40.

1127 2048 1148 2082 9.
1169 2049 1193 2073 2.
1214 2046 1246 2073 de
1265 2044 1382 2072 statulib.
1403 2047 1444 2071 40.
1460 2047 1481 2071 7.
1508 2044 1539 2071 cf.
1561 2044 1591 2070 fr.
1606 2045 1740 2078 41.5.14.
1760 2044 1793 2070 de
1806 2043 1891 2070 fideic.
1906 2043 1969 2070 libb.

1127 2092 1168 2117 40.
1189 2093 1212 2116 5.
1250 2088 1332 2115 Heres
1351 2098 1424 2114 meus
1444 2088 1551 2114 danmas
1571 2092 1628 2113 esto
1649 2086 1723 2115 dare.
1749 2097 1769 2113 s.
1794 2087 1863 2113 dato.
1901 2086 1970 2113 Volo

1104 2157 1105 2167 .
1127 2134 1190 2161 (lari.
1225 2132 1282 2159 Gai.
1302 2131 1332 2158 H.
1356 2133 1415 2157 201.
1435 2133 1494 2157 235.
1513 2133 1573 2156 238.
1606 2130 1668 2167 le.
1692 2129 1790 2157 XXIV.
1813 2132 1838 2156 4.
1863 2131 1903 2155 14.
1930 2130 1969 2156 IS.

1104 2192 1106 2195 ·
1126 2176 1212 2204 XXV.
1231 2178 1255 2202 2.
1294 2174 1323 2201 Si
1343 2174 1385 2200 die
1403 2175 1584 2211 suprascripta
1604 2183 1703 2199 summa
1724 2189 1755 2192 —
1775 2172 1848 2204 data.
1869 2172 1969 2200 soluta.

1104 2237 1106 2253 J
1128 2221 1226 2247 satisve
1251 2228 1281 2245 eo
1305 2219 1410 2244 nomine
1434 2217 1530 2243 factum
1554 2226 1606 2242 non
1633 2217 1689 2242 erit.
1719 2216 1748 2242 fr.
1768 2217 1809 2242 40.
1835 2215 1867 2242 de
1886 2215 1916 2242 R.
1938 2215 1968 2241 C.

1104 2255 1106 2289 l
1130 2266 1169 2290 12.
1190 2265 1212 2289 1.
1241 2261 1270 2288 Id
1284 2265 1410 2287 emtorem
1425 2265 1473 2286 etc.
1490 2259 1559 2287 dare.
1580 2259 1673 2290 facere,
1693 2264 1880 2298 praestareque
1893 2267 1969 2295 opor-

1105 2328 1106 2332 .
1128 2312 1191 2333 tere.
1217 2305 1247 2332 fr.
1269 2307 1309 2331 13.
1329 2304 1351 2337 5.
1366 2306 1389 2329 6.
1410 2303 1443 2330 de
1461 2303 1493 2329 A.
1513 2303 1543 2329 E.
1564 2302 1595 2328 V.
1616 2303 1657 2328 19.
1673 2303 1695 2328 1.
1732 2301 1879 2331 Intendere,
1899 2300 1969 2331 dare,

1105 2343 1106 2365 l
1128 2350 1221 2380 facere,
1242 2347 1410 2385 (praestare),
1430 2350 1561 2383 oportere.
1591 2344 1647 2371 Gai.
1661 2344 1692 2372 II.
1705 2346 1764 2371 213.
1784 2344 1825 2370 III.
1848 2345 1904 2369 181.
1924 2342 1968 2369 IV.

1105 2390 1106 2422 l
1127 2394 1151 2418 5.
1172 2394 1213 2418 41.
1233 2393 1274 2417 47.
1295 2392 1336 2416 54.
1358 2391 1415 2416 131.
1438 2390 1494 2415 136.
1538 2388 1613 2423 Quae
1636 2398 1715 2425 supra
1739 2386 1793 2413 dari
1818 2386 1875 2411 fieri
1894 2385 1968 2414 iussi.

1128 2446 1157 2461 ea
1177 2435 1233 2461 dari
1253 2435 1310 2460 lieri
1329 2432 1391 2458 volo
1418 2432 1467 2465 (ab
1487 2432 1557 2457 omni
1578 2431 1699 2464 herede).
1731 2429 1760 2455 sr.
1782 2430 1820 2454 13.
1845 2427 1877 2454 de
1895 2427 1968 2454 inoff.

1127 2483 1230 2505 testam.
1258 2479 1282 2503 5.
1302 2479 1326 2502 2.
1364 2475 1428 2503 Dari
1452 2474 1596 2514 spondere,
1625 2484 1649 2500 v.
1676 2471 1804 2509 stipulari.
1840 2470 1969 2497 Daturum

1105 2509 1107 2550 ³
1128 2522 1292 2559 promittere.
1325 2518 1381 2545 Gai.
1407 2517 1449 2544 111.
1474 2519 1515 2544 92.
1535 2527 1575 2554 sq.
1600 2519 1641 2543 97.
1668 2518 1724 2542 100.
1750 2516 1806 2540 103.
1831 2515 1890 2540 112.
1911 2515 1968 2540 116.

1105 2554 1107 2576 l
1129 2574 1168 2600 sq.
1191 2565 1248 2589 166.
1268 2572 1307 2598 sq.
1330 2563 1387 2588 176.
1408 2562 1438 2588 fr.
1460 2563 1499 2588 71.
1520 2571 1558 2598 pr.
1580 2570 1627 2597 pro
1648 2568 1701 2584 soc.
1723 2558 1763 2583 17.
1782 2558 1806 2582 2.
1850 2556 1892 2582 Do
1911 2556 1967 2588 tibi,

1129 2612 1158 2633 ut
1177 2606 1237 2637 des3
1257 2610 1301 2634 aut
1320 2605 1366 2637 do,
1391 2609 1420 2631 ut
1439 2604 1517 2631 facias
1538 2608 1585 2629 etr.
1617 2602 1647 2631 l'r.
1668 2603 1690 2626 5.
1710 2609 1749 2636 pr.
1775 2598 1856 2632 551.
1876 2609 1915 2635 sq.
1936 2598 1969 2625 de

1128 2659 1244 2688 praescr.
1264 2658 1306 2675 vv.
1327 2649 1367 2674 19.
1382 2649 1406 2674 5.
1445 2647 1474 2673 Si
1493 2648 1552 2683 quis
1572 2644 1667 2671 debere
1687 2653 1724 2674 se,
1744 2647 1788 2668 aut
1808 2642 1927 2669 daturum
1940 2652 1969 2669 se

1129 2693 1236 2719 scribat.
1270 2691 1327 2718 Gai.
1352 2690 1394 2717 111.
1422 2691 1479 2716 134.
1528 2689 1598 2714 Dare
1623 2690 1758 2723 oportere,
1787 2685 1917 2712 debereve
1940 2694 1968 2711 se

1130 2735 1276 2762 confessus.
1306 2733 1336 2760 L.
1357 2733 1424 2760 Gall.
1446 2731 1546 2767 Cisalp.
1566 2730 1596 2756 II.
1617 2731 1640 2755 5.
1678 2728 1707 2755 Si
1727 2728 1760 2754 ob
1780 2728 1846 2755 hanc
1865 2737 1968 2754 causam

1129 2779 1240 2816 pecunia
1260 2777 1319 2804 data
1338 2778 1372 2804 sit
1393 2781 1439 2802 etc.
1464 2773 1536 2800 Paul.
1551 2773 1580 2799 ll.
1601 2774 1624 2799 9.
1645 2773 1704 2806 5.1.
1725 2771 1756 2798 cf.
1776 2771 1806 2798 fr.
1821 2773 1862 2797 52.
1882 2770 1911 2797 sr.
1926 2771 1966 2795 65.

1108 2812 1109 2846 l
1130 2831 1169 2858 pr.
1195 2821 1275 2854 99.1.
1297 2830 1335 2856 sq.
1361 2820 1393 2845 (le
1413 2817 1488 2844 cond.
1508 2816 1594 2842 indeb.
1620 2818 1659 2842 12.
1679 2817 1702 2842 6.
1745 2815 1799 2850 Qui
1823 2813 1967 2857 obhl'alsum

1467 2861 1497 2885 31
1512 2860 1525 2871 ³¹⁷
