2197 3121
1028 165 1126 197 COL.

208 252 239 278 l'r.
253 253 276 277 5.
297 251 318 285 3.
331 253 374 277 22.
394 256 422 277 ut
441 251 467 277 in
487 260 559 288 poss.
577 249 625 285 leg.
645 250 687 275 36.
701 250 724 274 4.
754 248 796 275 111.
813 249 879 276 Gn.
904 248 933 274 Si
953 247 1051 274 fossam

209 294 268 330 quis
292 295 318 320 in
338 293 418 320 fundo
438 304 486 320 suo
506 293 604 323 fecerit,
624 297 652 318 ut
670 291 707 318 ibi
726 302 791 328 aqua
809 291 919 317 collecta
938 291 964 317 in
984 291 1052 316 viam

208 336 337 362 decurrat.
369 337 399 363 l'r.
418 339 442 363 2.
463 337 500 370 33.
519 337 560 361 27.
581 344 620 371 sq.
641 345 674 361 ne
693 344 736 371 qu.
756 336 782 360 in
802 334 861 360 loco
880 334 942 371 pub.
962 335 1004 360 43.
1026 335 1049 359 ὅ.

208 378 304 416 Spicae
323 380 349 405 in
368 389 454 405 messe
472 379 601 409 deiectae,
629 388 693 409 quas
713 377 805 403 rustici
824 387 882 403 cum
901 377 1051 403 vacaverint

208 421 345 458 colligunt.
379 422 409 448 fr.
429 424 471 448 30.
495 422 516 455 3.
544 422 565 447 1.
592 420 624 446 de
648 419 679 446 V.
705 419 732 446 S.
760 422 801 446 50.
824 421 862 446 16.
904 419 1049 446 Plurimum

208 465 327 495 interest,
346 465 462 501 peritura
481 463 646 499 collegerint,
666 473 711 495 au,
732 472 798 499 quae
815 463 914 488 servari
934 463 1047 499 possint,

208 507 338 543 flagitiose
360 508 511 533 invaserint.
541 506 571 532 fr.
592 507 616 532 4.
642 507 663 540 3.
685 507 708 532 l.
737 505 768 532 cl'.
793 504 823 531 fr.
845 506 867 531 7.
894 504 926 531 de
945 504 1047 531 iucend.

208 551 290 576 ruina.
311 551 352 576 47.
372 551 396 576 9.
425 549 456 576 sr.
476 551 517 576 27.
537 549 559 583 3.
579 551 620 575 25.
645 549 677 575 ad
695 548 725 575 L.
745 548 813 584 Aqu.
833 549 857 574 9.
877 549 901 574 2.
939 547 975 574 Vt
994 548 1049 573 uni-

207 603 298 619 versas
319 603 360 619 res
380 592 551 619 hereditarias
571 591 684 628 colligat,
705 596 730 617 et
749 591 784 617 ibi
804 590 943 617 custodiat.
973 589 1003 617 fr.
1022 592 1046 616 5.

207 636 229 669 3.
248 638 289 662 22.
315 640 343 662 ut
362 637 388 661 in
407 645 479 672 poss.
499 635 574 671 legat.
599 637 641 662 36.
661 636 684 661 4.
714 633 744 660 fr.
763 635 805 659 25.
829 633 851 667 3.
872 635 895 659 7.
920 633 952 659 de
970 634 1002 659 A.
1022 643 1046 659 v.

208 679 241 705 O.
261 678 292 705 Η.
311 680 352 705 29.
367 680 391 704 2.
421 678 496 713 Quae
516 683 567 704 tam
585 677 715 704 fructuum
735 675 951 712 colligendorum.
971 686 1047 712 quam

207 721 397 748 servandorum
421 736 453 740 ——-
479 731 570 752 causa,
596 721 745 747 constituta.
777 729 798 745 e.
818 721 842 745 2.
868 719 900 745 de.
924 718 955 745 V.
976 719 1003 745 S.
1023 720 1046 745 6.

206 766 248 791 35.
279 764 350 790 Paul.
372 763 390 790 1.
413 765 451 789 13.
472 763 502 790 Β.
525 765 546 798 3.
566 765 590 790 9.
627 763 663 789 Vt
682 767 766 788 totum
785 763 812 788 in
830 763 957 788 aerarium
976 761 1049 788 colli-

206 812 288 843 gatur.
309 807 339 833 fr.
356 808 395 832 15.
416 807 437 840 3.
450 808 474 833 3.
496 806 528 833 de
547 808 602 833 iure
621 806 687 832 lisci.
708 806 752 831 49.
769 806 809 831 14.
847 805 967 836 Pecunia,
982 815 1048 841 quae

209 860 241 876 ex
261 850 457 886 computatione
477 849 615 885 colligitur.
635 849 665 875 fr.
680 850 721 874 47.
741 849 762 882 3.
783 851 807 875 2.
827 848 860 875 dc
878 848 963 874 fidele.
984 847 1047 874 libb.

206 894 247 918 40.
268 895 291 918 5.
330 891 479 918 Collectum
499 894 553 925 (sc.
574 892 631 925 ius)
657 902 689 917 ex
708 891 871 917 naturalibus
890 892 1047 928 praeceptis.

206 939 250 961 aut
269 936 393 971 gentium.
414 940 457 961 aut
475 934 606 961 civilibus
626 934 656 960 l'r.
679 935 700 960 l.
721 935 742 968 3.
762 936 786 960 2.
806 933 840 960 de
859 934 877 960 I.
898 939 923 960 et
942 933 960 960 1.
981 936 1003 960 1.
1025 935 1047 960 l.

206 977 238 1004 cl'.
259 978 280 1011 3.
303 979 342 1004 11.
363 977 380 1003 1.
401 977 433 1004 (le
452 982 524 1014 nnpt.
547 979 568 1003 1.
592 979 630 1003 10.
651 993 683 996 —
703 977 734 1010 §.
760 978 795 1003 2.
825 978 1046 1012 Congregare,

207 1022 400 1047 convocare.
437 1020 456 1046 I.
470 1022 532 1054 ›Sy-
558 1020 732 1056 Cougregare.
758 1020 787 1046 fr.
807 1022 830 1046 5.
851 1019 884 1046 ad
902 1019 932 1046 L.
951 1019 998 1046 Iul.
1015 1019 1047 1046 de

205 1064 231 1089 vi
254 1064 321 1100 priv.
346 1064 387 1088 48.
412 1064 435 1089 7.
468 1063 499 1089 fr.
527 1064 566 1089 17.
591 1062 623 1089 ad
646 1062 676 1089 L.
702 1062 764 1089 Cor.
796 1062 828 1089 de
852 1063 928 1089 sicar.
958 1064 999 1089 48.
1023 1066 1046 1088 8.

206 1106 368 1132 Convocare.
401 1105 494 1132 Iuliani
512 1106 574 1143 epit.
595 1115 654 1131 nov.
681 1116 702 1132 c.
721 1107 764 1132 24.
788 1106 810 1139 3
830 1107 870 1132 90.
913 1105 955 1131 III.
982 1106 1047 1132 Cn.

206 1149 281 1175 Licet
300 1148 332 1174 ad
351 1148 427 1174 aliam
446 1158 500 1174 rem
519 1150 572 1174 sint
592 1149 688 1185 rogati,
712 1148 754 1175 vel
780 1148 885 1175 collecti
905 1153 1000 1179 testes.
1026 1149 1048 1174 si

208 1197 293 1218 tamen
313 1196 371 1217 ante
391 1192 569 1217 testimonium
588 1193 764 1218 certior-entur
784 1196 832 1218 etc.
866 1191 896 1217 fr.
916 1193 958 1217 21.
979 1191 1001 1224 3.
1022 1193 1046 1217 2.

205 1234 256 1270 Qu.
282 1239 384 1260 testam.
410 1234 456 1260 fac.
480 1245 505 1272 p.
530 1236 572 1260 28.
594 1236 615 1260 l.
658 1235 711 1270 Qui
735 1245 767 1261 ex
791 1234 904 1261 diversis
931 1234 997 1260 locis
1021 1235 1047 1260 in

204 1287 284 1303 unum
305 1277 478 1313 colliguntur,
503 1282 529 1303 et
547 1278 664 1303 veniunt.
697 1277 726 1304 l'r.
749 1279 770 1303 l.
790 1277 812 1311 3.
831 1279 856 1303 3.
881 1276 913 1303 de
933 1282 1000 1314 pact.
1021 1279 1045 1303 2.

205 1322 245 1347 14.
282 1319 320 1346 Yt
339 1321 441 1346 cunctis
468 1320 565 1346 ibidem
590 1321 721 1352 collectis.
746 1321 858 1357 primum
884 1319 915 1346 ad
939 1330 968 1346 se
988 1330 1047 1345 con—

204 1368 314 1389 vocatos
335 1373 425 1389 omnes
444 1379 478 1383 -—
497 1363 631 1389 edoceant.
662 1374 682 1389 c.
702 1367 725 1389 8.
752 1364 803 1398 Qu.
824 1368 883 1389 test.
904 1362 951 1389 sac.
971 1373 996 1399 p.
1022 1364 1045 1388 6.

202 1410 236 1432 22
287 1406 501 1442 Colligendarum
530 1407 759 1443 congregationum
786 1405 903 1432 facultas.
942 1405 992 1431 Th.
1015 1405 1046 1432 C.

203 1448 274 1475 XVI.
295 1451 318 1475 5.
339 1459 360 1475 c.
382 1450 421 1475 14.
442 1449 474 1475 de
493 1449 590 1476 haeret.

203 1492 258 1528 lega
278 1492 374 1518 cohors
393 1492 484 1518 talium
504 1492 639 1518 hominum
658 1491 802 1528 colligatur.
831 1491 868 1517 lb.
889 1491 905 1517 l.
926 1490 941 1517 l.
963 1501 984 1517 c.
1004 1493 1045 1517 20.

203 1550 235 1554 -
256 1536 287 1568 §-
308 1536 345 1561 3.
375 1536 532 1570 Dirigere
551 1546 587 1561 se.
626 1534 643 1561 I.
661 1536 723 1569 Sy.
743 1534 883 1561 Collocare
902 1534 965 1566 (se).
986 1544 1006 1560 c.
1022 1537 1045 1560 ὅ,

526 1577 569 1603 111.
591 1579 656 1605 Cn.
686 1578 724 1609 si,
744 1577 809 1603 nulli
829 1577 949 1613 quolibet
968 1576 1045 1603 modo

204 1620 335 1647 obnoxius
361 1621 473 1651 civitati.
498 1620 529 1646 ad
554 1620 690 1657 praedium
714 1630 742 1646 se
767 1621 947 1657 cuiuscunque
967 1621 1044 1646 rusti-

205 1673 262 1689 cum
283 1663 462 1699 urbanumque
482 1662 624 1699 collegerit.
650 1662 890 1690 Nov.t':1le11t.111.
912 1663 944 1689 de
958 1664 1043 1690 colon.

205 1715 259 1740 vag.
279 1705 309 1732 II.
329 1708 370 1732 31.
392 1716 413 1732 c.
436 1708 457 1731 l.
489 1721 521 1725 —-
553 1707 583 1739 ς’.
606 1708 643 1732 4.
676 1708 852 1740 Excipere,
882 1709 1043 1741 Recipere.

205 1747 247 1774 111.
273 1749 338 1775 (ιή.
370 1750 527 1785 Quicunque
546 1759 669 1785 puerum,
693 1748 735 1774 vel
754 1749 881 1785 puellam,
901 1751 1044 1786 proiectam

205 1791 236 1817 de
251 1790 328 1816 domo
344 1793 425 1827 patris
440 1808 471 1811 -
487 1791 629 1826 collegerit.
650 1802 678 1817 ac
698 1792 752 1817 suis
773 1791 903 1818 alimentis
918 1792 950 1818 ad
964 1792 1044 1818 robur

204 1835 362 1870 provexerit.
392 1834 441 1860 Th.
458 1834 488 1860 C.
508 1834 540 1860 V.
561 1836 583 1860 7.
604 1845 624 1860 e.
648 1836 668 1859 l.
689 1833 720 1859 (Γ.
742 1844 762 1860 c.
776 1838 800 1860 2.
821 1834 852 1860 de
872 1836 988 1871 exposit.
1011 1851 1042 1854 --

203 1877 235 1910 ᾗ.
250 1878 288 1903 5·
310 1878 592 1910 Comprehendere,
613 1879 799 1910 Complecli.
837 1877 960 1904 111011.
989 1877 1043 1904 Hae

203 1920 311 1946 arbores
336 1919 462 1955 colligunt
490 1929 594 1955 aggeres
624 1918 762 1945 Niloticos.
794 1918 824 1945 fr.
852 1922 890 1946 10.
919 1920 951 1946 (le
976 1926 1041 1947 extr.

204 1964 274 1989 crim.
301 1963 341 1988 47.
364 1964 403 1987 11.

203 2005 291 2041 ligant.
311 2004 429 2040 singulae
448 2006 532 2030 minus
552 2015 627 2031 anno.
653 2005 738 2030 1”ι“.28.
754 2006 812 2038 33.
834 2016 864 2031 ex
885 2016 926 2042 qu.
947 2017 968 2032 c.
983 2008 1040 2032 mai.

633 1448 672 1475 Ne
692 1450 717 1475 iu
737 1459 868 1486 quoquam
888 1448 946 1474 loco
967 1449 1047 1474 saeri-

204 1577 236 1603 de
255 1577 360 1613 agricol.
384 1580 423 1604 11.
443 1579 484 1603 47.

441 1963 470 1987 Si
489 1972 580 1988 onmes
600 1961 705 1998 quidem
725 1963 856 1989 absentiae
875 1973 970 1990 annum
990 1963 1042 1989 col-

203 2050 226 2074 4.
246 2050 268 2074 6,
307 2047 342 2074 Vt
362 2048 454 2083 integri
474 2048 551 2084 pretii
570 2047 663 2073 modus
684 2049 709 2073 in
722 2048 845 2074 XXXVI.
861 2049 1040 2075 tantummodo
1063 2079 1064 2082 Ἴ

203 2091 296 2117 solidis
317 2090 461 2126 colligatur.
491 2090 540 2116 Th.
561 2090 592 2116 C.
613 2090 668 2116 ΥΠ.
690 2093 729 2117 13.
750 2101 771 2117 c.
792 2093 814 2117 7.
835 2092 855 2125 3.
871 2094 895 2118 2.
916 2092 949 2118 de
963 2093 1040 2118 tiron.

203 2133 270 2160 Cum
295 2133 395 2170 liquido
419 2138 518 2170 pateat.
548 2143 598 2169 quo
622 2134 739 2170 pondere
767 2134 873 2160 donatio
902 2135 1041 2162 deseratur.
1062 2164 1064 2168 ι

204 2186 253 2212 qua
276 2178 377 2203 actione
396 2181 499 2213 petatur
518 2176 663 2205 hereditas,
683 2177 778 2212 quibus
797 2178 885 2203 verbis
905 2178 1041 2215 stipulatio

204 2218 348 2255 colligatur.
381 2219 473 2245 Const.
494 2218 544 2245 Th.
565 2219 594 2245 ll.
615 2219 647 2245 de
667 2219 716 2245 Th.
731 2220 761 2247 C.
781 2226 847 2247 auct.
868 2221 889 2254 3
910 2222 932 2246 1.
954 2222 996 2257 (p.
1016 2222 1040 2247 9.
1062 2240 1063 2244 .

204 2262 300 2295 ch.)
335 2262 463 2298 Diligenti
488 2261 665 2299 descriptione
690 2262 816 2289 collectae
835 2263 1039 2296 (substantiae).
1062 2281 1064 2290 r

205 2304 255 2330 Th.
276 2304 306 2330 C.
325 2305 380 2331 XII.
401 2306 424 2331 6.
445 2315 466 2331 c.
486 2306 527 2331 25.
548 2305 580 2331 de
599 2310 745 2342 susceptor.
774 2322 806 2325 —
837 2307 868 2339 §.
889 2308 927 2333 6.
960 2307 1040 2333 Con-

203 2350 342 2378 cludere,
362 2349 534 2374 Deelucere.
570 2348 612 2375 Ill.
633 2350 698 2376 Cn.
722 2349 756 2375 Et
773 2350 858 2385 primo
878 2349 983 2385 quidem
997 2350 1040 2381 ait.

205 2406 237 2409 -—
257 2389 307 2415 Per
326 2389 396 2425 quod
415 2390 525 2427 colligit,
550 2401 630 2428 posse
655 2391 705 2417 dici
726 2397 773 2417 etc.
803 2391 832 2418 fr.
855 2394 893 2418 12.
919 2392 940 2426 3.
960 2394 983 2418 4.
1009 2392 1041 2418 de

205 2432 271 2458 usus.
293 2434 315 2458 7.
339 2434 358 2458 l.
396 2432 435 2458 Ex
455 2444 498 2465 co,
518 2434 589 2470 quod
608 2434 731 2471 prohibet
749 2434 791 2461 lex
810 2434 888 2466 Iulia.
913 2451 945 2454 —
969 2435 1041 2461 colli—

205 2476 273 2511 gitur
293 2480 340 2500 etc.
362 2475 391 2500 l'r.
414 2477 451 2501 15.
472 2476 503 2502 de
522 2477 610 2503 testib.
631 2479 671 2503 22.
692 2480 715 2504 5.
754 2477 807 2504 Sed
826 2478 876 2504 hoc
897 2488 927 2504 ex
947 2488 1040 2513 genere

205 2528 351 2555 operarum.
372 2528 403 2544 ex
423 2528 534 2554 persona
553 2520 656 2556 patroni
675 2525 752 2557 atque
771 2521 871 2552 liberti,
891 2520 978 2557 colligi
998 2521 1040 2547 de·
1061 2542 1062 2553 ,

204 2561 256 2587 bet.
286 2560 315 2586 fr.
335 2563 376 2586 25.
396 2570 434 2597 pr.
461 2560 493 2586 de
513 2571 583 2598 oper.
603 2563 688 2589 libert.
713 2566 754 2590 35.
776 2565 796 2590 l.
834 2564 874 2589 Ex
895 2565 1039 2599 ‹pl-'uititate
1061 2586 1062 2589 ,

204 2605 330 2641 pecuniae.
349 2619 381 2622 —
400 2603 521 2629 voluntas
546 2604 690 2641 colligenda
716 2612 756 2632 est
775 2606 917 2643 patrisl'am.
947 2606 976 2632 l‘r.
996 2608 1038 2633 23.

204 2647 236 2673 ad
256 2646 282 2673 S.
304 2646 334 2672 C.
355 2645 432 2672 Treb.
452 2648 494 2672 36.
516 2648 537 2672 l.
558 2647 589 2673 cf.
609 2648 638 2674 fr.
659 2651 698 2676 19.
719 2649 751 2676 de
770 2649 822 2676 LL.
844 2652 866 2675 1.
885 2651 909 2675 3.

240 2690 409 2717 collisus.
438 2689 566 2721 (partie.)
605 2692 771 2719 Concursus.
819 2692 861 2718 ΠΙ.
884 2694 948 2720 οη.
980 2692 1039 2719 Non

204 2732 289 2759 solum
310 2734 396 2763 (usta.
419 2734 477 2765 aut)
497 2738 585 2769 rupta.
605 2738 649 2758 aut
667 2734 759 2767 fracta,
785 2735 832 2761 sed
852 2736 928 2762 etiam
947 2737 1038 2765 scissa.

205 2781 230 2801 et
249 2775 353 2803 collisa.
379 2780 403 2801 ct
428 2776 521 2804 effusa,
547 2792 579 2795 -
604 2781 648 2801 aut
670 2783 785 2812 peremta
809 2784 885 2815 atque
910 2779 1039 2805 deteriora

205 2818 279 2848 facta.
299 2818 349 2845 hoc
368 2818 448 2845 verbo
469 2820 517 2852 (sc.
537 2820 620 2856 rupti)
640 2821 813 2847 continentur.
842 2821 897 2848 Gai.
918 2821 959 2848 111.
979 2824 1038 2848 217.

1878 169 1938 199 159

1098 249 1210 286 Propter
1228 248 1371 274 membrum
1390 253 1496 285 ruptum
1516 248 1579 274 talio
1604 253 1670 280 erat⁷
1695 253 1804 285 propter
1823 258 1852 274 os
1873 259 1935 275 vero

1097 291 1206 318 fractum
1229 296 1273 317 aut
1297 291 1418 317 collismn
1443 296 1491 318 etc.
1524 291 1561 317 lb.
1586 293 1645 318 2253.
1692 292 1721 317 Si
1749 292 1936 318 vestimentum

1095 335 1207 361 scissum
1226 334 1362 363 reddatur.
1387 334 1429 360 vel
1454 344 1495 360 res
1516 339 1639 371 corrupta
1658 334 1759 361 reddita
1780 335 1827 366 sit,
1852 334 1934 361 veluti

1094 377 1188 414 scyphi
1208 377 1308 409 collisi,
1332 381 1376 403 aut
1398 377 1486 403 tabula
1506 387 1563 403 rasa
1583 378 1693 414 pictura.
1723 377 1754 403 fr.
1776 378 1816 403 14.
1836 387 1875 414 pr.
1901 377 1934 403 (le

1094 419 1125 446 V.
1146 420 1172 447 S.
1193 422 1234 447 50.
1256 422 1295 446 16.

1128 464 1334 491 Collocare.
1355 462 1385 495 §-
1401 462 1436 488 1.
1457 464 1593 495 Lot-are.
1614 466 1783 494 statuere,
1804 465 1932 490 Ponere.

1092 505 1133 532 111.
1158 507 1224 534 Cn·
1252 506 1293 533 Ex
1315 505 1366 532 hoc
1390 506 1446 531 iure
1470 507 1587 541 gentium
1612 522 1643 525 —
1668 506 1781 532 dominia
1800 505 1932 537 distincta,

1092 549 1159 585 agris
1178 549 1282 575 termini
1301 549 1396 586 positi.
1421 547 1540 574 aedificia
1560 548 1695 576 collocata.
1725 549 1755 575 fr.
1775 551 1798 575 5.
1818 549 1850 575 de
1869 549 1887 575 I.
1907 553 1933 574 et

1091 591 1109 618 1.
1131 593 1152 618 1.
1174 594 1196 618 1.
1233 591 1262 618 Si
1287 592 1346 628 quis
1364 601 1461 617 novum
1480 591 1609 623 canalem,
1634 592 1675 618 vel
1701 591 1803 618 listulas
1828 592 1856 617 in
1875 592 1932 618 rivo

1091 633 1155 660 velit
1174 634 1312 661 collocare.
1336 633 1366 661 sr.
1385 635 1409 660 3.
1430 634 1451 667 3.
1471 636 1495 660 2.
1516 634 1549 660 de
1567 636 1615 660 riv.
1635 636 1676 661 43.
1696 637 1737 661 21.
1775 634 1931 670 Palmyrena

1092 678 1183 703 civitas
1208 678 1233 703 in
1257 678 1392 714 provincia
1416 676 1562 709 Phoenice.
1587 687 1671 714 prope
1695 678 1818 704 barbaras
1841 682 1932 713 gentes

1092 725 1117 746 et
1136 721 1268 752 nationes.
1287 719 1423 746 collocata.
1456 720 1486 746 fr.
1508 722 1530 746 1.
1555 720 1578 754 3.
1598 723 1621 747 5.
1647 720 1679 747 de
1706 721 1804 747 censib.
1828 723 1869 747 50.
1891 722 1930 746 15.

1092 762 1189 789 Rector
1204 762 1280 789 Prov.
1301 763 1395 795 aditus,
1415 763 1484 800 apud
1498 773 1576 800 quem
1589 762 1652 789 haec
1673 764 1722 796 (sc.
1736 764 1931 796 instrumenta).

1093 805 1216 832 collocari
1236 806 1355 833 debeant.
1376 806 1545 832 existimabit.
1566 816 1587 832 c.
1607 808 1631 832 5.
1652 816 1744 832 comm.
1765 811 1814 832 utr.
1835 805 1887 832 iud.
1906 807 1930 831 3.

1091 851 1133 875 38.
1162 865 1194 868 —
1223 849 1253 882 §-
1274 850 1309 875 20
1337 850 1505 884 Conferre.
1542 848 1561 875 1.
1581 850 1643 883 Sy.
1673 849 1773 875 Ponere
1793 849 1932 882 (conditio-

1093 902 1138 918 nes
1159 893 1184 917 in
1205 892 1274 925 eto).
1296 891 1325 917 fr.
1340 892 1380 917 60.
1396 902 1434 928 pr.
1455 891 1488 917 de
1507 891 1583 918 cond.
1603 896 1629 917 et
1648 891 1714 918 dem.
1734 894 1778 918 35.
1792 894 1813 918 l.
1846 891 1931 921 Velle.

1092 934 1262 961 Voluntatem
1281 944 1354 960 suam
1374 934 1504 961 collocare.
1523 936 1549 961 in
1569 939 1617 961 etc.
1648 934 1679 961 l'r.
1701 937 1725 961 9.
1749 935 1787 969 33.
1806 936 1830 960 3.
1852 936 1874 960 7.
1899 934 1932 960 de.

1092 978 1123 1004 Α.
1143 977 1175 1004 R.
1196 978 1229 1004 D.
1253 979 1294 1003 41.
1317 979 1338 1003 1.
1376 976 1418 1002 111.
1447 979 1512 1004 0¹1.
1544 977 1573 1004 Si
1597 977 1675 1003 modo
1699 979 1832 1009 meritum,
1857 979 1931 1014 quasi

1092 1020 1161 1058 apud
1180 1022 1265 1046 virum
1284 1020 1389 1051 bonum.
1410 1020 1539 1047 collocare
1558 1020 1817 1047 lideicommissarius
1835 1021 1930 1058 potuit.

1092 1064 1122 1090 l'r.
1145 1065 1184 1090 ll.
1204 1064 1226 1097 3
1245 1065 1269 1090 8.
1289 1063 1322 1089 de
1346 1063 1421 1099 legat.
1446 1063 1488 1089 111.
1515 1064 1590 1096 (32.)
1627 1063 1656 1089 Si
1675 1063 1795 1090 mandem
1814 1064 1877 1095 tibi.
1903 1068 1932 1090 ut

1092 1108 1216 1144 pecunias
1236 1111 1293 1132 tuas
1313 1107 1402 1143 potius
1422 1107 1447 1132 in
1467 1107 1595 1132 emtiones
1614 1106 1781 1143 praediorum
1805 1107 1931 1138 colloces,

1092 1160 1169 1186 quam
1189 1149 1317 1176 l'oeueres.
1346 1148 1376 1175 sr.
1396 1151 1420 1175 2.
1441 1150 1462 1183 3.
1482 1150 1506 1175 6.
1531 1149 1615 1175 mand.
1643 1151 1682 1175 17.
1703 1151 1725 1175 1.
1767 1150 1796 1176 Iu
1819 1160 1931 1176 mercem

1092 1204 1120 1219 se
1140 1193 1338 1221 collocaturum.
1358 1191 1429 1228 quod
1449 1193 1558 1229 accepit.
1579 1192 1608 1218 fr.
1623 1193 1664 1218 43.
1684 1193 1706 1226 3.
1720 1194 1743 1219 3.
1765 1192 1796 1219 de
1816 1193 1875 1219 furt.
1889 1194 1929 1218 47.

1091 1239 1115 1263 2.
1152 1235 1188 1262 Vt
1206 1246 1254 1273 per
1272 1235 1388 1262 fraudem
1408 1236 1433 1261 in
1453 1245 1511 1261 eum
1530 1235 1658 1261 collocata
1677 1235 1746 1261 bona
1764 1237 1847 1272 patris
1871 1246 1930 1272 pro-

1090 1284 1150 1317 pter
1163 1279 1271 1305 tutelam
1287 1280 1403 1305 revocari
1415 1283 1542 1315 oporteat.
1563 1278 1593 1304 l'r.
1604 1280 1645 1304 (57.
1657 1288 1695 1315 pr.
1716 1278 1748 1304 de
1758 1278 1789 1304 R.
1802 1277 1832 1304 N.
1852 1280 1893 1304 23.
1905 1280 1928 1304 2.

1091 1324 1119 1349 Si
1139 1322 1216 1349 heres
1235 1330 1308 1348 m'eus
1328 1321 1408 1348 liliam
1427 1332 1500 1348 suam
1520 1320 1591 1347 Titio
1616 1322 1641 1347 in
1667 1322 1859 1347 matrimonium
1879 1321 1930 1347 col-

1091 1366 1224 1392 locaverit.
1254 1365 1311 1391 Gai.
1336 1365 1365 1391 11.
1390 1367 1449 1391 235,
1469 1365 1528 1390 238.
1558 1364 1618 1401 le.
1637 1363 1734 1390 XXIV.
1762 1366 1801 1390 17.
1825 1374 1864 1401 sq.
1902 1364 1930 1390 In

1091 1409 1283 1435 matrimonium
1303 1407 1432 1434 collocare
1452 1413 1477 1434 et
1501 1407 1600 1433 dotare.
1630 1407 1659 1434 sr.
1682 1409 1720 1434 19.
1746 1408 1777 1434 fr.
1795 1409 1838 1433 38.
1863 1407 1884 1441 3.
1904 1409 1928 1433 2.

1091 1452 1107 1479 l.
1128 1452 1144 1478 l.
1164 1454 1205 1478 23.
1226 1453 1250 1478 2.
1288 1451 1427 1488 Pnpillam.
1447 1450 1489 1477 vel
1509 1450 1622 1476 adultam
1642 1461 1723 1479 suam.
1743 1451 1793 1477 sibi
1813 1450 1855 1476 vel
1875 1449 1930 1476 lilio

1091 1505 1139 1522 suo
1159 1497 1184 1521 in
1204 1495 1404 1523 matrimonium.
1425 1504 1446 1520 s.
1467 1498 1584 1530 nuptum.
1605 1493 1744 1520 collocare.
1776 1494 1807 1520 fr.
1826 1495 1867 1520 59.
1895 1493 1929 1519 ib.

1090 1540 1131 1565 23.
1151 1540 1175 1564 2.
1203 1549 1223 1564 r.
1243 1540 1267 1563 4.
1288 1548 1309 1563 c.
1331 1539 1352 1563 7.
1379 1537 1410 1563 (le
1429 1536 1523 1563 interd.
1543 1538 1652 1563 matrim.
1677 1539 1701 1563 5.
1721 1539 1744 1563 6.
1777 1552 1809 1556 —--
1840 1536 1871 1569 ἓ.
1892 1537 1929 1562 3-

1091 1584 1243 1612 Credere,
1270 1582 1479 1607 Committere
1505 1582 1697 1611 (utendam).
1735 1579 1753 1606 Ι.
1774 1581 1835 1613 Sy.
1867 1578 1929 1605 Cre-

1090 1624 1152 1650 dere
1172 1624 1330 1661 (pecunias).
1351 1623 1380 1650 l'r.
1400 1625 1441 1649 33.
1462 1633 1501 1659 pr.
1521 1623 1542 1656 3.
1566 1624 1587 1649 l.
1608 1622 1640 1648 ‹le
1659 1633 1730 1649 usur.
1749 1625 1790 1648 22.
1813 1624 1834 1648 1.
1872 1621 1929 1647 Ido-

1089 1678 1135 1693 nea
1155 1667 1258 1693 nomina
1282 1667 1406 1692 invenire.
1449 1666 1521 1691 Bene
1545 1665 1638 1691 colloc.
1659 1667 1803 1702 pecuniam.
1836 1664 1866 1691 fr.
1888 1666 1927 1691 13.

1089 1711 1110 1744 3.
1132 1712 1153 1736 l.
1184 1710 1214 1736 l'r.
1235 1710 1275 1735 58.
1300 1709 1322 1742 3.
1341 1710 1365 1734 3
1391 1708 1423 1734 de
1442 1708 1507 1734 adm.
1536 1713 1559 1734 ct
1585 1718 1639 1744 per.
1664 1711 1705 1734 26.
1727 1711 1749 1734 7.
1790 1707 1832 1733 111.
1862 1708 1928 1734 Cn.

1088 1752 1192 1779 Nummi
1212 1751 1244 1777 ad
1263 1751 1332 1777 diem
1352 1752 1435 1777 exacti
1455 1762 1467 1776 a
1488 1751 1666 1781 debitoribus.
1692 1756 1721 1777 ut
1740 1751 1798 1777 aliis
1818 1751 1928 1776 nomini-

1089 1796 1137 1821 bus
1157 1794 1357 1821 collocarentur.
1385 1793 1415 1819 l'r.
1436 1795 1476 1819 sti.
1498 1793 1529 1820 (le
1549 1794 1622 1830 legat.
1643 1793 1685 1819 111.
1706 1795 1782 1827 (32.)
1812 1793 1842 1820 fr.
1863 1795 1885 1819 7.
1905 1793 1926 1826 3.

1089 1840 1127 1864 11.
1148 1837 1180 1863 de
1198 1836 1264 1862 adm.
1285 1841 1310 1862 et
1329 1846 1383 1873 per.
1403 1838 1444 1862 26.
1459 1837 1482 1862 7.
1520 1836 1548 1862 Si
1569 1838 1694 1873 pecuniae
1714 1837 1773 1873 quis
1793 1837 1927 1872 negotium

1087 1885 1171 1916 gerat.
1192 1895 1223 1898 —
1242 1880 1388 1916 periculum
1409 1889 1498 1905 eorum
1524 1881 1670 1908 nominum.
1698 1879 1794 1915 quibus
1815 1878 1927 1905 colloca-

1087 1925 1132 1953 vit.
1151 1923 1310 1959 adgnoscere
1330 1923 1471 1958 (cogetur).
1500 1921 1572 1948 Paul.
1592 1922 1611 1948 1.
1631 1924 1653 1948 4.
1674 1923 1695 1956 3
1710 1925 1734 1948 3.
1754 1922 1784 1948 11.
1806 1924 1845 1948 14.
1866 1923 1888 1956 3.
1902 1923 1925 1948 6.

1087 1966 1153 1992 Cum
1173 1970 1198 1991 te
1219 1970 1244 1990 et
1263 1964 1389 2001 collegam
1414 1969 1486 1990 tuum
1513 1981 1545 1984 —-
1569 1965 1703 2002 publicum
1727 1965 1820 1991 foenus
1847 1965 1927 1991 collo-

1086 2019 1159 2034 casse
1183 2018 1324 2045 proponas.
1354 2018 1374 2034 c.
1395 2009 1417 2033 4.
1444 2007 1505 2042 Quo
1533 2009 1618 2044 quisq.
1638 2007 1693 2034 ord.
1724 2010 1764 2034 11.
1783 2010 1825 2034 35.
1863 2007 1927 2034 Foe-

1085 2062 1133 2077 nus
1152 2052 1275 2081 sortium,
1295 2061 1359 2087 quas
1379 2050 1517 2077 defunctus
1537 2050 1685 2077 collocavit.
1718 2050 1747 2077 l'r.
1768 2052 1809 2077 24.
1830 2061 1868 2087 pr.
1892 2050 1924 2076 de

1086 2105 1134 2120 usu
1154 2099 1178 2120 et
1198 2093 1264 2119 usul'.
1289 2096 1330 2120 33.
1350 2096 1373 2120 2.
1412 2093 1526 2119 Curator
1550 2095 1731 2125 constituitur.
1756 2093 1825 2131 apud
1849 2104 1925 2130 quem

1086 2136 1181 2163 rel'ecta
1202 2138 1310 2173 pecunia
1331 2136 1483 2163 collocetur.
1505 2136 1535 2163 fr.
1560 2139 1580 2162 1.
1601 2137 1622 2170 3.
1644 2139 1684 2163 1⁰.
1705 2136 1738 2163 (lc
1756 2136 1843 2163 collat.
1863 2137 1924 2162 bon.

1063 2176 1064 2180 ¹
1085 2182 1125 2206 37.
1146 2181 1169 2205 6,
1200 2195 1231 2198 —
1260 2180 1290 2213 ᾖ.
1312 2181 1350 2206 4.
1381 2181 1558 2206 Lucumone
1576 2182 1790 2206 conductione
1809 2182 1842 2206 in
1861 2181 1924 2206 ali·

1086 2233 1171 2257 quem
1191 2224 1388 2258 transferre.
1426 2222 1445 2248 1.
1466 2223 1526 2256 Sy.
1555 2221 1662 2248 Locare.
1691 2222 1721 2248 fr.
1741 2224 1782 2248 51.
1803 2233 1841 2259 pr.
1863 2222 1885 2255 3.
1902 2223 1922 2247 l.

1086 2265 1161 2292 locat.
1188 2267 1227 2291 19.
1251 2267 1276 2291 2.
1317 2264 1366 2291 Th.
1391 2264 1421 2291 C.
1447 2265 1491 2291 IV.
1520 2267 1556 2291 12.
1587 2276 1607 2291 c.
1635 2267 1656 2291 l.
1686 2265 1718 2291 de
1742 2265 1859 2301 vectigal.
1891 2279 1922 2283 —-

1085 2310 1116 2342 ᾖ.
1141 2310 1178 2335 5.
1214 2309 1422 2342 Comparare.
1461 2307 1502 2333 111.
1530 2309 1595 2335 Gn.
1628 2308 1657 2334 Si
1681 2308 1744 2345 quId
1769 2308 1800 2333 ad
1827 2316 1921 2343 corpus

1086 2351 1300 2382 custodiemlmn,
1325 2367 1356 2370 —
1382 2350 1476 2376 sactum
1500 2351 1548 2382 sit.
1573 2350 1614 2377 vel
1639 2353 1660 2377 si
1686 2351 1748 2388 quid
1767 2352 1792 2376 in
1811 2359 1922 2375 marmor

1062 2400 1063 2411 ³
1086 2394 1127 2420 vel
1148 2399 1247 2420 vestem
1267 2393 1453 2419 collocandam.
1475 2393 1504 2419 l'r.
1526 2395 1564 2420 14.
1585 2395 1606 2428 3.
1626 2396 1649 2420 4.
1670 2394 1702 2420 (le
1721 2393 1790 2428 relig.
1814 2393 1851 2417 ll.
1873 2393 1895 2417 7.

1062 2436 1063 2451 ¹
1122 2437 1339 2464 Collocatio.
1377 2438 1530 2469 Locutio,
1552 2438 1762 2463 Constitnrio.
1792 2434 1833 2459 111.
1854 2435 1920 2461 Gn·

1084 2479 1200 2505 Delubra
1224 2495 1255 2498 —
1281 2479 1395 2510 destrui.
1421 2479 1646 2516 collocationeque
1669 2476 1830 2505 venerandae
1854 2477 1919 2503 chri-

1084 2523 1184 2548 stianae
1204 2521 1338 2557 religionis
1358 2523 1425 2558 signi
1445 2524 1552 2559 expiari.
1582 2522 1630 2548 Th.
1648 2519 1761 2547 C.X)1.
1783 2522 1821 2546 lt).
1842 2530 1862 2546 c.
1877 2523 1918 2546 25.

1084 2565 1116 2591 (le
1135 2575 1225 2601 pagan.
1254 2564 1316 2590 Sola
1335 2566 1481 2601 possessio.
1502 2566 1558 2591 sine
1577 2564 1638 2590 laris
1658 2563 1853 2589 constitutione.
1881 2563 1917 2589 lb.

1060 2603 1062 2644 ff
1083 2607 1138 2634 XII.
1160 2609 1182 2633 1.
1203 2618 1223 2633 c.
1243 2609 1284 2634 52.
1305 2607 1337 2633 de
1358 2607 1492 2634 decurion.

1119 2651 1301 2684 Golloqui.
1342 2652 1455 2677 Verbis
1481 2656 1629 2676 trau-rare
1654 2651 1851 2684 (denegatio
1871 2652 1917 2675 in-

1060 2695 1061 2707 *
1083 2696 1207 2723 eundo).
1245 2693 1286 2720 Ill.
1303 2695 1368 2721 011.
1389 2694 1441 2728 Qui
1461 2703 1508 2718 nec
1527 2691 1684 2728 paciscendi,
1704 2701 1736 2717 ne
1750 2691 1917 2728 colloquendi

1084 2736 1127 2770 [al.
1148 2736 1301 2772 eloquendi]
1321 2736 1354 2762 de
1367 2736 1469 2772 negotio
1483 2734 1654 2760 substantiam
1667 2734 1765 2760 habuit.
1795 2734 1915 2762 Consult.

1083 2784 1133 2805 vet.
1154 2778 1232 2806 [Cli.
1253 2790 1273 2805 c.
1294 2781 1317 2805 9.

1119 2822 1365 2855 Colloquium.

1411 2822 1593 2847 Tractatio.
1636 2820 1653 2846 1.
1678 2822 1738 2855 Sy.
1767 2820 1914 2847 Convenim-
