2197 3121
258 186 320 217 662

259 268 288 295 fr.
311 269 332 294 Ι.
352 277 391 305 pr.
416 276 464 303 pro
489 264 575 291 donat.
600 265 641 289 41.
662 264 686 289 6.
729 262 782 297 Qui
806 264 992 287 testamentum
1016 258 1101 285 facere

259 313 381 349 opinatus
402 314 449 336 est.
470 318 517 334 nec
536 306 619 332 voluit
635 305 709 342 quasi
726 303 864 331 codicillos
877 303 903 330 id
917 302 1012 329 valere.
1033 302 1063 328 fr.
1079 303 1101 328 1.
1124 303 1127 319 =¹

260 354 292 381 de
316 355 371 380 iure
395 351 478 378 codic.
501 352 542 376 29.
569 351 591 375 7.
635 347 769 375 Interdum
798 352 883 373 tamen
909 347 976 372 iusta
1000 346 1102 372 ratione

260 402 347 435 potest
367 395 477 432 opinari,
498 403 557 419 esse
576 397 625 418 etc.
646 391 675 418 fr.
692 392 731 417 ll.
751 390 773 424 §.
786 392 810 416 3.
831 390 863 416 de
882 391 971 416 interr.
992 389 1018 415 iu
1038 389 1101 414 iure.
1125 388 1126 395 ¹

263 442 301 466 11.
324 441 345 465 1.

295 481 491 515 Opinator.
512 477 567 512 (Cf.
586 487 611 504 v.
633 476 738 514 Optio.)
775 478 923 503 Exactor
941 475 1104 501 militaris
1125 478 1126 487 ¹

260 534 411 552 annonae.
449 521 491 548 ΙΙΙ.
506 522 572 549 Cn.
592 520 762 557 OpinatoreS,
783 519 879 556 quibus
898 518 1002 556 species
1021 518 1048 544 iu
1068 516 1104 543 di·
1126 524 1127 537 ¹

260 568 345 595 versis
369 565 514 603 provinciis
539 563 698 599 delegantur.
728 562 777 589 Th.
801 562 831 588 C.
851 561 907 588 Vll.
932 563 955 588 5.
980 571 1001 587 c.
1023 563 1045 587 1.
1071 559 1104 586 de
1125 565 1127 574 ⁴

259 615 358 637 excoct.
379 613 404 635 et
423 606 515 634 transl.
535 606 566 633 cf.
585 606 640 632 Vll.
655 607 679 632 4.
700 616 721 631 c.
735 607 776 631 26.
797 604 829 630 de
849 614 918 640 erog.
939 603 993 630 mil.
1007 613 1102 630 annon.
1125 608 1127 643 j

258 653 303 680 Xl.
324 654 346 679 7.
374 662 395 678 c.
416 652 456 677 16.
481 650 513 677 de
539 650 668 676 exaction.

259 702 302 722 aut
322 694 462 732 opinaturi,
481 692 622 720 Africanus
637 701 778 729 possessor
791 691 908 717 mittatur
928 691 953 717 in
972 690 1103 727 praedam.

259 739 296 766 lb.
316 738 360 765 XI.
383 739 404 764 l.
425 747 446 763 c.
465 737 506 762 34.
532 735 564 762 de
587 745 681 762 annon.
702 739 727 761 et
746 734 837 760 tribut.
875 733 916 760 De
936 734 1042 760 aerariis
1062 743 1104 759 an-

259 783 336 808 nonis
365 779 483 816 singulos
510 778 611 805 solidos
640 788 688 815 per
716 778 868 815 opinatores
893 792 924 796 —
950 777 1008 803 sine
1032 786 1103 803 mora
1124 767 1126 819 l

260 824 388 862 praeberi.
409 822 445 849 lb.
467 821 522 848 VII.
543 824 566 847 4.
588 831 608 848 c.
628 823 670 847 34.

294 866 443 901 opinio.
481 865 512 898 §.
533 866 567 891 l.
593 865 830 894 Existimatio,
851 863 1036 889 Persuasio.
1074 860 1104 888 II.
1126 862 1127 899 ¹

714 647 855 684 Nunquam
874 662 907 666 —
933 647 1103 685 compulsori,
1125 678 1127 692 ι

1016 176 1089 208 OPI
1105 194 1142 200 —-

1157 176 1257 207 ΟΡΟ.

1124 283 1125 287 ,
1148 263 1174 285 et
1193 263 1249 284 acta
1269 268 1327 284 cum
1346 258 1506 285 refutatoriis
1526 260 1639 296 partium
1658 259 1767 296 suisque
1786 259 1882 286 litteris
1896 259 1928 286 ad
1942 269 1991 285 nos

1148 301 1250 337 dirigat.
1270 301 1305 327 lb.
1327 311 1348 327 c.
1370 303 1409 328 16.
1430 302 1461 328 cf.
1483 313 1503 328 c.
1525 304 1565 328 l-l.
1586 302 1601 328 l.
1622 302 1638 328 l.
1676 303 1833 339 Opiniones,
1853 302 1895 329 vel
1915 304 1992 329 etiam

1125 355 1126 376 g
1148 343 1289 370 relationes
1309 343 1432 370 iudicum.
1460 344 1497 371 Ib.
1518 355 1539 372 c.
1559 347 1582 372 9.
1604 345 1619 371 l.
1640 344 1656 371 l.
1679 362 1707 365 —
1729 346 1761 379 §.
1777 347 1815 372 6.
1836 347 1992 373 Formula

1148 390 1342 414 taxationis.
1387 388 1568 422 Descripta
1597 390 1765 415 censualis
1792 390 1991 422 praestatio.

1148 430 1191 457 111.
1206 432 1272 459 Gn.
1292 430 1443 457 Secundum
1463 432 1516 467 agri
1535 432 1695 468 opinionem,
1710 441 1776 468 quae
1793 432 1937 468 antiquitus
1950 430 1993 457 ha-

1148 473 1225 500 betur
1239 473 1378 510 adscripta,
1394 472 1566 506 (functionem
1580 474 1738 511 suscipere.)
1758 474 1794 501 lb.
1808 474 1878 501 XIII.
1891 475 1915 500 6.
1936 484 1957 500 c.
1967 474 1992 500 8.

1149 516 1181 543 de.
1208 516 1296 554 praed.
1324 516 1436 542 navicul.
1478 516 1589 553 Species
1613 518 1781 549 annonarias,
1807 518 1993 544 cursitationes

1149 560 1225 586 etiam
1249 559 1367 591 debitas,
1391 564 1470 596 atque
1495 560 1619 595 integram
1641 561 1792 597 opinionem
1813 560 1915 593 (sciant
1934 568 1993 586 esse

1147 602 1322 632 solvendam.)
1343 613 1363 629 c.
1382 605 1406 629 3.
1428 602 1461 629 de
1480 602 1540 629 coll.
1562 602 1634 629 fund.
1654 604 1711 630 tisc.
1734 605 1773 630 11.
1795 605 1835 629 73.

1182 646 1493 680 Opistogrnphus.
1522 645 1650 679 (Adiffl-t.)
1679 648 1715 673 Ιιι
1735 652 1827 681 tergo
1846 647 1992 679 scripta-

1148 699 1215 716 ram
1244 691 1405 716 exhibens.
1449 688 1492 715 ΙΙΙ.
1514 690 1580 716 Gn.
1609 688 1722 715 Chartae
1746 688 1888 726 adpellatio
1912 693 1938 715 et
1961 687 1994 714 ad

1149 742 1242 758 novam
1262 731 1376 758 chartam
1396 731 1521 763 refertur,
1546 737 1572 758 et
1595 731 1626 758 ad
1651 732 1812 764 deleticiam;
1835 731 1948 769 proinde
1968 736 1994 757 et:

1149 776 1171 801 si
1191 776 1217 801 in
1237 775 1425 812 opistographo
1446 776 1505 812 quis
1524 779 1636 802 testatus
1656 776 1691 802 sit
1710 780 1759 802 etc.
1779 775 1810 802 sr.
1824 777 1848 802 4.
1869 775 1901 802 de
1920 775 1950 801 B.
1963 773 1992 801 P.

1126 841 1127 850 ,
1149 828 1169 844 s.
1192 822 1208 844 t.
1228 819 1270 844 37.
1293 820 1332 844 11.

1184 861 1386 894 Opitulari.
1405 862 1585 893 AAiuvare,
1607 864 1770 888 Prodesse.
1798 861 1817 888 1.
1829 863 1891 896 Sy.
1906 860 1993 898 Opem

261 912 328 945 Op.
350 909 464 941 Veritas,
485 907 646 934 Substantia.
667 906 696 933 fr.
718 908 757 932 15.
779 905 810 932 de
829 906 862 932 A.
881 915 905 932 v.
926 905 959 931 0.
976 904 1006 931 11.
1025 906 1067 931 29.
1079 906 1103 930 2.
1150 904 1226 933 ferre,
1246 903 1402 930 Subvenire.
1423 903 1453 931 fr.
1472 906 1497 929 2.
1517 904 1556 937 ξς.
1578 906 1599 930 1.
1619 914 1678 940 sqq.
1699 903 1730 930 ad
1750 903 1817 931 S.C.
1837 904 1993 931 Vell.16.l.

260 954 290 980 sr.
307 956 330 979 2.
344 962 384 990 pr.
406 952 427 985 ξ.
441 954 465 977 2.
486 960 534 988 pro
555 952 669 976 emt.41.
689 952 713 976 4.
751 948 873 976 111ίή.
894 947 993 985 Opinio
1014 952 1104 974 nostra
1126 979 1127 984 1
1149 947 1192 974 111.
1219 949 1284 975 Cn.
1310 946 1525 973 Periclitantibus
1549 948 1613 984 opit.
1639 948 1668 974 fr.
1693 949 1718 974 3.
1743 947 1765 981 ξ.
1785 948 1809 974 8.
1834 947 1866 974 de
1890 946 1992 974 iucend.

261 1001 287 1023 et
308 995 470 1022 constitutio.
497 993 528 1020 fr.
548 994 589 1019 60.
616 1003 655 1030 pr.
680 992 712 1019 de
732 991 764 1018 V.
785 990 811 1017 S.
832 993 873 1017 50.
896 993 935 1018 16.
972 990 1106 1028 Opinaha—
1126 1006 1128 1029 Α
1150 991 1231 1017 ruina.
1251 992 1293 1017 47.
1313 992 1337 1016 9.
1373 989 1512 1026 Rescripta
1533 1006 1564 1010 —
1589 991 1620 1016 iis
1646 995 1746 1016 tantum
1771 991 1884 1026 negotiis
1909 990 1993 1026 opitu-

260 1045 310 1066 tur.
331 1053 363 1058 —-
383 1037 494 1064 Mutavit
512 1037 672 1073 opinionem,
692 1040 718 1062 et
737 1035 825 1071 coepit
844 1039 936 1072 putare
951 1039 999 1060 etc.
1020 1033 1049 1060 sr.
1066 1035 1104 1059 ll.
1126 1034 1128 1058 ἴ
1151 1033 1246 1065 lentur,
1266 1032 1362 1069 quihus
1382 1032 1464 1058 effusa
1484 1032 1656 1059 docebuntur.
1677 1032 1726 1059 Th.
1748 1033 1778 1060 C.
1798 1033 1816 1059 1.
1835 1035 1860 1060 2.
1881 1043 1902 1059 c.
1917 1034 1941 1059 9.
1962 1032 1994 1059 de

260 1083 282 1116 ς’.
303 1084 325 1107 5.
347 1080 379 1107 de
398 1090 454 1106 exc.
475 1081 513 1106 rei
532 1079 585 1106 iud.
605 1080 646 1105 4-1.
665 1080 690 1105 2.
713 1077 770 1104 Gai.
790 1076 834 1104 IV.
858 1078 913 1104 178.
950 1077 1052 1103 Incerta
1072 1093 1102 1096 —
1127 1075 1128 1088 ¹
1150 1077 1202 1103 div.
1222 1086 1303 1102 rescr.
1341 1075 1446 1111 Quibus
1466 1074 1532 1111 legis
1551 1080 1670 1102 vetustae
1691 1092 1720 1095 —
1743 1076 1889 1113 opitulatur
1907 1081 1994 1103 aucto-

259 1134 390 1162 persona‚
418 1133 494 1159 quam
514 1133 561 1160 per
580 1123 705 1148 incertam
725 1121 876 1158 opinionem
896 1121 981 1146 animo
1001 1130 1049 1146 suo
1070 1124 1105 1145 te·
1126 1121 1129 1160 ἶ
1150 1121 1221 1146 ritas.
1242 1118 1279 1145 lb.
1294 1118 1350 1145 XII.
1369 1120 1391 1144 1.
1412 1128 1433 1144 e.
1449 1120 1505 1144 100.
1525 1118 1558 1144 de
1577 1118 1712 1144 decurion.
1750 1120 1778 1145 Si
1798 1119 1994 1146 adsertionibus

260 1172 344 1194 stator
363 1166 478 1192 subiicit.
505 1165 542 1191 lb.
562 1164 592 1191 II.
613 1166 672 1190 238.
693 1162 724 1190 cs.
751 1174 770 1190 c.
791 1165 814 1189 4.
839 1162 872 1189 de
891 1162 980 1189 hered.
1000 1163 1060 1188 inst.
1081 1162 1104 1188 6.
1149 1164 1205 1190 veri
1225 1162 1291 1189 fides
1311 1162 1391 1188 suerit
1409 1160 1546 1198 opitulata,
1566 1177 1598 1180 —
1618 1166 1804 1198 consequetur.
1829 1161 1867 1189 lb.
1886 1162 1932 1189 IX.
1951 1164 1993 1189 34.

259 1213 300 1237 24.
327 1210 402 1236 Licet
414 1210 483 1235 iuste
502 1207 664 1246 possideant,
684 1217 737 1233 non
757 1211 842 1232 tamen
862 1207 986 1243 opinione
1006 1205 1106 1232 domini
1151 1217 1171 1233 c.
1193 1208 1216 1232 7.
1237 1205 1270 1232 de
1290 1204 1380 1231 samos.
1400 1203 1482 1230 libell.

259 1253 406 1292 possident.
427 1252 459 1278 fr.
479 1253 521 1277 22.
542 1251 563 1284 ξ.
586 1252 608 1276 1.
628 1249 660 1276 de
680 1259 738 1276 nox.
761 1254 808 1275 act.
823 1251 846 1275 9.
861 1252 929 1275 4.-
950 1250 981 1282 §0
993 1249 1028 1275 ἓ.
1050 1250 1105 1275 .›1e-
1127 1262 1128 1286 3
1185 1248 1406 1282 Opitulnfio-
1446 1249 1664 1273 Adiutorium.
1705 1247 1748 1274 111.
1768 1249 1834 1275 Cn.
1858 1247 1995 1275 Auxilium

259 1298 412 1324 stimatio
434 1296 586 1329 publica,
607 1294 714 1320 Fama.
752 1292 771 1318 1.
791 1293 853 1326 Sy.
872 1292 1038 1318 Aestimatio.
1059 1290 1102 1317 Cf.
1127 1294 1128 1326 l
1150 1293 1188 1319 eis
1208 1291 1317 1318 Praetor
1336 1290 1386 1317 hoc
1405 1289 1492 1316 edicto
1511 1289 1647 1326 pollicitus
1671 1295 1725 1322 est,
1755 1296 1779 1317 et
1803 1290 1931 1318 adversus
1956 1302 1995 1318 ca—

259 1340 284 1366 h.
302 1350 325 1366 v.
346 1340 367 1373 ξ,
387 1340 411 1364 3.
441 1337 526 1364 Fama.
548 1336 589 1363 Cf.
609 1335 634 1362 h.
654 1345 678 1361 v.
699 1336 720 1369 ξ,
739 1337 764 1361 2.
801 1334 924 1362 Ill.011.
942 1334 971 1360 1n
991 1344 1104 1371 persona
1127 1338 1128 1346 ¹
1150 1336 1256 1373 ptiones
1275 1333 1482 1371 opitulationem.
1503 1332 1534 1360 fr.
1556 1334 1578 1359 l.
1598 1342 1638 1369 pr.
1658 1332 1690 1359 de
1709 1334 1801 1360 minor.
1821 1336 1844 1360 4.
1864 1336 1888 1361 4.
1916 1333 1994 1371 Legis

260 1384 316 1409 eius
336 1398 367 1402 —
388 1381 451 1408 haec
471 1385 547 1406 erunt
567 1378 721 1416 specienda,
744 1379 768 1404 in
790 1378 886 1414 quibus
905 1379 959 1404 siut
978 1377 1106 1405 facultati·
1127 1384 1129 1399 f
1150 1380 1234 1405 vicem
1253 1377 1382 1408 obtinere,
1401 1377 1560 1412 minimeque
1580 1375 1753 1412 opitulatione
1772 1376 1882 1413 quadam
1899 1379 1996 1404 extrin-

260 1426 324 1455 bus.
350 1425 424 1451 cuius
444 1423 589 1461 propositi,
615 1423 689 1448 cuius
709 1422 850 1459 opinionis.
875 1420 905 1447 sr.
926 1424 950 1447 8.
969 1421 991 1455 ξ.
1013 1422 1052 1448 ll.
1073 1419 1105 1447 de
1127 1444 1128 1462 χ
1150 1431 1228 1448 secus
1248 1430 1330 1457 egere.
1354 1429 1376 1446 c.
1395 1421 1436 1445 26.
1457 1418 1489 1445 de
1509 1418 1596 1445 donat.
1617 1419 1662 1445 int.
1683 1418 1714 1446 V.
1735 1421 1758 1446 5.
1781 1421 1820 1447 16.
1857 1419 1937 1447 <Nullo
1957 1430 1995 1447 re-

260 1472 383 1495 transact.
402 1469 426 1493 2.
448 1468 487 1492 15.
526 1465 663 1502 Optimae.
688 1475 708 1491 s.
730 1464 858 1491 Probatae
883 1468 961 1501 atque
980 1465 1104 1499 integrae,
1127 1467 1129 1498 ¹.
1150 1466 1266 1502 scripto,
1295 1462 1367 1490 nulla
1391 1461 1565 1499 opitulatione
1583 1463 1671 1499 potiri.
1701 1461 1748 1488 Iul.
1768 1473 1809 1499 ep.
1830 1473 1891 1490 nov.
1911 1474 1933 1490 c.
1951 1465 1993 1490 35.

260 1511 393 1548 opinionis
413 1509 496 1542 (viri.)
516 1508 547 1535 fr.
562 1510 584 1534 7.
599 1513 701 1534 testam.
717 1507 836 1544 quemad.
851 1517 920 1544 aper.
932 1508 975 1533 29.
985 1508 1009 1533 3.
1031 1517 1052 1533 c.
1066 1508 1104 1532 18.
1127 1522 1128 1543 ἶ
1150 1509 1173 1542 ς’,
1194 1509 1251 1534 130.
1272 1506 1313 1533 Cf.
1334 1516 1355 1532 c.
1377 1508 1416 1532 12.
1437 1504 1470 1531 de
1490 1515 1561 1531 exce.
1582 1510 1608 1530 et
1627 1515 1741 1542 praescr.
1761 1509 1784 1532 8.
1803 1507 1845 1532 36,

261 1554 293 1580 de
312 1553 401 1579 testib.
420 1555 444 1578 4.
464 1553 505 1578 20.
526 1562 547 1578 c.
570 1553 609 1577 ll.
629 1551 682 1586 Qu.
702 1551 798 1588 potior.
817 1552 841 1577 8.
862 1553 903 1577 18.
939 1550 1105 1581 Interest,—
1127 1571 1129 1581 .
1185 1550 1355 1584 Oportet.
1382 1549 1412 1582 §.
1427 1550 1461 1575 l·
1482 1549 1615 1575 Necesse
1633 1554 1694 1579 est,
1716 1549 1861 1575 Constat.
1899 1548 1917 1575 1.
1932 1550 1995 1584 Sy.

261 1597 410 1634 opinionem
435 1595 642 1630 uniuscuiusque
664 1604 677 1620 a
697 1594 767 1630 turpi
787 1594 908 1620 carminis
928 1592 1032 1619 infamia
1051 1593 1107 1618 vin-
1128 1590 1129 1634 ]
1150 1594 1245 1621 Debet.
1266 1592 1308 1619 Cf.
1328 1602 1352 1618 v.
1372 1591 1486 1618 Debere.
1506 1591 1528 1625 ᾗ,
1547 1593 1572 1617 2.
1593 1590 1712 1617 Constat.
1736 1590 1765 1617 sr.
1783 1593 1843 1618 225.
1864 1591 1896 1618 de
1916 1591 1947 1618 Y.
1967 1593 1994 1619 S,

260 1639 355 1666 dicare.
375 1637 447 1664 Paul.
468 1636 499 1664 V.
520 1639 543 1663 4.
564 1637 586 1670 §.
609 1638 649 1663 15.
687 1636 762 1671 Quae
781 1638 831 1669 (sc.
847 1636 980 1672 exceptio)
1001 1636 1105 1672 patroni
1128 1639 1129 1643 ¹
1151 1640 1192 1663 50.
1215 1637 1253 1662 16.
1292 1634 1334 1661 ΙΙΙ.
1351 1636 1418 1662 Cn.
1439 1634 1581 1671 Oportere,
1602 1639 1627 1659 et
1647 1643 1735 1670 posse.
1761 1633 1791 1661 fr.
1812 1635 1834 1660 1.
1855 1635 1877 1668 ξ.
1897 1637 1921 1661 6.
1942 1636 1994 1670 Qu.

259 1683 411 1720 parentisve
430 1681 582 1718 opinionem
601 1679 670 1716 apud
690 1678 775 1705 bonos
794 1688 881 1705 mores
901 1678 1015 1714 sugillet.
1036 1678 1067 1704 l'r.
1081 1680 1105 1703 4.
1127 1660 1130 1697 ¹
1151 1678 1300 1717 appellanti.
1314 1679 1355 1703 49.
1375 1680 1398 1703 4.
1430 1676 1529 1708 Potest,
1550 1677 1620 1713 atqui
1641 1686 1692 1703 uon
1713 1681 1825 1714 oportet.
1846 1677 1875 1704 t'r.
1898 1680 1936 1704 15.
1956 1688 1994 1715 pr.

259 1726 281 1760 ς’.
304 1727 343 1751 16.
368 1723 400 1750 de
424 1723 448 1749 d.
468 1733 501 1749 m.
522 1732 578 1749 exc.
598 1723 639 1748 44.
660 1723 683 1748 4.
710 1732 731 1748 c.
754 1722 792 1748 13.
818 1732 850 1748 ex
870 1732 912 1758 qu.
934 1732 955 1748 c.
975 1720 1062 1747 insam.
1081 1722 1106 1746 2.
1128 1732 1130 1753 ¹.
1151 1723 1183 1749 ad
1201 1722 1232 1748 L.
1252 1720 1298 1747 Iul.
1319 1720 1352 1746 de
1372 1719 1452 1746 adult.
1472 1722 1512 1745 48.
1533 1722 1556 1746 5.
1594 1720 1628 1746 Et
1648 1724 1767 1756 oportet,
1795 1725 1819 1746 et
1839 1720 1909 1747 lieet.
1929 1731 1950 1748 e.
1972 1723 1994 1747 1.

262 1770 302 1795 12.
339 1767 407 1794 Suus
427 1766 542 1797 militias,
562 1775 688 1801 suamque
707 1765 858 1801 opinionem
879 1765 1006 1795 amittant,
1022 1779 1054 1783 —
1075 1774 1106 1789 ex
1128 1758 1129 1804 ¹
1152 1766 1185 1793 de
1198 1765 1251 1792 LL.
1268 1766 1290 1791 1.
1312 1766 1351 1790 14.
1389 1763 1423 1789 Et
1442 1767 1574 1799 oportere,
1595 1767 1619 1788 et
1640 1762 1772 1800 expedire.
1794 1762 1823 1789 fr.
1846 1765 1883 1790 18.
1904 1774 1942 1801 pr.
1963 1763 1996 1791 de

261 1811 391 1838 decoratis
412 1809 520 1836 infames
541 1809 687 1835 constituti.
714 1818 734 1833 c.
754 1809 796 1834 35.
817 1807 849 1833 dc
869 1807 946 1834 locat.
965 1810 991 1833 4.
1012 1808 1053 1833 65.
1074 1822 1105 1826 ——
1128 1821 1130 1845 κ’,
1151 1810 1228 1835 iniur.
1248 1809 1290 1834 47.
1312 1808 1350 1832 10.
1388 1805 1425 1832 Vt
1445 1810 1563 1842 oportet.
1584 1808 1664 1838 (esse.
1686 1806 1797 1838 bibere.)
1818 1805 1848 1832 fr.
1870 1808 1909 1833 11.
1929 1807 1950 1840 ξ.
1970 1810 1994 1834 4.

262 1855 292 1887 §0
317 1855 354 1880 3.
380 1854 515 1880 Carmen
535 1854 618 1884 eins,
638 1854 721 1886 quod
738 1853 893 1885 singulus
914 1852 934 1877 1.
944 1852 1037 1882 ctus,
1062 1852 1106 1876 ci·
1128 1883 1130 1889 Ι
1152 1851 1184 1878 de
1197 1851 1229 1878 A.
1243 1851 1272 1877 E.
1288 1849 1319 1876 V.
1334 1851 1372 1876 19.
1390 1851 1410 1875 l.
1449 1848 1478 1875 Si
1498 1859 1550 1874 nou
1570 1850 1614 1879 ita„
1635 1854 1662 1875 ut
1682 1850 1807 1886 oportuit,
1827 1849 1995 1880 (distractum

262 1904 312 1923 tra
339 1897 521 1931 generalem
551 1897 717 1921 adsensum
746 1895 833 1920 iaris
861 1900 1044 1925 auctorum,
1073 1895 1107 1919 de
1128 1895 1130 1909 ¹
1152 1895 1214 1927 etc.)
1235 1892 1306 1920 Paul.
1327 1892 1345 1918 1.
1365 1894 1389 1918 9.
1410 1893 1431 1926 ξ.
1451 1895 1475 1918 8.
1496 1891 1527 1918 cs.
1548 1891 1589 1918 llI.
1609 1894 1632 1918 5.
1653 1893 1674 1925 ς’.
1696 1893 1736 1918 17.
1756 1891 1785 1918 L.
1806 1891 1874 1918 Gall.
1894 1892 1993 1929 Cisalp.

263 1940 452 1974 quaestione
480 1939 593 1972 aliqua
623 1939 829 1964 statuendam
857 1946 922 1963 esse
945 1938 1049 1963 duxit.
1087 1935 1130 1975 1.s

263 1984 325 2017 Sy.
346 1980 490 2007 Sententia.
512 1979 569 2006 Gai.
589 1979 631 2006 111.
653 1981 710 2007 184.
730 1979 814 2006 vatic.
835 1980 872 2013 ἕξ.
893 1981 934 2006 77.
955 1981 994 2006 79.
1015 1979 1045 2006 fr.
1068 1980 1106 2005 17.

264 2035 302 2062 pr.
323 2024 355 2051 de
375 2025 431 2050 iure
450 2027 553 2059 patron.
569 2024 609 2048 37.
627 2023 664 2048 14.
693 2022 736 2048 Ill.
751 2024 816 2050 (711.
836 2022 989 2048 Sententiae
1008 2027 1034 2048 et
1053 2023 1108 2059 opi-

263 2069 355 2094 niones
376 2075 473 2096 eorum,
494 2065 589 2101 quihus
606 2066 763 2101 permissum
778 2071 818 2091 est
838 2067 892 2092 iura
908 2065 1028 2091 condere.
1049 2065 1105 2091 Gai.

265 2111 280 2137 1.
302 2112 324 2136 7.
353 2107 495 2145 Theophili
516 2107 637 2144 paraphr.
657 2109 717 2134 inst.
733 2108 750 2134 1.
764 2111 787 2134 2.
809 2109 829 2142 ς.
844 2112 867 2134 8.
897 2108 1028 2135 Cri-brior—
1038 2108 1107 2145 apud
1129 2108 1130 2113 ¹

264 2158 367 2179 veteres
387 2151 476 2188 opinio
497 2155 544 2176 est.
566 2150 595 2176 l'r.
612 2152 633 2176 1.
649 2160 687 2187 pr.
708 2150 740 2176 de
760 2151 803 2176 oss'.
824 2151 933 2186 Quaest.
948 2153 969 2177 l.
983 2153 1022 2178 13.
1042 2151 1107 2177 Post

265 2197 349 2222 varias
363 2193 530 2231 prudentium
549 2194 687 2230 opiniones
702 2193 834 2230 (placuit.)
855 2204 875 2219 c.
888 2196 912 2220 4.
927 2194 959 2220 de
973 2193 1106 2220 collation.

265 2240 288 2265 6.
313 2240 354 2264 20.
393 2236 543 2263 Secundum
568 2236 730 2272 quorundam
755 2237 913 2273 opinionem.
943 2237 999 2262 (iai.
1020 2236 1063 2263 lv.
1083 2238 1106 2263 8.
1129 2256 1131 2274 ι

266 2282 296 2307 el'.
318 2280 347 2306 ll.
366 2282 426 2305 222.
446 2290 485 2316 sq.
524 2279 591 2306 Vera
611 2284 651 2305 est
671 2289 760 2305 eorum
780 2280 879 2315 opinio,
899 2280 943 2315 qui
959 2295 990 2298 —
1007 2284 1106 2316 putant.

267 2324 295 2350 l'r.
316 2325 357 2349 32.
378 2322 400 2355 ς.
424 2324 444 2348 1.
465 2322 495 2347 ad
516 2322 582 2348 S.C.
603 2321 670 2348 Vult.
694 2323 732 2348 16.
754 2324 776 2347 1.
797 2322 828 2348 et'.
850 2322 906 2348 Gai.
928 2321 969 2348 111.
988 2323 1044 2348 140.
1074 2322 1108 2348 Et
1130 2331 1131 2337 ¹

268 2378 323 2393 mea
345 2366 394 2392 l'ert
414 2365 512 2402 opinio.
541 2365 568 2391 l'r.
588 2367 629 2391 32.
655 2365 677 2399 ξ.
700 2367 738 2391 14.
763 2364 795 2391 de
819 2364 879 2391 don.
904 2366 950 2391 int.
971 2363 1002 2390 V.
1021 2366 1063 2391 24.
1085 2367 1107 2391 l.
1130 2386 1131 2391 .

267 2410 296 2436 fr.
318 2411 340 2435 7.
365 2409 386 2442 ξ.
406 2409 430 2434 3.
455 2407 488 2434 de
512 2407 564 2434 reb.
589 2418 640 2434 eor.
666 2418 708 2444 qu.
735 2418 756 2434 s.
776 2412 822 2434 tut.
842 2409 884 2433 27.
903 2408 927 2434 9.
957 2423 987 2428 -—
1017 2408 1047 2440 ξ.
1069 2409 1107 2434 -Ι-
1130 2425 1131 2431 ι

268 2453 463 2482 Doctrinae,
490 2452 655 2487 velfidei,
677 2457 893 2485 praeceptum.
932 2449 949 2476 l.
973 2451 1035 2484 Sy.
1061 2450 1108 2476 Su-

268 2495 397 2532 perstitio.
435 2494 534 2530 Opinio
554 2494 665 2530 (prava.)
686 2493 734 2519 Th,
756 2493 787 2520 C.
805 2493 876 2520 XVI.
896 2495 919 2519 5.
940 2504 960 2519 c.
980 2495 1004 2519 5.
1025 2503 1046 2519 c.
1066 2495 1107 2519 41.

267 2537 299 2564 de
321 2538 416 2563 haeret.
438 2552 468 2555 —
493 2536 524 2569 ᾖ.
543 2537 579 2562 5.
606 2537 749 2562 Libellus
775 2538 952 2563 relationis
972 2538 1108 2567 iudicis,

268 2583 346 2617 (post
373 2580 528 2605 seutentiam
552 2577 740 2615 promulgatam
765 2579 942 2613 oll'erendus.)
978 2578 1021 2605 111.
1043 2580 1108 2606 (Ἢ.

270 2622 407 2648 Praesides
427 2621 505 2648 Prov.
527 2637 555 2640 —
578 2621 692 2657 l'rincipi
713 2621 841 2653 scribere,
862 2623 940 2648 missa
960 2621 1036 2659 plena
1056 2623 1110 2658 opi-

271 2666 355 2691 nione.
377 2670 404 2690 ut
423 2663 550 2701 Princeps
570 2665 689 2690 aestimet
709 2669 756 2690 etc.
782 2663 811 2689 sr.
834 2666 856 2690 6.
877 2665 898 2697 ξ.
922 2667 943 2691 l.
965 2666 996 2691 de
1016 2663 1108 2691 interd.

270 2712 295 2732 et
315 2707 391 2741 reli-g.
412 2709 452 2733 118.
472 2710 513 2733 22.
534 2707 563 2733 fr.
584 2708 607 2732 6.
628 2706 660 2732 de
680 2717 739 2744 app.
760 2707 839 2743 reeip.
860 2709 900 2733 49.
921 2710 944 2734 5.
983 2707 1034 2734 Cui
1055 2708 1109 2744 opi-

271 2750 355 2776 nionis
376 2749 523 2786 exemplum
543 2754 662 2783 negatum
683 2754 732 2781 ost,
752 2749 793 2775 vel
814 2750 995 2776 insutu-tionis
1010 2751 1111 2777 univer·
1132 2746 1133 2778 }

271 2802 314 2818 sae
334 2801 476 2828 suppressa
497 2793 670 2818 transmissio.
691 2791 740 2818 Th.
756 2792 786 2819 C.
801 2791 844 2818 XI.
858 2794 899 2818 30.
920 2802 940 2818 c.
955 2794 978 2818 6.
1000 2792 1032 2818 de
1052 2802 1110 2829 app.

271 2840 295 2861 (Ἰ
309 2844 385 2872 poen.
406 2834 558 2870 Appellanti
573 2834 650 2862 iudex
665 2835 786 2872 praebeat
803 2835 935 2872 opinionis
956 2834 1113 2871 exemplum.

1133 2809 1134 2816 .
1156 2791 1186 2818 sr.
1205 2794 1229 2817 2.
1255 2792 1306 2825 Qu.
1332 2791 1417 2827 quisq.
1443 2792 1490 2817 iur.
1514 2792 1537 2816 2.
1562 2792 1586 2816 2,

1134 2836 1135 2848 ¹
1157 2843 1232 2871 quam
1252 2838 1364 2870 oportet.
1384 2833 1537 2860 vendiderit.
1564 2832 1592 2858 fr.
1612 2833 1652 2858 27.
1676 2833 1697 2865 ξ.
1720 2833 1742 2858 1.
1761 2831 1793 2857 de
1812 2831 1901 2856 minor.
1923 2833 1945 2856 -1.
1966 2833 1988 2856 ⁴1,

1152 1937 1180 1964 11.
1195 1939 1219 1964 8.
1238 1947 1276 1973 sq.
1315 1936 1344 1962 Si
1363 1936 1448 1961 minus
1468 1935 1583 1972 positum
1603 1934 1689 1966 suerit.
1709 1945 1785 1971 quain
1806 1940 1918 1972 oportet.
1938 1934 1992 1961 Gai.

1128 1991 1130 2012 ;
1151 1980 1195 2007 lv.
1216 1982 1257 2006 57.
1295 1979 1370 2014 Quae
1393 1977 1508 2009 includi,
1537 1978 1641 2014 concipi
1665 1979 1722 2004 siue
1750 1978 1774 2004 d.
1794 1989 1827 2004 m.
1852 1978 1993 2015 oportebit.

1151 2023 1300 2052 debehitve.
1328 2021 1357 2048 L.
1379 2020 1447 2047 Gall.
1472 2020 1572 2057 Cisalp.
1594 2020 1611 2047 1.
1632 2022 1672 2047 44.
1716 2020 1795 2056 Quod
1823 2022 1994 2047 communiter

1151 2067 1190 2103 agi
1210 2066 1320 2101 fierique
1340 2069 1468 2101 oporteat.
1490 2063 1519 2090 l'r.
1536 2065 1557 2089 1.
1578 2064 1599 2096 ς’.
1616 2065 1637 2089 1.
1658 2063 1709 2098 Qu.
1731 2064 1781 2089 cui.
1801 2064 1869 2090 univ.
1889 2073 1955 2090 nom.
1968 2065 1992 2090 3.

1151 2112 1175 2136 4.
1213 2108 1294 2139 Tum,
1320 2117 1396 2144 quem
1421 2108 1443 2133 ei
1467 2106 1591 2133 heredem
1611 2116 1669 2131 esse
1689 2111 1800 2142 oportet.
1824 2105 1854 2132 l'r.
1874 2108 1933 2132 227.
1954 2117 1992 2143 pr.

1152 2152 1184 2178 ‹le
1204 2151 1235 2177 V.
1256 2150 1283 2176 S.
1303 2152 1344 2176 50.
1366 2152 1405 2176 16.
1444 2150 1529 2185 Quam
1554 2152 1606 2181 (sc.
1627 2148 1775 2175 mulierem.
1800 2149 1994 2183 virgiuemve,)

1152 2205 1184 2222 ex
1212 2194 1259 2220 hac
1288 2194 1344 2230 ipsa
1374 2192 1429 2228 lege
1458 2192 1557 2218 nubere
1585 2197 1697 2229 oportet.
1727 2190 1785 2227 ΠΙ).
1812 2191 1855 2217 XI.
1876 2194 1916 2218 20,
1957 2192 1993 2219 lta

1152 2242 1258 2275 oportet
1278 2236 1407 2272 loquatur.
1428 2235 1484 2262 Gai.
1505 2234 1547 2261 Ill.
1568 2236 1624 2261 174.
1646 2250 1677 2254 —
1697 2234 1727 2267 ᾖ.
1751 2235 1786 2260 2.
1809 2235 1992 2268 Congrnnm

1152 2270 1401 2312 esr,‘00«1112e11it.
1440 2277 1458 2305 I.
1473 2279 1534 2312 Sy.
1554 2277 1630 2304 Solet
1647 2276 1764 2311 (lugeri.)
1784 2276 1814 2302 tr.
1830 2278 1868 2303 11.
1883 2278 1920 2311 ξς.
1936 2279 1991 2304 1.3.

1153 2323 1185 2349 de
1210 2322 1234 2349 h.
1254 2332 1296 2359 qu.
1322 2326 1375 2348 not.
1401 2320 1445 2347 inf.
1464 2322 1488 2347 3.
1508 2323 1532 2346 2.
1569 2319 1611 2346 III.
1628 2319 1693 2346 Gn·
1723 2319 1775 2344 Sed
1802 2320 1919 2356 iniquum
1944 2325 1992 2352 cst,

1153 2376 1201 2392 nec
1220 2376 1262 2403 op.
1283 2363 1453 2399 (indulgere.)
1473 2363 1503 2390 fr.
1522 2364 1563 2389 39.
1583 2362 1603 2395 ἐ.
1620 2363 1641 2387 l.
1662 2361 1694 2388 dr
1714 2371 1786 2398 oper.
1807 2362 1893 2389 libert.
1912 2364 1954 2390 38.
1968 2365 1991 2389 2.

1154 2410 1206 2445 Op.
1228 2423 1257 2427 -
1283 2408 1366 2433 satius
1392 2411 1431 2432 est
1456 2406 1531 2432 enim.
1556 2404 1585 2430 fr.
1606 2406 1645 2430 14.
1672 2405 1691 2438 ς’.
1713 2407 1734 2431 1.
1760 2405 1792 2431 de
1816 2404 1887 2441 relig.
1909 2407 1948 2432 11.
1969 2407 1991 2432 7.

1154 2450 1295 2478 Sciendum
1315 2455 1363 2481 est,
1383 2465 1416 2469 —
1435 2448 1567 2474 abstinere
1586 2451 1721 2484 oportere,
1742 2447 1826 2474 donec
1846 2453 1893 2475 ete.
1918 2448 1948 2475 sr.
1967 2449 1991 2475 8.

1153 2494 1174 2527 ξ,
1196 2495 1219 2520 »1,
1240 2493 1272 2519 de
1291 2492 1324 2518 Ο.
1345 2491 1376 2518 N.
1396 2490 1427 2517 N.
1446 2492 1488 2516 39.
1510 2491 1531 2515 l.
1553 2490 1584 2516 cs.
1610 2490 1638 2515 fr.
1659 2492 1699 2515 52.
1720 2490 1752 2516 de
1771 2490 1846 2527 legat.
1867 2490 1897 2517 II.
1916 2492 1991 2523 (31.)

1155 2535 1267 2571 intelligi
1287 2538 1418 2572 oportere,
1440 2549 1469 2552 —
1492 2533 1550 2569 quia
1571 2532 1712 2559 absurdum
1732 2538 1802 2559 esset
1822 2538 1869 2559 etc.
1890 2534 1946 2560 Gai.
1961 2533 1990 2560 11.

1153 2581 1212 2604 244.
1253 2577 1346 2604 Verum
1366 2581 1413 2603 est.
1434 2575 1529 2602 dehere
1548 2586 1606 2602 eum
1620 2580 1668 2601 etc.
1680 2591 1712 2595 —-
1726 2585 1811 2612 neque
1830 2577 1897 2602 enim
1917 2585 1991 2613 opor-

1131 2646 1132 2653 ,
1155 2626 1191 2647 tet
1211 2626 1259 2646 etc.
1285 2620 1314 2646 l'r.
1334 2621 1374 2646 27.
1399 2618 1431 2644 dc
1451 2629 1522 2655 oper.
1541 2618 1626 2645 libert.
1646 2620 1687 2645 38.
1710 2620 1731 2644 1.
1752 2618 1784 2644 cs.
1810 2618 1840 2645 t'r.
1863 2620 1900 2645 13.
1925 2619 1947 2652 ξ.
1967 2619 1989 2643 l.

1155 2663 1283 2690 commod.
1305 2664 1344 2688 13.
1364 2662 1387 2687 6.
1425 2661 1483 2687 'Nou
1508 2666 1627 2699 oportet,
1649 2677 1678 2681 —
1706 2660 1822 2697 alioquin
1842 2666 1890 2688 etc.
1915 2670 1938 2686 v,
1959 2670 1990 2686 ne

1155 2712 1204 2733 etc.
1225 2706 1254 2732 [ι’.
1273 2707 1314 2731 21.
1335 2704 1366 2730 (1(·
1387 2703 1438 2730 LL.
1460 2707 1481 2730 1.
1501 2706 1524 2730 3.
1545 2703 1575 2730 fr.
1596 2705 1637 2730 79.
1656 2704 1677 2737 ξ.
1700 2705 1721 2729 l.
1742 2703 1773 2730 de
1794 2703 1824 2730 V.
1845 2703 1872 2729 S.
1887 2704 1926 2729 50.
1950 2704 1988 2728 16.

1156 2748 1226 2775 Paul.
1242 2747 1284 2774 lV.
1297 2750 1321 2774 2.
1341 2748 1363 2781 ξ
1384 2750 1406 2773 1.
1444 2747 1536 2774 Aliter.
1558 2756 1634 2783 quam
1654 2747 1778 2783 oportuit.
1798 2745 1908 2779 (dictum
1927 2745 1990 2776 ius.)

1631 2788 1661 2815 Si
1689 2799 1734 2815 sua
1762 2788 1870 2826 pecunia
1897 2787 1989 2824 pluris.
