2197 3121
1010 151 1096 182 INT.

193 233 273 260 monii
291 232 511 259 interdictionem.
531 230 562 257 fr.
581 232 605 258 9.
624 241 664 268 pr.
685 230 717 257 (10
737 231 793 257 iure
812 230 865 257 dot.
878 232 920 258 23.
934 233 958 258 3.
982 231 1033 258 Ex-

194 275 281 302 silium
299 291 332 295 ——-
356 281 410 307 est,
434 280 478 302 aut
502 279 632 301 certorum
656 273 774 300 locorum
798 273 962 306 interdictio,
990 279 1033 301 aut

194 317 245 345 lata
265 318 331 354 fuga.
356 318 385 345 fr.
405 321 429 344 5.
453 317 485 344 dc
509 316 603 343 interd.
623 320 648 342 et
670 316 748 352 releg.
768 318 809 342 4³.
829 318 870 342 22.
891 317 922 343 cl'.
942 317 972 343 fr.
991 319 1034 344 45.

194 360 227 387 de
246 362 320 388 iniur.
341 363 382 387 47.
404 362 442 387 10.
479 359 554 396 Aqua
575 364 600 385 et
619 360 680 395 igni,
700 369 720 385 s.
741 359 832 395 Aquae
851 363 876 384 et
895 360 972 394 iguis,
997 361 1034 386 in-

194 403 325 430 terdictio.
346 403 376 430 sr.
396 405 419 429 5.
438 413 478 440 pr.
497 402 529 428 de
549 412 604 439 cap.
623 403 706 428 minut
734 403 757 428 4.
777 404 800 428 5.
825 401 856 428 st.
875 403 899 427 2.
920 401 952 428 de
970 402 1032 439 pub.

195 445 273 472 iudic.
293 447 333 472 48.
350 448 371 472 l.

230 489 495 516 Interdictum.
533 488 564 521 §0
590 489 626 514 1.
652 489 838 515 prohibitio
858 488 1032 521 quaelibet.

195 530 238 557 111.
253 532 318 559 cn.
338 530 436 557 Contra
455 530 623 557 interdictum
642 530 758 563 (ducere,
773 540 798 557 v.
813 529 940 559 credere.)
960 528 1032 556 Paul.

195 573 226 600 11.
247 576 287 601 19.
311 575 332 608 5.
352 576 375 600 5.
395 572 437 599 Fr.
457 572 489 599 de
509 573 527 600 1.
547 573 574 599 F.
600 574 620 607 5.
641 575 663 599 7.
701 572 788 610 Ampl.
808 572 908 598 ordinis
928 572 1034 598 interdi-

196 621 273 643 ctum.
293 616 364 643 Paul.
384 615 413 642 II.
430 618 469 641 10.
489 616 511 649 5.
528 618 549 642 l.
570 616 636 642 Iuris
656 615 741 642 civilis
760 614 936 641 interdictum.
956 626 976 641 c.
991 617 1032 641 20.

196 659 229 686 de
248 659 307 686 don.
327 660 373 685 int.
392 658 424 685 V.
444 660 469 684 5.
490 660 529 685 16.
567 657 659 685 Nostri
678 658 769 684 statuti
788 657 963 684 interdictum.
994 657 1034 684 Iu-

195 701 305 728 terdicta
324 702 496 728 sanctionum.
525 700 575 727 Th.
596 700 626 728 C.
646 700 713 727 VIII.
733 701 755 726 8.
780 709 802 726 c.
824 702 845 726 1.
866 700 898 726 de
917 705 1033 727 exsecat.

195 749 222 771 et
241 749 323 771 exact.
342 744 411 770 XIII.
431 746 455 770 5.
476 754 496 770 c.
519 745 558 770 16.
578 743 611 770 de
629 742 740 770 navicul.
760 758 793 762 —
816 743 848 776 δ.
868 744 903 770 2.
928 745 1033 770 Reme-

194 789 279 814 dium
298 789 386 813 iuris
405 789 630 819 summarium,
649 787 762 819 (ratione
780 785 869 811 habita
888 790 940 811 tam
959 785 1033 812 Prae—

195 830 260 856 toris
280 830 420 856 interdicto
439 830 602 867 imperantis,
621 839 697 865 quam
715 829 811 855 actoris
830 828 971 855 interdicto
992 839 1035 855 ex-

193 873 342 909 perientis.)
380 873 397 900 I.
415 874 477 908 Sy.
496 872 573 899 Actio
592 871 733 898 interdicti.
757 870 936 897 Interdictum.
961 870 1032 897 Paul.

194 914 226 941 V.
247 916 270 941 6.
291 916 328 949 55.
350 917 372 941 1.
394 917 433 942 10.
455 916 493 942 16.
530 913 572 940 III.
593 915 658 941 Gn.
677 913 737 940 Non
756 913 842 940 solum
861 915 884 940 si
903 915 970 940 actio
988 924 1035 951 po-

194 957 322 987 stuletur.
347 957 394 984 sed
414 962 440 984 et
457 956 658 995 praeiudicium.
678 956 720 983 vel
739 956 906 983 interdictum
926 961 974 983 etc.
1004 957 1033 983 fr.

194 1002 237 1028 35.
262 1001 284 1035 ς.
303 1003 328 1027 2.
352 1000 383 1027 1“ι-.
401 1002 442 1027 39.
462 1009 501 1036 pr.
520 995 611 1026 11440.
639 1009 678 1036 pr.
699 999 731 1025 de
755 1009 858 1036 procur.
878 1001 902 1025 3.
920 1001 944 1026 3.
982 999 1034 1026 Ad-

194 1053 287 1070 versus
307 1053 397 1069 omues
420 1043 550 1073 actiones,
575 1058 606 1061 —
626 1042 753 1068 adversus
772 1041 912 1068 interdicta
930 1042 1034 1075 (locum

194 1085 312 1117 habere.)
333 1086 389 1112 Gai.
408 1084 452 1111 IV.
475 1086 531 1111 175.
551 1084 582 1111 cf.
602 1084 675 1111 Paul.
696 1084 727 1111 V.
747 1085 770 1110 6.
795 1086 816 1118 5.
835 1087 860 1111 2.
897 1084 989 1122 Neque
1009 1087 1034 1112 in

195 1128 343 1159 interdicto,
363 1138 448 1164 neque
467 1129 493 1154 in
513 1128 623 1154 caeteris
643 1128 728 1153 causis
749 1132 797 1154 etc.
822 1127 852 1154 fr.
874 1129 930 1154 198.
950 1128 983 1155 de
1002 1128 1033 1154 R.

194 1170 214 1197 1.
233 1173 273 1197 50.
294 1173 333 1197 17.
353 1171 385 1197 ct'.
410 1170 440 1197 fr.
459 1173 483 1197 2.
510 1170 542 1197 de
566 1170 679 1196 consess
698 1172 740 1196 42.
759 1172 783 1196 2.
820 1169 958 1197 Formulae
977 1181 1034 1198 ver·
1055 1174 1057 1188 l

194 1213 287 1240 borum
311 1218 337 1239 et
361 1215 561 1250 conceptiones,
591 1212 686 1249 quibus
715 1214 741 1239 iu
766 1224 794 1239 ea
819 1224 847 1239 re
873 1215 955 1240 utitur
977 1215 1033 1245 (sc.

193 1255 302 1282 Praetor
320 1261 364 1282 aut
382 1256 509 1286 Procos.)
528 1270 562 1275 -—
581 1255 727 1286 interdicta.
743 1255 881 1282 decretave
899 1262 1034 1283 vocantur.

193 1298 313 1325 831.11[.
335 1301 391 1325 139.
417 1309 456 1336 sq.
479 1300 535 1325 160.
557 1300 613 1325 166.
651 1298 804 1330 1nterdicta,
834 1309 899 1336 quae.
923 1300 949 1325 in
974 1299 1034 1326 albo

193 1343 330 1379 proposita
358 1341 437 1367 habet.
466 1341 617 1374 (Praetor.)
647 1351 668 1367 c.
695 1343 716 1367 1.
745 1341 778 1367 de
802 1341 934 1368 inm-dict.
959 1343 982 1369 8.
1011 1344 1057 1368 l.'

192 1384 322 1422 Exemplo
342 1384 486 1411 interdicti:
507 1384 611 1420 „Quem
625 1383 760 1415 fundum“,
780 1385 893 1421 proponi
908 1385 984 1411 etiam
998 1386 1034 1411 iu-

193 1427 345 1454 terdictum:
360 1444 392 1447 —
410 1427 516 1462 „Quem
536 1426 643 1453 usumfr.
658 1429 725 1453 etcf·
745 1426 828 1453 Vatic.
848 1428 869 1461 5.
883 1429 924 1453 92.
940 1427 970 1454 cf.
992 1427 1033 1454 Fr.

193 1471 306 1497 institut.
332 1470 392 1507 le.
410 1470 450 1496 ed.
463 1469 615 1497 Eudlieher.
634 1480 658 1507 p.
672 1472 711 1496 11.
739 1469 802 1496 Inde
822 1475 847 1496 et
867 1470 1034 1496 interdictum

193 1512 262 1545 „Vti
280 1513 425 1550 possidetis
434 1514 450 1526 ⁴⁴
474 1511 538 1538 utile
562 1512 613 1538 hoc
632 1513 736 1539 nomine
754 1514 920 1550 proponitur.
950 1513 1033 1539 Vatic.

194 1556 216 1590 5.
230 1557 271 1582 90.
290 1555 468 1587 Interdictum,
489 1556 563 1581 cuius
582 1556 740 1592 principium
760 1561 811 1581 est:
831 1556 971 1590 „Quorum
990 1556 1034 1582 bo-

194 1600 314 1630 1101’11111,“
333 1609 357 1625 v.
377 1598 473 1629 ..Vnde
492 1602 519 1624 tu
538 1597 612 1624 illum
631 1599 657 1624 vi
676 1598 822 1624 deiecistif*
842 1598 899 1624 Gai.
919 1598 962 1625 lv.
976 1600 1033 1625 144.

196 1643 254 1667 154.
278 1641 373 1668 Iuterd.
396 1640 467 1678 quod
486 1640 634 1678 appellatur
646 1642 809 1673 (sectorium,
823 1651 847 1667 v.
861 1640 1033 1675 Salvianum.)
1055 1650 1057 1675 ξ

194 1683 232 1710 Id.
252 1683 269 1710 l.
287 1684 304 1710 1.
325 1685 382 1710 146.
403 1694 441 1720 sq.
479 1683 590 1715 luten-d..
615 1683 686 1720 quod
710 1683 814 1720 quidam
838 1686 1033 1721 possessorium

196 1731 298 1753 vocant.
318 1726 354 1753 lb.
374 1728 396 1760 5.
418 1729 474 1752 145.
512 1726 652 1752 lutet-dicta
671 1731 715 1752 aut
734 1727 909 1759 restitutoriu,
929 1732 973 1753 aut
992 1738 1034 1754 ex-

196 1769 332 1801 hibitoria,
352 1774 395 1795 aut
418 1769 600 1807 prohibitoria.
624 1768 662 1794 Id.
681 1768 724 1795 IV.
747 1771 803 1795 140.
823 1779 882 1805 sqq.
919 1769 1032 1796 luterdd.

197 1817 241 1838 aut
259 1811 403 1849 simplicia,
427 1816 470 1838 aut
489 1810 612 1848 duplicia.
642 1810 679 1837 Id.
698 1810 741 1837 IV.
764 1813 820 1838 156.
840 1821 899 1848 sqq.
936 1811 990 1838 Sed
1010 1817 1035 1838 et

197 1865 228 1881 ex
251 1854 416 1881 interdictis:
445 1854 549 1890 „Quod
575 1855 601 1879 vi
626 1858 669 1879 aut
692 1853 794 1885 clam,·‘
823 1859 866 1880 aut
894 1854 1034 1880 interdicto

196 1897 295 1929 „Vnde
314 1898 375 1927 vi.⁴'*
400 1897 489 1923 audire
513 1901 601 1933 potest
628 1899 680 1929 (sc.
701 1895 851 1923 Praefectus
871 1896 934 1929 Vr.)
960 1898 989 1923 fr.
1011 1899 1033 1924 1.
1055 1903 1056 1906 ’

196 1941 218 1975 5.
237 1942 260 1967 6.
281 1941 313 1967 de
332 1940 376 1965 off.
396 1939 447 1966 Prf.
468 1939 513 1965 Vr.
535 1941 556 1966 1.
578 1941 617 1965 12.
654 1938 794 1971 Nonnulli,
819 1939 958 1966 interdicto
978 1939 1035 1966 red-

197 1983 260 2015 dito,
281 1988 380 2009 caetera
394 1993 426 2008 ex
442 1981 582 2008 interdicto
597 1981 681 2008 facere.
696 1982 826 2010 nolebant.
848 1983 904 2009 Gai.
916 1982 960 2009 lv.
976 1985 1032 2010 170.

197 2026 260 2062 Qui,
278 2025 374 2052 redditi
393 2025 527 2051 interdicti
545 2030 674 2061 tempore,
695 2035 743 2051 nec
760 2026 799 2056 vi,
820 2035 867 2052 nec
887 2026 966 2057 clam,
986 2036 1034 2052 uec

196 2070 315 2106 precario
335 2068 365 2094 ab
385 2068 535 2094 adversario
555 2067 682 2104 possidet.
702 2067 774 2094 Paul.
794 2067 825 2094 V.
845 2070 869 2095 6.
893 2069 958 2102 5.1.
994 2069 1034 2095 In-

198 2111 308 2137 terdicto
327 2110 438 2142 reddito,
458 2111 524 2136 intra
544 2120 638 2136 annum
658 2111 697 2146 agi
715 2121 803 2148 posse.
822 2111 859 2138 Id.
874 2111 917 2138 IV.
930 2113 952 2138 7.
973 2112 994 2145 5.
1009 2113 1032 2138 6.

198 2152 310 2180 Vincere
334 2153 481 2180 interdicto.
514 2152 570 2179 Gai.
591 2152 634 2179 IV.
657 2155 712 2180 151.
754 2153 904 2180 Restitutus
929 2165 960 2181 ex
984 2154 1034 2181 hoc
1055 2165 1057 2178 1

199 2196 337 2222 interdicto
356 2196 478 2229 (ususfr.)
498 2195 581 2222 tatic.
601 2196 622 2229 5.
643 2198 683 2222 93.

235 2240 420 2266 Interdiu.
444 2238 556 2272 (Advb.)
584 2240 644 2265 Per
662 2241 748 2264 diem.
786 2238 804 2264 Ι.
824 2240 885 2273 Sy.
906 2239 1032 2271 Diui-nus,

201 2280 316 2307 Interdiu
340 2281 518 2317 deprehensus
539 2280 620 2313 (sur.)
646 2280 685 2307 Cf.
706 2291 730 2307 v.
750 2281 875 2308 Diuruus.
900 2282 921 2315 5.
944 2284 964 2308 1.
1001 2282 1032 2309 11.

202 2325 269 2357 011.
290 2322 380 2352 Nocte.
400 2333 420 2350 s.
440 2323 534 2350 Noctu.
554 2324 584 2350 l'r.
606 2326 645 2350 14.
665 2334 756 2350 comm.
776 2323 865 2360 praed.
879 2326 902 2350 8.
922 2326 945 2350 4.
965 2324 995 2351 fr.
1009 2326 1032 2351 4.

201 2366 223 2399 5.
246 2368 267 2392 1.
291 2365 322 2391 ad
342 2365 370 2391 L.
390 2365 457 2401 Aqu.
476 2368 500 2392 9.
519 2369 544 2393 2.
569 2366 598 2393 fr.
619 2368 642 2392 6.
668 2367 688 2400 5
710 2368 731 2392 l.
752 2366 783 2392 de
803 2366 827 2393 h.
847 2377 889 2403 qu.
909 2367 990 2394 deiec.
1009 2370 1033 2395 9.

201 2410 224 2434 3.
261 2408 303 2434 III.
323 2410 389 2435 Gn.
408 2407 530 2440 Interdiu,
550 2414 611 2446 post
629 2409 711 2435 solem
732 2414 824 2435 ortum.
848 2409 912 2436 Tab.
931 2410 1034 2438 Hei-acl.

202 2451 246 2477 lin.
264 2452 305 2476 57.
325 2460 374 2476 aer.
394 2449 438 2475 Br.
474 2450 558 2477 Atrox
575 2453 667 2478 iniuria
688 2453 845 2484 aestimatur,
860 2468 891 2472 —-
907 2457 1033 2490 tempore,

203 2494 307 2529 quoties
326 2492 438 2518 interdiu
459 2493 618 2528 (irrogatur.)
637 2494 708 2521 Paul.
729 2494 760 2521 V.
780 2497 803 2521 4.
824 2495 845 2528 5.
867 2497 907 2521 10.
1055 2524 1057 2529 Δ

238 2536 450 2562 Interdum.
472 2534 581 2567 (Advb.)
617 2537 647 2570 §.
663 2539 697 2564 1.
718 2539 911 2572 Aliquando.
939 2538 957 2564 I.
972 2540 1033 2573 Sy.
1056 2567 1057 2570 Ἴ

203 2577 368 2614 Quibusdam
392 2577 503 2603 casibus.
533 2577 588 2604 Gai.
612 2579 655 2605 1V.
679 2582 720 2606 53.
762 2580 926 2616 Aliquando,
952 2581 1034 2607 Alias.
1056 2583 1057 2594 ¹

203 2621 239 2647 Id.
260 2620 301 2647 Ill.
322 2621 377 2646 199.
398 2630 455 2656 sqq.
469 2619 512 2646 IV.
526 2621 549 2645 6.
569 2619 680 2648 Interim.
701 2622 730 2649 [Γ.
749 2625 773 2649 3.
793 2633 832 2660 pr.
852 2622 936 2650 mand.
958 2625 995 2650 17.
1012 2625 1033 2650 1.

203 2663 315 2697 1101).
341 2661 504 2698 Plerumque.
525 2662 555 2688 fr.
577 2664 599 2688 1.
623 2663 644 2696 §-
663 2666 687 2690 3.
706 2665 737 2692 de
757 2676 822 2702 aqua
842 2671 914 2702 quot.
934 2668 974 2692 43.
994 2668 1034 2692 20.

205 2706 298 2743 Saepe,
318 2706 434 2741 Semper.
454 2704 510 2730 Gai.
530 2704 573 2731 IV.
595 2707 651 2731 125.
671 2715 729 2742 sqq.
750 2710 805 2734 129.
827 2708 856 2735 fr.
877 2711 899 2735 7.
919 2710 940 2742 5.
960 2711 984 2735 2.
1005 2708 1036 2735 de
1057 2701 1058 2708 .

205 2750 280 2775 iniur.
305 2750 346 2774 47,
368 2749 406 2772 lo.
431 2746 461 2773 fr.
481 2748 521 2773 53.
545 2757 584 2784 pr.
609 2747 641 2773 de
664 2747 695 2774 V.
715 2748 742 2775 S.
766 2753 805 2776 50.
827 2753 866 2777 16.
908 2751 950 2778 111.
972 2752 1036 2778 Cn.
1058 2742 1059 2757 l

206 2790 265 2817 Non
284 2792 381 2827 utique.
403 2806 432 2809 —-
453 2789 499 2815 sed
519 2789 647 2816 interdum
668 2795 715 2816 etc.
740 2791 771 2817 fr.
790 2794 830 2819 73.
849 2803 888 2830 pr.
909 2793 940 2820 de
959 2793 1037 2820 iudie.
1059 2792 1060 2823 1

1055 2206 1057 2216 ³
1077 2199 1118 2224 33.
1140 2199 1162 2224 7.

1855 156 1916 186 491

1077 234 1100 258 5.
1122 234 1145 259 1.
1182 232 1329 260 Interdum.
1349 249 1381 253 —-
1402 234 1506 270 quoties
1527 238 1575 260 etc.
1601 234 1632 260 sr.
1651 235 1675 260 6.
1695 234 1728 260 de
1746 239 1813 271 pact.
1832 237 1857 261 2.
1879 238 1917 263 14.

1078 274 1136 301 Nisi
1156 280 1283 312 quatenus
1303 277 1433 303 interdum
1449 281 1496 302 etc.
1517 276 1547 303 l'r.
1560 278 1602 303 37.
1622 277 1682 311 51.
1703 277 1734 303 de
1753 279 1846 304 minor.
1857 280 1880 305 4.
1894 280 1917 306 4.

1078 317 1211 344 Interdum
1231 323 1324 349 tamen.
1339 335 1370 338 —
1384 320 1406 345 si
1427 319 1493 345 sorte
1512 325 1560 346 etc.
1581 320 1611 346 fr.
1632 321 1670 346 19.
1692 320 1726 346 11).
1747 322 1770 347 4.
1790 322 1814 347 4.
1835 321 1865 347 cf.
1887 321 1916 347 fr.

1078 362 1119 386 41.
1135 360 1167 387 de
1186 371 1290 399 procur.
1310 363 1334 387 3.
1346 364 1369 387 3
1390 362 1446 388 Gai.
1466 361 1496 388 ll.
1518 364 1575 389 176,
1595 362 1635 389 III.
1658 364 1714 390 199.
1732 365 1791 389 201.
1811 363 1917 395 Interd.,

1078 408 1119 434 ut,
1144 413 1168 430 v.
1193 408 1293 441 utputa.
1318 404 1348 430 fr.
1370 406 1392 430 7.
1421 405 1441 438 5.
1462 406 1485 430 5.
1511 405 1542 431 de
1566 410 1634 442 pact.
1653 407 1677 432 2.
1703 407 1742 432 14.
1769 406 1798 432 sr.
1818 408 1860 432 29.
1886 406 1919 433 (le

1079 445 1154 472 cond.
1177 446 1263 472 indeb.
1285 448 1324 472 12.
1345 448 1368 472 6.
1389 447 1418 473 fr.
1440 449 1480 473 78.
1501 447 1532 473 de
1552 447 1583 474 V.
1604 447 1630 473 S.
1651 450 1692 474 50.
1714 450 1753 474 16.
1785 448 1918 475 Interdum

1078 487 1228 516 dimidium.
1252 488 1381 515 interdum
1402 494 1484 515 totum
1504 490 1620 516 debetur.
1651 490 1722 517 Paul.
1742 491 1784 517 111.
1804 493 1828 517 6.
1852 492 1873 525 5.
1893 494 1917 518 2.

1078 530 1137 556 Non
1157 531 1252 563 solum,
1272 547 1304 551 —-
1324 531 1370 558 sed
1390 531 1483 558 interd.
1505 534 1580 559 etiam
1600 538 1647 559 etc.
1673 534 1702 560 fr.
1725 535 1781 560 123.
1808 534 1838 560 fr.
1861 536 1917 560 145.

1078 573 1110 599 de
1130 573 1161 599 V.
1182 573 1264 601 S.50.
1280 576 1320 601 16.
1340 591 1372 594 —
1392 575 1422 608 §0
1442 576 1477 601 2.
1499 577 1642 602 Interim.
1674 576 1715 602 111.
1728 578 1793 604 Cn.
1814 577 1918 612 Quodsi

1078 621 1177 653 potest,
1198 627 1278 653 quare.
1296 627 1349 643 non
1368 622 1442 653 cogat
1456 628 1522 649 eum,
1543 629 1599 644 cum
1614 624 1710 655 potest.
1731 619 1848 656 proferre
1867 621 1917 653 (sc.

1079 659 1181 692 diem.)
1207 659 1278 696 quod
1297 661 1354 686 sine
1372 660 1425 686 ulla
1445 660 1611 687 districtione
1629 663 1712 698 ipsius
1732 662 1862 688 interdum
1881 662 1918 689 su-

1078 706 1165 728 turum
1185 703 1242 728 est?
1266 702 1296 729 fr.
1318 705 1356 729 16.
1377 703 1398 737 5.
1420 705 1443 729 1.
1463 703 1496 730 de
1515 714 1565 730 rec.
1586 715 1628 740 qu.
1649 705 1701 731 arb.
1722 706 1745 731 4,
1766 709 1789 731 Β.
1826 704 1918 742 Vsque

1078 744 1110 771 ad
1129 745 1276 782 pubertatis
1295 756 1377 771 annos
1397 747 1454 772 sine
1473 747 1655 783 inquietudine
1678 747 1756 774 rebus
1776 752 1863 774 utatur
1881 749 1918 774 iu-

1078 787 1144 814 terd.
1165 788 1263 814 alienis
1284 788 1334 815 Th.
1355 788 1386 815 C.
1406 788 1449 815 lV.
1469 790 1493 815 3.
1519 799 1539 816 c.
1561 791 1583 816 1.
1603 789 1636 816 de
1656 789 1733 816 Carb.
1754 790 1830 816 edict.

1113 832 1284 857 Interea.
1321 831 1433 863 (Advb.)
1464 833 1608 858 Interim.
1645 832 1663 858 Ι.
1681 833 1743 866 Sy.
1762 832 1832 859 luter
1852 834 1917 864 (mo-

1078 867 1141 904 ras.)
1162 872 1276 899 Interim.
1297 873 1326 900 fr.
1347 876 1386 900 15.
1407 874 1439 900 de
1458 874 1489 901 N.
1510 874 1541 901 G.
1561 876 1584 901 3.
1605 876 1628 901 5.
1648 875 1678 901 fr.
1691 877 1734 901 21.
1754 875 1786 901 de
1805 875 1836 901 R.
1851 875 1882 901 V.
1894 877 1917 902 6.

1079 917 1100 942 l.
1130 915 1187 941 Gai.
1212 915 1241 942 11.
1267 918 1327 942 200.
1363 916 1414 942 Per
1437 916 1487 943 hoc
1511 922 1622 954 tempus.
1664 918 1778 944 Medium
1805 923 1917 955 tempus.

1078 957 1115 984 Id.
1136 957 1179 984 IV.
1208 959 1249 984 89.
1270 960 1327 984 167.
1356 958 1440 985 Vatic.
1464 959 1493 992 55
1524 961 1562 986 16.
1583 970 1622 996 sq.
1659 960 1794 987 Peudente
1813 961 1919 994 (condi-

1078 1001 1171 1034 tione.)
1192 1000 1248 1027 Gai.
1268 1001 1298 1027 II.
1318 1003 1377 1027 200.
1415 1001 1457 1027 111.
1475 1003 1540 1029 Gn.
1564 1002 1673 1035 Interea,
1693 1005 1845 1040 priusquam
1864 1003 1919 1037 (of-

1078 1044 1165 1070 ficium
1185 1043 1319 1080 impleat.)
1344 1044 1374 1070 fr.
1393 1045 1434 1070 35.
1460 1054 1499 1081 pr.
1525 1044 1556 1070 de
1576 1045 1607 1071 N.
1628 1046 1658 1072 G.
1678 1049 1701 1073 3.
1722 1049 1745 1073 5.
1784 1046 1863 1082 Quod
1882 1048 1919 1072 iu-

1078 1091 1149 1112 terea
1173 1087 1220 1112 tibi
1245 1097 1312 1118 rem,
1337 1096 1402 1122 quae
1426 1097 1457 1112 au
1481 1087 1513 1113 ad
1536 1092 1561 1113 te
1586 1090 1713 1124 pertineat.
1738 1089 1845 1115 dubium
1869 1093 1917 1121 est⁷

1078 1129 1216 1166 possidere
1239 1129 1400 1155 conceditur.
1427 1129 1483 1155 Gai.
1504 1129 1546 1156 lv.
1567 1133 1607 1157 59.
1645 1131 1769 1161 Fructus.
1796 1142 1862 1168 quos
1882 1133 1919 1158 in-

1078 1177 1148 1198 terea
1167 1173 1294 1209 percepit.
1314 1172 1349 1198 Id.
1370 1172 1414 1198 IV.
1435 1174 1492 1198 167.
1516 1172 1547 1198 fr.
1567 1174 1590 1199 6.
1611 1184 1649 1210 pr.
1675 1174 1706 1200 de
1727 1176 1752 1201 iu
1772 1174 1840 1200 diem
1859 1174 1917 1201 add.

1080 1216 1119 1241 18.
1139 1217 1163 1240 2.

1113 1257 1351 1285 Interemtio.
1399 1259 1580 1290 Interitus,
1613 1260 1761 1285 Ainisaio.
1808 1259 1826 1285 1.
1856 1261 1917 1294 Sy.

1079 1300 1223 1337 Corruptio
1243 1299 1375 1333 (ususfr.)
1402 1311 1423 1327 c.
1445 1302 1483 1326 14.
1504 1311 1562 1337 sqq.
1589 1300 1621 1326 dc
1644 1301 1725 1327 usul'r.
1751 1307 1775 1328 et
1795 1302 1874 1329 habit.
1893 1305 1917 1329 3.

1077 1345 1118 1370 33.
1145 1354 1165 1370 c.
1188 1345 1209 1369 1.
1236 1353 1274 1380 pr.
1295 1353 1387 1369 comm.
1412 1343 1444 1369 de
1467 1354 1577 1370 manum.
1598 1345 1620 1370 7.
1642 1346 1681 1370 15.
1718 1344 1748 1370 11.
1775 1346 1842 1379 Op.
1870 1345 1919 1372 Re-

1079 1387 1169 1412 tentio.
1190 1397 1211 1412 c.
1232 1388 1272 1412 15.
1293 1385 1325 1412 de
1345 1386 1425 1412 ususr.
1445 1388 1469 1413 3.
1488 1389 1529 1413 33.

1114 1431 1319 1456 Interesse.
1358 1429 1388 1462 §.
1405 1430 1439 1456 1.
1465 1431 1594 1459 Adesse,
1615 1432 1797 1463 Superesse.
1818 1430 1836 1457 I.
1856 1432 1918 1466 Sy.

1056 1491 1057 1499 .
1079 1471 1240 1498 luterveuire
1260 1472 1406 1507 (negotiis.)
1426 1471 1455 1497 fr.
1475 1473 1499 1498 9.
1520 1473 1541 1505 5.
1556 1475 1578 1498 8,
1599 1471 1632 1498 (10
1651 1482 1726 1508 poen.
1741 1474 1782 1499 48.
1798 1475 1836 1500 19.
1865 1474 1919 1500 Ad-

1079 1514 1163 1541 hiberi
1183 1514 1215 1540 ad
1235 1519 1282 1540 etc.
1303 1513 1374 1540 Paul.
1392 1514 1434 1540 111.
1454 1514 1507 1540 4A.
1528 1515 1549 1548 5.
1571 1516 1610 1540 13.
1647 1514 1689 1541 111.
1703 1516 1768 1542 Cu.
1790 1515 1918 1543 Couciliis

1079 1556 1192 1594 publicis
1213 1558 1350 1589 iuteresse,
1370 1561 1395 1583 et
1415 1558 1440 1583 in
1454 1557 1552 1583 Senatu
1566 1558 1721 1583 seutentiam
1735 1557 1829 1585 dicere.
1850 1559 1879 1585 fr.
1896 1562 1918 1586 1.

1078 1601 1098 1633 5⁴
1119 1601 1142 1626 5.
1163 1599 1195 1626 de
1215 1599 1312 1637 postul.
1330 1601 1398 1626 3.1.
1436 1599 1693 1626 frumentationibus
1713 1600 1918 1628 commilitonum

1078 1644 1220 1674 interesse,
1240 1642 1397 1668 frumentum
1417 1642 1541 1679 probare,
1561 1659 1592 1662 —
1612 1643 1748 1680 principiis
1768 1642 1919 1679 frequenter

1056 1683 1057 1689 ¹
1078 1687 1214 1712 iuteresse.
1240 1685 1269 1711 fr.
1290 1687 1330 1711 12.
1356 1685 1376 1718 5.
1396 1687 1420 1711 2.
1445 1685 1477 1711 de
1501 1684 1532 1710 R.
1558 1685 1590 1711 M.
1615 1686 1656 1711 49.
1679 1687 1718 1711 16.
1755 1685 1784 1711 Si
1809 1686 1918 1713 honesta

1079 1738 1155 1755 causa
1174 1729 1293 1754 interest.
1317 1726 1348 1753 fr.
1370 1729 1408 1753 11.
1433 1727 1465 1754 de
1485 1727 1544 1754 furt.
1564 1729 1604 1753 47.
1624 1729 1647 1753 2.
1670 1744 1702 1747 —
1722 1728 1752 1761 ἓ.
1773 1730 1807 1755 2.
1839 1731 1918 1756 Dis-

1077 1779 1224 1803 crepare,
1254 1770 1395 1796 Distare.
1433 1770 1463 1796 II.
1488 1772 1555 1804 ΟΡ.
1586 1769 1657 1796 Idem
1677 1780 1743 1798 esse.
1763 1771 1794 1798 fr.
1814 1775 1837 1798 2.
1857 1773 1879 1806 5.
1893 1776 1917 1798 ὅ.

1079 1812 1110 1838 de
1130 1812 1161 1838 O.
1182 1811 1199 1838 I.
1222 1814 1244 1838 1.
1263 1814 1287 1838 2.
1325 1812 1508 1839 Indil'serenter
1528 1814 1564 1839 uti
1584 1813 1700 1846 (verbo.)
1717 1829 1748 1833 -—
1768 1814 1862 1841 Putare
1882 1816 1918 1841 in-

1079 1860 1186 1881 teresse.
1211 1854 1242 1881 sr.
1263 1856 1319 1880 101.
1344 1865 1383 1891 pr.
1409 1855 1440 1881 de
1464 1855 1495 1881 V.
1516 1855 1543 1881 S.
1564 1857 1605 1882 50.
1627 1857 1666 1882 16.
1702 1856 1745 1882 111.
1772 1858 1837 1884 Cn.
1865 1858 1918 1884 Ab·

1078 1897 1182 1923 solvere
1207 1907 1264 1923 eum
1288 1897 1384 1924 debere
1408 1899 1570 1929 existimant.
1597 1908 1644 1925 nec
1669 1900 1798 1926 interesse
1826 1901 1917 1933 (cuius

1077 1940 1179 1976 generis
1199 1939 1277 1966 suerit
1296 1939 1446 1972 iudicium.)
1471 1940 1527 1966 Gai.
1545 1939 1590 1967 IV.
1613 1942 1667 1967 114.
1705 1940 1765 1968 Non
1789 1943 1917 1970 immerito

1079 1982 1234 2019 quibusdam
1253 1982 1352 2019 placet,
1378 1999 1409 2002 —
1434 1982 1499 2009 nihil
1520 1984 1588 2009 cuim
1608 1984 1739 2016 intererit,
1763 1990 1848 2011 utrum
1868 1990 1915 2012 etc.

1077 2025 1114 2052 ld.
1134 2025 1164 2051 ll.
1184 2027 1242 2052 243.
1269 2025 1300 2052 cs.
1320 2027 1361 2052 37.
1381 2026 1439 2051 208.
1459 2025 1501 2052 111.
1522 2028 1563 2052 84.
1601 2026 1656 2053 *Nec
1675 2028 1797 2059 interest,
1818 2038 1848 2054 au
1869 2033 1916 2055 etc.

1081 2084 1109 2088 -
1130 2068 1180 2094 hoc
1200 2069 1267 2095 euim
1286 2067 1372 2094 solum
1391 2073 1526 2105 spectatur
1541 2074 1590 2095 etc.
1610 2069 1646 2095 Id.
1666 2069 1697 2095 11.
1714 2071 1771 2096 144.
1797 2069 1857 2107 le.
1873 2071 1915 2097 VI.

1078 2113 1101 2138 6.
1138 2111 1173 2137 Et
1190 2116 1270 2143 recte.
1289 2111 1430 2148 plurimum
1450 2112 1517 2138 enim
1537 2112 1647 2138 interest
1661 2117 1709 2138 etc.
1730 2112 1785 2138 Gai.
1800 2112 1843 2139 IV.
1858 2115 1914 2140 182.

1078 2154 1220 2181 Plurimum
1241 2155 1364 2183 interest..
1391 2165 1422 2180 an
1442 2159 1490 2181 etc.
1515 2154 1545 2181 sr.
1567 2156 1606 2180 15.
1631 2155 1696 2188 5.1.
1721 2155 1753 2181 de
1772 2156 1846 2182 instr.
1866 2156 1914 2192 leg.

1202 2196 1256 2223 Nec
1280 2197 1422 2234 quidquam
1445 2199 1554 2224 interest
1573 2198 1641 2223 inter
1660 2202 1708 2224 etc.
1734 2197 1765 2224 fr.
1784 2199 1826 2225 25.
1850 2200 1871 2232 5.
1893 2201 1913 2224 1.

1078 2240 1111 2266 de
1130 2241 1161 2266 A.
1181 2250 1205 2266 v.
1223 2240 1254 2266 A.
1270 2239 1297 2266 P.
1317 2242 1358 2266 41.
1378 2243 1402 2266 2.
1439 2239 1531 2276 Neque
1551 2239 1621 2266 aliud
1640 2240 1707 2266 iuter
1727 2246 1847 2278 coeptum
1866 2251 1914 2266 am-

1078 2283 1161 2309 bitum
1180 2287 1258 2319 atque
1277 2282 1421 2319 perfectum
1441 2293 1500 2309 esse
1524 2282 1674 2313 arbitretur,
1698 2293 1755 2310 cum
1780 2288 1826 2309 etcv
1865 2283 1912 2309 Th.

1078 2325 1109 2352 C.
1129 2325 1173 2352 IX.
1192 2327 1234 2352 26.
1255 2336 1275 2351 c.
1292 2327 1313 2352 1.
1334 2325 1365 2351 ad
1378 2325 1407 2351 L.
1423 2324 1469 2351 Iul.
1492 2324 1523 2351 de
1542 2325 1607 2351 atuh.
1627 2325 1757 2351 Interesse·
1775 2331 1847 2362 pute.
1864 2336 1912 2361 qua

1078 2373 1164 2394 mente
1185 2373 1232 2394 etc.
1259 2368 1288 2394 fr.
1307 2369 1351 2394 39.
1375 2368 1392 2394 l.
1412 2367 1428 2394 l.
1450 2369 1490 2393 41.
1510 2370 1533 2393 2.
1570 2367 1641 2394 Inter
1663 2368 1758 2393 donum
1778 2372 1802 2392 et
1821 2378 1913 2394 munus

1078 2411 1128 2437 hoc
1148 2412 1270 2441 interest,
1290 2410 1361 2446 quod
1380 2411 1448 2436 inter
1466 2420 1547 2446 genus
1568 2415 1593 2436 et
1612 2411 1732 2447 speciem.
1754 2408 1784 2435 fr.
1804 2412 1861 2436 194.
1881 2410 1913 2437 de

1055 2493 1056 2496 Ἴ
1078 2453 1109 2480 v.
1124 2453 1151 2480 s.
1171 2456 1212 2479 50.
1234 2454 1273 2479 16.

1113 2498 1293 2523 Interest·
1313 2495 1445 2532 (Impers.)
1482 2496 1513 2529 ξ.
1534 2497 1567 2521 1.
1597 2497 1758 2525 Pertinet,
1784 2496 1911 2529 Compe-

1078 2542 1128 2566 tit.
1166 2538 1208 2564 111.
1230 2540 1295 2565 Cn.
1325 2538 1367 2564 Ad
1391 2538 1503 2566 iudices.
1528 2547 1636 2574 quorum
1661 2538 1783 2564 interest.
1807 2538 1910 2564 referre.

1056 2601 1057 2617 2
1079 2592 1100 2608 c.
1119 2583 1142 2608 3.
1163 2581 1195 2607 de
1215 2579 1326 2617 sportul.
1345 2582 1368 2606 3.
1388 2584 1412 2607 2.
1449 2581 1573 2607 ludit-ium
1593 2584 1650 2604 tuae
1670 2578 1851 2607 celsitudinis.
1870 2581 1910 2607 vel

1079 2624 1122 2651 alii
1143 2633 1252 2660 quorum
1271 2624 1387 2650 interest.
1408 2634 1428 2649 c.
1451 2625 1488 2648 11.
1509 2622 1541 2648 de
1560 2621 1665 2656 aquaed.
1687 2623 1726 2647 ll.
1746 2623 1786 2647 42.
1817 2621 1910 2649 Prima-

1080 2672 1119 2693 tes
1139 2666 1228 2697 0111011,
1249 2676 1359 2702 quorum
1378 2667 1495 2692 interest.
1515 2663 1563 2689 Th.
1584 2663 1614 2689 C.
1634 2663 1677 2689 IX.
1697 2666 1738 2691 26.
1758 2675 1778 2690 c.
1794 2667 1816 2690 2.
1837 2665 1868 2691 ad
1881 2665 1908 2691 L.

1080 2708 1127 2735 Iul.
1148 2708 1180 2734 de
1199 2708 1263 2734 amb.
1284 2708 1337 2735 Alii
1357 2710 1409 2740 (sc.
1435 2709 1550 2735 tutores)
1575 2705 1606 2732 ab
1627 2716 1671 2737 eo,
1696 2707 1769 2732 cuius
1794 2708 1909 2734 interest.

1081 2751 1142 2778 dati.
1162 2761 1182 2777 e.
1202 2753 1225 2777 3.
1247 2750 1279 2776 de
1303 2751 1417 2777 confirm.
1441 2753 1488 2774 tut.
1507 2751 1530 2774 5.
1549 2750 1591 2775 29.
1615 2764 1647 2768 -—
1671 2750 1701 2783 §.
1722 2750 1756 2776 2.
1784 2752 1907 2785 Rosam,

1083 2796 1281 2821 Commodum
1296 2794 1441 2819 alicuius
1457 2797 1594 2825 spectat,
1609 2793 1655 2818 Ad
1672 2794 1906 2818 indemnitatem

1420 2835 1469 2859 62*
