2197 3121
267 194 331 224 804

271 333 303 337 —
324 316 371 343 sod
391 317 519 353 rescripto
540 315 602 352 Imp.
626 332 655 335 —
676 314 805 341 adiicitur.
826 314 855 340 fr.
869 316 894 340 2.
914 323 1006 339 comm.
1026 312 1115 350 praed.

269 362 294 387 8.
315 362 338 386 4.
377 359 432 385 11οο
458 360 587 385 intem-sse
609 357 679 394 quid.
700 362 800 395 putant.
822 374 851 378 -
873 356 927 383 Sed
946 356 975 383 L.
996 355 1059 382 Iulia
1080 356 1117 381 in·

270 403 423 430 differenter
442 402 531 428 utitur.
553 402 582 427 sr.
606 402 660 426 101.
684 410 722 437 pr.
744 399 777 426 (lc
796 399 827 427 V.
847 400 875 426 S.
895 402 936 425 50.
958 400 996 425 16.
1035 397 1115 434 Quid.

271 450 379 483 putant;
399 460 429 463 —
450 444 497 470 sed
517 444 616 470 Sabino
637 448 685 470 etc.
706 442 812 480 placuit.
832 442 889 470 Gai.
906 441 947 468 III.
967 442 1026 468 218.
1047 441 1076 467 l'r.
1091 443 1114 467 7.

270 489 292 522 5.
316 490 354 513 14.
375 487 407 513 de
420 492 488 524 pact.
508 489 533 513 2.
550 489 588 513 14.
627 485 724 513 Celsus
744 486 846 517 scribit,
866 484 993 522 quosdam
1013 494 1116 520 negare,

270 532 339 557 inter
359 539 425 567 quos
448 535 473 556 et
492 529 642 556 Proculum.
663 528 731 556 Coll.
747 527 917 555 LL.D1.XII.
933 530 955 554 7.
993 527 1117 562 Quidam,

270 579 298 600 ut
323 572 455 609 (Pegasus
479 574 546 605 etc.)
571 572 628 599 Gai.
655 572 673 598 Ι.
696 573 752 598 188.
780 571 809 598 fr.
834 573 858 598 9.
883 571 916 597 de
941 570 973 596 11,
993 569 1025 596 V.
1049 571 1073 596 6.
1094 571 1117 596 l.

269 615 299 642 fr.
319 617 361 642 36.
382 616 403 649 ς’.
421 618 442 641 l.
463 615 495 642 de
515 615 576 642 don.
597 617 642 642 int.
663 614 695 641 v.
712 617 753 641 24.
771 616 792 640 1.
830 613 953 649 Quidam,
974 617 999 638 et
1019 612 1062 646 [al.
1077 612 1116 646 ut]
1138 605 1140 612 '

269 658 424 689 Marcianus,
446 663 546 695 putant.
567 658 596 685 fr.
617 661 641 685 5.
662 658 741 684 ususr.
763 656 881 693 quemad.
902 666 955 682 cav.
978 657 1000 682 7.
1021 657 1046 682 9.

304 701 479 732 Quidem.
509 701 630 735 (Advb.)
666 702 834 727 Videlicet.
872 698 917 725 III.
937 700 1003 726 Cn.
1028 697 1117 734 Loqui

269 744 374 781 quidem
394 754 446 770 uon
466 754 559 781 posse,
585 744 635 770 alio
657 749 741 769 tamen
761 742 840 769 modo
861 758 893 762 —
913 751 1002 780 posse.
1023 742 1054 768 sr.
1073 743 1115 767 29.

269 787 302 814 de
321 787 410 825 adopt.
433 788 454 813 l.
475 788 497 813 7.
518 787 547 813 l'r.
561 788 585 813 8.
606 797 645 824 pr.
666 788 717 822 Qu.
739 790 798 812 met.
820 795 841 812 c.
856 787 879 811 4.
894 786 918 811 2.
956 785 1041 811 Antea
1062 785 1118 821 qui—

269 831 344 862 dem3
370 847 400 851 —-
426 840 496 856 nunc
515 835 607 856 autem.
634 829 695 866 le.
716 828 784 855 Vlll.
805 830 829 854 5.
866 828 922 864 Ego
942 827 1065 864 quidem3
1085 843 1117 846 —

269 879 295 900 at
315 874 360 900 ille
375 879 424 900 etc.
444 872 501 899 Gai.
516 873 558 899 III.
575 874 631 899 161.
652 871 695 898 lv.
709 874 751 898 57.
789 871 860 898 Patri
874 870 989 908 quidem,
1009 886 1040 890 —
1061 869 1117 896 filio

271 927 334 943 vero
355 922 403 943 etc.
425 916 455 942 sr.
475 918 500 942 5.
520 917 541 950 5.
561 917 585 942 6.
606 915 638 942 de
658 916 734 941 iniur.
755 916 796 941 47.
819 916 857 941 10.
879 914 910 941 cf.
931 913 987 940 Gai.
1008 912 1038 938 lI.
1060 914 1117 939 110.

270 961 328 986 143.
347 961 405 985 206.
440 958 545 991 Facere,
564 969 588 985 v.
609 958 692 985 Posse
712 957 825 995 quidem,
845 957 892 984 sed
912 962 960 983 etc.
980 955 1060 982 Ι(1.11.
1075 958 1117 981 84.

270 1002 301 1029 sr.
321 1004 363 1029 23.
389 1002 421 1028 de
441 1007 511 1028 statu
530 1001 599 1028 hom.
621 1003 643 1027 1.
663 1003 687 1028 5.
725 1000 818 1033 Modo,
847 1017 874 1021 —
899 999 977 1026 modo
998 1004 1046 1025 etc.
1083 999 1118 1025 Et

270 1045 376 1082 quidem
396 1050 445 1071 etc.
466 1045 522 1071 Gai.
544 1044 585 1071 [V.
608 1046 664 1071 174.
685 1054 724 1081 sq.
752 1044 902 1071 Videamus.
922 1043 956 1069 Et
976 1042 1046 1079 quid.
1068 1047 1116 1069 etc.

270 1089 301 1115 fr.
322 1091 344 1115 9.
371 1089 392 1122 5.
412 1090 435 1115 3.
462 1089 514 1124 Qu.
538 1092 598 1113 met.
624 1098 644 1113 c.
664 1089 688 1114 4.
709 1090 732 1114 2.
758 1087 788 1114 l'r.
810 1088 866 1113 195.
892 1086 957 1120 5.1.
985 1085 1017 1111 de
1038 1084 1067 1111 V.
1089 1084 1116 1110 S.

271 1134 313 1158 50.
337 1133 375 1157 16.
413 1130 483 1157 Idem
504 1132 529 1157 in
549 1129 645 1161 surd03
669 1131 711 1157 hic
730 1140 773 1167 qu.
793 1135 819 1156 et
838 1128 1000 1166 respondere
1021 1132 1117 1165 potest.

272 1174 305 1201 fr.
327 1176 383 1201 124.
405 1184 443 1211 pr.
471 1174 503 1200 de
526 1173 557 1200 R.
578 1173 596 1200 Ι.
616 1175 657 1199 50.
679 1175 718 1199 17.
739 1173 770 1199 cl'.
796 1173 825 1199 fr.
845 1175 869 1199 2.
889 1172 910 1206 5.
931 1173 972 1198 47.
993 1170 1025 1197 d«-
1045 1170 1078 1197 0.
1099 1170 1116 1196 I.

271 1219 294 1244 1.
314 1220 338 1244 2.
376 1217 435 1244 Non
464 1216 569 1254 quidem
594 1216 626 1242 ad
646 1221 695 1242 etc.
718 1233 747 1236 —
769 1216 814 1242 sed
836 1220 884 1241 etc.
910 1214 939 1241 sr.
959 1216 1000 1240 43.
1022 1224 1060 1251 pr.
1086 1213 1118 1239 de

271 1270 376 1297 procur.
390 1262 414 1287 3,
428 1262 451 1286 3.
490 1259 530 1286 Ne
550 1259 602 1285 duo
620 1259 724 1295 quidem
744 1258 880 1291 (familiam
893 1257 1011 1290 faciunt.)
1032 1256 1063 1283 l'r.
1075 1258 1117 1282 40.

271 1304 293 1337 5.
312 1305 336 1329 3.
358 1303 390 1329 de
410 1303 441 1330 V.
462 1304 489 1329 S.
509 1305 550 1329 50.
574 1304 611 1328 16.
633 1302 674 1329 Cf.
695 1312 717 1328 v.
738 1301 785 1328 Ne.
807 1302 828 1335 5.
848 1302 872 1327 3.
911 1300 1039 1335 Quamvis
1058 1309 1118 1326 usu-

272 1346 431 1373 fructuarius
456 1356 505 1372 nec
524 1346 663 1372 contrariis
683 1345 788 1381 quidem
814 1345 966 1370 ministeriis
987 1359 1019 1362 —
1039 1343 1117 1369 artili-

272 1390 339 1416 cium
360 1390 415 1415 eius
435 1399 603 1426 corrumpere
623 1389 717 1425 possit.
740 1388 770 1414 fr.
793 1389 832 1414 17.
852 1387 874 1421 5.
896 1388 917 1413 l.
938 1386 971 1413 de
990 1386 1072 1413 ususr.
1094 1388 1117 1413 7.

273 1434 296 1458 l.
334 1432 408 1458 Adeo
429 1442 471 1468 qu.
492 1437 520 1458 ut
540 1437 587 1458 etc.
608 1432 665 1458 Gai.
686 1431 728 1457 Ill.
748 1432 789 1456 24.

308 1475 463 1506 Quidni.
502 1474 543 1501 Cf.
563 1485 585 1500 v.
608 1473 687 1510 Quid.
709 1474 729 1507 5.
749 1476 773 1500 2.

307 1519 435 1550 Quies.
475 1519 660 1549 Securitas,
683 1518 803 1544 Otium.
840 1516 859 1542 I.
876 1517 937 1551 Sy.
959 1515 1119 1553 Tranquilli-

273 1566 321 1587 tas.
347 1560 397 1587 Th.
419 1560 450 1586 C.
471 1560 514 1586 VI.
534 1562 575 1586 35.
601 1570 621 1586 c.
642 1561 666 1586 8.
691 1559 723 1586 de
748 1561 813 1597 priv.
838 1569 891 1586 eor.
913 1570 955 1596 qu.
975 1561 1000 1586 in
1020 1560 1047 1586 S.
1067 1558 1118 1596 pal.

274 1604 382 1632 Securi.
406 1603 435 1629 Iu
455 1604 543 1640 quiete
563 1603 612 1636 [al.
633 1603 746 1638 Quiete]
772 1602 904 1638 degentes.
929 1602 966 1628 lb.
985 1602 1057 1628 XVI.
1080 1604 1118 1628 10.

273 1657 294 1673 c.
314 1649 355 1673 24.
381 1648 403 1681 5
425 1648 448 1672 1.
475 1646 506 1672 de
527 1656 617 1683 pagan.
642 1645 705 1671 lust.
727 1644 756 1671 C.
783 1656 804 1671 c.
824 1646 848 1671 6.
875 1644 932 1671 eod.
954 1647 976 1672 1.
998 1647 1038 1672 11.
1076 1645 1118 1672 III.

274 1691 341 1718 Gn.
358 1689 462 1716 Contra
477 1689 610 1726 publicam
625 1690 748 1725 quietem,
768 1689 960 1725 imperiumque
973 1688 1001 1715 P.
1016 1688 1047 1715 R.
1062 1690 1120 1722 (im-

272 1732 423 1770 probandas
443 1737 512 1758 artes
532 1732 676 1765 exercere.)
697 1730 767 1757 Cotl.
787 1730 838 1757 LL.
854 1730 886 1757 111.
900 1731 960 1757 XV.
978 1734 1001 1757 2.
1022 1731 1072 1758 Th.
1087 1731 1118 1758 C.

274 1776 330 1802 VII.
348 1778 390 1802 20.
411 1786 431 1802 c.
453 1777 474 1802 7.
496 1775 527 1801 de
546 1780 662 1801 veterau.
700 1774 856 1811 Dispositos
879 1774 975 1801 milites
996 1776 1120 1800 stationa-

274 1821 329 1846 rios
355 1819 462 1850 babere,
493 1818 524 1844 ad
548 1818 670 1844 tuendam
696 1816 861 1855 popularium
888 1819 1011 1854 quietem.
1041 1817 1069 1844 sr.
1097 1820 1118 1844 1.

274 1863 295 1896 5.
319 1865 356 1889 12.
377 1862 409 1888 (1(-
425 1862 468 1888 osl'.
485 1861 535 1888 Prs.
550 1861 594 1887 Vr.
613 1863 634 1887 1.
652 1863 689 1886 12.
728 1860 807 1887 Forte
827 1861 853 1886 in
873 1865 1018 1897 conspectu
1038 1862 1119 1886 inum—

275 1905 364 1931 bratae
383 1906 478 1941 quietis
498 1905 658 1931 constitutus
679 1905 728 1936 (sc.
743 1904 880 1936 furiosus.)
901 1903 931 1930 l'r.
947 1906 986 1930 18.
1006 1904 1027 1937 5.
1045 1905 1067 1930 1.
1087 1903 1119 1929 de

275 1948 306 1974 Α.
328 1958 351 1974 v.
372 1949 402 1973 A.
423 1948 450 1974 P.
476 1949 516 1974 41.
537 1950 560 1974 2.
604 1947 667 1973 Post
693 1946 825 1978 militiam,
854 1946 997 1973 honoratae
1021 1948 1118 1983 quietis

276 1992 330 2017 otio
350 1991 456 2028 perl'rui.
477 1990 526 2016 Tb.
547 1990 577 2016 C.
598 1989 641 2016 VI.
661 1992 702 2015 23.
723 2000 743 2016 c.
757 1991 782 2016 3.
803 1989 833 2015 cf.
855 2000 875 2016 e.
889 1991 913 2016 2.
934 1989 966 2016 de
986 1989 1072 2016 det-ur.
1095 1995 1119 2016 et

276 2034 364 2060 silent.

313 2077 531 2108 Quiescere.
570 2076 600 2108 §0
612 2077 646 2102 l.
668 2078 815 2102 Somnum
835 2086 958 2110 capere.
995 2075 1118 2103 III.011.

276 2120 412 2151 Abscntis.
432 2119 473 2146 vel
488 2119 658 2155 quiescentiS,
673 2118 731 2144 loco
747 2118 872 2145 habt-atur
886 2119 1037 2152 (furiosus.)
1051 2119 1080 2145 l'r.
1095 2121 1118 2144 2.

276 2164 297 2197 5.
317 2166 341 2189 3.
362 2163 394 2189 tle
414 2164 469 2189 iure
489 2162 571 2188 codic.
591 2163 632 2187 29.
654 2163 676 2187 7.
697 2177 728 2180 —
753 2162 783 2194 §.
805 2163 839 2188 2.
861 2164 941 2188 Pace
955 2164 1038 2198 frui.
1076 2161 1119 2188 111.

277 2208 344 2234 Gn.
365 2207 512 2241 Quiescvns
537 2205 729 2231 matrimonium
755 2214 806 2230 non
831 2204 909 2230 debet
928 2204 995 2231 alius
1015 2204 1121 2231 turbare

278 2254 357 2285 atque
377 2250 529 2284 inquietare.
551 2248 580 2274 l'r.
597 2249 638 2273 26.
659 2257 696 2285 pr.
718 2246 749 2273 anl
771 2246 798 2273 L.
819 2247 865 2273 Iul.
887 2247 919 2273 de
939 2247 1018 2274 adult.
1040 2249 1081 2274 48.
1096 2250 1119 2274 5.

278 2293 332 2328 Qui
351 2293 486 2328 quin-scere
506 2291 625 2328 sepultos
646 2301 697 2316 non
717 2291 786 2316 sivit.
807 2289 856 2316 Tb.
878 2289 908 2316 C.
929 2290 972 2316 IX.
993 2293 1033 2316 38.
1055 2301 1075 2317 c.
1096 2292 1120 2316 8.

278 2335 508 2371 deintlulg.t'1*iu¹.
531 2351 560 2353 —
582 2335 612 2366 ξ.
627 2335 663 2360 3.
686 2336 720 2360 lu
740 2343 893 2367 suspenso
911 2344 982 2359 esse.
1012 2333 1039 2359 11,
1054 2336 1120 2367 ΟΡ.

278 2379 447 2409 Intercitlrre,
469 2394 497 2397 —
520 2377 681 2403 Iiesuscitari
701 2377 863 2409 (actionvm.)
886 2376 943 2403 Gai.
964 2376 1006 2402 IV.
1028 2378 1068 2402 78.
1090 2393 1120 2396 —-
1142 2381 1144 2409 ξ

280 2422 310 2455 ᾗ.
327 2423 365 2448 4.
387 2423 527 2448 Cessare.
566 2419 594 2445 ll.
617 2422 682 2453 Op.
703 2419 801 2446 Locum
822 2420 887 2451 sieri,
909 2436 938 2439 —
960 2420 1122 2455 Quiesceutr
1143 2411 1144 2424 1

855 2466 880 2488 2.
910 2473 930 2488 c.
951 2464 974 2488 4.
1004 2462 1036 2488 dc
1062 2462 1121 2488 bon.
1143 2475 1144 2479 ¹

279 2466 385 2503 penitus
411 2464 521 2497 (fisco.)
551 2461 600 2488 Tb.
626 2462 656 2488 C.
681 2462 724 2488 lx.
745 2465 786 2489 42.
816 2474 836 2489 c.

279 2519 380 2546 prosrr.

315 2551 465 2583 Quiete.
485 2548 597 2582 (Μῖνι.)
619 2547 659 2574 cr.
680 2558 703 2573 v.
725 2548 816 2583 Quas.

316 2594 488 2625 Quietus.
512 2591 640 2625 (Adiect.)
667 2592 698 2625 ᾖ.
716 2592 749 2616 l.
771 2592 995 2625 compositus.
1016 2592 1123 2618 Placi-
1143 2577 1145 2589 1

281 2639 344 2662 dus.
382 2636 410 2662 11.
432 2638 499 2669 01).
526 2634 647 2661 Milium-is
672 2634 824 2667 (babitus.)
849 2650 880 2654 —
906 2636 1002 2669 Quis-ta
1027 2634 1122 2666 (w-sti-

282 2680 392 2711 mruta.)
412 2678 461 2705 Th.
482 2679 513 2705 C.
533 2677 603 2704 XIV.
626 2679 665 2703 10.
691 2688 711 2703 (·.
734 2679 754 2703 l.
775 2687 813 2714 pr.
839 2677 870 2702 (lv
897 2677 986 2703 babitu
1009 2687 1061 2713 quo
1086 2678 1122 2703 uti

283 2731 324 2758 op.
363 2721 403 2747 111.
419 2723 484 2749 Cn.
505 2721 614 2752 Curare,
634 2725 662 2746 ut
681 2725 770 2757 pacata
791 2724 868 2755 atquc
888 2722 974 2756 quic-ta
988 2721 1122 2757 pruvincia

282 2765 325 2790 sit.
350 2762 378 2789 fr.
402 2765 438 2789 13.
465 2764 497 2790 de
521 2764 564 2790 off.
584 2763 672 2790 Pravs.
699 2766 719 2789 1.
742 2764 780 2788 18.
818 2762 889 2788 Pium
914 2763 1122 2799 religiosamque,

283 2807 398 2843 quietam
423 2811 447 2831 et
471 2813 566 2833 castam
588 2823 618 2827 —
639 2807 725 2833 rolere
749 2807 836 2832 vitam.
863 2804 932 2832 Cotl.
952 2805 1004 2831 LL.
1026 2805 1057 2832 111.
1081 2805 1122 2831 VI.

282 2852 306 2876 4.
327 2848 356 2876 cf.
380 2849 407 2874 l'r.
431 2850 468 2874 10.
489 2860 525 2886 pr.
547 2850 578 2876 de
598 2850 665 2877 alim.
686 2861 708 2877 v.
731 2849 778 2876 cib.
799 2851 839 2875 34.
862 2850 883 2874 1.
904 2864 936 2868 -—
962 2849 993 2881 ἓ.
1008 2850 1042 2875 2.
1065 2851 1121 2875 Co-

1092 187 1179 228 Qm.

269 274 300 301 fr.
314 276 354 300 57.
375 273 407 300 de
426 283 534 299 manum.
551 277 651 298 testam.
671 273 714 298 40.
728 272 751 297 4.
790 270 904 307 Quidam
919 269 1115 301 dubitaverunt,
1138 299 1139 305 ἵ

1138 314 1139 327 ¹
1161 311 1284 338 heredem
1304 312 1426 338 instituit.
1446 312 1476 339 fr.
1496 314 1537 339 30.
1559 312 1591 339 de
1610 312 1678 348 vulg.
1699 317 1725 339 et
1744 323 1805 351 pup.
1824 314 1866 340 28.
1886 316 1909 341 6.

1162 279 1295 303 gnomen
1315 278 1387 295 rom.
1424 268 1466 295 III.
1482 270 1548 297 Gn.
1569 270 1695 304 Quietum
1715 280 1747 296 ex
1765 275 1838 307 parte
1851 270 1956 298 dimidia
1973 288 2001 291 —

1196 355 1377 386 Quilibet.
1414 355 1445 388 §.
1465 356 1500 382 l.
1523 357 1654 388 Quivis,
1677 357 1870 391 Quicunque.
1908 356 1926 383 I.
1941 358 2003 392 Sy.

1161 398 1326 434 Quicunque.
1348 396 1388 423 Cf.
1409 397 1434 423 h.
1453 407 1476 424 v.
1497 398 1518 432 5.
1536 401 1560 424 2.
1598 398 1784 436 Supervacuus
1804 399 1916 431 (timor.)
1936 399 1965 426 fr.
1979 402 2003 426 2.

1162 441 1184 474 5.
1206 442 1228 467 1.
1249 440 1278 467 fr.
1297 442 1321 466 3.
1342 450 1373 466 ex
1393 450 1435 477 qu.
1456 450 1477 467 c.
1497 442 1556 467 mai.
1575 442 1598 467 4.
1619 443 1643 468 6.
1682 440 1837 473 Pessimum,
1857 441 2005 477 Quodlibet

1138 505 1140 518 ,Α
1162 484 1310 516 (triticum.)
1331 482 1361 509 fr.
1381 485 1422 509 52.
1442 483 1527 510 mand.
1549 485 1589 510 17.
1611 485 1632 510 l.
1669 483 1700 510 II.
1721 486 1789 518 ⁰1).
1810 484 1943 520 Quilibet,
1962 485 2004 511 vel

1162 536 1237 552 unus.
1255 541 1290 545 —
1309 526 1419 558 Omnes,
1438 526 1481 553 vel
1500 527 1582 553 maior
1601 537 1670 564 parS.
1690 526 1720 554 sr.
1739 529 1782 554 32.
1801 528 1881 562 513.
1901 527 1934 554 de
1953 538 2004 554 rec.

1162 579 1205 606 qu.
1229 569 1283 595 arb.
1307 572 1332 596 4.
1352 571 1375 595 S.
1413 568 1494 596 Solus
1517 569 1597 596 filius.
1635 569 1693 596 Soli
1717 575 1848 607 parentes.
1873 587 1905 590 —
1932 570 2005 606 Quil.

1162 616 1312 638 extraneus.
1340 611 1412 648 Quil.
1434 622 1466 638 ex
1485 612 1593 649 populo.
1619 612 1675 639 Gai.
1696 612 1739 640 IV.
1760 615 1800 639 71.
1825 613 1855 640 sr.
1874 615 1915 640 30.
1939 614 2004 648 5.1.

1138 678 1140 686 2
1163 654 1195 681 dc
1214 654 1244 681 L.
1265 654 1346 681 Corn.
1368 655 1400 681 (le
1415 655 1472 682 fals.
1491 657 1533 681 45.
1549 658 1588 682 10.
1626 656 1709 691 Quasi
1726 656 1845 693 quilibet,
1865 666 1918 683 non
1931 658 2005 693 quasi

1162 707 1233 724 avus.
1254 696 1283 723 fr.
1306 699 1345 724 15.
1366 698 1387 731 5.
1411 700 1432 724 1.
1452 698 1485 724 de
1505 698 1592 736 adopt.
1616 701 1636 725 1.
1657 701 1680 725 7.
1718 699 1760 726 III.
1778 701 1845 727 Cn.
1865 699 1924 726 Non
1944 709 2005 736 ergo

1162 740 1300 777 quodlibet
1323 745 1438 768 statuere
1462 741 1561 768 arbiter
1583 743 1695 779 poterit,
1719 752 1767 769 noc
1787 744 1812 769 in
1833 753 1860 769 re
1880 742 2005 779 qualibet.

1162 784 1191 810 t'r.
1210 785 1252 810 32.
1273 783 1294 816 5.
1316 785 1354 810 15.
1379 784 1411 810 de
1431 794 1482 811 rec.
1503 795 1545 821 qu.
1566 785 1619 811 arb⁴
1639 786 1662 811 4.
1683 788 1706 811 ὅ.
1744 785 1943 812 Procuratorem
1963 784 2006 811 hic

1162 826 1343 863 accipiendum
1362 827 1398 853 ait
1416 837 1468 853 non
1484 828 1637 864 quemlibet,
1657 827 1705 854 sed
1719 833 1767 854 etc.
1788 828 1818 855 sr.
1832 831 1873 855 25.
1893 829 1913 862 5.
1927 830 1952 855 3.
1972 827 2005 854 de

1162 869 1248 896 Aedil.
1273 869 1350 896 edict.
1374 871 1416 896 21.
1437 872 1459 896 1.
1497 870 1653 897 Debitorem
1677 880 1719 903 se,
1748 877 1777 898 ut
1802 876 1954 898 extraneum
1980 876 2005 897 et

1163 912 1314 949 quemlibet,
1335 912 1419 939 facere
1438 913 1550 950 pupillo.
1571 913 1601 940 fr.
1617 915 1658 940 54.
1679 913 1711 940 de
1730 913 1796 940 adm.
1817 919 1843 940 ct
1861 915 1942 951 peric.
1962 915 2004 940 26.

1163 958 1186 982 7.
1225 955 1294 982 Sane
1319 965 1371 981 non
1396 955 1528 992 quaelibet
1550 957 1642 983 iniuria
1663 962 1717 989 est,
1744 957 1822 991 (duci
1841 958 1867 983 in
1887 958 1927 983 ius
1947 967 2005 983 eum

1163 999 1230 1031 etc.)
1256 998 1286 1024 l'r.
1306 1001 1330 1024 5.
1354 998 1420 1032 5.1.
1446 998 1499 1034 Qui
1523 999 1614 1026 satisd.
1635 1010 1689 1036 cog.
1709 1002 1733 1026 2.
1753 1001 1777 1026 8.
1798 1000 1829 1026 cs.
1854 1000 1884 1026 sr.
1904 1002 1928 1026 5.
1953 1000 2004 1035 Qu.

1162 1046 1222 1067 mot.
1244 1052 1264 1067 c.
1285 1042 1308 1066 4.
1324 1043 1348 1067 2.
1387 1040 1521 1076 Qualibet,
1540 1041 1582 1068 vel
1602 1044 1715 1073 minima.
1736 1048 1899 1080 tempestate.
1919 1043 1948 1069 l'r.
1962 1044 2004 1068 24.

1163 1085 1239 1118 510.
1260 1083 1292 1110 de
1312 1083 1396 1110 damn.
1417 1084 1461 1110 ius.
1480 1086 1522 1111 39.
1539 1087 1563 1112 2,
1595 1084 1643 1112 Vel
1665 1097 1695 1112 vx
1716 1086 1764 1112 alia
1785 1085 1902 1123 qualibet
1920 1095 2005 1112 causa.

1163 1127 1220 1153 Gai.
1245 1126 1275 1153 ll.
1302 1128 1343 1153 87.
1369 1126 1400 1152 cf.
1425 1127 1443 1153 1.
1471 1129 1518 1153 115
1530 1127 1553 1154 b.
1583 1144 1613 1148 —
1642 1129 1673 1162 ξ.
1694 1131 1729 1156 2.
1761 1131 2006 1162 Quantuslibet.

1162 1170 1204 1196 III.
1225 1171 1290 1197 011.
1316 1169 1448 1205 Quamdiu
1471 1170 1604 1206 quaelibet
1623 1173 1710 1208 portio
1731 1173 1786 1198 eins
1806 1171 1908 1198 insulae
1926 1181 2007 1198 rema·

1164 1217 1216 1239 net.
1241 1212 1271 1239 l'r.
1291 1214 1332 1238 53.
1357 1212 1390 1239 de
1409 1213 1490 1239 usul'r.
1511 1215 1534 1239 7.
1556 1215 1579 1239 l.
1616 1214 1716 1241 Omnes
1737 1215 1856 1240 omuino,
1877 1231 1907 1235 —
1929 1224 2006 1251 quae-

1164 1256 1228 1282 libet
1247 1266 1355 1282 avorum
1370 1272 1400 1275 —
1415 1261 1550 1282 stemmata
1569 1256 1690 1283 referant.
1711 1256 1760 1283 Th.
1776 1257 1806 1284 C.
1821 1257 1878 1283 XII.
1894 1259 1915 1283 l.
1931 1267 1952 1283 c.
1964 1258 2007 1284 89.

1165 1310 1201 1335 pr.
1222 1299 1254 1326 de
1274 1299 1409 1325 decurion.
1429 1315 1460 1318 —
1486 1299 1516 1332 ς’.
1534 1301 1571 1326 3.
1591 1301 1738 1334 Aliquis,
1759 1302 1927 1335 Singulas.
1964 1299 2006 1326 III.

1164 1344 1230 1370 (7η.
1251 1342 1279 1368 Si
1300 1343 1359 1379 quis
1379 1342 1518 1379 quodlibet
1537 1342 1704 1369 interdictum
1729 1342 1860 1379 efflagitet.
1885 1353 1906 1369 c.
1926 1344 1950 1369 4.
1975 1342 2007 1369 de

1163 1385 1256 1412 interd.
1277 1386 1301 1411 S.
1322 1387 1344 1412 l.

1199 1429 1313 1460 Quin.
1342 1429 1373 1462 §.
1388 1430 1422 1455 l.
1445 1430 1581 1462 Quomin
1591 1439 1638 1461 us,
1662 1430 1697 1455 Γ(
1718 1439 1783 1455 uon.
1812 1428 1933 1456 111th.
1953 1428 2007 1455 Du-

1164 1471 1298 1498 bitandum
1323 1482 1376 1498 non
1396 1482 1468 1503 esse,
1489 1487 1521 1491 —
1542 1473 1604 1508 quin
1625 1473 1694 1505 (nou
1714 1472 1780 1505 etc.)
1806 1471 1835 1497 fr.
1855 1473 1896 1498 30.
1915 1482 1954 1509 pr.
1974 1472 2008 1499 de

1164 1520 1230 1552 pact.
1251 1516 1330 1541 2.14.
1351 1515 1380 1541 fr.
1401 1516 1442 1541 36.
1462 1515 1484 1548 5.
1498 1516 1522 1541 3.
1543 1514 1575 1541 de
1594 1514 1683 1541 hored.
1703 1519 1756 1552 pet.
1776 1517 1799 1541 5.
1813 1516 1837 1541 3.
1858 1514 1888 1541 fr.
1902 1516 1925 1542 9.
1945 1515 1967 1549 5.
1984 1517 2006 1541 1.

1165 1558 1197 1584 de
1220 1557 1355 1584 decurion.
1381 1561 1421 1584 50.
1441 1560 1466 1584 2.
1504 1557 1572 1584 Sunt
1596 1557 1681 1593 digni.
1705 1558 1768 1594 quin
1792 1568 1848 1583 eam
1871 1567 1924 1584 non
1947 1558 2007 1584 reti-

1165 1605 1249 1626 neant.
1280 1599 1364 1627 Vatic.
1390 1602 1411 1635 5.
1435 1603 1495 1627 272.
1523 1616 1555 1620 —
1583 1601 1614 1634 ξ.
1634 1602 1669 1627 2.
1701 1603 1779 1633 Ima,
1808 1602 1873 1627 11110
1900 1602 2007 1628 eliam.

1141 1657 1142 1663 .
1164 1643 1206 1669 III.
1227 1645 1293 1670 Cn.
1319 1645 1391 1679 Quin
1416 1648 1441 1669 et
1464 1645 1491 1670 in
1515 1643 1580 1670 urbe
1599 1643 1681 1669 Roma
1701 1659 1733 1663 —
1754 1644 1848 1670 morari
1867 1643 2008 1680 prohiben-

1164 1691 1214 1712 tur.
1235 1685 1292 1712 Gai.
1306 1686 1324 1712 Ι.
1339 1688 1379 1713 27.
1417 1686 1568 1722 Quinetiam
1588 1687 1671 1712 invito
1692 1696 1798 1723 quoque
1817 1696 1847 1712 eo
1868 1691 1917 1713 etc.
1936 1686 2007 1713 1d.1.

1166 1731 1222 1756 140.
1261 1730 1412 1765 Quinetiam
1431 1729 1493 1756 lIcet
1512 1729 1667 1755 vilissimam
1686 1734 1758 1766 petat
1778 1734 1825 1756 etc.
1844 1729 1882 1755 ld.
1901 1729 1945 1756 lV.
1965 1731 2008 1756 53.

1164 1774 1204 1799 71.
1242 1772 1367 1808 Quinimo
1388 1773 1437 1799 etsi
1458 1774 1507 1798 iam
1528 1777 1575 1798 etc.
1601 1772 1631 1798 fr.
1654 1774 1693 1799 10.
1719 1782 1811 1799 comm.
1830 1772 1919 1809 praed.
1939 1774 1964 1799 8.
1983 1774 2007 1798 4.

1164 1815 1192 1842 1“ι·.
1213 1817 1253 1842 24.
1274 1816 1295 1849 5.
1315 1818 1357 1842 21.
1379 1815 1411 1842 de
1431 1815 1517 1842 fideic.
1538 1815 1601 1841 libb.
1622 1817 1663 1841 40.
1677 1818 1701 1842 5.
1738 1816 1863 1850 Quiuimu
1883 1816 1960 1842 etiam
1979 1814 2008 1842 il-

1165 1858 1208 1884 lud
1229 1858 1369 1885 dicendum
1389 1864 1438 1885 est.
1465 1858 1494 1885 fr.
1514 1861 1556 1885 35.
1577 1858 1610 1884 (Ie
1628 1868 1689 1885 nox.
1709 1863 1758 1884 act.
1778 1860 1801 1885 9.
1821 1860 1844 1884 4.
1882 1858 2008 1894 Quinimo

1164 1906 1234 1939 post,
1253 1911 1276 1928 v.
1297 1903 1354 1928 iam.
1375 1902 1404 1928 l'r.
1424 1904 1465 1928 25.
1486 1902 1507 1936 5.
1529 1903 1552 1928 7.
1573 1901 1605 1927 de
1623 1901 1712 1928 hored.
1732 1906 1782 1937 pet.
1803 1903 1826 1927 5.
1845 1903 1870 1928 3.
1891 1911 1911 1928 c.
1934 1903 1955 1927 l.
1976 1900 2008 1927 dc

1164 1944 1264 1981 sepulc.
1284 1945 1345 1971 viol.
1366 1947 1389 1972 6.
1412 1946 1451 1971 19,
1489 1945 1615 1980 Quinimo
1635 1945 1661 1970 in
1681 1945 1847 1971 contrarium.
1867 1944 1898 1971 sr.
1915 1945 1956 1971 69.
1975 1943 2006 1969 ad

1164 1987 1190 2014 S.
1200 1987 1229 2014 C.
1251 1987 1329 2014 Treb.
1350 1990 1391 2014 36.
1414 1990 1435 2014 1.

1199 2031 1413 2062 Quint-tilis.
1452 2030 1493 2057 Cf.
1513 2041 1536 2057 v.
1558 2030 1694 2066 Quintilis.

1199 2075 1414 2105 Quint-unx.
1450 2076 1474 2100 1⁷
1491 2076 1605 2100 uncias
1623 2075 1747 2100 habens.
1784 2072 1826 2099 111.
1844 2072 1910 2100 Cn.
1930 2071 1960 2098 Si
1974 2087 2006 2091 —·

1164 2127 1229 2154 pure
1249 2119 1383 2154 quincunx
1408 2116 1508 2153 legatus
1532 2117 1574 2142 sit.
1599 2116 1628 2143 fr.
1651 2118 1673 2142 l.
1698 2116 1719 2150 5.
1742 2118 1780 2142 14.
1805 2116 1827 2141 si
1847 2115 1887 2140 cui
1906 2114 1942 2152 pl.
1963 2125 2005 2151 qu.

1165 2170 1189 2197 p.
1206 2159 1235 2186 L.
1250 2160 1319 2186 Falr..
1339 2162 1380 2186 35.
1394 2161 1418 2186 3.
1457 2160 1627 2195 Quincunces
1647 2169 1740 2185 usuras
1760 2163 1900 2195 praestare.
1920 2157 1950 2184 sr.
1966 2160 2006 2184 17.

1165 2213 1204 2240 pr.
1225 2203 1257 2229 «lc
1277 2212 1347 2229 usur.
1367 2204 1445 2229 22.1.
1467 2202 1496 2228 l'r.
1519 2205 1558 2229 16.
1578 2203 1599 2236 5.
1613 2204 1637 2228 2.
1658 2201 1690 2228 de
1709 2201 1776 2228 alim.
1796 2211 1819 2227 v.
1840 2200 1889 2227 cib.
1909 2202 1989 2227 341.

1201 2246 1546 2277 Quindecennium.
1585 2247 1733 2279 Spatium
1758 2246 1857 2270 trium
1886 2246 2007 2271 lustro-

1165 2300 1241 2315 rum.
1277 2288 1319 2314 III.
1337 2290 1402 2316 Gn.
1428 2288 1657 2323 Quindecennium
1675 2287 1701 2312 in
1721 2286 1822 2312 ordinis
1841 2288 1880 2313 sui
1901 2286 2008 2314 admini-

1166 2333 1292 2358 stratione
1316 2331 1456 2369 complere.
1482 2331 1531 2358 Th.
1551 2330 1582 2357 C.
1601 2329 1657 2356 XII.
1680 2331 1701 2355 l.
1726 2339 1747 2355 c.
1768 2331 1824 2355 171.
1845 2340 1883 2367 pr.
1908 2329 1941 2356 de
1964 2329 2007 2356 de-

1167 2376 1265 2401 aurion.

1202 2417 1441 2449 Quindecim.
1468 2418 1575 2442 Decem
1593 2422 1623 2441 ec
1643 2417 1789 2450 quinque.
1813 2415 1856 2442 ΙΙΙ.
1872 2417 1937 2443 Gn.
1956 2415 2007 2442 Per

1166 2460 1223 2487 dies
1248 2462 1387 2486 continuos
1410 2459 1488 2485 XXX
1513 2475 1542 2479 —
1567 2463 1629 2495 post
1653 2458 1708 2484 (lies
1734 2458 1791 2485 XV.
1821 2459 1878 2485 Gai.
1901 2458 1944 2485 III.
1966 2460 2005 2485 79.

1167 2505 1316 2538 Quominus
1332 2503 1412 2540 pedu-s
1426 2501 1476 2528 XV
1496 2511 1508 2527 a
1529 2506 1596 2527 terra
1617 2512 1670 2527 ram
1690 2501 1767 2527 altius
1788 2511 1917 2528 coerceas.
1939 2501 1967 2528 sr.
1986 2504 2005 2528 1.

1143 2543 1145 2549 1
1167 2547 1204 2582 55.
1220 2549 1241 2573 7.
1262 2556 1320 2582 sqq.
1341 2546 1373 2572 de
1392 2545 1476 2571 arbor.
1497 2544 1566 2570 rard.
1587 2546 1627 2570 ⁴13.
1647 2546 1689 2571 27.
1709 2544 1747 2575 X,
1767 2549 1811 2571 aut
1833 2543 1856 2570 V
1880 2544 2005 2578 (dabis?)

1168 2589 1197 2615 fr.
1220 2591 1277 2615 109.
1297 2589 1329 2615 dt:
1348 2588 1379 2614 V.
1400 2588 1432 2613 Ο.
1453 2589 1493 2613 45.
1516 2589 1537 2613 1.

1203 2631 1497 2665 (ὶιιὶῐιςί-Ιιιιῐίιιε.
1513 2630 1640 2662 (Adieet.)
1662 2632 1837 2657 Continens
1856 2639 2004 2657 summam

1170 2676 1195 2700 1)
1214 2684 1416 2701 nummorum.
1455 2673 1496 2699 111.
1517 2675 1584 2700 Cu.
1608 2673 1661 2699 Aut
1684 2674 1852 2709 quingenaria
1871 2678 1938 2705 erat,
1961 2677 2005 2698 aut

1168 2717 1386 2754 quinquagenaria
1406 2719 1502 2753 (porna
1521 2716 1698 2749 sacramenti.)
1718 2716 1774 2742 Gai.
1794 2715 1838 2742 IV.
1859 2717 1898 2741 14.
1918 2724 1975 2751 sqq.

1203 2760 1405 2793 Quiugvni.
1445 2761 1674 2795 Quingeuteni.
1712 2758 1754 2784 III.
1774 2760 1839 2786 Cn.
1863 2758 1891 2785 Si
1910 2773 1941 2777 —
1962 2767 2004 2794 pa-

1167 2805 1251 2830 tronis
1265 2802 1368 2828 duobus
1384 2812 1476 2838 operas
1490 2802 1522 2829 M.
1543 2802 1663 2828 daturum
1683 2812 1711 2827 se
1731 2802 1862 2831 iuraverit,
1881 2815 1912 2819 —
1931 2801 2005 2836 quin-

1166 2856 1244 2883 geuas
1265 2847 1353 2883 potitis
1374 2845 1471 2872 deberi.
1494 2845 1523 2872 l'r.
1540 2847 1578 2871 15.
1598 2846 1619 2879 5.
1638 2847 1659 2871 l.
1679 2844 1711 2871 de
1731 2854 1802 2881 oper.
1816 2843 1901 2870 libert.
1914 2844 1991 2870 331.
