2197 3121
274 169 336 199 456

276 251 309 278 de
328 255 451 277 transact.
470 251 494 275 2.
516 251 556 276 15.
601 248 665 275 Inde
688 247 766 274 facile.
790 245 938 282 intelligere
963 244 1037 272 licet.
1061 246 1121 282 qnia

277 299 325 321 etc.
346 294 375 320 fr.
398 295 418 319 l.
439 293 460 324 ς’.
481 294 504 318 4.
525 292 558 319 de
577 291 595 318 I.
611 297 636 318 et
649 291 667 318 1.
690 293 716 318 l.
730 293 752 317 1.
790 289 854 316 Inde
872 288 1039 316 manifestum
1053 298 1122 320 esse,
1143 283 1144 293 ¹

277 336 349 373 quod
370 341 419 361 etc.
441 334 497 361 Gai.
518 335 548 361 11.
568 336 627 361 218,
670 333 705 360 Vt
730 333 791 360 inde
816 334 851 359 sit
875 338 901 359 et.
920 332 1019 358 dictum
1039 335 1064 357 et
1083 341 1122 358 re-

278 466 330 500 Qn.
346 463 403 490 dies
423 463 499 499 legat.
519 465 561 490 36.
581 466 605 489 2.
625 463 655 489 fr.
678 464 700 488 l.
720 463 742 496 ξ.
763 464 802 488 10.
823 462 855 488 de
875 461 908 487 O.
928 460 960 487 N.
980 460 1012 487 N.
1031 462 1073 487 39.
1090 462 1112 488 l.

313 507 503 534 Inde-bite.
541 506 663 539 (Advb.)
701 506 732 539 ς.
758 507 792 532 l.
820 507 966 536 Iniuste,
987 505 1123 530 Illicite.

278 550 296 577 1.
317 551 378 584 Sy.
399 549 567 581 indecenter,
588 549 688 575 Contra
713 548 821 575 licitum.
847 547 898 574 Th.
919 547 950 574 C.
970 546 1038 573 Yffl.
1057 549 1082 573 4.
1103 557 1124 573 c.

276 596 319 621 21.
340 604 361 620 c.
381 596 423 620 25.
445 603 466 619 c.
486 594 528 619 29.
549 591 582 619 de
603 591 730 618 cohortal.
756 591 799 617 ΙΙΙ.
817 592 883 618 Cn.
903 590 1023 617 Indebite
1043 595 1068 616 et
1086 591 1125 617 in-

278 637 396 664 solenter
416 646 544 673 usurparc
564 635 697 669 (habitum
717 633 928 672 philosophiae.)
954 632 991 660 lb.
1010 633 1080 660 Xlll.
1099 634 1123 660 3.
1146 633 1147 646 ³

279 691 300 706 c.
322 682 345 706 7.
366 679 399 706 de
419 678 511 706 medic.
531 683 557 705 ct
577 678 644 716 prof.
682 677 825 704 Retentare
843 676 931 703 iudeb.
948 671 996 703 x1l1.
1017 676 1063 703 IX.
1083 677 1124 702 42.

279 734 300 749 r.
323 724 362 750 19.
383 722 415 749 de
434 722 495 748 bon.
516 731 617 759 proscr.
651 736 682 740 ——
715 721 747 754 ἓ.
768 721 804 747 2.
825 721 893 747 Xon
912 722 999 746 iusto
1019 721 1125 746 debito

279 767 528 793 interi-enienle.
553 764 597 791 ΙΙΙ.
613 765 678 791 Gn.
698 762 819 789 lndebite
838 764 1002 800 promittere,
1022 772 1045 788 v.
1067 771 1125 788 cau·
1146 763 1148 781 ¹

280 810 380 835 tionem
400 817 541 845 exponere.
561 806 591 833 fr.
611 808 652 832 25.
674 807 695 840 ξ.
715 808 739 832 4.
760 806 793 833 de
812 806 916 843 probat.
935 808 977 833 22.
996 806 1021 831 3.
1147 810 1148 825 ¹

280 894 386 925 solutis.
406 895 454 921 tria
474 893 592 920 indebito
614 892 657 926 [al.
677 892 806 926 indebita]
837 891 924 919 soluta
943 896 1013 918 sunt.
1034 891 1065 917 fr.
1083 893 1126 917 25.

281 938 314 965 de
334 937 410 964 cond.
431 936 518 963 indeb.
540 937 580 962 12.
600 937 628 962 6.

316 979 530 1007 ludebitus.
563 978 692 1012 (Adiect.)
725 979 756 1013 ξ.
774 980 809 1006 l.
830 979 1036 1009 1mmeritus,
1057 978 1126 1004 Non

281 1030 468 1057 competens.
499 1021 543 1048 ΙΙΙ.
562 1023 628 1049 Cn.
648 1021 740 1048 Yetito
760 1031 789 1048 se
810 1026 835 1048 et
854 1021 972 1047 indebito
992 1019 1128 1053 (abdicare
1148 1024 1150 1028 ’

282 1066 397 1099 indutu.)
419 1065 469 1093 Th.
490 1065 520 1092 C.
540 1065 574 1091 X.
593 1066 636 1091 21.
656 1075 678 1091 c.
697 1066 721 1091 2.
741 1064 774 1091 de
797 1064 892 1091 vestib.
914 1063 1002 1090 holov.
1040 1062 1129 1100 Adpa-

283 1111 387 1137 ritionis
417 1109 542 1147 propriae
570 1107 734 1134 desertorem
762 1107 794 1134 ad
823 1107 966 1134 indebitam
993 1106 1129 1143 adspirare

282 1157 332 1187 (ne
352 1153 412 1189 quis
431 1151 572 1189 patiatur.)
604 1151 641 1177 lb.
662 1150 730 1176 Ytll.
751 1153 774 1176 7.
799 1160 820 1177 c.
844 1153 882 1177 16.
907 1150 928 1184 ξ.
948 1151 972 1176 3,
993 1160 1014 1176 c.
1036 1151 1076 1175 18.
1097 1148 1129 1185 de
1150 1146 1152 1177 i

283 1196 336 1223 div.
356 1194 425 1222 offic.
445 1194 561 1222 Honoris
587 1193 698 1220 indebiti
723 1193 842 1230 adripere
867 1193 986 1229 insignia.
1014 1191 1052 1218 lb.
1071 1191 1128 1218 XII.

284 1241 307 1266 1.
327 1250 348 1266 c.
368 1240 392 1265 4.
414 1249 434 1265 c.
457 1240 497 1264 71.
518 1247 539 1264 c.
561 1239 618 1263 118.
639 1237 659 1270 ξ.
683 1239 705 1263 1.
726 1236 758 1262 de
777 1236 911 1263 decurion.
926 1251 959 1256 -—
973 1236 1003 1269 ξ.
1024 1236 1060 1262 2.
1080 1236 1129 1262 Ex

283 1283 492 1317 obligatione
510 1281 632 1307 inutili
651 1281 824 1306 oriundus.
862 1279 881 1306 Ι.
897 1280 959 1313 Sy.
979 1277 1039 1305 Non
1059 1277 1130 1304 debi-

283 1331 346 1352 tum.
384 1323 516 1361 Amplius,
536 1332 613 1359 quam
635 1322 787 1348 debebatur.
825 1321 981 1348 Indebitum.
1010 1321 1130 1348 Indebita

282 1368 402 1405 pecunia.
423 1366 453 1392 fr.
472 1369 513 1392 45.
534 1365 564 1392 fr.
584 1367 625 1392 47.
645 1365 675 1392 fr.
696 1366 738 1392 64.
757 1374 797 1401 sq.
823 1365 856 1392 de
881 1365 958 1392 cond.
979 1364 1069 1392 indeb.
1090 1367 1130 1392 12.

283 1413 308 1437 6.
327 1410 357 1436 fr.
378 1411 418 1436 84.
438 1419 478 1446 pr.
498 1408 531 1435 de
549 1408 580 1435 R.
601 1408 620 1434 1.
640 1410 681 1434 50.
704 1410 742 1435 17.
780 1407 811 1434 II.
836 1410 904 1443 Op.
932 1408 1068 1435 Debitum.
1089 1407 1130 1435 Cf.

284 1463 310 1480 v.
330 1452 453 1479 Debitus.
473 1452 495 1486 §.
515 1453 538 1478 3.
576 1451 619 1478 111.
647 1453 708 1479 Cn.
734 1450 883 1478 ludebitum
902 1451 1019 1478 solutum
1038 1452 1132 1488 accipi-

284 1506 353 1524 mus,
374 1505 425 1521 non
450 1495 535 1521 solum
559 1495 582 1521 si
609 1495 714 1521 omnino
741 1505 794 1521 non
818 1494 973 1527 debebatur,
997 1493 1045 1521 sed
1065 1499 1090 1520 et
1109 1495 1132 1520 si

284 1549 333 1577 per
357 1538 470 1575 aliquam
497 1538 679 1575 exceptionem
703 1539 757 1575 peti
782 1547 835 1564 non
863 1542 974 1575 poterat.
1004 1537 1089 1564 Yatic.
1109 1537 1131 1570 ξ.

284 1584 344 1609 266.
365 1581 407 1608 Cf.
427 1581 457 1608 fr.
478 1581 519 1607 65.
539 1581 561 1615 §.
583 1582 606 1607 9.
632 1580 665 1607 de
689 1580 764 1607 cond.
790 1580 878 1607 indeb.
904 1583 944 1607 12.
968 1582 992 1607 6.
1029 1579 1132 1606 Indebi-

286 1631 339 1652 tam
363 1626 419 1651 iure
442 1624 559 1661 gentium
582 1624 721 1661 pecuniam
746 1623 835 1650 solvit.
860 1623 890 1650 fr.
917 1625 958 1649 47.
985 1623 1020 1649 ih.
1047 1625 1087 1649 12.
1108 1624 1132 1649 6.
1154 1633 1156 1658 ι

286 1668 433 1695 Indebitam
452 1667 590 1704 pecuniam
609 1676 657 1703 per
677 1676 792 1693 errorem
811 1667 967 1703 promisisti.
986 1665 1024 1692 lb.
1041 1665 1086 1692 1.l.
1101 1666 1132 1692 cf.

286 1711 318 1738 fr.
329 1713 378 1737 ’26.
399 1711 421 1744 ξ.
440 1712 464 1736 2.
485 1710 519 1736 ib.
541 1712 580 1736 12.
601 1711 624 1738 6,
672 1708 731 1735 Non
751 1708 831 1735 habet
851 1709 1059 1740 condictionem.
1082 1708 1135 1735 vel-

287 1755 326 1781 uti
344 1753 456 1781 indebiti
476 1752 570 1785 soluti,
596 1752 643 1779 sed
668 1753 708 1778 sui
734 1752 826 1778 crediti
852 1753 1014 1789 petitionem.
1042 1752 1072 1778 fr.
1091 1753 1133 1778 30.
1155 1743 1157 1766 l

287 1798 322 1824 ib.
344 1799 384 1823 12.
404 1798 427 1823 6.
448 1795 478 1823 fr.
497 1798 539 1822 50.
560 1795 592 1822 de
612 1795 691 1822 solut.
706 1797 747 1822 46.
761 1797 785 1821 3.
823 1795 901 1821 Actio
922 1794 1040 1821 indebiti.
1061 1794 1091 1822 fr.
1109 1796 1134 1821 8.

289 1840 321 1867 de
341 1840 410 1867 alim.
434 1850 458 1867 v.
483 1839 563 1866 cibar.
585 1840 627 1865 34.
654 1840 676 1865 1.
713 1838 845 1878 liepete'rn
863 1837 1018 1865 indebitum.
1038 1838 1069 1865 fr.
1093 1839 1134 1864 65.
1156 1842 1157 1856 ³

289 1884 311 1918 §.
335 1885 359 1909 5.
383 1883 415 1910 de
440 1882 516 1909 cond.
542 1882 629 1909 indeb.
657 1884 695 1908 12.
722 1883 745 1908 6.
795 1880 964 1908 Frumentum
988 1881 1134 1908 indebitum
1156 1883 1158 1912 ζ

290 1926 404 1953 solvere.
426 1925 455 1952 fr.
475 1927 516 1951 65.
537 1926 558 1959 §.
579 1926 603 1951 6.
623 1925 656 1952 ih.
674 1927 712 1950 12.
732 1926 755 1951 6.
794 1924 1004 1951 1⁴‘ideiconunissi
1025 1924 1136 1951 indebiti
1156 1917 1158 1927 ¹

290 1970 422 2006 repetitio.
449 1968 479 1994 fr.
505 1970 546 1994 523.
572 1967 606 1994 ib.
628 1969 667 1994 12.
690 1969 714 1993 6.
752 1968 818 1994 Sors
838 1957 961 1994 indebita.
983 1984 1014 1989 -
1034 1967 1137 1995 Vsurae

291 2011 432 2039 indebitae.
453 2011 483 2037 fr.
502 2012 544 2037 26.
565 2021 603 2048 pr.
624 2011 659 2037 ib.
681 2012 720 2037 12.
740 2012 765 2037 6.

328 2056 530 2082 ludecens.
568 2053 697 2086 (Adiect.)
736 2055 922 2081 Indecorus.
948 2053 991 2081 III.
1012 2055 1078 2082 Gn.
1098 2054 1137 2081 In-
1158 2055 1160 2081 l

293 2098 414 2124 honestis
438 2097 514 2124 factis
538 2101 616 2132 atque
642 2096 825 2123 indecentibus
849 2098 919 2123 votis
945 2097 1046 2128 (filium
1069 2097 1138 2124 forte

294 2141 412 2173 obsedit.
432 2150 469 2166 sc.
494 2141 602 2172 mater.)
631 2139 681 2166 Th.
707 2139 737 2166 C.
757 2139 786 2166 ll.
809 2141 848 2166 19.
869 2150 890 2167 c.
909 2142 933 2166 2.
958 2139 991 2167 de
1010 2141 1082 2167 inoff.
1103 2145 1139 2166 te·
1159 2139 1161 2159 l

1099 162 1187 193 IND.

1202 244 1422 273 luderet-se.
1460 246 1583 279 (Αάτῦ.)
1621 248 1717 274 Citra
1738 249 2004 282 prohihitionem.

1166 287 1209 314 III.
1230 288 1296 315 (1η.
1328 287 1404 323 Quae
1427 291 1525 325 argenti
1549 289 1722 316 distractores
1740 305 1773 309 —
1792 290 1927 318 indefense
1947 300 2006 317 con-

1144 358 1146 366 .
1167 331 1312 357 stituerint.
1333 340 1353 357 e.
1373 332 1397 357 2.
1417 331 1439 365 §
1458 334 1483 359 2.
1503 332 1535 359 de
1555 337 1640 359 const.
1659 343 1754 370 pecun.
1773 335 1797 360 4.
1818 335 1858 360 18.

276 381 412 416 scriptum.
433 378 463 404 fr.
487 380 509 404 7.
530 379 552 411 ξ.
571 379 595 404 2.
616 377 649 404 de
667 380 791 403 transact.
816 378 842 402 2.
862 378 900 411 15.
937 374 1001 401 Inde
1021 375 1124 410 quaerit
1145 387 1146 406 ῃ

277 421 442 455 (lulianus)
466 431 490 446 v.
517 421 651 457 quaeritur
675 419 743 456 apud
767 418 913 452 (Celsum.)
944 417 974 444 fr.
994 419 1035 444 14.
1055 417 1077 451 ξ.
1099 419 1121 444 l.
1145 410 1147 427 l

1203 375 1446 402 luderensus.
1484 375 1623 408 (Adiect.)
1661 376 1854 412 Defensorie
1877 385 2006 410 expers,

1167 419 1226 452 qui
1249 419 1374 444 nomine
1403 419 1472 444 eins
1499 420 1624 446 iudicio
1653 421 1853 452 experiatur.
1902 418 1921 445 l.
1945 419 2007 452 Sy·

1145 482 1146 487 ,
1169 460 1222 496 Qui
1243 470 1295 486 non
1310 460 1466 487 defenditur.
1502 460 1666 488 Defensione
1679 462 1747 487 iusta
1760 461 1911 488 destitutus.
1925 460 1955 487 fr.
1965 462 2007 487 31.

1168 513 1208 540 sq.
1230 502 1262 530 de
1282 513 1343 530 nox.
1364 508 1412 529 act.
1432 504 1456 530 9.
1476 504 1499 530 4.
1521 514 1542 530 c.
1561 506 1586 531 3.
1606 514 1627 531 c.
1647 505 1670 530 6.
1692 505 1788 540 Quom.
1808 509 1834 531 et
1853 514 1896 541 qu.
1916 503 1968 530 iud.
1983 505 2007 530 7.

1167 548 1209 573 43.
1246 546 1290 573 111.
1317 547 1382 574 Gn.
1414 545 1527 583 Propter
1550 548 1647 574 metium
1671 546 1749 574 huius
1774 547 1893 584 periculi.
1912 551 2009 573 temere

1169 589 1333 616 indefensum
1353 590 1393 616 ius
1412 599 1488 616 suum
1508 589 1664 626 relinquere.
1689 590 1719 617 t'r.
1739 592 1780 616 40.
1805 600 1844 628 pr.
1868 589 1900 616 de
1920 589 2008 616 hered.

1168 638 1222 671 pet.
1245 634 1270 659 5.
1293 634 1317 659 3.
1359 631 1444 658 Vobis
1469 632 1636 665 absentibus,
1661 638 1687 660 et
1711 633 1906 670 ignorantibus,
1931 637 2010 670 atque

1169 675 1314 702 indefensis
1333 675 1509 709 (iudicatum.)
1529 686 1550 702 c.
1570 677 1594 702 3.
1614 675 1632 703 l.
1652 678 1675 703 7.
1689 678 1730 702 43.
1752 676 1783 702 cf.
1804 686 1826 703 c.
1846 678 1886 703 12.
1906 675 1938 702 de
1951 685 2011 712 pro-

1146 745 1147 752 ,
1170 729 1224 746 cur.
1243 721 1268 744 2.
1290 720 1331 745 13.
1370 718 1470 745 Contra
1489 719 1620 756 pupillum
1639 719 1816 751 indefensum,
1836 729 1948 756 eumque
1966 719 2012 755 qui

1170 762 1236 799 reip.
1256 771 1276 788 c.
1297 761 1386 793 abest,
1410 761 1453 788 vel
1477 763 1604 789 minorem
1624 762 1700 789 XXV
1720 763 1808 794 annis,
1832 763 2013 799 (propositum

1147 828 1149 834 .
1170 804 1383 842 peremtorium.)
1409 804 1440 831 fr.
1464 807 1505 831 54.
1530 816 1569 842 pr.
1595 805 1627 832 cf.
1652 805 1682 832 fr.
1702 807 1744 832 45.
1768 806 1790 840 ξ.
1809 807 1833 832 2.
1860 805 1892 832 de
1911 815 1940 832 re
1958 804 2011 831 iud.

316 851 508 879 Indebito.
547 849 660 883 (ΑΜ.)
698 848 777 876 mem.
797 849 840 876 111.
864 850 930 877 cn.
950 847 1056 884 Quibus
1069 857 1127 885 per-
1146 839 1149 849 ’

1170 850 1212 875 42.
1234 850 1255 874 1.
1294 847 1386 883 Magna
1406 847 1504 874 utilitas
1524 848 1672 874 absentium
1690 853 1819 880 versatur,
1838 858 1870 874 ne
1884 847 2014 875 indefensi

1146 905 1149 920 ε
1170 901 1258 918 rerum
1281 891 1481 928 possessionem
1505 896 1548 917 aut
1571 891 1750 918 venditionem
1777 892 1918 929 patiantur.
1937 890 1969 917 fr.
1989 892 2011 917 l.

1171 934 1204 961 de
1222 933 1254 960 N.
1275 933 1306 960 G.
1326 935 1350 960 3.
1371 935 1394 960 5.
1432 933 1525 970 Neque
1548 935 1617 960 enim
1640 944 1689 972 pro
1713 934 1851 961 indefenso
1870 933 2013 961 derelictus

1170 982 1242 1004 recte
1262 976 1314 1003 dici
1333 981 1431 1014 potest,
1451 978 1495 1014 qui
1515 977 1648 1004 dominum
1667 982 1834 1015 praesentem
1846 987 1898 1004 non
1914 976 2014 1007 habuit.

1171 1019 1214 1047 vel
1234 1019 1326 1046 habuit
1344 1025 1462 1057 paratum
1482 1019 1623 1047 defendere
1642 1026 1692 1047 etc.
1717 1020 1747 1047 fr.
1766 1022 1791 1047 2.
1811 1021 1833 1055 §.
1853 1022 1876 1046 1.
1896 1019 1929 1046 de
1948 1024 2015 1046 cust.

1174 1068 1200 1090 et
1219 1062 1279 1089 exli.
1298 1064 1340 1089 48.
1359 1063 1384 1089 3.
1405 1062 1436 1090 cf.
1456 1062 1487 1089 fr.
1506 1064 1548 1090 29.
1569 1063 1601 1089 de
1620 1074 1680 1091 nox.
1701 1069 1750 1090 act.
1769 1065 1793 1090 9.
1813 1066 1837 1090 4.

1208 1106 1474 1133 Indemnatus.
1504 1105 1632 1139 (Adiect.)
1665 1108 1808 1133 Nondum
1828 1109 2016 1134 condemna-

1173 1156 1234 1176 tus.
1273 1148 1293 1175 I.
1319 1150 1381 1183 Sy.
1400 1148 1471 1175 Ante
1489 1150 1652 1182 sententiam,
1671 1149 1700 1176 In
1719 1154 1806 1179 reatu.
1826 1148 1976 1183 (decedere,
1994 1158 2016 1175 s.

1174 1191 1302 1229 defungi.)
1321 1191 1352 1218 fr.
1372 1193 1396 1219 9.
1417 1192 1469 1227 Qu.
1489 1196 1591 1218 testam.
1616 1191 1664 1219 fac.
1689 1202 1715 1230 p.
1738 1194 1780 1218 28.
1801 1194 1824 1219 1.
1848 1191 1878 1218 fr.
1899 1194 1925 1219 2.
1950 1191 1972 1225 ξ.
1993 1193 2016 1218 1.

1175 1235 1205 1263 fr.
1225 1237 1250 1261 3.
1271 1236 1309 1269 ἕξ.
1331 1237 1354 1261 1.
1375 1236 1400 1261 8.
1421 1234 1454 1262 de
1472 1234 1533 1261 bon.
1554 1245 1607 1262 eor.
1628 1245 1671 1272 qu.
1691 1246 1712 1262 a.
1732 1240 1798 1262 sent.
1817 1236 1859 1261 48.
1878 1236 1920 1262 21.

1210 1278 1421 1306 Inde-mnis.
1459 1277 1588 1311 (Adiect.)
1626 1278 1656 1311 §.
1682 1279 1716 1305 1.
1748 1279 1870 1305 Damni
1892 1287 2016 1312 expers.

1176 1324 1321 1350 Securus
1347 1323 1439 1348 circa
1471 1323 1717 1348 restitutionem
1750 1323 1833 1353 eius,
1863 1323 1948 1355 quod
1976 1322 2017 1352 ei,

1176 1367 1225 1392 vel
1243 1366 1347 1392 alteri
1366 1366 1465 1392 abest.
1496 1363 1527 1390 11.
1543 1365 1610 1398 Op.
1630 1363 1736 1390 Teneri.
1755 1379 1788 1383 —
1806 1363 1940 1391 Indemnis
1959 1373 2019 1390 esse

1176 1413 1308 1446 oportere.
1328 1407 1358 1434 fr.
1378 1409 1402 1434 9.
1423 1407 1460 1442 ἐξ.
1481 1409 1504 1434 4.
1525 1409 1549 1434 6.
1569 1408 1592 1433 8.
1613 1406 1646 1433 de
1665 1406 1731 1433 adm.
1756 1417 1806 1433 rer.
1827 1406 1859 1434 ad
1878 1408 1950 1434 civit.
1973 1409 2015 1433 50.

1152 1474 1153 1481 ,
1175 1453 1198 1479 8.
1236 1450 1276 1478 Ne
1294 1450 1338 1477 alii
1357 1450 1494 1477 indemnes
1513 1451 1586 1483 fiant,
1606 1449 1650 1477 alii
1669 1449 1792 1476 damnum
1805 1451 1929 1477 sentiant.
1948 1449 1980 1476 fr.
1993 1452 2018 1477 5.

1153 1512 1154 1529 3
1175 1495 1197 1529 §.
1219 1496 1259 1521 16.
1280 1494 1312 1521 de
1331 1493 1421 1520 tribut.
1448 1499 1496 1520 act.
1517 1495 1557 1520 14.
1576 1496 1600 1520 4.
1641 1493 1792 1519 Indemnem
1811 1495 1948 1530 praestari,
1966 1503 2020 1520 non

1177 1539 1254 1564 etiam
1273 1537 1374 1564 lucrum
1394 1538 1502 1564 sentire.
1527 1536 1557 1564 fr.
1582 1538 1622 1563 16.
1648 1536 1681 1563 de
1704 1537 1760 1563 iure
1779 1536 1832 1564 dot.
1852 1538 1894 1564 23.
1913 1538 1938 1563 3.
1976 1536 2019 1564 111.

1177 1582 1243 1609 οη.
1263 1580 1405 1616 Reliquum
1424 1580 1488 1607 mihi
1508 1596 1540 1600 —
1560 1584 1690 1617 praesteS,
1711 1584 1737 1606 et
1751 1579 1898 1606 indemnem
1917 1590 1959 1607 me
1973 1590 2021 1617 per

1177 1625 1264 1650 omnia
1283 1633 1434 1650 conserves.
1460 1622 1491 1650 fr.
1511 1625 1536 1649 5.
1559 1623 1581 1657 §.
1601 1624 1624 1648 3.
1644 1622 1730 1649 mand.
1751 1624 1791 1649 17.
1812 1624 1834 1649 l.
1871 1622 2021 1660 Stipulaba-

1178 1672 1233 1698 tur,
1254 1682 1286 1686 —
1306 1670 1348 1698 ut,
1372 1665 1502 1703 quidquid
1525 1665 1684 1692 hereditario
1704 1666 1809 1692 nomine
1832 1665 2022 1693 condemnatus

1179 1710 1281 1740 fuisset,
1301 1725 1333 1728 —
1354 1718 1384 1734 eo
1404 1709 1511 1735 nomine
1530 1708 1661 1735 indemnis
1681 1713 1760 1735 esset.
1775 1707 1832 1735 Gai.
1846 1708 1876 1735 ΙΙ.
1890 1710 1950 1735 252.
1973 1708 2022 1735 Ca-

1178 1762 1248 1781 vere.
1268 1751 1416 1778 indemnem
1436 1761 1494 1778 eum
1508 1750 1564 1777 fore
1577 1751 1704 1778 adversus
1718 1750 1839 1788 aliquem.
1858 1751 1889 1778 sr.
1902 1753 1945 1779 29.
1961 1751 2021 1778 fam}

1179 1795 1271 1821 ercisc.
1292 1796 1331 1822 10.
1350 1796 1375 1821 2.
1412 1794 1590 1821 Hereditatem
1604 1794 1751 1821 indemnem
1765 1799 1901 1831 praestare
1920 1793 2022 1827 (adver-

1179 1848 1224 1864 sus
1245 1837 1413 1871 creditores.)
1432 1837 1463 1865 fr.
1483 1839 1524 1864 19.
1544 1838 1568 1871 §.
1584 1839 1608 1864 2.
1630 1837 1662 1864 ad
1681 1836 1748 1864 S.C.
1768 1836 1837 1864 Vell.
1858 1839 1898 1864 16.
1920 1839 1942 1864 1.
1980 1836 2022 1864 Li-

1180 1885 1222 1907 cet.
1241 1881 1267 1907 in
1286 1880 1408 1907 mandato
1422 1880 1552 1907 adiectum
1566 1880 1697 1907 videatur:
1716 1880 1883 1913 „indemnem
1895 1881 2023 1907 rationem

1180 1929 1250 1951 tuam
1270 1933 1330 1950 esse
1350 1934 1382 1950 ex
1402 1934 1480 1950 causa
1499 1922 1641 1950 mandati.‘·
1665 1923 1694 1950 fr.
1715 1925 1756 1950 59.
1781 1924 1803 1957 §.
1827 1925 1850 1950 5.
1875 1921 1960 1949 mand.
1981 1924 2022 1949 17.

1182 1969 1204 1994 1.
1241 1966 1397 1994 Habiturum
1416 1977 1458 1993 me
1477 1968 1614 1998 actionem,
1635 1971 1662 1992 ut
1675 1966 1824 1993 indemnem
1843 1976 1883 1992 me
1897 1969 2021 2002 praestet.

1157 2006 1159 2038 l
1181 2011 1210 2037 fr.
1231 2012 1272 2037 31.
1293 2010 1326 2037 de
1346 2011 1416 2048 pign.
1437 2015 1485 2036 act.
1507 2011 1546 2036 13.
1567 2011 1590 2036 7.
1611 2025 1643 2029 -
1662 2010 1693 2043 ᾖ.
1714 2010 1749 2035 2.
1779 2010 1939 2035 Immanis.
1978 2008 2021 2035 111.

1182 2056 1248 2082 Gn.
1268 2053 1345 2089 Quos
1365 2053 1396 2079 ab
1417 2054 1487 2079 omni
1506 2062 1613 2079 munere
1627 2051 1808 2078 —indemnes
1827 2061 1887 2078 esse
1907 2056 2021 2089 oportet.

1158 2094 1161 2128 Ξ
1182 2096 1233 2123 Τ1ι.
1253 2096 1285 2124 C.
1305 2095 1362 2122 VII.
1381 2098 1423 2122 20.
1444 2106 1465 2122 c.
1485 2097 1509 2122 9.
1529 2095 1562 2121 de
1580 2099 1694 2121 veter-an.

1218 2138 1471 2167 ludemnitas.
1509 2138 1540 2172 §.
1559 2138 1592 2164 1.
1614 2139 1763 2164 Sarcieio
1782 2139 1899 2163 damni.
1921 2136 1939 2163 1.
1960 2138 2022 2172 Sy.

295 2189 371 2209 stam.

332 2226 575 2252 ludet-enter.
614 2224 734 2258 (Advb.)
777 2226 872 2252 Citra
897 2228 1070 2257 rationem,
1095 2228 1138 2253 I!-

1160 2179 1161 2186 ¹
1183 2182 1324 2209 Securitas.
1349 2181 1380 2208 fr.
1406 2182 1428 2207 1.
1453 2180 1474 2214 ς’.
1494 2182 1518 2207 6.
1541 2179 1574 2206 de
1597 2184 1680 2207 contr.
1700 2184 1747 2206 tut.
1767 2181 1808 2206 27.
1828 2182 1852 2206 4.
1890 2179 1956 2206 Rem
1975 2179 2024 2207 sal-

1183 2236 1240 2252 vam
1261 2225 1324 2257 fore,
1343 2223 1525 2251 indemnitatis
1545 2223 1674 2255 (cautio)
1698 2222 1728 2248 fr.
1752 2226 1775 2249 ὃ.
1801 2222 1833 2249 de
1857 2233 1923 2259 mag.
1948 2232 2023 2250 conv.

296 2270 398 2295 licite.
418 2267 435 2293 l.
453 2270 514 2302 Sy.
535 2268 662 2295 lndebite.
684 2267 725 2294 Cf.
745 2267 770 2295 h.
790 2278 813 2294 v.
834 2268 854 2302 §.
877 2270 898 2294 1.
919 2268 961 2295 ΙΙΙ.
977 2270 1043 2296 Cn.
1062 2268 1139 2295 Alios
1160 2266 1162 2290 Ἴ
1183 2271 1224 2296 27.
1244 2270 1268 2295 8.
1289 2268 1319 2295 fr.
1341 2269 1380 2294 14.
1401 2268 1423 2301 §.
1442 2268 1466 2293 6.
1487 2266 1518 2293 ad
1539 2266 1565 2292 S.
1580 2265 1609 2292 C.
1631 2264 1711 2292 Treb.
1729 2266 1771 2292 36.
1793 2267 1814 2291 1.
1834 2265 1952 2294 mvn.
1971 2265 2024 2292 De-

296 2313 504 2347 incompetenter
524 2312 649 2342 removit,
670 2310 753 2337 indec.
775 2310 840 2337 alios
861 2326 891 2330 —
913 2311 1052 2338 ordinavit.
1072 2311 1139 2338 Nov.
1161 2315 1163 2339 Ι
1185 2311 1290 2343 ducent,
1311 2315 1440 2347 quatenus
1464 2309 1491 2336 id
1516 2309 1573 2336 fieri
1597 2307 1755 2334 indemnitas
1775 2313 1799 2334 et
1819 2309 1883 2335 iuris
1906 2309 1972 2335 ratio
1992 2324 2024 2328 —

298 2353 355 2380 Val.
377 2353 419 2380 111.
439 2352 472 2379 de
492 2354 572 2390 episc.
593 2353 677 2380 ordin.
697 2354 727 2380 ll.
749 2356 788 2380 17.
809 2364 831 2380 c.
853 2356 874 2380 1.
895 2355 916 2388 §.
938 2357 958 2381 l.
996 2354 1025 2380 1n
1044 2354 1140 2386 lorum.
1161 2349 1163 2396 l
1186 2356 1300 2390 exigunt.
1326 2353 1410 2380 Vatic.
1436 2353 1458 2387 §.
1482 2354 1541 2379 281.
1578 2351 1753 2382 1ntervenire,
1772 2367 1805 2371 —
1825 2356 1850 2378 et
1874 2351 2025 2378 indemnita-

298 2408 330 2423 ex
350 2406 402 2433 quo
422 2395 506 2422 indec.
527 2402 675 2428 eiuersvrat,
696 2401 850 2423 revertatur.
871 2397 920 2424 Th.
942 2397 972 2424 C.
993 2397 1011 2424 1.
1031 2398 1054 2423 9.
1076 2408 1097 2423 c.
1117 2400 1140 2424 ¹2.
1162 2399 1164 2422 Ξ
1186 2403 1237 2424 tem
1257 2398 1295 2423 eis
1314 2397 1506 2434 repromittere.
1531 2394 1560 2420 fr.
1581 2396 1604 2421 8.
1629 2395 1650 2428 ᾗ.
1672 2396 1693 2420 1.
1714 2394 1746 2420 ad
1765 2394 1831 2421 S.C.
1852 2393 1920 2420 vell.
1942 2395 1981 2421 16,
2003 2396 2024 2420 1.

299 2439 404 2473 (ch.)
425 2438 457 2465 de
476 2438 519 2464 off.
540 2438 604 2473 Mag.
626 2440 694 2465 offic.
1163 2441 1165 2480 l
1186 2440 1245 2467 Non
1265 2445 1383 2477 putarem
1403 2436 1614 2475 compellendum
1632 2437 1711 2468 adire,
1732 2438 1781 2464 nisi
1796 2438 1869 2474 prius
1883 2436 1916 2464 de
1928 2437 2025 2464 indem-

336 2483 537 2509 Indecore.
567 2481 677 2514 (Advh)
703 2484 888 2516 Itzltoneste,
912 2485 1080 2518 Turpiter.
1098 2483 1141 2509 111.
1163 2510 1165 2520 ‹
1187 2484 1267 2510 nitate
1288 2487 1358 2509 esset
1377 2482 1400 2508 ei
1420 2485 1531 2513 cautum,
1551 2480 1593 2506 vel
1613 2479 1698 2507 soluta
1718 2482 1828 2517 pecunia
1847 2485 1925 2506 esset.
1940 2479 1970 2506 fr.
1983 2481 2024 2506 59.

301 2526 368 2553 Cn.
388 2524 537 2561 Operarum
556 2524 658 2550 exactio
679 2534 729 2550 non
749 2525 903 2562 denegatur,
923 2527 984 2563 qnia
997 2536 1045 2553 nec
1059 2526 1090 2552 ab
1106 2536 1142 2558 ea,
1164 2538 1166 2564 g
1187 2537 1226 2563 pr.
1247 2525 1279 2552 ad
1298 2524 1364 2552 S.C.
1384 2523 1463 2550 Treb.
1483 2526 1524 2549 36.
1547 2525 1568 2550 1.
1606 2523 1713 2555 Mulier,
1737 2533 1803 2559 quae
1826 2533 1874 2560 pro
1893 2522 2025 2549 tutoribus

302 2578 368 2604 quae
386 2572 467 2604 nupta
487 2572 541 2599 est,
565 2566 689 2593 indecore
715 2574 889 2604 praestantur.
910 2569 939 2596 fr.
959 2571 1000 2596 48.
1026 2570 1048 2604 §.
1067 2572 1091 2596 2.
1111 2569 1144 2596 de
1164 2569 1166 2583 ‘¹
1188 2569 1302 2596 filiorum
1321 2577 1426 2594 suornm
1447 2566 1642 2593 indemnitatem
1661 2567 1790 2603 promisit.
1811 2565 1882 2592 Paul.
1898 2565 1927 2592 11.
1942 2567 1982 2592 11.
2001 2564 2023 2598 §.

304 2621 376 2647 oper.
397 2610 484 2637 libert.
503 2611 545 2636 38.
567 2611 588 2636 l.
1165 2603 1166 2635 l
1187 2614 1212 2639 2.
1248 2611 1387 2638 Actionem
1408 2610 1433 2635 in
1454 2609 1564 2642 factum,
1583 2619 1642 2636 cum
1661 2619 1706 2636 sua
1726 2608 1904 2640 indemnitate,
1923 2616 2025 2644 compe-

339 2654 561 2681 ludet-orus.
599 2651 729 2685 (Adiect.)
768 2654 1001 2682 Dedecorosns.
1038 2654 1056 2681 1.
1082 2655 1144 2689 Sy.
1188 2659 1252 2681 tere.
1273 2653 1303 2680 sr.
1322 2654 1363 2679 33.
1383 2652 1415 2678 de
1435 2652 1459 2679 d.
1480 2663 1512 2679 m.
1532 2654 1554 2678 4.
1574 2654 1598 2679 3.
1637 2652 1733 2679 Cessat
1748 2651 1903 2689 compulsio,
1922 2651 2024 2677 tametsi

306 2695 472 2722 tnhomstus.
493 2706 513 2722 c.
533 2697 557 2722 3.
579 2694 630 2730 Qu.
650 2700 697 2722 tut.
717 2705 741 2722 v.
762 2706 815 2722 cur.
835 2699 858 2722 5.
878 2700 918 2724 60,
939 2698 1062 2725 111011.
1083 2696 1146 2723 Foe-
1166 2696 1167 2718 i
1189 2696 1368 2723 indemnitatis
1392 2696 1476 2721 cautio
1502 2695 1634 2722 offeratur.
1663 2694 1693 2721 fr.
1720 2697 1759 2721 14.
1788 2695 1809 2729 ᾗ.
1833 2696 1857 2721 6.
1885 2692 1916 2719 ad
1941 2692 1968 2720 S.
1993 2693 2024 2719 C.

306 2737 367 2763 dum
387 2743 464 2773 atque
484 2738 637 2765 indecorum
657 2738 871 2776 (spectaculum.)
891 2739 941 2766 Th.
962 2740 993 2766 C.
1012 2739 1071 2766 XV.
1086 2741 1109 2766 6.
1124 2750 1145 2766 e.
1166 2744 1168 2773 ξ
1190 2739 1268 2766 Treb.
1294 2740 1335 2765 36.
1362 2740 1383 2764 1.
1421 2738 1558 2775 Consequi
1582 2737 1792 2769 indemnitatem,
1815 2747 1836 2763 s.
1859 2736 2026 2763 securitatem

306 2782 329 2806 2.
351 2779 383 2805 de
403 2781 518 2807 maiuma.
556 2781 692 2813 Relatum,
714 2783 789 2818 quasi
808 2781 959 2808 indecorum
981 2783 1016 2808 sit
1035 2783 1147 2819 (patrem
1167 2782 1168 2809 l
1193 2782 1380 2808 indemnitatis.
1401 2781 1431 2808 fr.
1453 2783 1475 2807 l.
1495 2782 1517 2815 ᾗ.
1536 2782 1560 2807 6.
1580 2780 1613 2807 de
1633 2785 1715 2807 contr.
1735 2785 1782 2807 tut.
1801 2781 1842 2806 27.
1861 2779 1884 2803 4.
1910 2788 1931 2804 c.
1950 2780 1974 2804 3.
1994 2778 2026 2805 de

309 2833 321 2848 a
340 2821 396 2848 filio
416 2824 490 2858 regi.)
511 2823 540 2849 fr.
563 2826 602 2850 12.
623 2824 644 2857 §.
666 2826 688 2850 1.
710 2824 742 2851 de
762 2829 809 2851 tut.
829 2829 855 2851 et
874 2834 927 2851 cur.
948 2824 999 2850 dat.
1018 2826 1059 2851 26.
1079 2827 1102 2851 5.
1167 2826 1169 2840 ¹
1193 2834 1268 2851 conv.
1289 2824 1345 2851 tisri
1366 2824 1423 2851 deb.
1445 2826 1484 2850 10.
1503 2826 1528 2850 2.
1571 2823 1606 2850 Vt
1630 2822 1786 2850 indemnitas
1810 2820 1858 2848 tibi
1880 2826 2028 2858 praestetur

1971 2866 2026 2891 eius
