2197 3121
280 188 345 220 308

282 276 345 302 tum,
365 280 396 296 ne
415 271 500 296 minus
524 275 572 296 etc.
600 269 630 296 sr.
658 271 678 295 l.
705 279 744 307 pr.
765 269 797 296 ad
822 269 851 297 L.
875 269 944 297 Falc.
964 272 1005 297 35.
1025 272 1049 297 2.
1085 270 1121 297 Et

282 315 363 349 magis
383 318 422 339 est
441 318 468 339 ut
487 314 582 350 possit.
599 312 660 339 dum
681 317 765 339 tamen
785 318 832 340 etc.
853 313 883 340 sr.
902 316 944 340 22.
964 314 986 347 ξ.
1005 315 1030 340 5.
1067 313 1119 349 Qu.

281 399 332 425 hoc
351 400 390 435 agi
409 408 512 436 semper
532 399 744 436 interpretemur,
763 400 814 426 nisi
833 405 881 426 ete.
901 399 931 426 fr.
951 401 992 426 30.
1013 399 1046 426 de
1064 400 1121 426 iure

281 442 335 469 dot.
355 443 396 468 23.
415 443 440 468 3.

316 485 538 512 nummodo.
576 484 689 518 (Advb.)
728 486 834 517 Modo,
855 487 992 513 Scilicet
1012 492 1052 513 ut.
1077 485 1120 512 111.

281 528 347 555 (7η.
367 526 551 563 Qualicunque
570 529 679 560 ratione,
699 528 839 555 dummodo
859 538 910 554 non
924 533 973 555 etc.
993 528 1023 555 fr.
1037 531 1060 555 5.
1080 539 1120 566 pr.

280 571 332 606 Qu.
353 570 421 596 mod.
443 570 525 596 ususl'.
547 572 570 596 7.
589 573 613 597 4.
651 570 781 603 Sufficiet.
802 570 942 598 dummodo
963 577 1010 599 etc.
1048 571 1120 598 Paul.

279 612 323 639 IV.
343 615 366 639 9.
386 613 408 646 ξ.
429 614 451 639 1.
489 612 589 640 Omnes
613 624 669 642 res.
690 630 722 634 —
742 615 817 640 etiam
843 624 909 650 quae
928 624 980 641 non
1004 620 1066 642 sunt
1086 620 1121 641 te.-

279 656 395 687 statoris.
415 655 556 683 dummodo
576 656 641 683 tales
662 658 729 688 sint,
750 667 815 693 quae
835 656 890 683 dari
909 659 1021 695 possint.
1058 657 1120 695 le.

278 698 375 725 XXlV.
395 700 419 725 8.
444 698 475 725 cf.
494 699 579 726 XXII.
603 702 644 726 21.
682 699 861 732 Permittitur,
881 699 1022 727 dummodo
1042 717 1075 720 —
1095 700 1121 727 id

278 742 381 768 saciant.
402 741 432 768 fr.
454 744 476 768 7.
496 752 535 779 pr.
556 742 588 768 de
608 752 680 779 susp.
701 747 748 769 tut.
774 744 815 769 26.
843 745 882 769 10.
919 743 1025 770 Adiecit
1043 743 1121 781 plane

278 786 305 811 in
324 786 469 822 rescripto:
495 785 653 817 „dummodo
674 785 840 823 praedicatur
858 786 939 813 iudici
958 788 1026 814 etcf⁵
1046 787 1076 814 l'r.
1097 789 1120 813 7.

277 828 300 862 ᾗ.
319 830 344 855 2.
364 828 396 855 de
416 827 504 854 hered.
525 833 578 865 pet.
597 831 622 854 5.
642 829 666 854 3.

313 872 533 898 Dumtaxat.
571 871 685 904 (Advh.)
718 872 749 905 §.
770 873 805 898 l.
829 873 980 905 Tantum,
1001 874 1118 899 Solum.

277 913 296 940 1.
317 915 378 948 Sy.
399 913 519 940 Tantum.
553 913 609 940 Gai.
630 914 648 940 I.
670 916 726 941 152.
747 924 786 951 sq.
816 913 846 941 fr.
870 916 912 941 23.
937 915 970 941 de.
988 914 1019 941 R.
1040 915 1057 941 Ι.
1077 917 1118 941 50.

278 959 319 984 17.
356 956 536 983 solummodo.
558 956 590 983 fr.
609 958 633 984 3.
654 958 675 992 ξ.
695 959 719 984 9.
740 957 773 984 (18
792 957 823 984 N.
844 957 876 984 G.
894 959 919 984 3.
939 960 963 985 5.
1000 957 1031 984 ΙΙ.
1052 959 1119 992 ΟΡ.

276 999 306 1026 1η
325 1004 416 1026 totum.
436 1015 468 1019 -
486 999 515 1026 In
534 999 561 1026 id
581 1000 722 1029 dumtaxat.
742 1000 772 1027 fr.
791 1002 834 1026 20.
856 1000 878 1034 ξ.
898 1003 922 1027 6.
944 1000 973 1028 fr.
987 1003 1028 1027 25.
1043 1001 1065 1035 ξ.
1078 1003 1118 1027 11.
1141 992 1142 1022 l

1002 187 1103 219 DVM
1128 206 1166 212 —
1191 187 1290 219 DVP.

1164 270 1182 297 Ι.
1201 271 1262 305 Sy.
1282 269 1383 296 Plures.
1404 270 1434 297 fr.
1454 272 1477 297 9.
1497 280 1536 308 pr.
1557 270 1589 297 de
1607 275 1675 308 pact.
1689 272 1712 298 2.
1728 273 1768 298 14.
1787 272 1830 300 ΙΙΙ.
1844 275 1910 302 Gn.
1936 275 2004 310 Quia

1141 330 1143 339 x
1164 324 1250 350 neque
1273 312 1362 339 eadem
1387 312 1491 340 duobus
1516 319 1596 351 nupta
1621 324 1680 340 esse
1703 319 1806 351 potest.
1832 326 1917 354 neque
1936 317 2005 344 idem

283 361 382 382 testam.
403 355 449 382 sac.
470 365 494 392 p.
514 358 555 382 28.
577 357 598 381 l.
620 355 651 381 cf.
672 355 702 382 fr.
722 358 746 382 4.
766 366 805 394 pr.
825 356 857 383 de
870 356 901 383 R.
916 357 949 383 D.
966 358 988 382 l.
1001 357 1025 383 8.
1050 356 1120 383 Dum
1142 379 1143 383 .

1142 393 1143 398 ¹
1165 410 1204 436 sq.
1225 399 1257 426 de
1276 404 1348 437 nupt.
1375 401 1397 425 1.
1425 401 1464 426 10.
1501 399 1562 426 Duo
1589 401 1626 427 rei
1651 400 1829 437 promittendi.
1855 401 1885 427 fr.
1906 403 1963 429 173.
1982 403 2003 436 §.

1165 356 1229 383 duas
1253 366 1349 383 uxores
1373 355 1478 383 habere.
1507 356 1562 383 Gai.
1586 357 1604 383 I.
1630 358 1671 384 63.
1702 357 1733 384 cf.
1756 357 1821 385 lust.
1841 358 1903 386 lust.
1923 360 1960 394 ἐξ.
1980 361 2003 386 6.

1164 444 1188 469 2.
1209 442 1242 469 de
1261 442 1292 469 R.
1312 442 1329 469 I.
1350 444 1390 468 50.
1412 444 1452 468 17.

1200 485 1528 513 Duodeeennium.
1579 487 1732 520 Spatium
1753 488 1825 514 XII
1842 497 2004 515 annorum.

1165 528 1208 555 ΙΙΙ.
1227 530 1293 557 (7η.
1325 528 1394 554 Ante
1413 526 1624 555 duodecennium
1644 530 1828 566 praestitutum
1847 529 1923 563 (aditi
1941 530 2005 557 iudi-

1166 572 1203 598 cis
1223 571 1336 598 edictum
1355 571 1469 605 mereri.)
1491 570 1540 598 Th.
1563 570 1594 598 C.
1614 571 1646 598 ΙΙ.
1665 574 1707 599 27.
1729 583 1750 599 c.
1772 575 1793 599 l.
1813 573 1837 607 ᾗ.
1856 574 1880 599 6.
1900 574 1923 599 si
1942 578 2004 600 cert.

1165 619 1244 652 petat.
1265 614 1297 641 de
1317 614 1381 641 chir.

1199 658 1468 684 Duodecimus.
1507 657 1635 691 (Adiect.)
1682 660 1730 685 Aa
1752 668 1915 685 numerum
1935 660 2007 687 XII

1165 707 1323 735 spectans.
1361 699 1404 726 ΠΙ.
1425 702 1491 728 Cn.
1516 700 1556 727 Ex
1580 700 1733 728 duodecima
1752 706 1827 739 parte
1847 701 1923 728 heres
1943 703 2005 728 scri-

1165 742 1249 769 batur.
1270 742 1300 770 fr.
1319 744 1344 769 8.
1363 743 1385 777 ξ.
1407 745 1446 769 14.
1467 743 1500 769 de
1519 743 1549 770 B.
1569 743 1597 770 P.
1619 754 1640 770 e.
1661 749 1678 770 t.
1697 746 1740 771 37.
1759 746 1783 771 4.
1820 744 1890 771 Intra
1909 744 2005 771 duode-

1165 787 1260 813 cimum
1280 785 1405 818 cubitum,
1424 786 1540 813 fluminis
1564 786 1617 813 Nili
1638 786 1705 814 ultra
1718 787 2004 825 fluenta—usurpare.

1165 839 1186 856 c.
1208 831 1231 855 1.
1251 829 1283 855 de
1302 828 1356 855 Nili
1375 839 1459 865 agger.
1484 831 1507 856 9.
1527 832 1568 856 38.

1199 872 1484 906 Duodeviginti.
1513 873 1625 899 Decem
1645 879 1673 900 et
1694 880 1772 900 octo.
1793 873 1835 901 ΠΙ.
1856 875 1922 901 Gn.
1937 872 2006 899 Cum

1164 914 1344 951 duodeviginti
1370 924 1452 941 annos
1477 915 1632 952 expleverit.
1665 915 1715 942 Th.
1737 915 1768 943 C.
1787 916 1844 943 XII.
1869 918 1891 942 l.
1917 926 1939 943 c.
1962 916 2003 942 58.

1164 958 1185 992 ᾖ,
1205 959 1229 984 2.
1249 956 1281 984 de.
1302 957 1437 984 decurion.

1198 1001 1337 1033 Dupla-
1379 1003 1528 1028 Pretium
1556 1003 1695 1035 duplum.
1736 1001 1767 1028 Π.
1797 1004 1865 1037 Op.
1895 1001 2004 1039 Simpla,

277 1042 309 1069 de
327 1042 416 1069 hered.
440 1047 492 1080 pet.
515 1045 539 1069 5.
563 1045 586 1069 3.
629 1043 715 1081 Ipsius
740 1043 887 1075 dumtaxat,
915 1059 947 1063 —
972 1043 1119 1081 Vtriusque
1141 1029 1142 1076 l
1164 1042 1302 1080 Simplum.
1322 1042 1366 1069 Fr.
1387 1045 1426 1070 17.
1446 1053 1486 1081 pr.
1507 1043 1540 1071 de
1562 1045 1623 1070 inst.
1649 1049 1697 1071 act.
1723 1046 1764 1072 14.
1782 1046 1808 1071 3.
1826 1045 1857 1072 fr.
1878 1047 1918 1072 11.
1937 1046 1959 1079 §.
1981 1047 2003 1071 1.

276 1085 426 1118 (arbitrium
445 1086 640 1123 spectandum.)
664 1086 695 1113 fr.
715 1088 738 1113 5.
764 1086 796 1112 de
815 1086 903 1124 adopt.
924 1088 947 1112 l.
968 1089 991 1113 7.
1028 1087 1118 1114 Dumt.
1140 1087 1142 1103 ³
1164 1086 1194 1112 fr.
1216 1088 1255 1112 16.
1281 1096 1320 1122 pr.
1345 1086 1367 1120 ξ,
1394 1088 1416 1112 1.
1441 1085 1472 1112 sr.
1496 1088 1537 1112 27.
1564 1086 1593 1113 fr.
1613 1088 1655 1113 37.
1681 1088 1703 1121 ξ.
1722 1090 1746 1114 2.

275 1128 366 1161 semel,
386 1128 429 1155 vel
449 1129 497 1155 bis.
518 1145 550 1149 -
570 1129 692 1166 Amplius
717 1139 793 1166 quam
813 1129 902 1156 semel.
942 1129 999 1156 Gai.
1020 1129 1038 1156 Ι.
1060 1132 1118 1156 152.

1784 1088 1826 1115 Fr.
1846 1090 1887 1115 56.
1912 1098 1951 1126 pr.
1972 1087 2005 1115 de

1164 1129 1240 1155 evict.
1259 1130 1302 1154 21.
1321 1130 1345 1155 2.
1383 1128 1425 1155 ΙΙΙ,
1438 1130 1504 1156 Gn.
1524 1128 1635 1156 Servum
1655 1129 1734 1167 dupla
1754 1132 1811 1157 emi.
1831 1131 1861 1157 fr.
1881 1134 1923 1157 55.
1943 1131 1966 1165 ξ.
1979 1133 2004 1157 2.

275 1181 316 1208 sq.
354 1171 397 1198 III.
413 1173 480 1199 Gn.
499 1171 535 1199 Vt
554 1171 640 1198 dantis
660 1174 695 1198 sit
714 1172 860 1209 turpitudo,
879 1182 932 1198 non
952 1174 1118 1210 accipientis;
1140 1163 1142 1197 l
1163 1171 1196 1198 de
1214 1170 1302 1198 Aedil.
1323 1171 1400 1198 edict.
1418 1173 1460 1198 21.
1476 1174 1498 1198 1.
1536 1172 1700 1205 Distrabere,
1721 1173 1880 1210 duplamque
1898 1174 2005 1211 promit-

276 1220 320 1242 aut
339 1216 493 1252 accipientis
512 1214 602 1247 duint„
621 1225 674 1242 non
694 1216 770 1241 etiam
790 1214 889 1247 dantis3
909 1220 953 1242 aut
972 1217 1118 1253 utriusque.
1140 1203 1141 1247 1
1162 1220 1227 1246 tere,
1247 1219 1272 1241 et
1292 1224 1324 1241 ex
1344 1224 1372 1240 ea
1389 1216 1509 1241 cautione
1523 1220 1669 1242 conventus
1681 1221 1824 1252 praestare.
1844 1217 1874 1244 sr.
1889 1218 1930 1243 49.
1945 1216 2004 1243 fam.

275 1257 306 1284 fr.
328 1259 350 1284 l.
369 1268 408 1294 pr.
435 1257 467 1284 de
490 1258 566 1284 cond.
592 1258 625 1284 ob
645 1263 712 1295 turp.
739 1268 760 1284 c.
782 1260 820 1284 12.
841 1261 864 1285 5.
902 1257 963 1284 Non
985 1269 1016 1286 ex
1036 1260 1118 1286 omni·
1139 1250 1141 1306 1
1163 1259 1255 1284 ercisc.
1276 1259 1316 1283 10.
1335 1259 1359 1284 2.
1380 1257 1410 1284 fr.
1430 1259 1472 1284 22.
1492 1259 1514 1292 ξ.
1535 1260 1558 1284 4.
1579 1258 1612 1285 de
1630 1259 1701 1295 pign.
1721 1264 1770 1285 act.
1791 1261 1830 1286 13.
1851 1261 1874 1286 7.
1896 1270 1917 1286 c.
1937 1260 1962 1286 8.
1982 1270 2003 1286 c.

275 1300 326 1327 bus
345 1302 441 1333 causis,
462 1317 493 1321 —
513 1300 560 1327 sed
580 1311 612 1327 ex
632 1301 672 1327 his
693 1301 773 1327 dumt.
790 1301 821 1328 fr.
835 1303 876 1328 39.
897 1312 936 1339 pr.
957 1301 990 1328 de
1008 1312 1060 1328 rec.
1075 1312 1117 1339 qu.
1140 1307 1141 1332 ἦ
1162 1303 1204 1327 25.
1224 1301 1257 1327 de
1276 1301 1352 1327 evict.
1373 1302 1396 1327 8.
1417 1302 1459 1327 45.
1491 1300 1520 1328 Si
1539 1302 1599 1338 quis
1613 1311 1718 1328 servum
1738 1312 1766 1328 ea
1781 1302 1932 1329 conditione.
1942 1312 2004 1329 ven-

275 1343 330 1369 arb.
343 1345 367 1369 4.
382 1346 405 1370 8.
444 1343 511 1370 Cum
531 1349 602 1370 tutor
620 1354 673 1370 non
693 1344 771 1371 rebus
791 1344 882 1377 duint..
902 1344 950 1371 sed
970 1345 1047 1371 etiam
1066 1355 1119 1371 mo-
1139 1335 1141 1368 1
1163 1343 1267 1375 diderit,
1287 1347 1316 1370 ut
1335 1344 1402 1370 intra
1419 1344 1498 1371 XXX
1517 1344 1574 1370 dies
1594 1343 1699 1381 duplam
1718 1347 1893 1383 promitteret,
1912 1350 2005 1383 postea

274 1386 349 1413 ribus
369 1386 463 1423 pupilli
482 1392 666 1424 praeponatur.
686 1386 717 1413 fr.
738 1389 778 1413 12.
798 1388 820 1421 §.
834 1389 858 1414 3.
879 1387 912 1414 de
931 1387 998 1414 adm.
1019 1392 1044 1414 et
1062 1397 1117 1425 per.

273 1430 315 1455 26.
337 1431 359 1456 7.
397 1429 447 1455 Per
465 1439 542 1466 quain
561 1431 615 1463 (sc.
640 1431 733 1467 eapitis
763 1430 992 1464 deminutionem)
1012 1435 1038 1457 et
1056 1431 1119 1457 civi-

275 1476 330 1498 tate
350 1477 375 1498 et
394 1472 514 1499 libertate
538 1473 624 1505 salva,
648 1478 733 1499 status
757 1473 838 1500 dumt.
862 1473 976 1500 hominis
995 1478 1117 1500 mutatur.

1163 1397 1195 1413 ne
1215 1386 1278 1423 quid
1296 1392 1483 1424 praestaretur.
1503 1387 1533 1414 fr.
1555 1389 1595 1413 ll.
1616 1387 1637 1421 §.
1660 1390 1700 1415 15.
1720 1388 1752 1415 de
1771 1389 1803 1415 A.
1823 1389 1853 1415 E.
1873 1388 1904 1415 V.
1926 1389 1966 1415 19.
1982 1389 2003 1414 l.

1163 1429 1194 1456 cf.
1215 1430 1246 1456 fr.
1267 1431 1307 1456 72.
1327 1440 1366 1467 pr.
1387 1430 1420 1456 de
1439 1435 1522 1457 contr.
1543 1435 1602 1456 emt.
1618 1432 1657 1457 18.
1673 1433 1695 1457 1.
1733 1431 1838 1469 Duplae
1854 1430 2004 1469 stipulator,

1140 1481 1141 1510 j
1162 1484 1186 1500 v.
1210 1474 1365 1511 promissor.
1391 1472 1420 1499 fr.
1446 1475 1487 1500 29.
1517 1473 1537 1507 ς’.
1564 1475 1587 1499 1.
1613 1473 1645 1500 de
1669 1475 1745 1501 evict.
1769 1477 1810 1501 21.
1834 1476 1858 1500 2.
1899 1473 2005 1511 Duplae

274 1514 336 1552 le.
355 1514 400 1541 XI.
422 1517 462 1541 13.
499 1514 521 1542 L
540 1515 664 1547 dumtax..
684 1526 732 1543 nec
746 1516 866 1554 amplius.
887 1516 917 1543 fr.
937 1519 962 1544 3.
981 1517 1003 1551 ξ.
1025 1519 1065 1543 10.
1086 1516 1119 1543 de
1139 1542 1141 1547 ,

274 1557 350 1584 adim.
370 1557 418 1594 leg.
437 1560 480 1585 34.
494 1560 517 1585 4.
554 1559 621 1585 Eum
641 1560 700 1595 quis
720 1559 792 1586 volet
811 1560 979 1596 magistratus
998 1559 1117 1591 multare,

274 1601 335 1627 dum
355 1602 455 1628 minore
474 1606 549 1639 parte
569 1601 613 1635 [al.
627 1602 721 1639 patris]
743 1602 854 1628 familias
873 1607 953 1634 taxat,
973 1602 1060 1628 liceto.
1075 1602 1117 1629 Fr.

273 1643 304 1670 L.
324 1643 405 1670 Siliae
429 1644 462 1670 de
485 1644 548 1681 pub.
572 1644 682 1682 ponder.
709 1645 760 1682 Ap.
786 1644 856 1671 Fest.
881 1655 905 1671 v.
925 1644 1034 1672 Publica
1053 1655 1118 1682 pon-

273 1686 343 1713 dera.
363 1686 404 1714 Cf.
424 1687 466 1714 Fr.
486 1687 516 1714 L.
535 1687 652 1714 iudiciar.
672 1687 722 1725 Ap.
743 1686 874 1724 Spaugbg.
894 1698 920 1725 p.
940 1690 980 1714 75.
1018 1689 1117 1724 Quanti

274 1740 304 1756 ea
329 1739 371 1756 res
392 1731 458 1762 erit,
482 1735 569 1757 tantae
592 1731 719 1768 pecuniae
744 1730 870 1757 iudicium
895 1733 1117 1768 recuperator-ium

273 1772 342 1799 (labo
362 1773 528 1810 testibusque
547 1773 628 1800 duint.
652 1774 677 1800 X
702 1773 877 1800 denunciandi
895 1778 1053 1810 potestatem
1083 1774 1117 1800 sa-

275 1817 347 1842 ciam.
367 1815 455 1842 Valer.
474 1816 554 1843 Prob.
576 1816 609 1843 de
628 1821 681 1843 not.
701 1817 728 1842 in
747 1816 824 1842 edict.
844 1827 917 1854 perp.
937 1827 961 1843 v.
977 1816 1010 1852 Q.
1031 1816 1072 1843 Cf.
1085 1816 1115 1843 L.

275 1858 343 1885 Gall.
364 1858 464 1896 Cisalp.
491 1859 521 1885 ll.
550 1861 589 1886 19.
614 1876 646 1879 —
671 1860 702 1893 ξ.
722 1861 757 1886 2.
781 1860 911 1895 Vtique,
932 1861 1026 1886 Certe
1045 1862 1116 1895 qui-

275 1904 348 1928 dem.
387 1901 421 1928 111
447 1903 512 1929 Gn.
532 1902 600 1929 Cum
619 1903 645 1929 in
664 1907 821 1929 testamento
841 1900 969 1939 scriptum
988 1907 1068 1935 esset,
1088 1907 1117 1929 ut

275 1944 352 1970 heres
372 1945 398 1970 in
419 1944 522 1972 sunere.
547 1951 590 1971 aut
614 1947 640 1971 in
663 1950 832 1971 monumento
856 1945 936 1972 duint.
961 1956 1063 1972 aureos.
1093 1945 1116 1973 C

276 1992 458 2019 consumeret,
484 1998 535 2014 non
561 1988 623 2014 lieet
647 1989 733 2014 minus
758 1998 925 2019 consumere3
954 1989 976 2015 si
1004 1989 1115 2026 amplius

1163 1517 1239 1543 actio.
1258 1516 1290 1543 fr.
1310 1518 1352 1543 47.
1372 1526 1411 1554 pr.
1432 1515 1465 1542 de
1483 1515 1570 1543 Aedil.
1591 1516 1668 1544 edict.
1688 1519 1730 1544 21.
1751 1519 1774 1544 1.

1198 1561 1381 1593 lbuplare.
1424 1560 1624 1593 Duplicare,
1654 1562 1691 1587 171
1719 1563 1852 1595 duplum
1875 1570 2002 1596 augere.

1162 1602 1180 1629 Ι.
1195 1604 1256 1637 Sy.
1277 1602 1376 1639 Duplo,
1396 1612 1420 1628 v.
1439 1601 1558 1639 Duplum
1577 1603 1624 1635 rei,
1644 1604 1788 1630 aestimare.
1809 1603 1840 1629 sr.
1860 1605 1902 1630 27.
1921 1614 1961 1640 pr.
1980 1603 2002 1637 ξ.

1163 1647 1185 1672 1.
1206 1645 1235 1672 fr.
1255 1647 1296 1671 50.
1320 1655 1360 1682 pr.
1386 1644 1415 1671 fr.
1436 1646 1476 1671 74.
1505 1645 1537 1671 de
1555 1644 1616 1671 furt.
1636 1647 1678 1672 47.
1696 1648 1722 1672 2.
1758 1645 1910 1683 Duplicare.
1928 1646 1966 1673 lb.
1986 1646 2003 1673 l.

1162 1688 1179 1714 l.
1200 1688 1231 1715 cs.
1251 1688 1282 1714 sr.
1304 1690 1344 1715 13.
1364 1688 1386 1721 §.
1408 1689 1429 1714 l.
1450 1687 1479 1714 fr.
1493 1689 1534 1714 20.
1554 1698 1593 1725 pr.
1614 1689 1636 1722 ᾗ.
1652 1690 1674 1716 1.
1694 1688 1727 1715 de
1740 1688 1844 1715 liberali
1864 1699 1885 1715 c.
1905 1691 1947 1715 40.
1962 1691 2002 1715 12.

1160 1730 1203 1757 III.
1228 1732 1295 1758 Gn.
1314 1730 1342 1757 ln
1362 1730 1410 1756 hac
1428 1732 1530 1757 actione
1549 1740 1601 1757 non
1616 1736 1688 1758 extra
1702 1741 1756 1757 rem
1776 1731 1885 1769 duplum
1905 1737 1958 1763 est;
1976 1731 2005 1758 id

1138 1793 1139 1798 .
1161 1775 1238 1803 enim.
1258 1773 1330 1810 quod
1349 1773 1435 1800 damni
1455 1773 1543 1800 datum
1563 1779 1612 1807 est,
1633 1774 1765 1811 duplatur.
1786 1774 1815 1801 fr.
1831 1776 1871 1801 14.
1891 1775 1912 1809 §.
1926 1777 1950 1801 5.
1971 1774 2002 1801 cf.

275 2030 368 2063 vellet,
394 2030 463 2057 licet.
489 2030 518 2057 sr.
542 2033 602 2057 2⁰2.
627 2030 660 2057 de
679 2030 711 2057 V.
732 2030 759 2057 S.
784 2033 826 2057 50.
852 2032 892 2057 16.
930 2030 958 2057 Si
978 2033 1047 2058 servi
1066 2033 1116 2058 mei
1137 2050 1139 2059 .

276 2078 368 2110 rogatu
387 2075 490 2110 negotia
510 2084 564 2100 mea
590 2075 748 2111 susceperis.
770 2090 801 2093 —
822 2073 852 2100 Si
871 2084 934 2100 vero
954 2075 1029 2110 quasi
1048 2085 1116 2101 man·
1138 2098 1139 2114 ἰ

276 2116 337 2143 datu
357 2118 424 2143 servi
451 2122 498 2143 etc.
525 2117 554 2144 fr.
581 2119 622 2143 42.
648 2116 680 2142 de
704 2116 735 2143 N.
761 2116 792 2143 G.
812 2118 836 2143 3.
856 2120 881 2143 5.
920 2117 1000 2153 Quod
1020 2116 1116 2144 debere
1138 2127 1139 2143 ῐ

275 2158 425 2191 videantur,
446 2160 545 2193 (dumt.
565 2159 656 2191 huius,
682 2170 711 2185 ac
730 2159 855 2186 similium
875 2176 905 2180 —
926 2160 1115 2194 functionum.)

275 2200 326 2228 Th.
347 2202 377 2228 C.
397 2202 452 2228 XII.
476 2205 498 2229 1.
519 2214 539 2229 c.
562 2205 618 2230 109.
639 2203 671 2230 de
691 2203 825 2230 decurion.
846 2202 877 2229 cf.
892 2202 935 2229 VI.
950 2205 972 2230 4.
994 2214 1015 2230 c.
1037 2205 1076 2230 13.
1093 2204 1115 2238 §.

276 2246 299 2271 1.
319 2244 354 2271 (le.
371 2244 454 2271 Praet.
475 2251 499 2271 et
519 2246 570 2281 Qu.

312 2289 407 2314 lluo.
445 2289 475 2320 ξ.
490 2290 523 2314 1.
550 2291 651 2316 Ambo.
676 2289 694 2315 Ι.
715 2291 777 2324 Sy.
796 2288 938 2315 pauciores
957 2299 1034 2325 quam
1053 2294 1115 2315 tres.

276 2382 344 2399 serv.
365 2383 386 2399 c.
405 2374 447 2399 36.
467 2375 490 2399 3.
513 2374 543 2400 ι·1“.
564 2374 594 2400 sr.
614 2378 638 2400 2.
659 2375 680 2408 ᾗ.
700 2377 742 2401 37.
763 2375 795 2401 (1(·
815 2376 848 2401 0.
869 2374 887 2401 Ι,
909 2376 931 2401 1.
950 2376 974 2400 2.
995 2374 1036 2400 Ill.
1049 2375 1115 2401 (711.

276 2416 398 2448 Duobus,
410 2430 441 2433 —
453 2415 551 2442 Tribus
572 2416 676 2449 (liberis
696 2418 843 2451 honorata.)
864 2418 920 2443 Gai.
935 2417 977 2443 ΙΙΙ.
992 2419 1033 2443 50.
1054 2416 1115 2454 le.

276 2459 373 2485 XXIX.
398 2460 421 2485 6.
458 2458 498 2485 Ex
523 2459 607 2485 tribus
633 2470 683 2486 non
708 2456 798 2497 plui-es
825 2471 901 2497 quam
927 2460 994 2486 duos
1017 2460 1116 2492 (manu-

277 2502 366 2535 mitti.)
386 2501 446 2538 Hp.
466 2501 485 2528 I.
506 2503 547 2528 24.
569 2502 637 2533 Duo.
656 2502 697 2529 vel
718 2508 780 2530 tres.
801 2503 837 2530 lb.
856 2502 927 2530 XVI.
948 2505 971 2529 l.
1005 2502 1035 2529 Si
1053 2502 1117 2529 Are-

279 2555 355 2571 scusa
379 2546 463 2582 primo
488 2544 554 2571 duos
573 2550 725 2582 pepererat.
745 2551 835 2582 postea
854 2547 971 2582 geminos
991 2545 1115 2572 ediderat.

278 2587 307 2613 l'r.
331 2590 367 2614 16.
391 2587 421 2614 cf.
443 2587 472 2614 sr.
498 2589 538 2614 15.
563 2587 595 2615 tle
618 2593 688 2614 statu
712 2588 779 2616 hom.
809 2591 828 2615 1.
853 2592 876 2615 5.
919 2589 981 2615 Duo
1002 2588 1114 2619 „turba“

278 2640 329 2655 non
348 2631 454 2667 proprie
473 2631 600 2657 dicentur.
636 2631 777 2657 Enimvero
797 2633 819 2657 si
839 2632 929 2668 plures
949 2631 1062 2657 fuerunt.
1084 2631 1113 2657 fr.
1136 2663 1137 2668 1

278 2673 301 2698 4.
321 2673 342 2705 §.
362 2675 385 2699 3.
404 2674 429 2699 vi
450 2673 540 2700 bonor.
561 2678 627 2711 rapt.
646 2675 687 2700 47.
706 2676 730 2699 ὅ.
756 2673 786 2700 cs.
812 2673 842 2699 sr.
870 2676 891 2700 l.
920 2675 942 2708 ξ
965 2676 1003 2700 17.
1033 2673 1065 2700 de
1088 2675 1114 2700 vi

278 2719 304 2740 et
323 2715 348 2740 vi
367 2725 426 2741 arm.
446 2718 487 2743 43.
509 2718 547 2743 16.
586 2716 622 2743 Vt
641 2716 751 2743 duorum
771 2716 879 2742 alterum
899 2718 952 2748 ssat,
973 2722 1113 2743 aut—aut

278 2762 326 2784 etc.
350 2757 381 2783 fr.
405 2759 444 2784 73.
469 2760 490 2792 ξ.
517 2761 538 2785 l.
563 2759 594 2785 ad
617 2759 647 2786 L.
673 2759 742 2786 Falc.
766 2760 807 2785 35.
832 2762 856 2785 2.
904 2759 976 2785 Alias
996 2760 1061 2786 duas
1081 2759 1113 2786 ad

279 2799 383 2827 easdem
407 2800 508 2827 tabulas
533 2801 692 2828 adiecerunt.
717 2802 746 2828 sr.
765 2804 790 2828 2.
817 2802 839 2836 ξ.
859 2803 883 2828 4,
904 2802 936 2828 de
955 2802 988 2828 O.
1007 2802 1025 2828 I.
1047 2804 1069 2829 1.
1088 2805 1112 2829 2.

279 2859 310 2863 —
338 2843 370 2876 §.
398 2843 433 2869 2.
472 2845 627 2871 Numerus
648 2847 838 2879 plur-ativae
866 2847 1112 2880 qualiscunque.

1161 1816 1191 1842 fr.
1213 1816 1310 1842 lO.-de
1333 1826 1410 1844 servo
1436 1827 1502 1843 corr.
1528 1819 1568 1843 11.
1591 1819 1616 1843 3.
1653 1817 1794 1847 Actiones.
1820 1827 1886 1854 quae
1904 1818 2001 1844 inficia-

1160 1860 1232 1885 tione.
1252 1858 1401 1896 duplantur.
1431 1859 1502 1886 Paul.
1523 1859 1541 1886 I.
1562 1861 1602 1887 19.
1627 1860 1665 1894 ἐξ
1690 1862 1713 1887 1.
1733 1870 1773 1897 sq.
1816 1860 1876 1887 Non
1899 1859 2003 1897 duplari

1161 1902 1258 1935 dotem,
1278 1902 1325 1929 sed
1345 1903 1402 1929 fieri
1421 1903 1596 1929 novationem.
1622 1902 1652 1929 fr.
1672 1905 1696 1930 8.
1716 1904 1738 1938 ξ.
1758 1906 1782 1930 5.
1802 1903 1835 1930 de
1853 1907 1940 1930 novat.
1959 1903 2000 1928 46.

1160 1949 1184 1973 2.
1230 1946 1376 1983 Duplatum
1401 1945 1518 1972 debitum
1541 1945 1658 1983 implere.
1696 1945 1746 1973 Th.
1771 1945 1802 1973 C.
1828 1945 1845 1971 Ι.
1869 1947 1894 1971 5.
1919 1955 1939 1972 c.
1960 1947 2000 1971 11.

1160 1988 1266 2022 (ch.)
1286 1988 1318 2015 de
1338 1989 1381 2015 off.
1401 1988 1453 2015 Prs.
1473 1988 1516 2015 Pr.

1195 2032 1387 2065 Duplatio.
1424 2033 1462 2058 Ιιι
1481 2034 1615 2065 duplum
1632 2032 1833 2066 persecutio.
1870 2029 1913 2056 III.
1934 2031 2001 2058 Gn.

1162 2073 1242 2101 Certe
1262 2084 1314 2100 nou
1334 2078 1433 2100 tantum
1452 2073 1627 2110 duplationis,
1653 2073 1701 2099 sed
1725 2078 1751 2099 et
1770 2073 1945 2100 condictionis
1963 2083 2001 2100 ra-

1162 2118 1259 2143 tionem
1279 2116 1432 2142 habendam.
1453 2116 1484 2142 fr.
1503 2118 1544 2142 31.
1565 2115 1598 2142 de
1616 2126 1677 2143 nox.
1697 2121 1746 2142 act.
1767 2118 1790 2142 9.
1810 2117 1833 2142 4.

1195 2161 1356 2193 Duplex.
1393 2158 1522 2192 (Adiect.)
1561 2160 1696 2193 Duplus.
1734 2158 1753 2185 Ι.
1773 2159 1834 2193 Sy.
1871 2157 1956 2185 Vetus
1975 2163 2001 2185 et

1161 2213 1256 2229 novum
1275 2203 1350 2235 (ius)
1370 2201 1400 2228 fr.
1421 2203 1462 2228 91.
1483 2201 1515 2228 de
1534 2201 1564 2228 R.
1580 2202 1599 2228 Ι.
1618 2204 1659 2228 50.
1681 2203 1720 2227 17.
1758 2201 1856 2228 Mixtae
1873 2202 2000 2233 actiones,

1138 2244 1139 2247 ¹
1160 2245 1283 2283 Duplicia
1303 2244 1406 2271 iudicia.
1426 2245 1456 2271 fr.
1480 2247 1518 2271 10.
1538 2245 1583 2271 fin.
1603 2244 1710 2280 regund.
1735 2246 1774 2270 10.
1797 2246 1818 2270 1.
1840 2233 1869 2270 ff.
1889 2246 1914 2270 2.
1933 2244 1955 2278 §.
1976 2246 1999 2270 l.

1138 2293 1139 2306 ¹
1161 2299 1253 2316 comm.
1273 2287 1325 2314 div.
1346 2290 1385 2314 10.
1405 2290 1429 2314 3.
1450 2287 1480 2314 t'r.
1499 2289 1541 2314 37.
1564 2288 1586 2321 ξ.
1607 2289 1629 2313 l.
1650 2286 1683 2313 de
1702 2287 1734 2313 O.
1755 2292 1781 2313 et
1799 2287 1831 2314 A.
1851 2288 1892 2313 44.
1912 2288 1936 2313 7.
1966 2286 1997 2313 11.

277 2329 360 2361 Vnus,
380 2329 421 2356 vel
441 2330 500 2357 duo.
521 2332 577 2357 (iai.
597 2331 639 2358 ΙΙΙ.
661 2334 702 2359 42,
739 2332 865 2368 Yterque.
886 2331 916 2358 t'r.
932 2333 971 2358 16.
992 2336 1020 2358 ut
1039 2331 1114 2367 legat.
1137 2330 1139 2352 1

1162 2334 1228 2366 Op.
1248 2331 1368 2368 Simplex
1388 2331 1558 2364 (dominium,
1576 2340 1600 2356 v.
1619 2329 1814 2363 interdictum.)
1843 2329 1900 2356 Gai.
1919 2329 1937 2356 I.
1956 2331 1998 2356 54.

1160 2375 1190 2401 ΙΙ.
1210 2377 1251 2402 40.
1280 2374 1323 2401 IV.
1345 2376 1402 2401 156.
1429 2376 1485 2400 158.
1507 2375 1563 2399 160.
1601 2372 1642 2398 ΙΙΙ.
1666 2374 1731 2400 Cn.
1763 2372 1850 2399 Semel
1879 2382 1938 2399 esse
1956 2372 1999 2399 ad—

1159 2417 1312 2444 mittendam
1331 2417 1373 2451 (L.
1393 2416 1555 2449 Falcidiam.)
1576 2417 1677 2442 etiamsi
1695 2415 1794 2453 duplex
1813 2416 1848 2442 sit
1861 2420 1998 2442 testamen-

1160 2467 1222 2487 tum.
1243 2460 1274 2487 fr.
1295 2463 1317 2487 1.
1337 2461 1359 2495 ᾗ.
1381 2462 1403 2486 1.
1423 2460 1445 2485 si
1465 2459 1506 2485 cui
1525 2458 1561 2495 pl.
1583 2468 1624 2495 qu.
1644 2469 1669 2496 p.
1689 2458 1718 2485 L.
1734 2457 1803 2484 Falc.
1816 2460 1858 2485 35.
1877 2460 1901 2485 3.
1930 2458 1998 2485 Cum

1160 2505 1186 2530 in
1206 2514 1256 2531 una
1282 2513 1359 2530 causa
1381 2502 1522 2539 separatim
1541 2501 1640 2538 duplex
1660 2502 1791 2528 sententia
1810 2501 1894 2527 divisa
1913 2500 1995 2527 datur.

1160 2546 1190 2573 t'r.
1212 2549 1251 2573 17.
1270 2556 1311 2584 pr.
1331 2545 1363 2572 de
1381 2554 1440 2582 app.
1466 2549 1491 2571 et
1514 2544 1587 2571 relat.
1606 2546 1647 2570 49.
1669 2546 1691 2571 l.
1728 2543 1910 2571 Redhibitoria
1929 2544 1996 2571 actio

1160 2589 1291 2627 duplicem
1309 2588 1388 2615 habet
1407 2587 1658 2614 condemnationem.
1677 2587 1708 2613 t'r.
1728 2588 1769 2613 45.
1789 2586 1822 2613 de
1833 2586 1898 2613 Aed.
1918 2585 1994 2613 edict.

1158 2634 1200 2658 21.
1222 2634 1244 2659 1.
1282 2631 1387 2668 Duplex
1413 2630 1533 2656 danmum
1557 2630 1668 2656 trabere.
1692 2630 1722 2656 sr.
1747 2632 1788 2656 57.
1813 2629 1846 2656 de
1869 2629 1900 2655 R.
1920 2627 1950 2654 V.
1970 2630 1993 2654 6.

1160 2677 1182 2701 l.
1219 2674 1300 2711 Dupl.
1320 2675 1360 2700 ius
1380 2673 1487 2705 habere,
1507 2683 1528 2699 s.
1547 2674 1686 2699 sustinere.
1711 2672 1741 2699 fr.
1763 2674 1802 2699 10.
1825 2672 1869 2699 fin.
1887 2670 1993 2707 regund.

1160 2719 1198 2744 10.
1221 2719 1243 2743 l.
1263 2717 1293 2743 t'r.
1314 2718 1353 2742 15.
1373 2717 1395 2750 ξ.
1415 2718 1439 2742 3.
1465 2715 1497 2742 «le
1521 2720 1598 2742 castr.
1622 2715 1708 2752 pecul.
1734 2717 1776 2742 49.
1796 2717 1836 2742 17.
1872 2713 1995 2750 Duplicia

1158 2760 1212 2793 (sc.
1232 2758 1403 2791 interdicta.)
1429 2764 1480 2785 tam
1499 2758 1696 2796 reciperandae,
1717 2768 1794 2795 quam
1812 2756 1994 2794 adipiscendae

1157 2802 1346 2839 possessionis
1366 2802 1397 2827 l'r.
1416 2804 1439 2828 2.
1460 2802 1481 2835 ξ.
1501 2803 1524 2828 3.
1545 2801 1578 2828 de
1597 2801 1691 2828 interd.
1710 2803 1751 2828 43.
1773 2803 1794 2827 l.

1191 2844 1409 2879 Duplicare.
1448 2846 1485 2871 Ιιι
1508 2847 1646 2872 alterum
1665 2850 1791 2871 tantam
1810 2852 1936 2877 augere.
1973 2842 1991 2869 Ι,
