2197 3121
262 171 303 202 27
309 172 327 202 4

265 252 454 286 (cautionem.)
483 251 513 279 fr.
535 253 574 278 13.
594 252 615 285 5.
638 253 677 278 ll.
702 251 735 278 de
754 250 839 278 damn.
859 250 904 278 inf.
928 252 970 278 39.
990 252 1014 277 2.
1065 249 1108 277 111.

265 297 332 323 Cn.
352 295 518 322 Desiderare.
539 300 563 321 et
583 293 750 321 contendere.
781 304 802 321 c.
822 296 846 321 8.
873 294 906 320 dc
925 293 1018 320 edend.
1039 296 1064 320 2.
1086 295 1108 321 1.

266 338 375 366 Dicere.
401 343 425 364 et
452 337 536 364 desid.
571 337 601 363 sr.
624 339 646 363 1.
669 338 692 371 5.
711 339 736 363 2.
762 337 795 364 de
814 337 858 364 oss.
879 337 931 364 l'rl'.
952 337 997 363 Vr.
1024 339 1046 364 l.
1067 339 1107 364 12.

265 381 358 408 Desid.
383 386 409 407 et
433 380 531 408 audiri.
556 391 579 406 v.
605 390 658 406 non
683 380 742 407 aud.
774 379 805 407 l‘r.
824 382 866 406 32.
887 390 925 417 pr.
956 380 985 406 l'r.
1009 381 1051 406 33.
1075 379 1108 407 de

265 424 354 460 adopt.
377 426 397 450 1.
413 425 436 449 7.
456 423 486 450 l'r.
501 426 524 449 2.
545 424 565 457 5.
585 425 610 449 3.
631 422 663 449 de
682 423 761 450 iudic.
781 425 842 449 5.1.
863 422 893 449 sr.
907 425 949 450 22.
969 423 1002 449 de
1018 422 1106 450 hered.

265 471 318 504 pet.
337 469 362 492 5.
381 468 406 493 3.
444 465 536 492 Desid.
557 471 583 492 ct.
603 467 643 499 (v.
665 467 745 499 nec,)
766 467 918 503 impetrare.
938 476 959 492 s.
979 465 1107 493 obtinere.
1129 476 1131 501 ξ

265 509 338 536 Paul.
359 509 400 536 111.
420 511 443 535 5.
468 510 489 542 5.
513 510 550 535 16.
581 508 611 536 l‘r.
631 512 655 535 δ.
674 510 696 543 5.
717 510 740 536 6.
767 511 818 545 Qu.
843 508 934 535 satisd.
959 519 1015 545 cog.
1039 512 1063 536 2.
1083 511 1107 536 8.
1129 508 1131 543 j

265 552 296 578 l'r.
315 554 340 579 3.
361 553 382 586 5.
402 554 426 578 6.
446 551 478 578 de
499 556 582 578 contr.
602 557 650 579 tut.
669 554 711 579 27.
731 554 756 579 4.
781 562 802 578 c.
825 554 846 578 1.
866 552 889 577 si
909 562 979 589 saep.
999 551 1017 578 1.
1037 551 1056 578 I.
1075 551 1107 578 R.

263 597 289 621 2.
309 596 350 621 44.
388 594 443 621 Nec
463 594 652 627 desideratum,
677 600 705 622 ut
728 595 928 626 decerneretur,
952 605 1000 621 nec
1020 594 1108 621 decre.-

264 642 320 664 tum
340 647 407 664 esse.
431 637 462 664 l'r.
482 639 524 663 34.
544 637 576 664 de
591 637 623 664 N.
639 638 671 665 G.
690 640 714 664 3.
734 641 758 664 5.
795 638 964 674 Rescriptum
983 637 1015 664 ad
1034 637 1108 664 libel·
1130 666 1131 670 ,

264 680 319 707 lum
336 680 549 707 desiderantium.
580 680 610 707 sr.
630 683 671 707 41.
696 682 717 715 5.
739 683 762 707 7.
787 680 819 707 de
838 680 914 717 legat.
934 680 953 707 I.
974 681 1050 714 (30.)
1075 680 1107 707 cs.
1130 674 1131 690 ¹

266 723 349 750 vatic.
376 724 477 758 5154.
516 724 596 751 Adito
617 723 741 750 Praetor-e
760 723 919 750 desiderare.
949 723 979 750 fr.
997 725 1022 750 2.
1041 724 1063 758 5.
1082 725 1106 750 3.

265 766 310 792 ubi
329 776 391 803 pup.
412 766 486 793 educ.
505 769 547 793 27.
568 770 592 793 2.
622 766 653 793 cf.
674 767 703 793 l'r.
725 769 764 793 11.
785 767 807 801 5.
827 768 851 793 2.
877 766 909 792 de
927 767 1020 793 minor.
1039 769 1063 793 4.
1083 768 1107 793 4.

264 809 316 835 Per
334 809 502 836 interdictum
522 809 606 836 desid.
631 809 662 836 fr.
679 812 701 836 1.
721 810 742 844 5
764 812 786 836 1.
807 809 839 836 (18
858 810 927 846 insp.
946 814 1047 836 ventre.
1065 811 1107 836 25.
1130 812 1131 828 ¹

264 854 288 878 4.
326 852 419 879 Desid.
441 854 589 879 conveniri.
610 857 681 879 recte
700 852 775 879 reddi
795 857 844 879 etc.
874 852 903 879 l'r.
924 853 965 879 49.
989 853 1022 879 de
1039 857 1108 890 pact.

263 897 289 922 2.
310 897 350 922 14.
380 895 464 922 Yatic.
484 897 584 930 5119.
622 895 714 922 Desid.
740 900 781 927 nt,
805 905 830 922 v.
854 905 887 922 ne
906 900 956 922 etc.
988 896 1046 923 Gai.
1065 895 1107 922 111.

265 940 323 965 122.
348 937 393 965 IV.
414 940 472 965 157.
493 940 550 965 159.
588 938 653 965 Des.
674 939 749 975 quasi
768 943 818 965 etc.
846 938 877 965 fr.
896 940 938 965 27.
958 949 998 976 pr.
1024 938 1056 965 de
1075 937 1107 965 N.

265 980 297 1007 G.
316 982 340 1007 3.
361 982 383 1006 5.
409 981 439 1007 sr.
462 983 500 1007 ll.
521 982 542 1015 5.
562 983 586 1008 2.
608 981 641 1007 de.
659 982 753 1007 minor.
772 983 797 1008 4.
817 983 841 1008 4.

298 1023 552 1051 Desiderium.
591 1025 621 1058 §-
641 1026 677 1051 1.
709 1026 836 1057 Votum,
860 1026 1028 1051 Voluntas.
1064 1023 1106 1050 111.

265 1067 331 1094 Cu.
366 1066 489 1093 Decimas
512 1068 579 1093 fisco
608 1083 641 1087 —-—
670 1072 876 1104 repraesentare.
906 1083 939 1087 ——-
968 1067 1108 1094 Caeterum

263 1109 370 1136 modum
389 1110 445 1136 suis
465 1109 605 1136 desideriis
624 1110 768 1136 vindicare.
799 1109 849 1136 Th.
869 1109 900 1136 C.
914 1110 947 1137 X.
969 1111 1009 1137 19.
1030 1120 1050 1136 c.
1067 1112 1107 1137 10.

264 1153 297 1179 (18
315 1152 413 1179 metall.
450 1153 589 1179 Desideria
603 1154 770 1179 morientium
785 1163 817 1179 ex
836 1153 944 1179 arbitrio
963 1154 1108 1180 viventium

265 1212 296 1217 —
317 1196 449 1232 colligere.
480 1206 501 1222 c.
521 1198 546 1222 4.
571 1195 604 1222 (18
626 1201 710 1222 natur.
736 1195 781 1222 lib.
805 1197 829 1222 5.
854 1198 897 1222 27.
938 1196 1107 1223 Desiderium

264 1239 374 1266 alicuius
394 1238 512 1276 implere.
539 1239 569 1265 l'r.
586 1241 608 1265 1.
629 1239 680 1275 Qu.
701 1238 792 1266 satisd.
813 1249 867 1276 cog.
886 1241 911 1266 2.
926 1240 950 1266 8.
970 1255 1003 1258 —
1022 1240 1053 1273 ἕ.
1070 1241 1106 1266 2.

262 1284 404 1314 Petilio,
424 1284 614 1316 Expositio.
652 1282 669 1309 l.
690 1283 751 1316 Sy.
780 1281 890 1313 Preces,
909 1281 1057 1309 Desideria.
1084 1293 1105 1309 c.

262 1328 287 1352 2.
307 1325 340 1352 de
359 1335 408 1352 err.
428 1324 519 1351 advoc.
539 1328 563 1351 2.
587 1328 626 1352 10.
664 1325 791 1351 Libellus.
820 1325 851 1351 l'r.
871 1326 895 1351 9.
922 1326 944 1359 5.
964 1327 988 1352 4.
1009 1325 1042 1352 (18
1061 1326 1104 1352 off.

262 1368 339 1396 Proc.
360 1373 386 1395 ct
403 1367 464 1403 Leg.
486 1370 508 1394 1.
531 1370 569 1394 16.
598 1368 628 1395 l'r.
648 1371 689 1395 52.
709 1369 731 1402 5.
751 1370 776 1395 3.
801 1368 833 1395 de
852 1372 920 1405 pact.
939 1370 964 1394 2.
985 1370 1026 1395 14.
1062 1368 1104 1395 ΠΙ.
1127 1365 1129 1377 '

263 1413 330 1440 (711.
362 1411 506 1438 Civitatum
529 1411 675 1448 postulata.
701 1411 805 1438 decreta
831 1411 948 1443 urbium,
973 1411 1105 1438 desideria

262 1454 430 1492 populorum.
465 1454 514 1480 Th.
539 1454 570 1481 C.
589 1454 646 1480 XII.
670 1457 709 1481 12.
729 1465 751 1481 c.
773 1456 812 1480 16.
837 1454 869 1480 cf.
890 1464 912 1481 c.
932 1456 955 1481 7.
975 1454 1009 1481 de
1028 1454 1104 1492 legat.
1126 1452 1128 1476 1'

264 1502 290 1524 et
309 1497 378 1524 decr.
398 1497 428 1524 11.
452 1499 494 1523 29.
520 1507 540 1523 c.
560 1499 584 1523 2.
604 1507 644 1534 pr.
668 1499 691 1524 si
711 1502 774 1524 cert.
793 1502 874 1534 petat.
918 1497 1054 1524 Professio
1079 1503 1106 1525 et.
1127 1495 1128 1531 ᾗ

263 1540 424 1567 desiderium
443 1545 516 1566 tuum
535 1540 622 1573 (inter
642 1551 670 1567 se
689 1541 867 1577 discrepant.)
899 1551 920 1567 c.
939 1543 963 1567 6.
983 1541 1016 1567 (18
1034 1552 1104 1568 mun.

1127 1382 1128 1388 ι
1150 1369 1192 1394 43.
1216 1377 1256 1405 pr.
1285 1366 1318 1393 de
1340 1367 1410 1403 vulg.
1436 1371 1462 1393 et
1484 1377 1548 1404 pup.
1573 1369 1615 1394 28.
1639 1369 1664 1394 6.

262 1585 365 1621 patrim.
387 1586 427 1610 10.
446 1586 488 1610 41.
526 1583 604 1615 Eius,
632 1584 677 1620 qui
701 1599 734 1603 -
757 1583 821 1610 dicit
846 1594 875 1610 se
894 1583 1014 1610 libellum
1032 1584 1106 1611 Priu-

263 1627 316 1664 cipi
341 1626 461 1658 dedisse,
487 1642 520 1645 —
544 1625 628 1652 audiri
652 1626 812 1653 desiderium
836 1626 1001 1663 prohibetur.
1029 1627 1060 1654 fr.
1080 1629 1104 1654 4.

263 1669 295 1696 de
315 1679 374 1707 app.
394 1670 474 1706 recip.
499 1671 540 1696 49.
561 1671 584 1695 5.
622 1668 659 1695 Yt
683 1670 718 1696 sit
741 1669 806 1696 ordo
831 1669 926 1705 aliquis
949 1670 1106 1707 postulatio-

262 1722 337 1744 num,
356 1712 459 1739 scilicet
478 1717 507 1739 ut
525 1713 641 1738 omnium
661 1711 792 1738 desideria
812 1712 958 1739 audiantur.
987 1712 1018 1739 fr.
1037 1715 1061 1740 9.
1081 1714 1103 1747 5.

262 1757 286 1781 4.
307 1755 339 1782 (18
359 1756 402 1782 off.
422 1755 498 1782 Proc.
518 1760 544 1781 et
562 1754 624 1791 Leg.
646 1756 668 1780 l.
690 1756 729 1780 16.
770 1754 929 1782 Rescribere
952 1756 985 1782 ad
1004 1756 1107 1783 deside·
1126 1753 1127 1791 ζ

262 1799 307 1824 ria.
335 1798 366 1825 fr.
386 1800 410 1825 4.
430 1799 452 1833 5.
472 1801 496 1825 5.
521 1798 555 1825 ib.
577 1800 599 1825 l.
620 1799 660 1823 16.
679 1797 710 1824 fr.
732 1799 771 1824 15.
796 1797 828 1824 de
848 1799 874 1824 in
893 1799 934 1825 ius
953 1809 1011 1826 voc.
1035 1801 1059 1826 2.
1080 1801 1104 1826 4.

263 1841 376 1868 Intentio
403 1847 444 1868 est
468 1853 497 1868 ea
521 1851 582 1878 pars
608 1840 747 1873 formulae,
772 1851 823 1877 qua
847 1846 920 1868 actor
943 1841 1105 1869 desiderium
1126 1850 1128 1876 ι’

263 1894 340 1910 suum
359 1884 500 1911 concludit.
530 1885 587 1910 Gai.
608 1884 652 1910 IV.
672 1886 713 1910 41.

298 1928 467 1954 Desidia.
515 1929 749 1963 Negligentia,
781 1929 944 1962 Pigritia.
993 1927 1011 1955 1.
1042 1929 1105 1963 Sy.
1126 1929 1128 1964 l

1085 168 1178 200 DES.

1153 251 1217 277 iuris
1237 252 1347 278 intentio
1374 251 1416 278 his
1439 251 1536 279 verbis.
1567 252 1624 279 Gai.
1644 252 1688 280 1V.
1708 254 1749 280 60.
1792 254 1881 282 Debet
1900 255 1997 287 dicere.

1153 294 1217 330 quid
1241 299 1361 331 quaerat.
1386 299 1411 321 et
1433 305 1488 322 rem
1511 305 1559 322 suo
1586 297 1692 322 nominc
1716 301 1743 323 et
1766 306 1812 323 sua
1838 299 1928 335 specio
1955 298 1998 325 (18-

1152 337 1263 371 signare.
1292 335 1365 363 Paul.
1385 336 1416 363 ll.
1435 339 1478 364 31.
1502 339 1524 372 5.
1544 340 1586 365 22.
1630 339 1716 365 Aliam
1736 349 1790 366 rem
1810 341 1836 366 in
1856 351 1998 377 personam

1152 390 1248 408 meam.
1273 379 1348 406 aliam
1369 381 1394 406 in
1415 379 1480 407 Titii
1500 381 1632 417 designari
1651 391 1704 408 uon
1723 392 1812 419 posse.
1843 382 1873 409 fr.
1896 385 1952 410 141.
1973 384 1997 418 5.

1152 424 1176 449 5.
1198 422 1231 449 dc
1250 422 1282 449 V.
1303 422 1336 449 Ο.
1357 424 1399 449 45.
1421 424 1443 449 l.
1465 439 1496 442 —
1521 424 1552 457 ξ.
1567 426 1602 451 2.
1633 426 1824 458 Destinare‚
1844 426 1997 453 Denomi-

1152 475 1236 492 nare.
1278 465 1296 492 I.
1322 467 1383 500 Sy.
1419 465 1563 493 Destinare.
1588 468 1747 501 (tutorem.)
1782 467 1867 494 Vatic.
1892 468 1915 502 5.
1935 470 1996 496 211.

1152 507 1307 536 Nominnre.
1327 508 1432 545 Eligere
1458 508 1653 542 (Praetorem.)
1683 510 1733 537 Th.
1753 510 1784 537 C.
1804 510 1848 537 W.
1868 512 1892 537 4.
1913 521 1934 538 c.
1955 513 1996 538 14.

1152 561 1192 588 sq.
1213 562 1235 578 c.
1258 554 1297 578 17.
1318 562 1339 578 c.
1359 553 1401 577 21.
1423 551 1456 577 dc
1474 550 1561 578 Praet.
1582 557 1607 578 et
1626 553 1677 588 Qu.
1715 553 1758 579 111.
1775 555 1840 581 Cn.
1861 554 1915 589 Qui
1933 559 1998 591 post

1153 610 1185 614 —
1205 594 1284 621 Coss.
1304 594 1433 630 designati
1447 600 1531 621 crunt.
1560 594 1616 622 Gai.
1631 595 1661 622 II.
1675 597 1734 622 238.
1773 595 1906 623 Honorem
1920 606 1997 624 suum

1153 638 1250 675 capiat,
1275 637 1427 674 designatus
1452 637 1557 674 expleat
1579 647 1673 664 munus
1697 640 1858 675 impositum.
1892 639 1942 666 Th.
1963 639 1996 666 C.

1152 680 1168 706 l.
1189 680 1206 706 l.
1227 690 1248 707 c.
1270 682 1310 706 10.
1330 681 1352 714 5.
1371 682 1396 707 2.
1434 679 1605 707 Testamento
1625 680 1753 717 designati
1773 682 1920 716 (tutores.)
1946 681 1997 709 Va-

1130 722 1131 728 *
1151 724 1195 750 tie.
1214 722 1232 750 1.
1251 723 1268 749 1.

1186 766 1421 800 Designatio.
1451 767 1482 799 ξ.
1503 767 1538 792 1.
1558 767 1702 799 Electio,
1724 769 1867 795 Creatio.
1898 767 1917 795 I.
1933 769 1997 803 Sy.

1151 808 1305 835 Editionum
1329 808 1407 841 ordo,
1431 809 1534 835 Electio
1559 808 1697 835 editorum.
1732 810 1782 837 Th.
1801 811 1832 838 C.
1856 810 1901 838 Vl.
1927 813 1953 838 4.
1973 821 1995 838 c.

1130 876 1132 880 ,
1152 853 1195 877 23.
1215 861 1237 878 c.
1251 853 1293 878 31.
1307 861 1366 888 sqq.
1388 852 1420 878 (18
1438 852 1525 879 Praet.
1546 857 1572 878 et
1591 852 1643 887 Qu.
1680 852 1723 879 111.
1739 854 1804 881 Gn.
1823 853 1860 880 Id.
1881 854 1948 891 Aug.
1963 870 1997 874 —

1154 893 1382 931 designationibus
1402 896 1499 922 curiam
1519 905 1626 932 operam
1645 894 1715 922 dare.
1745 895 1781 922 lh.
1802 896 1818 923 l.
1833 896 1850 923 l.
1864 907 1886 924 c.
1901 899 1941 924 10.
1955 907 1996 934 pr.

1154 952 1186 956 —
1219 938 1250 970 §-
1280 939 1316 964 2.
1353 939 1525 974 Prosessio
1558 945 1713 973 quaestus
1740 941 1996 975 designatorum.

1153 979 1196 1006 111.
1220 981 1286 1008 Gn·
1318 980 1372 1016 Qui
1390 982 1568 1018 praeconium,
1589 981 1815 1017 dissignationem,
1833 982 1997 1010 libitinamve

1153 1022 1239 1050 saciet.
1267 1022 1332 1049 Tah.
1352 1023 1454 1050 Heracl.
1476 1024 1520 1051 lin.
1539 1026 1581 1051 20.
1602 1034 1641 1061 sq.
1662 1035 1713 1051 aer.
1733 1024 1816 1062 Neap.

1186 1066 1428 1100 Designator.
1467 1068 1750 1094 caerimoniarum
1770 1070 1940 1104 magister.
1976 1069 1995 1096 1.

1152 1110 1214 1144 Sy.
1240 1110 1294 1145 Qui
1314 1109 1522 1145 designationem
1535 1110 1620 1137 saciet.
1650 1110 1692 1137 Cf.
1707 1120 1730 1137 v.
1747 1110 1911 1147 Designatio.
1932 1112 1994 1146 5.2.

1151 1152 1292 1179 Brabeuta.
1322 1152 1352 1178 sr.
1372 1154 1396 1179 4.
1416 1153 1482 1187 5.1.
1503 1152 1536 1179 de
1555 1152 1580 1179 h.
1601 1163 1643 1190 qu.
1663 1158 1717 1180 not.
1737 1154 1824 1181 insam.
1843 1156 1868 1181 3.
1888 1157 1912 1181 2.

1186 1196 1385 1223 Desinere.
1424 1197 1568 1223 Cessare.
1605 1196 1623 1222 1.
1643 1197 1706 1231 Sy.
1734 1196 1864 1223 Desinere
1887 1197 1994 1230 habere,

1151 1239 1284 1265 Deserere
1304 1238 1566 1272 (consuetudinem.)
1603 1238 1729 1265 Liberari.
1764 1239 1854 1267 Finiri.
1888 1240 1945 1267 Gai.
1964 1240 1995 1268 Π.

1151 1282 1193 1308 68.
1219 1281 1251 1308 cf.
1275 1280 1294 1307 1.
1316 1283 1373 1308 145.
1407 1280 1469 1318 Ylp.
1493 1281 1539 1307 XI.
1565 1283 1605 1308 17.
1624 1283 1666 1308 28.
1696 1281 1726 1308 sr.
1748 1284 1788 1309 14.
1808 1293 1847 1320 pr.
1872 1283 1894 1317 5.
1916 1285 1938 1310 l.
1963 1283 1997 1311 de

1151 1323 1225 1350 tutel.
1244 1325 1286 1351 26.
1307 1325 1330 1350 1.
1368 1324 1461 1350 Desin.
1480 1323 1582 1357 valere,
1605 1324 1703 1362 Rumpi
1721 1327 1942 1359 (testamentum.)
1962 1326 1994 1354 fr.

1706 1368 1737 1395 H.
1767 1371 1834 1403 01).
1867 1368 1996 1407 Incipere,

1151 1410 1289 1447 Coepisse.
1318 1410 1375 1436 Gai.
1396 1409 1414 1436 1.
1435 1410 1493 1436 186.
1516 1412 1572 1437 195.
1599 1410 1628 1438 l'r.
1642 1412 1684 1438 45.
1698 1421 1738 1448 pr.
1759 1411 1791 1438 de
1805 1416 1933 1439 excusatt.
1951 1414 1995 1440 27.

1151 1455 1173 1480 l.
1198 1454 1228 1480 fr.
1248 1454 1289 1480 65.
1309 1463 1348 1490 pr.
1368 1453 1401 1479 (18
1421 1452 1497 1489 legat.
1516 1453 1547 1479 11.
1568 1454 1646 1487 (31.)
1682 1454 1808 1487 Exstare.,
1828 1455 1942 1482 Manere.
1961 1471 1996 1476 -

1149 1496 1242 1523 Desin.
1262 1506 1329 1523 esse.
1357 1495 1388 1522 fr.
1408 1497 1431 1522 S.
1451 1506 1491 1534 pr.
1511 1496 1545 1523 (18
1564 1496 1640 1523 cond.
1662 1497 1722 1524 surt.
1744 1499 1784 1525 13.
1805 1500 1828 1525 l.
1848 1498 1879 1525 fr.
1889 1501 1914 1525 5.
1933 1499 1956 1533 5.
1968 1500 1994 1526 3.

1126 1553 1128 1563 ι
1149 1540 1182 1567 (18
1202 1541 1297 1577 captiv.
1317 1540 1360 1565 49.
1382 1541 1422 1565 15.
1458 1539 1535 1571 Esse,
1554 1549 1579 1566 v.
1595 1539 1672 1572 Fieri,
1693 1556 1726 1560 —-
1740 1541 1839 1568 Desin.
1859 1551 1919 1568 esse
1937 1542 1996 1575 (no-

1126 1603 1127 1623 3
1149 1587 1246 1614 strum,
1265 1593 1290 1609 v.
1309 1582 1448 1615 alteriuS.)
1477 1582 1535 1609 Gai.
1555 1582 1586 1609 11.
1607 1584 1648 1609 66.
1667 1593 1727 1620 sqq.
1755 1583 1786 1610 fr.
1806 1585 1848 1611 69.
1873 1584 1906 1611 de
1925 1584 1994 1612 usus.

1150 1627 1173 1651 7.
1194 1627 1217 1652 1.
1259 1624 1302 1651 111.
1328 1626 1394 1653 Gn.
1426 1625 1468 1651 Ex
1497 1625 1538 1651 his
1568 1626 1670 1662 legibus
1695 1631 1767 1653 tutor
1789 1627 1920 1664 petendus
1944 1632 1994 1660 est,

1126 1663 1127 1705 i
1150 1669 1195 1704 qui
1213 1667 1311 1694 desiuit
1329 1672 1402 1694 tutor
1421 1678 1488 1699 esse,
1509 1673 1681 1705 posteaquam
1701 1674 1749 1696 etc.
1774 1670 1832 1697 Gai.
1846 1670 1865 1696 I.
1880 1672 1938 1697 186.
1953 1680 1994 1708 sq.

1126 1713 1128 1726 ³
1148 1711 1189 1738 Ex
1209 1720 1261 1747 quo
1280 1710 1307 1736 id
1327 1720 1394 1748 opus
1413 1711 1559 1748 perfectum
1579 1716 1633 1743 est,
1662 1717 1706 1738 aut
1730 1712 1788 1739 fieri
1813 1713 1906 1745 desiit,
1931 1713 1996 1740 licet

1150 1754 1295 1791 perfectum
1314 1763 1367 1779 non
1386 1755 1430 1780 sit.
1459 1754 1490 1780 fr.
1512 1756 1552 1780 15.
1573 1754 1594 1788 5.
1614 1756 1639 1781 4.
1660 1756 1713 1791 Qu.
1732 1757 1759 1782 vi
1779 1761 1823 1783 aut
1842 1756 1875 1783 cl.
1894 1758 1936 1784 43.
1951 1758 1994 1783 24.

1150 1797 1180 1824 Si
1198 1798 1239 1823 vir
1257 1797 1334 1829 absit.
1353 1801 1380 1822 et
1399 1796 1483 1823 donec
1502 1797 1585 1829 abest,
1605 1802 1632 1824 et
1651 1799 1718 1824 intra
1738 1809 1834 1826 anuum
1852 1804 1995 1837 postquam

1150 1840 1244 1866 abesse
1266 1839 1383 1866 desierit.
1412 1839 1473 1877 le.
1498 1839 1570 1866 XVI.
1597 1842 1620 1866 1.
1663 1841 1692 1867 si
1717 1843 1771 1868 sint
1795 1842 1900 1870 tabulae
1924 1842 1995 1880 apud

1145 1882 1293 1920 pupillum,
1321 1887 1347 1909 et
1374 1882 1436 1909 dolo
1464 1884 1559 1909 tutoris
1589 1883 1717 1910 desierint
1745 1895 1813 1912 esse.
1852 1885 1884 1912 fr.
1907 1887 1932 1912 4.
1960 1885 1995 1911 de

1149 1926 1202 1953 tab.
1226 1925 1314 1952 exhib.
1337 1927 1379 1952 43.
1398 1928 1422 1952 5.
1470 1925 1564 1963 Neque
1582 1926 1720 1964 possidet.
1744 1938 1831 1965 neque
1850 1927 1912 1954 dolo
1930 1926 1994 1954 fecit

263 1969 358 2007 Culpa.
395 1970 505 1997 Desidia
525 1981 553 1996 ac
572 1970 736 2006 negligentia.
766 1969 795 1995 fr.
816 1971 856 1996 72.
876 1980 925 2007 pro
945 1980 999 1997 soc.
1020 1973 1060 1998 17.
1079 1974 1104 1998 2.
1126 1972 1128 2000 i
1150 1974 1179 1996 ut
1201 1969 1335 1995 desineret
1357 1968 1504 2005 possidere.
1542 1969 1573 1996 fr.
1595 1972 1617 1996 1.
1647 1969 1680 1996 de
1704 1969 1779 1997 distr.
1802 1971 1872 2007 pign.
1901 1972 1943 1997 20.
1967 1972 1992 1997 5.

262 2014 285 2048 5.
303 2015 328 2039 3.
348 2013 366 2039 I.
393 2014 444 2049 Qu.
464 2013 533 2039 mod.
553 2023 589 2039 re.
612 2015 636 2038 3.
658 2015 697 2038 15.
740 2012 782 2038 111.
803 2013 868 2039 Cn.
900 2012 1033 2049 segnitiae
1057 2015 1105 2041 cri·
1126 2001 1128 2050 l
1150 2012 1181 2039 cs.
1206 2012 1236 2039 fr.
1255 2014 1297 2038 20.
1321 2012 1343 2046 5.
1363 2013 1387 2038 6.
1416 2011 1447 2038 fr.
1464 2014 1506 2038 25.
1532 2013 1569 2046 55.
1587 2014 1611 2038 2.
1631 2022 1689 2048 sqq.
1719 2012 1752 2038 de
1775 2012 1864 2039 hered.
1889 2017 1942 2050 pet.
1966 2015 1991 2040 5.

262 2065 330 2085 men.
350 2055 393 2082 vcl
412 2057 598 2087 contumaciae,
618 2055 660 2081 vel
681 2054 806 2081 desidiae.
831 2055 862 2081 fr.
877 2056 900 2081 6.
914 2066 953 2092 pr.
974 2056 1006 2083 dc
1025 2056 1056 2083 R.
1070 2057 1103 2084 M.
1126 2054 1127 2102 i
1149 2058 1173 2082 3.
1210 2055 1288 2081 Actio
1308 2054 1393 2080 danda
1413 2059 1466 2086 est,
1494 2064 1561 2091 quae
1583 2054 1681 2080 desinit
1707 2060 1870 2091 competere,
1897 2057 1920 2083 si
1941 2061 1991 2083 etc.

263 2100 304 2125 49.
321 2101 361 2125 16.
398 2099 553 2126 Forensium
572 2108 658 2124 rerum
679 2108 783 2135 expers.
802 2097 845 2124 vel
859 2098 922 2124 alias
937 2099 1105 2136 simplicitate
1126 2115 1127 2128 ;
1149 2098 1179 2125 fr·
1199 2099 1241 2124 36·
1261 2097 1294 2123 de
1313 2096 1344 2123 N·
1365 2097 1397 2123 G·
1415 2099 1441 2123 3·
1460 2099 1484 2123 5·
1521 2096 1617 2123 Statim
1636 2101 1725 2123 ¹¹⁰⁵tffl
1745 2108 1805 2124 ‘'5⁵‘'-
1824 2098 1922 2125 dl'Sinlt
1940 2100 1991 2133 (SC-

263 2142 379 2177 gaudens
406 2147 431 2168 et
455 2141 573 2169 desidiae
597 2141 711 2167 deditus.
744 2141 773 2167 l'r.
793 2143 835 2167 25.
859 2142 881 2175 5.
904 2143 925 2168 l.
950 2141 983 2169 de
1001 2143 1104 2180 probat.
1126 2134 1128 2169 i
1149 2151 1192 2168 res
1211 2140 1369 2173 derelicta.)
1395 2144 1420 2166 et
1443 2141 1598 2177 occupantis
1617 2141 1655 2166 lit.
1685 2140 1714 2167 fr.
1736 2142 1758 2166 1.
1778 2150 1827 2177 pro
1847 2141 1928 2168 derel.
1948 2144 1991 2169 41.

262 2186 305 2211 22.
324 2187 349 2211 3.
387 2185 426 2211 ‘Ne
450 2184 557 2211 alterius
582 2184 659 2210 dolus
684 2189 728 2211 aut
747 2184 847 2211 desidia
867 2184 925 2211 aliis
945 2191 1046 2212 noceat.
1074 2186 1105 2213 l'r.
1126 2186 1127 2216 I
1150 2186 1173 2211 7.
1202 2183 1258 2212 Gai,
1279 2183 1309 2209 11.
1323 2184 1365 2209 (55.
1403 2182 1506 2209 Civitas
1520 2192 1579 2209 esse
1598 2182 1703 2215 desinit,
1723 2199 1756 2203 —
1774 2183 1896 2220 ideoque,
1916 2186 1992 2222 quasi

262 2229 305 2254 26.
325 2228 346 2262 5.
367 2229 390 2254 6.
416 2228 448 2254 de
467 2238 527 2254 nox.
549 2232 597 2254 act.
622 2229 646 2254 9.
667 2229 691 2254 4.
733 2227 762 2253 Si
782 2237 830 2264 per
848 2229 950 2261 vinum,
975 2234 1019 2255 aut
1038 2229 1106 2256 desi·
1126 2229 1127 2252 ἶ

264 2270 332 2297 diam
352 2270 483 2299 custodis.
509 2271 534 2297 id
560 2271 684 2297 evenerit.
719 2270 750 2296 sr.
771 2272 810 2297 12.
830 2281 869 2308 pr.
896 2271 929 2297 dc
953 2272 1055 2299 custod.
1080 2277 1106 2299 et

264 2313 352 2340 exhib.
371 2316 413 2340 48.
426 2316 450 2340 3.
477 2313 597 2350 Torpore
611 2318 765 2343 marcentes.
786 2313 902 2340 desidiae
915 2316 1025 2341 somniis
1039 2316 1106 2342 osci·

263 2362 357 2383 tantvs.
387 2356 436 2383 Th.
458 2356 489 2382 C.
509 2356 526 2382 1.
547 2359 570 2382 5.
592 2367 612 2382 e.
632 2359 656 2383 9.
677 2356 782 2389 (ch.)
803 2357 835 2383 (18
855 2358 898 2384 off.
920 2357 971 2383 Prs.
992 2357 1034 2384 Pr.

298 2399 678 2432 Desidiosus.(Aah-01.)
707 2402 899 2434 Negligeux,
921 2402 1041 2427 Mollis.
1074 2401 1104 2427 11.

264 2445 331 2477 ⁰1²·
359 2442 531 2469 Laboriosum
564 2443 593 2468 l'r.
616 2445 654 2468 1⁸.
676 2453 714 2479 pr.
745 2442 777 2469 dc
797 2442 882 2469 Aedil.
909 2443 986 2469 edict.
1014 2445 1056 2470 21.
1082 2446 1104 2470 1.

263 2486 305 2512 111.
322 2487 388 2514 Gn.
417 2485 560 2512 Desidiosa
580 2486 667 2521 quiete.
686 2487 830 2522 transigere
849 2486 979 2519 (annum.)
1008 2485 1058 2512 Th.
1073 2486 1104 2513 C.

262 2528 319 2555 Vll.
342 2531 380 2555 18.
400 2539 421 2555 c.
442 2530 481 2556 16.
502 2528 535 2555 de
554 2528 681 2555 desertor.
1126 2546 1127 2560 1

298 2572 521 2606 Designare.
541 2572 572 2604 ξ.
584 2572 619 2598 l.
641 2573 843 2603 Describere,
864 2573 1103 2599 Demonstrare.
1126 2561 1127 2576 ¹

264 2612 282 2639 1.
304 2615 364 2648 Sy.
395 2615 591 2641 Demonstrare.
625 2614 666 2641 Cf.
686 2614 711 2640 h.
732 2624 755 2640 v.
780 2614 801 2647 5.
821 2616 845 2640 2.
884 2614 991 2647 Dicere,
1011 2615 1105 2652 Expri-

264 2666 342 2682 mere.
378 2657 460 2684 Yatic.
479 2659 501 2691 5.
521 2660 580 2684 210.
601 2668 622 2684 c.
641 2659 665 2683 3.
685 2657 718 2683 de
737 2656 794 2682 sals.
815 2667 883 2683 caus.
903 2659 926 2683 (i.
947 2659 988 2684 41.
1027 2658 1104 2685 Com-

264 2699 434 2736 prehendere.
464 2701 494 2727 l'r.
514 2703 538 2727 3.
558 2693 597 2737 pr.
618 2700 650 2727 dc
669 2710 755 2727 accuS.
775 2701 816 2726 48.
835 2702 860 2725 2.
897 2700 940 2726 111.
958 2702 1024 2728 (7η.
1044 2700 1103 2727 Non

265 2741 344 2768 debet
362 2744 462 2777 vagari.
488 2744 535 2770 sed
554 2744 704 2780 designare.
730 2747 756 2769 et
779 2747 879 2769 certum
898 2743 1047 2779 specialiter
1067 2744 1104 2770 di-

265 2795 332 2811 ccre.
361 2784 392 2811 l‘r.
413 2786 435 2810 7.
462 2795 500 2821 pr.
531 2785 563 2812 de
582 2787 658 2812 iniur.
683 2787 724 2812 47.
746 2787 786 2812 10.
822 2785 900 2811 Initio
921 2795 975 2817 res.
1001 2786 1033 2812 de
1053 2796 1102 2822 qua

265 2829 362 2861 agitur,
382 2827 588 2860 demonstretur,
613 2834 666 2855 tum
685 2828 845 2865 designetur,
865 2827 959 2855 deinde
979 2828 1104 2854 inseratur
1124 2817 1125 2864 1

1123 2876 1125 2893 1

1149 2233 1247 2258 morte,
1271 2226 1367 2253 habere
1387 2225 1485 2253 desinit
1505 2225 1598 2253 usumf.
1629 2226 1659 2252 sr.
1678 2227 1720 2252 21.
1746 2226 1798 2261 Qu.
1818 2227 1887 2254 mod.
1908 2227 1990 2255 ususl'.

1151 2273 1173 2298 7.
1193 2272 1217 2297 4.
1256 2270 1310 2306 Qui
1329 2269 1430 2306 aliquid
1449 2269 1520 2301 fecit,
1540 2273 1569 2295 ut
1587 2268 1691 2295 desinat
1708 2268 1805 2296 habere
1819 2270 1890 2306 quod
1903 2270 1990 2298 habet.

1151 2314 1180 2340 l'r.
1199 2316 1224 2340 3.
1249 2313 1271 2347 5.
1290 2314 1314 2339 2.
1341 2313 1393 2348 Qu.
1419 2314 1444 2339 in
1469 2312 1499 2339 l'r.
1525 2311 1594 2338 cred.
1620 2314 1661 2338 42.
1681 2314 1705 2338 8.
1749 2313 1803 2347 Qui
1828 2312 1940 2340 veliam
1959 2323 1990 2341 eo

1151 2362 1269 2394 tempore
1289 2372 1321 2375 —
1341 2355 1470 2382 solvendo
1489 2365 1541 2381 non
1562 2359 1609 2382 est.
1628 2354 1671 2380 vel
1686 2354 1753 2381 datis
1768 2355 1933 2383 libertatibus
1947 2356 1991 2383 (18-

1150 2401 1249 2426 siturus
1274 2404 1315 2425 est
1338 2398 1467 2425 solvendo
1491 2407 1558 2424 esse.
1588 2398 1617 2423 l'r.
1640 2399 1679 2424 10.
1705 2398 1759 2433 Qui
1783 2403 1809 2424 et
1827 2410 1841 2425 a
1861 2409 1903 2435 qu.
1922 2409 1989 2426 man.

1150 2445 1191 2469 40.
1211 2444 1234 2469 9.
1273 2442 1362 2468 Desiit
1385 2441 1448 2468 utile.
1472 2450 1545 2469 esse.
1571 2450 1594 2466 v.
1619 2440 1716 2467 bonum
1741 2446 1767 2467 et
1791 2452 1903 2478 aequum
1921 2452 1989 2469 csse.

1150 2486 1207 2512 Gai.
1227 2485 1270 2511 lv.
1292 2486 1349 2510 144.
1370 2484 1400 2510 l'r.
1419 2485 1461 2510 34.
1481 2493 1520 2519 pr.
1540 2482 1572 2509 de
1593 2484 1626 2509 0.
1646 2488 1671 2509 et
1690 2484 1721 2511 A.
1741 2487 1782 2511 44.
1804 2487 1827 2511 7.

1183 2529 1390 2556 vesistere.
1427 2526 1458 2559 §.
1480 2527 1514 2552 l.
1547 2526 1716 2559 Deserere,
1747 2529 1933 2564 Negligere.
1968 2527 1988 2554 1.

1150 2574 1211 2606 Sy.
1244 2571 1374 2597 Deficere.
1407 2568 1448 2595 Cf.
1468 2568 1493 2595 h.
1513 2578 1537 2595 v.
1562 2569 1583 2602 5.
1603 2570 1627 2595 3.
1674 2569 1734 2596 Non
1758 2580 1882 2607 peragere.
1906 2580 1987 2598 rcum.

1149 2615 1178 2641 l'r.
1199 2616 1222 2640 6.
1243 2615 1265 2648 5.
1284 2615 1308 2639 2.
1329 2612 1358 2638 fr.
1374 2614 1413 2638 12.
1428 2622 1467 2648 sq.
1487 2611 1519 2638 ad
1539 2612 1566 2638 S.
1587 2611 1618 2639 C.
1633 2612 1715 2650 Turp.
1735 2614 1777 2639 48.
1797 2615 1837 2640 16.
1874 2613 1904 2640 11.
1920 2615 1988 2647 ⁰1²·

1148 2657 1294 2683 Adsisterc.
1327 2655 1368 2682 Cf.
1389 2655 1414 2681 h.
1434 2665 1458 2681 v.
1482 2655 1503 2689 5.
1524 2657 1548 2681 2.
1591 2654 1771 2682 Perseverarc.
1805 2656 1834 2682 sr.
1854 2658 1878 2683 8.
1903 2656 1986 2690 §.14.

1148 2700 1181 2726 dc
1199 2699 1272 2726 inoff.
1292 2703 1393 2724 testam.
1413 2700 1436 2724 5.
1455 2700 1480 2724 2.
1517 2698 1560 2725 111.
1584 2700 1650 2726 On.
1682 2699 1735 2734 Qui
1755 2699 1786 2725 ab
1805 2698 1855 2731 his,
1875 2708 1987 2735 quorum

1148 2743 1197 2769 sub
1216 2742 1326 2778 imperio
1345 2745 1415 2773 sunt.
1434 2740 1567 2768 desistunt
1585 2746 1611 2768 et
1628 2742 1655 2768 in
1674 2741 1790 2768 hostium
1808 2751 1943 2768 numerum
1957 2751 1987 2768 se

1125 2793 1126 2797 ¹
1148 2785 1292 2812 conserunt.
1319 2783 1348 2810 fr.
1369 2786 1392 2810 5.
1412 2784 1434 2818 5.
1456 2786 1478 2810 l.
1498 2784 1531 2811 (18
1550 2794 1605 2821 cap.
1624 2785 1686 2811 min.
1710 2786 1734 2812 4.
1753 2787 1777 2811 5.
1819 2784 1929 2811 Etiamsi
1949 2784 1987 2811 of-

1147 2827 1246 2855 liciales
1265 2828 1322 2854 ausi
1340 2826 1436 2854 suerint
1455 2838 1468 2853 a
1487 2832 1578 2854 tenore
1597 2827 1671 2854 datae
1689 2827 1754 2864 legis
1768 2827 1904 2854 desistere.
1925 2838 1947 2855 c.
1959 2829 1984 2855 5.
