2197 3121
920 163 1007 194 DEL
1032 182 1070 187 —
1094 164 1200 195 DEM.

201 261 259 278 sus.
296 249 338 276 ΙΙΙ.
354 251 420 277 Cn.
448 249 593 276 Deliciosis
613 247 779 274 nutrimentis
800 246 923 273 enervati.
944 245 994 272 Th.
1010 244 1040 271 C.

201 293 256 320 Vll.
280 295 321 319 22.
351 303 372 319 c.
397 295 421 319 5.
451 292 484 319 de
508 291 544 318 fil.
568 290 672 316 militar.
719 288 888 315 Deverticula
914 288 1041 315 deliciosa

201 336 303 363 sectari.
332 335 369 362 ll».
389 335 407 362 1.
428 337 450 361 7.
472 345 492 361 c.
512 336 536 360 5.
557 333 589 360 de
608 333 652 359 off.
672 332 746 359 Reet.
766 332 808 359 Pr.

234 378 438 406 Relictam.
475 378 507 411 §.
529 377 564 402 l·
593 378 731 403 Factum
750 377 908 401 illicitum
929 376 1042 409 quale-

201 431 330 455 cunque.
373 420 391 447 I.
413 421 475 454 Sy.
508 418 654 445 Peccatum.
685 418 715 444 sr.
736 419 793 444 131.
817 418 882 451 5.1.
909 416 942 442 de
961 415 992 442 V.
1013 416 1040 442 S.

201 466 242 490 50.
264 465 304 490 16.
341 463 434 490 Noxia.
467 462 498 489 fr.
518 462 577 488 238.
597 462 618 495 5.
638 463 662 487 3.
691 460 725 487 ib.
746 462 786 486 50.
808 460 847 486 16.
875 458 905 485 fr.
927 460 950 485 l.
975 459 996 492 5.
1018 460 1040 485 l.
1062 493 1064 503 Ι

201 508 224 533 si
244 506 371 543 quadrup.
391 508 414 532 9.
436 507 458 531 l.
496 504 537 531 [Π.
558 506 624 532 Cn.
652 503 831 534 Delictorum,
856 512 922 538 quae
946 506 1042 538 sponte

201 549 244 575 vel
263 549 408 585 ignorantia
427 547 631 576 contrahuntur.
651 547 784 573 coercitio.
805 545 834 572 fr.
850 547 873 571 1.
893 544 925 571 de
944 543 996 570 LL.
1018 545 1040 570 1.

201 593 225 618 3.
250 591 280 618 [ι’.
303 593 360 618 131.
380 592 401 625 5.
423 593 443 617 l.
465 590 497 617 de
516 589 547 616 V.
568 590 595 616 S.
619 591 661 616 50.
683 590 722 616 16.
758 588 892 615 Delictum
911 587 1042 624 decipien-

201 635 236 661 tis
255 635 281 661 in
300 633 419 671 periculo
438 633 558 660 homines
578 633 726 666 (innoxium
745 641 804 658 esse
822 641 875 657 non
889 630 988 662 debet).
1009 630 1040 656 l'r.

202 678 226 703 6.
246 678 268 711 5.
289 679 311 704 7.
332 677 365 704 de
383 676 427 703 off.
447 675 534 702 Praes.
556 677 578 702 1.
600 676 640 701 18.
681 673 788 700 Nullum
808 673 887 700 habet
906 674 932 699 in
951 683 980 699 se
999 673 1041 699 de-

201 720 306 752 lictum,
327 720 402 756 quasi
420 719 621 756 pronunciatum
640 727 692 743 non
711 718 753 743 sit.
777 716 808 743 fr.
830 718 851 742 1.
872 716 893 749 5.
914 717 937 743 8.
958 716 990 742 cf.
1010 716 1040 742 fr.

200 765 242 789 51.
262 773 301 800 pr.
331 762 364 789 de
391 761 477 788 Aedil.
502 761 579 788 edict.
602 762 644 786 2l.
669 761 692 786 1.
736 758 811 785 Paria
835 759 930 786 delicta
953 764 1040 785 mutua

200 806 356 842 pensatione
387 804 578 831 dissolvuntur.
614 802 643 829 fr.
667 803 708 828 39.
735 801 784 828 sol.
810 803 920 828 matrim.
949 804 991 828 24.
1015 804 1039 828 3.

201 848 291 885 Ipsum
311 858 343 874 ex
362 846 460 874 delicto
479 857 528 873 suo
547 846 638 872 teneri.
670 844 700 871 sr.
720 847 744 872 4.
769 845 801 871 de
820 845 871 871 tab.
892 845 979 871 exhib.
998 846 1039 871 43.

200 893 224 917 5.
262 890 345 917 Nemo
370 900 403 916 ex
426 900 474 916 suo
498 888 594 915 delicto
618 887 753 915 meliorem
772 897 845 914 suam
864 887 1041 914 conditionem

200 934 286 960 tacere
304 937 402 970 potest.
431 932 461 958 fr.
482 933 538 958 134.
563 931 584 965 5.
606 933 629 958 1.
655 931 687 957 de
706 930 737 957 R.
757 930 775 957 1.
800 933 841 957 50.
863 933 902 957 17.
945 931 1040 967 Super-

199 977 323 1002 veniente
342 975 438 1002 delicto
458 976 518 1007 (nec
537 975 669 1011 corrumpi
688 979 733 1000 aut
751 975 858 1003 mutari.
879 973 951 1010 quod
969 978 1040 1000 recte

199 1023 360 1045 transactum
380 1018 446 1051 est).
470 1017 500 1044 fr.
520 1019 544 1043 2.
565 1017 597 1043 de
616 1018 671 1043 itin.
692 1022 777 1053 actuq.
797 1018 864 1054 priv.
884 1018 925 1043 43.
947 1018 986 1043 19.
1007 1032 1038 1035 -

200 1062 232 1095 §·
253 1063 288 1088 2.
319 1063 455 1088 Crimen.
501 1060 519 1086 Ι.
549 1061 611 1094 Sy.
646 1059 767 1086 Facinus.
803 1060 834 1086 fr.
860 1062 899 1086 15.
922 1070 962 1097 pr.
987 1059 1039 1094 Qui

200 1108 226 1130 et
245 1114 259 1129 a
278 1114 320 1139 qu.
347 1113 413 1130 man.
437 1105 479 1129 40.
499 1104 523 1129 9.
563 1103 607 1129 111.
626 1104 692 1131 Gn.
727 1102 782 1129 Nec
806 1112 868 1129 sane
896 1102 1040 1129 verisimile

199 1151 254 1178 est,
280 1146 404 1173 delictum
428 1156 507 1173 unum
531 1146 621 1172 eadem
640 1145 696 1182 lege
715 1146 794 1172 variis
815 1145 1040 1172 aestimationibus

200 1190 325 1215 coerceri.
360 1189 391 1216 fr.
411 1190 452 1215 41.
478 1188 510 1215 de
529 1199 607 1226 poen.
632 1190 674 1215 48.
696 1190 735 1215 19.
776 1188 859 1215 Multo
883 1190 957 1226 prius
981 1198 1040 1214 con-
1060 1203 1062 1219 3

199 1233 309 1258 scientia
329 1231 500 1263 delictorum,
520 1242 598 1268 quam
617 1231 792 1263 damnatione,
810 1232 851 1257 ius
871 1231 945 1258 datae
963 1231 1040 1258 libcr-

198 1275 260 1301 tatis
285 1285 344 1300 eum
368 1275 496 1301 amisisse.
526 1274 556 1301 fr.
577 1276 617 1300 15.
637 1284 676 1311 pr.
701 1273 718 1300 1.
743 1276 784 1301 40.
804 1275 827 1301 9.
873 1275 918 1307 Ei,
944 1275 988 1311 qui
1012 1274 1039 1301 id

199 1318 343 1349 commisit,
362 1327 411 1354 pro
430 1317 509 1344 modo
529 1316 632 1348 delicti,
651 1326 763 1354 poenam
782 1318 887 1353 irroget.
914 1317 943 1344 fr.
963 1318 987 1344 8.
1007 1317 1039 1343 de

199 1359 310 1386 calumn.
329 1362 353 1386 3.
368 1361 391 1386 6.
429 1359 465 1387 Vt
484 1361 541 1386 sine
560 1359 648 1396 aliquo
668 1359 855 1396 impedimento
875 1360 940 1396 legis
960 1359 1039 1386 Iuliae

198 1413 246 1440 per
265 1413 310 1429 eos
329 1403 441 1429 militare
461 1402 586 1430 delictum
606 1404 722 1429 coerceri
741 1404 835 1440 possit.
864 1402 937 1429 Paul.
951 1402 983 1429 V.
996 1404 1038 1429 26.

198 1446 221 1479 5.
240 1447 264 1472 2.
290 1462 322 1465 —-
346 1447 377 1479 §.
401 1447 439 1472 3.
473 1447 646 1479 obligatio
671 1448 704 1472 in
722 1456 853 1480 poenam
872 1453 1038 1480 concepta,

198 1491 269 1515 dolo
295 1491 343 1515 vel
366 1491 462 1523 culpa
485 1494 666 1515 contracta.
708 1488 738 1515 II.
764 1490 830 1522 Op.
860 1488 974 1515 Crimen.
1007 1488 1037 1515 sr.

200 1533 257 1558 131.
283 1532 304 1565 5.
326 1533 348 1558 1.
374 1531 406 1557 de
426 1531 457 1557 V.
478 1531 505 1557 S.
524 1533 565 1556 50.
588 1532 627 1557 16.
668 1530 836 1557 Contractus.
869 1531 925 1558 Gai.
950 1531 993 1558 IV.
1013 1533 1037 1559 2.
1060 1530 1061 1551 l

200 1575 258 1600 182.
283 1574 313 1600 fr.
333 1576 357 1600 9.
377 1575 399 1608 5.
418 1576 442 1600 2.
463 1574 496 1600 de
514 1574 607 1600 minor.
626 1576 650 1600 4.
670 1576 694 1600 4.
735 1574 778 1600 III.
799 1576 865 1602 Gn.
893 1574 1038 1610 obligatio-

200 1627 259 1649 nes,
284 1627 350 1654 quae
376 1627 408 1644 ex
432 1617 529 1644 delicto
554 1618 687 1648 oriuntur,
711 1616 792 1643 veluti
817 1618 839 1643 si
863 1619 922 1654 quis
941 1617 1037 1644 furtum

200 1659 305 1691 fecerit.
329 1660 397 1686 bona
421 1661 536 1696 rapuerit
560 1664 608 1685 etc.
638 1660 694 1686 Gai.
719 1659 760 1686 ΙΙΙ,
788 1661 844 1686 182.
887 1660 916 1686 Si
941 1670 972 1686 ex
997 1660 1038 1686 de-

201 1701 264 1728 licto
284 1702 417 1729 debeatur.
447 1702 477 1729 fr.
499 1704 538 1729 12.
558 1712 597 1739 pr.
617 1702 650 1728 de
669 1701 701 1728 V.
722 1702 749 1729 S.
769 1704 865 1729 50.16.
902 1702 1038 1740 Propriam
1059 1697 1061 1700 “

202 1746 329 1771 actionem
349 1747 404 1772 eius
424 1745 513 1772 delicti
532 1746 637 1771 nomine
656 1744 764 1772 Praetor
783 1746 938 1778 introduxit,
959 1747 1038 1782 (quae

201 1787 348 1824 adpellatur
366 1789 392 1814 vi
411 1788 539 1814 bonorum
558 1788 716 1824 raptorum).
744 1788 801 1815 Gai.
820 1788 863 1814 111.
882 1790 941 1815 209.

235 1830 425 1864 Defigere.
462 1832 608 1865 Eligere,
629 1832 755 1858 Creme.
792 1831 835 1857 ΙΙΙ.
856 1832 921 1858 Cn.
941 1830 978 1857 Vt
996 1841 1039 1867 pa-

200 1874 278 1901 troni.
299 1877 437 1909 patronae,
457 1872 568 1899 libertus
587 1878 658 1899 tutor
677 1873 756 1909 deligi
775 1874 869 1910 possit.
898 1873 981 1899 Vatic.
1000 1874 1037 1907 55.

199 1918 258 1941 220.
271 1917 330 1941 224.
351 1925 391 1951 sq.
429 1915 458 1941 Si
477 1916 536 1951 quis
556 1926 584 1941 se
604 1915 673 1942 dicat
692 1916 852 1942 domicilium
872 1926 923 1942 non
943 1916 1038 1943 hahere

200 1958 307 1991 Romae,
336 1957 454 1984 delectus
484 1958 516 1984 ad
543 1968 646 1984 munus.
684 1958 720 1985 lb.
750 1960 771 1993 5.
797 1961 856 1985 203.
898 1959 926 1985 ln
950 1959 977 1985 id
997 1959 1039 1985 de-

199 2002 283 2028 lectos
304 2011 424 2038 quosque
443 2002 514 2027 viros
534 2017 566 2020 —
586 2000 720 2028 destinari.
751 2001 800 2028 Th.
827 2001 858 2028 C.
878 2001 935 2028 VII.
956 2004 996 2028 13.
1017 2013 1037 2029 c.

199 2046 224 2070 9.
244 2044 276 2070 de
296 2045 372 2070 tiron.

235 2087 547 2114 Belinimentum.
584 2088 785 2114 Blanditiae.
822 2086 865 2113 III.
886 2089 952 2115 Gn.
987 2087 1039 2115 No-

201 2129 348 2156 vernalibus
362 2129 547 2161 delinimentis.
562 2129 808 2166 instigationibusve
822 2132 947 2168 corrupti.
968 2131 998 2157 sr.
1013 2133 1037 2158 4.

204 2171 236 2197 de
254 2172 324 2198 inoff.
344 2177 445 2199 testam.
465 2174 489 2198 5.
509 2174 533 2198 2.

238 2215 480 2248 Relinquere·
500 2217 636 2242 Factum
656 2217 817 2243 illicitum
834 2223 1038 2250 perpetrare,

205 2258 351 2284 Facinus
378 2260 558 2284 admittere.
600 2257 618 2283 1.
639 2259 701 2292 Sy.
735 2258 842 2285 Crimen
867 2261 1037 2286 committere.

204 2341 307 2367 demum
327 2341 434 2377 obligari
454 2353 484 2369 eo
505 2344 611 2369 crimine
624 2344 795 2380 impuberem.
816 2346 839 2371 si
858 2361 890 2364 —
910 2345 1039 2382 intelligat

203 2393 232 2409 se
252 2383 411 2419 delinquere.
439 2384 495 2411 Gai.
521 2385 563 2412 ΙΙΙ.
582 2387 641 2412 208.
684 2386 846 2423 Sacrilegos.
871 2387 986 2414 latrones
1005 2405 1037 2408 -—

204 2427 358 2462 conquirere
377 2425 462 2457 debet,
481 2433 518 2460 et,
537 2434 616 2465 prout
635 2430 747 2466 quisque
766 2429 915 2466 deliquerit,
934 2432 961 2457 in
981 2441 1038 2457 eum

203 2468 415 2495 animadvertere.
444 2468 474 2494 fr.
494 2472 533 2496 13.
551 2481 591 2508 pr.
611 2471 643 2498 de
663 2473 709 2499 off.
730 2472 817 2499 Praes.
838 2475 860 2499 1.
882 2474 921 2499 18.
957 2473 1038 2501 Aliud

203 2516 244 2537 est
263 2516 395 2537 auctorem
414 2521 472 2537 esse
491 2522 565 2539 servo
585 2513 761 2551 delinquenti,
786 2515 857 2542 aliud
880 2517 934 2552 pati
958 2516 1039 2543 delin-

203 2565 291 2591 quere.
317 2554 346 2580 l'r.
365 2556 388 2580 3.
409 2553 441 2580 (18
460 2564 519 2580 nox.
539 2561 586 2582 act.
605 2558 629 2583 9.
647 2559 671 2584 4.
709 2557 834 2590 Heredes,
855 2559 899 2594 qui
923 2558 1038 2596 delique-

202 2602 263 2623 runt
282 2598 308 2622 in
328 2596 446 2623 adeundo
466 2601 491 2623 et
517 2598 659 2632 similibus,
684 2600 765 2627 ultive.
789 2611 841 2627 uon
865 2607 934 2628 sunt.
963 2602 993 2629 sr.
1012 2604 1036 2630 8.

202 2639 223 2673 5.
247 2641 268 2665 l.
289 2639 319 2665 fr.
339 2641 362 2665 9.
390 2639 422 2665 de
441 2638 468 2665 S.
490 2639 520 2665 C.
540 2639 621 2667 Silan.
640 2644 681 2669 29.
701 2645 724 2669 5.
766 2643 801 2670 Et
820 2645 842 2670 si
861 2644 929 2671 forte
948 2646 974 2671 in
993 2645 1037 2672 ali-

202 2692 255 2718 quo
275 2682 367 2708 horum
387 2681 539 2718 deliquerit.
560 2684 729 2715 (emendandi
748 2687 771 2712 ei
790 2685 898 2713 facultas
918 2688 1037 2715 concedi-

201 2724 264 2756 tur).
291 2723 375 2750 Vatic.
390 2725 411 2758 5
425 2727 484 2750 210.
520 2724 577 2751 Hoc
597 2727 665 2752 enim
682 2728 794 2764 primum
813 2729 932 2766 deliquit,
952 2731 1036 2767 (quod

202 2766 253 2792 alio
276 2768 478 2794 instrumentum
500 2767 659 2801 transtulit).
694 2769 725 2796 fr.
748 2773 772 2797 4.
797 2772 818 2805 5.
837 2774 861 2798 5.
887 2773 919 2799 de
943 2774 1034 2801 edend.
1056 2771 1059 2786 ¹

201 2810 225 2835 2.
245 2811 284 2836 13.

1865 165 1928 195 263

1120 246 1367 273 nolite—scere.
1410 248 1447 273 In
1472 249 1599 273 occulto
1629 248 1772 278 versari,
1801 247 1927 273 Latere.

1085 288 1128 315 ΙΙΙ.
1148 291 1213 316 Cn.
1247 288 1282 315 Vt
1302 289 1340 320 hi.
1366 289 1435 326 apud
1455 300 1522 326 quos
1542 289 1699 316 delitescant
1723 290 1777 322 (sc.
1799 288 1927 324 fugitivi),

1086 333 1234 368 puniantur.
1266 331 1296 358 fr.
1318 333 1340 357 1.
1361 332 1381 365 5.
1401 334 1425 358 2.
1451 332 1483 359 de
1503 332 1603 369 fugitiv.
1630 334 1670 359 ll.
1690 334 1714 358 4.
1756 331 1928 358 Desertorem

1086 385 1146 410 agro
1166 379 1289 411 tectoque
1308 376 1456 411 suscipere,
1481 380 1559 411 atque
1583 374 1653 412 apud
1678 385 1707 401 se
1726 373 1771 400 diu
1790 375 1844 411 pati
1864 373 1927 400 deli-

1086 422 1195 444 tescere.
1229 417 1278 444 Th.
1300 416 1331 444 C.
1355 416 1411 443 Ul.
1440 419 1478 444 18.
1504 429 1524 444 c.
1545 421 1568 444 5.
1594 418 1627 445 de
1646 418 1774 446 desertor,
1812 416 1865 452 Qui
1884 426 1927 442 ne·

1086 470 1136 496 que
1155 470 1186 486 ex
1206 460 1478 487 administrationibus
1499 466 1573 493 sunt⁷
1595 466 1619 487 et
1639 466 1724 487 tamen
1744 465 1772 486 ut
1792 459 1926 497 perfectis-

1086 504 1144 529 simi
1164 503 1330 530 delitescunt.
1359 503 1395 530 ll).
1416 503 1459 530 Vl.
1479 505 1520 530 22.
1541 514 1562 530 c.
1584 506 1605 530 l.
1627 503 1659 530 de
1678 504 1770 530 honor.
1791 501 1873 528 codic.

1119 547 1315 579 Delphica.
1353 547 1467 573 Mensa
1486 548 1600 581 tripos.
1638 547 1680 573 ΙΙΙ.
1702 548 1767 574 Gn·
1796 545 1926 571 Instructa

1086 588 1163 614 domo
1183 589 1279 625 legata,
1304 600 1333 615 ea
1351 589 1436 625 legato
1457 590 1636 615 continentur:
1657 605 1689 609 —-
1707 598 1827 619 mensae,
1846 597 1926 614 arma-

1086 632 1135 663 ria,
1156 631 1305 668 delphicae,
1330 631 1422 669 pelves
1446 636 1495 658 etc.
1528 631 1600 658 Paul.
1621 632 1662 658 Ill.
1687 633 1710 658 6.
1735 633 1756 666 5.
1776 632 1818 657 56.
1850 630 1880 657 fr.
1900 631 1924 656 3.

1085 684 1125 710 pr.
1146 674 1178 700 de
1197 674 1292 711 supell.
1313 674 1361 711 leg.
1381 676 1422 701 33.
1444 677 1484 701 10.

1120 719 1300 751 Delphus.
1344 719 1536 752 Delphicus,
1565 718 1763 752 Delphorum
1788 718 1927 744 civitati

1086 763 1283 794 adscriptus.
1326 760 1370 787 III.
1391 762 1457 788 Cn.
1484 760 1626 787 Iliensibus
1650 770 1805 786 concessum
1825 764 1872 786 est.
1893 774 1925 778 —

1084 803 1170 829 Etiam
1189 803 1302 840 Delphis
1322 803 1373 830 hoc
1391 803 1460 830 idem
1479 803 1605 830 tributum
1625 808 1651 829 et
1674 807 1857 830 conservatum
1877 807 1924 828 est.

1085 845 1115 872 fr.
1132 848 1153 872 l.
1173 847 1195 879 5.
1208 848 1232 872 2.
1253 846 1285 873 ad
1304 848 1399 873 munic.
1419 848 1498 872 50.1.
1536 846 1701 883 Delphorum
1721 847 1798 872 curia.
1828 845 1877 872 Th.
1893 844 1924 871 C.

1084 888 1142 915 XV.
1162 891 1186 916 5.
1206 899 1227 915 c.
1247 891 1270 915 4.
1292 889 1324 915 de
1343 894 1458 926 spectac.

1119 934 1342 959 Delum-um.
1385 935 1490 959 Sacra
1518 934 1616 958 aedes.
1662 931 1704 958 III.
1725 933 1791 959 Cn..
1823 930 1925 957 Cuncta

1085 986 1175 1002 eorum
1193 975 1264 1005 sana,
1284 975 1394 1012 templa.
1415 975 1523 1001 delubra
1543 991 1575 994 —
1595 975 1703 1001 destrui.
1733 973 1782 1000 Th.
1803 972 1834 1000 C.
1853 972 1924 999 XVI.

1085 1020 1125 1044 10.
1145 1029 1167 1045 c.
1185 1020 1227 1044 25.
1248 1017 1279 1044 cf.
1299 1028 1320 1044 c.
1338 1019 1375 1043 10.
1397 1017 1429 1043 de
1442 1027 1532 1054 pagan.
1569 1018 1638 1044 Arae
1656 1016 1777 1054 publicae
1791 1021 1868 1053 atque
1882 1015 1924 1042 de-

1083 1061 1172 1093 lubra,
1197 1066 1222 1087 et
1247 1060 1447 1087 consuetudinis
1471 1065 1574 1087 vestrae
1598 1061 1733 1087 solemnia.
1762 1059 1798 1086 lb.
1818 1059 1863 1086 IX.
1883 1059 1922 1085 16.

1084 1115 1105 1131 c.
1125 1107 1149 1131 2.
1170 1104 1202 1130 de.
1220 1103 1330 1130 malefic.

1118 1148 1321 1174 Deludere.
1364 1148 1517 1178 Eludere,
1546 1148 1694 1173 Illudere.
1738 1145 1756 1171 Ι.
1776 1147 1838 1180 Sy.
1867 1145 1924 1171 Cir-

1084 1190 1274 1221 cumscribere,
1293 1188 1416 1216 Eludere.
1449 1200 1470 1215 c.
1492 1191 1531 1215 14.
1551 1190 1573 1223 5.
1593 1191 1616 1215 2.
1637 1189 1670 1215 de
1688 1188 1819 1215 adsessor.
1840 1190 1862 1214 1.
1882 1190 1922 1214 51.

1083 1234 1125 1260 ΙΙΙ,
1146 1235 1211 1261 (7η.
1244 1232 1384 1258 Parentum
1409 1242 1487 1268 saepe
1513 1232 1649 1258 custodiae
1675 1232 1804 1258 nutricum
1828 1230 1924 1257 fabulis

1083 1293 1115 1297 —
1142 1276 1309 1303 deluduntur.
1343 1274 1393 1301 Th.
1418 1274 1449 1301 C.
1475 1274 1520 1300 ΙΧ.
1544 1276 1586 1301 24.
1611 1285 1632 1301 c.
1654 1277 1676 1301 1.
1702 1275 1767 1308 5.1.
1793 1273 1825 1300 de
1847 1278 1924 1310 raptu

1082 1321 1163 1356 virgg.
1199 1319 1390 1345 Auctoritatem
1409 1318 1570 1344 iudiciariam
1589 1328 1602 1343 a
1622 1327 1650 1344 se
1670 1317 1788 1344 delusam
1807 1316 1924 1353 experie-

1083 1368 1132 1389 tur.
1162 1373 1183 1389 c.
1203 1364 1226 1388 7.
1247 1361 1279 1388 de
1298 1361 1397 1398 postul.
1416 1363 1441 1387 2.
1460 1363 1484 1388 6.

1117 1406 1374 1433 Dennandare.
1416 1405 1586 1436 Mandare,
1619 1405 1836 1430 Committere.
1880 1400 1923 1426 111.

1084 1450 1149 1476 (711.
1180 1448 1279 1474 'Notum
1298 1447 1384 1473 facere
1403 1447 1630 1484 (dispensatori).
1655 1457 1684 1472 ac
1704 1444 1859 1472 demandare
1879 1444 1924 1477 (ut

1060 1482 1061 1490 Ι
1083 1492 1170 1523 daret,
1194 1501 1218 1516 v.
1242 1491 1401 1527 acciperet).
1434 1489 1464 1516 fr.
1486 1492 1544 1516 141.
1569 1491 1590 1524 5.
1611 1491 1634 1515 4.
1663 1489 1696 1515 de
1720 1488 1751 1515 V.
1779 1487 1811 1514 Ο.
1837 1489 1879 1514 45.
1900 1488 1922 1512 l.

1083 1534 1138 1561 Nec
1157 1543 1282 1571 praesens
1302 1533 1369 1559 hauc
1393 1534 1569 1569 cognItioncm
1593 1532 1667 1558 alteri
1698 1529 1854 1557 demandare
1878 1539 1923 1566 po-

1083 1582 1134 1604 test
1155 1578 1204 1610 (sc.
1224 1576 1358 1609 Praeses).
1390 1575 1419 1602 sr.
1441 1577 1463 1602 1.
1484 1577 1504 1609 5.
1525 1579 1548 1602 8.
1569 1575 1600 1601 ad
1620 1575 1647 1601 S.
1668 1574 1698 1601 C.
1719 1573 1801 1610 Turp.
1820 1573 1861 1599 48.
1882 1573 1922 1598 16.

1082 1619 1247 1657 Aperiendae
1266 1624 1328 1645 sunt
1351 1618 1482 1645 secundae
1506 1617 1622 1649 tabulae,
1646 1623 1675 1644 ut
1698 1618 1796 1643 sciatur
1820 1616 1861 1641 cui
1881 1614 1923 1641 ‹le-

1082 1663 1200 1689 mandata
1220 1663 1255 1688 sit
1274 1663 1382 1688 curalio.
1410 1661 1441 1688 fr.
1456 1664 1479 1687 9.
1499 1666 1600 1687 testam.
1621 1660 1740 1697 quemad.
1760 1669 1799 1696 ap.
1819 1660 1860 1685 29.
1880 1659 1905 1683 3.

1117 1707 1383 1733 Dematurare.
1422 1706 1600 1730 Maturare.
1642 1703 1684 1729 III.
1702 1704 1768 1729 Cn.
1802 1701 1859 1728 Sibi
1878 1700 1923 1727 eli-

1059 1745 1061 1756 ³
1082 1753 1142 1784 gant
1155 1748 1328 1775 defensorem.
1349 1747 1497 1782 factumque.
1511 1746 1681 1772 dematurent.
1706 1745 1774 1771 Νῦν.
1788 1744 1921 1771 Maiorian.

1059 1823 1060 1826 Ἴ
1083 1791 1115 1817 de
1134 1790 1233 1816 defens.
1254 1791 1323 1815 civit.
1344 1788 1387 1815 IV.
1407 1792 1431 1815 2.
1452 1799 1472 1815 c.
1494 1791 1516 1815 l.

1117 1835 1295 1860 Demens.
1324 1831 1464 1865 (Adiect.)
1502 1834 1655 1863 Insanus,
1676 1833 1781 1858 Mente
1799 1836 1921 1864 captus.

1059 1883 1061 1892 ’
1082 1876 1100 1902 1.
1124 1877 1185 1910 Sy.
1214 1875 1348 1901 Furiosus.
1379 1874 1408 1901 fr.
1424 1877 1446 1901 7.
1467 1885 1506 1912 pr.
1526 1875 1563 1908 55.
1585 1876 1606 1900 l.
1627 1884 1685 1911 sqq.
1706 1874 1738 1900 de
1758 1884 1810 1900 cnr.
1829 1873 1921 1900 furios.

1082 1921 1123 1945 27.
1145 1921 1184 1945 10.
1222 1918 1252 1944 11.
1270 1920 1336 1951 Op.
1366 1917 1487 1954 Sapiens.
1506 1917 1590 1944 Sanae
1609 1919 1712 1944 mentis.
1733 1933 1765 1937 -—
1784 1916 1920 1947 FuriosuS.

1082 1961 1124 1988 vel
1144 1961 1258 1988 demens.
1292 1961 1322 1987 fr.
1343 1963 1384 1987 27.
1409 1962 1430 1994 5.
1450 1963 1474 1987 5.
1495 1960 1527 1986 de
1546 1971 1598 1987 rec.
1619 1971 1660 1997 qu.
1681 1960 1735 1987 arb.
1754 1962 1778 1987 4.
1797 1961 1821 1986 8.
1846 1959 1876 1986 fr.
1895 1961 1920 1985 2.

1082 2004 1112 2030 fr.
1132 2006 1155 2030 5.
1176 2004 1208 2030 de
1227 2004 1299 2030 inoff.
1320 2009 1421 2030 testam.
1441 2006 1465 2030 5.
1480 2005 1504 2029 2.
1541 2003 1583 2030 ΙΙΙ.
1599 2005 1665 2031 Gn.
1685 2004 1802 2030 Eventus
1821 2007 1921 2040 specte-

1082 2052 1136 2077 tur.
1156 2051 1184 2073 ut
1204 2058 1216 2072 a
1236 2047 1433 2073 dementissimo
1453 2057 1559 2083 quoquo
1580 2047 1653 2073 sacta.
1684 2046 1714 2073 fr.
1736 2048 1775 2072 16.
1799 2046 1820 2079 5.
1840 2047 1863 2072 8.
1888 2045 1920 2071 (18

1082 2100 1157 2127 poen.
1185 2092 1225 2116 48.
1248 2091 1286 2116 19.
1330 2090 1473 2116 Dementes
1496 2091 1647 2126 vesanique.
1681 2089 1730 2116 Th.
1752 2088 1782 2116 C.
1801 2088 1871 2115 XVI.
1895 2091 1919 2115 2.

1083 2143 1103 2159 c.
1123 2136 1146 2159 2.
1167 2133 1188 2166 5.
1210 2135 1231 2159 l.
1252 2132 1284 2158 de
1303 2132 1355 2158 fide
1374 2132 1469 2159 cathol.

1117 2176 1332 2202 Dementia.
1369 2176 1400 2209 §.
1421 2177 1455 2202 l.
1484 2177 1652 2202 Alienatio
1671 2177 1801 2203 mentis.
1826 2177 1918 2201 Insa-

1082 2219 1144 2244 nia.
1190 2217 1232 2244 ΙΙΙ.
1258 2219 1324 2245 Cn.
1361 2218 1390 2244 In
1414 2218 1502 2244 furore
1526 2223 1570 2244 aut
1594 2218 1722 2244 dementia
1750 2219 1917 2244 constitutus.

1060 2277 1061 2284 1
1082 2260 1112 2286 fr.
1133 2261 1156 2286 8.
1176 2260 1241 2293 5.1.
1262 2260 1294 2287 de
1314 2266 1392 2288 tutor.
1413 2266 1438 2287 et
1457 2271 1510 2287 eur.
1531 2261 1581 2287 dat.
1600 2262 1642 2286 26.
1661 2262 1684 2287 4.
1722 2261 1833 2298 Propter
1851 2260 1918 2286 furo-

203 2299 233 2325 l'r.
256 2301 277 2324 l.
299 2309 336 2335 pr.
360 2301 396 2333 55.
416 2302 439 2327 l.
459 2310 517 2337 sqq.
543 2300 575 2326 de
595 2310 672 2337 poen.
696 2302 737 2327 48.
759 2304 798 2328 19.
840 2302 882 2328 ΙΙΙ.
904 2304 969 2329 (7η.
1001 2303 1038 2329 lta
1059 2305 1061 2314 ⁴

1082 2314 1149 2331 rem.
1169 2303 1212 2329 vel
1232 2314 1309 2340 quem
1329 2303 1406 2330 alium
1427 2314 1514 2330 casum
1538 2303 1689 2330 dementiae.
1720 2304 1750 2330 fr.
1772 2305 1810 2329 17.
1834 2303 1855 2336 5.
1876 2303 1916 2328 ll.

1083 2346 1115 2372 de
1134 2348 1210 2373 iniur.
1236 2349 1338 2373 47.10.
1370 2362 1403 2366 —
1441 2348 1471 2380 §-
1491 2348 1526 2373 2.
1560 2349 1783 2376 Perversitas,
1813 2347 1917 2372 Error

1081 2392 1290 2416 damnandus.
1328 2389 1346 2415 Ι.
1370 2391 1432 2423 Sy.
1458 2389 1588 2419 Audacia.
1608 2390 1726 2419 Errores,
1746 2389 1828 2415 Furor
1846 2388 1916 2420 (hae-

1081 2433 1243 2465 reticorum).
1276 2432 1445 2469 Superstitio.
1475 2432 1524 2459 Th.
1544 2432 1575 2459 C.
1594 2432 1664 2459 XVI.
1684 2435 1707 2458 5.
1728 2442 1748 2458 c.
1762 2433 1784 2457 6.
1798 2441 1838 2468 pr.
1858 2432 1879 2465 5
1890 2432 1914 2457 3.

1082 2485 1103 2501 c.
1123 2476 1165 2501 21.
1186 2485 1207 2501 c.
1226 2476 1268 2500 24.
1288 2485 1328 2511 sq.
1347 2476 1389 2501 31.
1408 2485 1449 2511 sq.
1468 2476 1509 2502 34.
1530 2475 1562 2502 de
1581 2475 1702 2502 haeretic.

1116 2519 1292 2544 Demere.
1351 2519 1497 2550 Tollere,
1535 2520 1691 2554 Auferre,
1728 2518 1914 2555 Detrahere.

1081 2559 1099 2586 I.
1120 2561 1181 2594 Sy.
1214 2560 1346 2587 Adimere.
1380 2571 1401 2587 c.
1422 2562 1461 2587 13.
1483 2570 1522 2597 sq.
1547 2560 1579 2587 de
1598 2560 1667 2586 lund.
1687 2561 1789 2596 patrim.
1813 2561 1853 2587 ll.
1872 2561 1914 2586 fil.

1081 2602 1234 2629 Sublevare.
1269 2602 1319 2629 Th.
1340 2602 1370 2629 C.
1390 2603 1423 2629 X.
1448 2606 1472 2630 3.
1499 2613 1519 2629 c.
1541 2605 1562 2628 7.
1582 2613 1620 2639 pr.
1645 2602 1676 2628 de
1700 2602 1750 2629 loc.
1774 2602 1847 2629 fund.
1865 2604 1913 2629 iur.

1081 2646 1166 2683 emph.
1204 2645 1234 2672 ΙΙ.
1260 2647 1326 2679 011.
1352 2645 1489 2683 Imponere
1508 2645 1647 2679 (fenestras
1667 2650 1692 2671 et
1711 2646 1798 2679 ostia).
1821 2645 1852 2672 sr.
1872 2647 1913 2672 59.

1080 2689 1112 2715 de
1135 2689 1165 2715 R.
1186 2688 1218 2715 V.
1243 2690 1267 2715 6.
1293 2690 1315 2715 1.
1361 2688 1490 2715 Adiicere.
1530 2687 1578 2713 Th.
1604 2686 1634 2714 C.
1659 2686 1676 2714 Ι.
1703 2689 1725 2714 l.
1756 2699 1776 2715 e.
1796 2690 1820 2715 6.
1845 2689 1867 2723 5
1889 2691 1911 2714 1.

1080 2731 1193 2766 (ch.)
1214 2731 1246 2758 de
1266 2737 1349 2758 const.
1368 2732 1410 2758 Pr.

1113 2776 1334 2802 Demerere.
1372 2774 1412 2800 Cf.
1433 2784 1456 2799 v.
1476 2773 1584 2799 Merere.

1113 2819 1356 2851 ”emerge-re.
1671 2816 1690 2843 1.
1718 2818 1779 2852 Sy.
1818 2816 1903 2843 Messi.

1404 2818 1622 2852 Submergere.
