<?xml version="1.0" encoding="UTF-8"?>
<!DOCTYPE html PUBLIC "-//W3C//DTD XHTML 1.0 Transitional//EN"
    "http://www.w3.org/TR/xhtml1/DTD/xhtml1-transitional.dtd">
<html xmlns="http://www.w3.org/1999/xhtml" xml:lang="en" lang="en">
 <head>
  <title>
</title>
<meta http-equiv="Content-Type" content="text/html;charset=utf-8" />
  <meta name='ocr-system' content='tesseract 3.04.00' />
  <meta name='ocr-capabilities' content='ocr_page ocr_carea ocr_par ocr_line ocrx_word'/>
</head>
<body>
  <div class='ocr_page' id='page_1' title='image "./manualelatinitat00dirk_0607.png"; bbox 0 0 2197 3121; ppageno 0'>
   <div class='ocr_carea' id='block_1_1' title="bbox 1000 147 1110 179">
    <p class='ocr_par' dir='ltr' id='par_1_1' title="bbox 1000 147 1110 179">
     <span class='ocr_line' id='line_1_1' title="bbox 1000 147 1110 179; baseline 0.009 -1"><span class='ocrx_word' id='word_1_1' title='bbox 1000 147 1110 179; x_wconf 89' lang='lat' dir='ltr'>MOD.</span> 
     </span>
    </p>
   </div>
   <div class='ocr_carea' id='block_1_2' title="bbox 185 231 1031 867">
    <p class='ocr_par' dir='ltr' id='par_1_2' title="bbox 186 231 1031 728">
     <span class='ocr_line' id='line_1_2' title="bbox 222 231 1031 265; baseline -0.002 -6"><span class='ocrx_word' id='word_1_2' title='bbox 222 232 481 259; x_wconf 74' lang='lat' dir='ltr'><strong>Moderamen.</strong></span> <span class='ocrx_word' id='word_1_3' title='bbox 517 232 549 265; x_wconf 63' lang='grc' dir='ltr'><strong>ὃ.</strong></span> <span class='ocrx_word' id='word_1_4' title='bbox 570 231 605 258; x_wconf 85' lang='grc'><strong>1.</strong></span> <span class='ocrx_word' id='word_1_5' title='bbox 628 231 941 264; x_wconf 74' lang='lat' dir='ltr'><strong>Temperameutum,</strong></span> <span class='ocrx_word' id='word_1_6' title='bbox 962 231 1031 257; x_wconf 84' lang='grc' dir='ltr'><strong>Μο-</strong></span> 
     </span>
     <span class='ocr_line' id='line_1_3' title="bbox 188 272 1031 310; baseline -0.004 -8"><span class='ocrx_word' id='word_1_7' title='bbox 188 277 253 302; x_wconf 82' lang='lat' dir='ltr'><strong>dus.</strong></span> <span class='ocrx_word' id='word_1_8' title='bbox 290 274 332 301; x_wconf 90' lang='lat' dir='ltr'>III.</span> <span class='ocrx_word' id='word_1_9' title='bbox 347 276 414 302; x_wconf 77' lang='lat' dir='ltr'><strong>Gn.</strong></span> <span class='ocrx_word' id='word_1_10' title='bbox 434 274 585 301; x_wconf 85' lang='lat' dir='ltr'><strong>Secundum</strong></span> <span class='ocrx_word' id='word_1_11' title='bbox 603 272 771 300; x_wconf 83' lang='lat' dir='ltr'>moderamen</span> <span class='ocrx_word' id='word_1_12' title='bbox 790 273 908 300; x_wconf 89' lang='lat' dir='ltr'><strong>locorum</strong></span> <span class='ocrx_word' id='word_1_13' title='bbox 924 274 1031 310; x_wconf 86' lang='lat' dir='ltr'><strong>(imper-</strong></span> 
     </span>
     <span class='ocr_line' id='line_1_4' title="bbox 188 315 1030 351; baseline -0.002 -8"><span class='ocrx_word' id='word_1_14' title='bbox 188 318 264 350; x_wconf 85' lang='lat' dir='ltr'><strong>tire.)</strong></span> <span class='ocrx_word' id='word_1_15' title='bbox 289 317 319 344; x_wconf 84' lang='lat' dir='ltr'><strong>fr.</strong></span> <span class='ocrx_word' id='word_1_16' title='bbox 340 319 362 344; x_wconf 94' lang='lat'><strong>7.</strong></span> <span class='ocrx_word' id='word_1_17' title='bbox 387 317 420 344; x_wconf 87' lang='lat' dir='ltr'><strong>de</strong></span> <span class='ocrx_word' id='word_1_18' title='bbox 443 317 523 343; x_wconf 84' lang='lat' dir='ltr'><strong>feriis.</strong></span> <span class='ocrx_word' id='word_1_19' title='bbox 548 318 572 343; x_wconf 85' lang='lat'><strong>2.</strong></span> <span class='ocrx_word' id='word_1_20' title='bbox 599 318 639 342; x_wconf 84' lang='lat'><strong>12.</strong></span> <span class='ocrx_word' id='word_1_21' title='bbox 676 316 844 343; x_wconf 82' lang='lat' dir='ltr'><strong>Moderamen</strong></span> <span class='ocrx_word' id='word_1_22' title='bbox 869 316 895 342; x_wconf 92' lang='lat' dir='ltr'><strong>in</strong></span> <span class='ocrx_word' id='word_1_23' title='bbox 920 315 1030 351; x_wconf 76' lang='lat' dir='ltr'><strong>legibus.</strong></span> 
     </span>
     <span class='ocr_line' id='line_1_5' title="bbox 188 358 1029 397; baseline -0.001 -11"><span class='ocrx_word' id='word_1_24' title='bbox 188 359 314 386; x_wconf 85' lang='lat' dir='ltr'><strong>Veterum</strong></span> <span class='ocrx_word' id='word_1_25' title='bbox 340 360 425 397; x_wconf 79' lang='lat' dir='ltr'><strong>lcgum</strong></span> <span class='ocrx_word' id='word_1_26' title='bbox 449 359 623 386; x_wconf 75' lang='lat' dir='ltr'>moderamen.</span> <span class='ocrx_word' id='word_1_27' title='bbox 648 358 715 385; x_wconf 71' lang='lat' dir='ltr'><strong>Nov.</strong></span> <span class='ocrx_word' id='word_1_28' title='bbox 736 359 785 386; x_wconf 82' lang='lat' dir='ltr'><strong>Th.</strong></span> <span class='ocrx_word' id='word_1_29' title='bbox 805 358 835 385; x_wconf 91' lang='lat' dir='ltr'><strong>II.</strong></span> <span class='ocrx_word' id='word_1_30' title='bbox 860 358 892 384; x_wconf 86' lang='lat' dir='ltr'><strong>de</strong></span> <span class='ocrx_word' id='word_1_31' title='bbox 912 363 991 384; x_wconf 86' lang='lat' dir='ltr'><strong>tutor.</strong></span> <span class='ocrx_word' id='word_1_32' title='bbox 1011 358 1029 385; x_wconf 92' lang='lat' dir='ltr'><strong>I.</strong></span> 
     </span>
     <span class='ocr_line' id='line_1_6' title="bbox 188 400 1029 440; baseline -0.002 -11"><span class='ocrx_word' id='word_1_33' title='bbox 188 404 229 429; x_wconf 95' lang='lat'><strong>11.</strong></span> <span class='ocrx_word' id='word_1_34' title='bbox 254 413 275 429; x_wconf 92' lang='lat' dir='ltr'><strong>c.</strong></span> <span class='ocrx_word' id='word_1_35' title='bbox 297 405 319 429; x_wconf 92' lang='lat'><strong>1.</strong></span> <span class='ocrx_word' id='word_1_36' title='bbox 343 413 382 440; x_wconf 87' lang='lat' dir='ltr'><strong>pr.</strong></span> <span class='ocrx_word' id='word_1_37' title='bbox 409 402 442 429; x_wconf 86' lang='lat' dir='ltr'><strong>de</strong></span> <span class='ocrx_word' id='word_1_38' title='bbox 466 401 556 439; x_wconf 87' lang='lat' dir='ltr'><strong>repud.</strong></span> <span class='ocrx_word' id='word_1_39' title='bbox 577 402 596 428; x_wconf 96' lang='lat' dir='ltr'><strong>I.</strong></span> <span class='ocrx_word' id='word_1_40' title='bbox 618 403 656 428; x_wconf 89' lang='lat'><strong>12.</strong></span> <span class='ocrx_word' id='word_1_41' title='bbox 678 412 699 429; x_wconf 86' lang='lat' dir='ltr'><strong>c.</strong></span> <span class='ocrx_word' id='word_1_42' title='bbox 720 404 742 428; x_wconf 93' lang='lat'><strong>1.</strong></span> <span class='ocrx_word' id='word_1_43' title='bbox 763 403 784 436; x_wconf 90' lang='lat'><strong>5.</strong></span> <span class='ocrx_word' id='word_1_44' title='bbox 805 403 830 428; x_wconf 88' lang='lat' dir='ltr'><strong>l.</strong></span> <span class='ocrx_word' id='word_1_45' title='bbox 864 400 1029 438; x_wconf 77' lang='lat' dir='ltr'><strong>I’raescripta</strong></span> 
     </span>
     <span class='ocr_line' id='line_1_7' title="bbox 187 443 1029 482; baseline -0.002 -10"><span class='ocrx_word' id='word_1_46' title='bbox 187 445 372 472; x_wconf 85' lang='lat' dir='ltr'><strong>moderaminis</strong></span> <span class='ocrx_word' id='word_1_47' title='bbox 400 445 562 482; x_wconf 87' lang='lat' dir='ltr'><strong>imperatorii</strong></span> <span class='ocrx_word' id='word_1_48' title='bbox 591 444 753 471; x_wconf 79' lang='lat' dir='ltr'><strong>libramenta.</strong></span> <span class='ocrx_word' id='word_1_49' title='bbox 783 443 832 470; x_wconf 85' lang='lat' dir='ltr'><strong>Th.</strong></span> <span class='ocrx_word' id='word_1_50' title='bbox 858 443 888 470; x_wconf 89' lang='lat' dir='ltr'><strong>C.</strong></span> <span class='ocrx_word' id='word_1_51' title='bbox 913 443 980 471; x_wconf 76' lang='lat' dir='ltr'>VIII.</span> <span class='ocrx_word' id='word_1_52' title='bbox 1005 446 1029 470; x_wconf 89' lang='lat'><strong>5.</strong></span> 
     </span>
     <span class='ocr_line' id='line_1_8' title="bbox 188 486 1028 524; baseline -0.001 -10"><span class='ocrx_word' id='word_1_53' title='bbox 188 498 208 514; x_wconf 83' lang='lat' dir='ltr'><strong>c.</strong></span> <span class='ocrx_word' id='word_1_54' title='bbox 229 490 271 514; x_wconf 87' lang='lat'><strong>47.</strong></span> <span class='ocrx_word' id='word_1_55' title='bbox 296 489 317 522; x_wconf 86' lang='lat'><strong>5.</strong></span> <span class='ocrx_word' id='word_1_56' title='bbox 340 490 361 515; x_wconf 92' lang='lat' dir='ltr'><strong>l.</strong></span> <span class='ocrx_word' id='word_1_57' title='bbox 386 488 419 514; x_wconf 83' lang='lat' dir='ltr'><strong>de</strong></span> <span class='ocrx_word' id='word_1_58' title='bbox 443 497 521 514; x_wconf 87' lang='lat' dir='ltr'><strong>cursu</strong></span> <span class='ocrx_word' id='word_1_59' title='bbox 543 487 606 524; x_wconf 88' lang='lat' dir='ltr'><strong>pub.</strong></span> <span class='ocrx_word' id='word_1_60' title='bbox 625 487 670 514; x_wconf 78' lang='lat' dir='ltr'><strong>XI.</strong></span> <span class='ocrx_word' id='word_1_61' title='bbox 690 488 731 514; x_wconf 86' lang='lat'><strong>30.</strong></span> <span class='ocrx_word' id='word_1_62' title='bbox 757 497 777 513; x_wconf 95' lang='lat' dir='ltr'><strong>c.</strong></span> <span class='ocrx_word' id='word_1_63' title='bbox 797 488 839 513; x_wconf 88' lang='lat'><strong>64.</strong></span> <span class='ocrx_word' id='word_1_64' title='bbox 858 496 897 523; x_wconf 89' lang='lat' dir='ltr'><strong>pr.</strong></span> <span class='ocrx_word' id='word_1_65' title='bbox 918 486 951 513; x_wconf 83' lang='lat' dir='ltr'><strong>de</strong></span> <span class='ocrx_word' id='word_1_66' title='bbox 970 497 1028 524; x_wconf 74' lang='lat' dir='ltr'><strong>app.</strong></span> 
     </span>
     <span class='ocr_line' id='line_1_9' title="bbox 188 529 1029 568; baseline -0.001 -12"><span class='ocrx_word' id='word_1_67' title='bbox 188 536 214 557; x_wconf 85' lang='lat' dir='ltr'><strong>et</strong></span> <span class='ocrx_word' id='word_1_68' title='bbox 233 541 310 568; x_wconf 85' lang='lat' dir='ltr'><strong>poen.</strong></span> <span class='ocrx_word' id='word_1_69' title='bbox 338 531 388 558; x_wconf 87' lang='lat' dir='ltr'><strong>Per</strong></span> <span class='ocrx_word' id='word_1_70' title='bbox 406 531 627 567; x_wconf 67' lang='lat' dir='ltr'><strong>nuncupationem</strong></span> <span class='ocrx_word' id='word_1_71' title='bbox 647 540 710 557; x_wconf 83' lang='lat' dir='ltr'><strong>suae</strong></span> <span class='ocrx_word' id='word_1_72' title='bbox 727 529 841 556; x_wconf 76' lang='lat' dir='ltr'><strong>condant</strong></span> <span class='ocrx_word' id='word_1_73' title='bbox 853 529 1029 556; x_wconf 73' lang='lat' dir='ltr'><strong>moderamina</strong></span> 
     </span>
     <span class='ocr_line' id='line_1_10' title="bbox 186 572 1028 610; baseline -0.001 -10"><span class='ocrx_word' id='word_1_74' title='bbox 186 573 340 600; x_wconf 83' lang='lat' dir='ltr'><strong>voluntatis.</strong></span> <span class='ocrx_word' id='word_1_75' title='bbox 365 584 386 600; x_wconf 89' lang='lat' dir='ltr'><strong>c.</strong></span> <span class='ocrx_word' id='word_1_76' title='bbox 406 574 430 600; x_wconf 87' lang='lat'><strong>8.</strong></span> <span class='ocrx_word' id='word_1_77' title='bbox 457 573 509 608; x_wconf 74' lang='lat' dir='ltr'><strong>Qu.</strong></span> <span class='ocrx_word' id='word_1_78' title='bbox 530 578 631 599; x_wconf 83' lang='lat' dir='ltr'><strong>testam.</strong></span> <span class='ocrx_word' id='word_1_79' title='bbox 652 572 699 600; x_wconf 85' lang='lat' dir='ltr'><strong>sac.</strong></span> <span class='ocrx_word' id='word_1_80' title='bbox 723 583 748 610; x_wconf 87' lang='lat' dir='ltr'><strong>p.</strong></span> <span class='ocrx_word' id='word_1_81' title='bbox 768 573 792 599; x_wconf 85' lang='lat'><strong>6.</strong></span> <span class='ocrx_word' id='word_1_82' title='bbox 811 574 853 598; x_wconf 86' lang='lat'><strong>22.</strong></span> <span class='ocrx_word' id='word_1_83' title='bbox 877 588 909 591; x_wconf 97' lang='lat'><strong>—</strong></span> <span class='ocrx_word' id='word_1_84' title='bbox 942 573 972 605; x_wconf 78' lang='lat'><strong>§-</strong></span> <span class='ocrx_word' id='word_1_85' title='bbox 993 574 1028 599; x_wconf 71' lang='lat'><strong>2.</strong></span> 
     </span>
     <span class='ocr_line' id='line_1_11' title="bbox 187 615 1029 651; baseline -0.001 -8"><span class='ocrx_word' id='word_1_86' title='bbox 187 618 381 643; x_wconf 82' lang='lat' dir='ltr'><strong>Moderatio.</strong></span> <span class='ocrx_word' id='word_1_87' title='bbox 418 615 461 642; x_wconf 90' lang='lat' dir='ltr'>lII.</span> <span class='ocrx_word' id='word_1_88' title='bbox 483 617 549 643; x_wconf 75' lang='lat' dir='ltr'><strong>Gn.</strong></span> <span class='ocrx_word' id='word_1_89' title='bbox 570 615 751 642; x_wconf 71' lang='lat' dir='ltr'><strong>I&#39;rael&#39;ecturae</strong></span> <span class='ocrx_word' id='word_1_90' title='bbox 771 615 885 641; x_wconf 84' lang='lat' dir='ltr'><strong>urbanae</strong></span> <span class='ocrx_word' id='word_1_91' title='bbox 904 617 957 651; x_wconf 77' lang='lat' dir='ltr'><strong>regi</strong></span> <span class='ocrx_word' id='word_1_92' title='bbox 976 625 1029 642; x_wconf 88' lang='lat' dir='ltr'><strong>mo-</strong></span> 
     </span>
     <span class='ocr_line' id='line_1_12' title="bbox 187 657 1027 692; baseline -0.001 -7"><span class='ocrx_word' id='word_1_93' title='bbox 187 658 327 685; x_wconf 88' lang='lat' dir='ltr'><strong>deramine.</strong></span> <span class='ocrx_word' id='word_1_94' title='bbox 359 658 409 685; x_wconf 84' lang='lat' dir='ltr'><strong>Th.</strong></span> <span class='ocrx_word' id='word_1_95' title='bbox 430 658 460 685; x_wconf 88' lang='lat' dir='ltr'><strong>C.</strong></span> <span class='ocrx_word' id='word_1_96' title='bbox 481 658 499 686; x_wconf 89' lang='lat' dir='ltr'><strong>I.</strong></span> <span class='ocrx_word' id='word_1_97' title='bbox 521 661 560 685; x_wconf 91' lang='grc'><strong>10.</strong></span> <span class='ocrx_word' id='word_1_98' title='bbox 581 669 602 685; x_wconf 88' lang='lat' dir='ltr'><strong>e.</strong></span> <span class='ocrx_word' id='word_1_99' title='bbox 622 661 646 685; x_wconf 87' lang='lat'><strong>4.</strong></span> <span class='ocrx_word' id='word_1_100' title='bbox 667 657 778 692; x_wconf 86' lang='lat' dir='ltr'>(ch.)</span> <span class='ocrx_word' id='word_1_101' title='bbox 799 657 832 684; x_wconf 82' lang='lat' dir='ltr'><strong>de</strong></span> <span class='ocrx_word' id='word_1_102' title='bbox 851 658 894 684; x_wconf 82' lang='lat' dir='ltr'><strong>off.</strong></span> <span class='ocrx_word' id='word_1_103' title='bbox 914 668 980 684; x_wconf 88' lang='lat' dir='ltr'><strong>com.</strong></span> <span class='ocrx_word' id='word_1_104' title='bbox 1000 658 1027 684; x_wconf 94' lang='lat' dir='ltr'><strong>S.</strong></span> 
     </span>
     <span class='ocr_line' id='line_1_13' title="bbox 186 701 265 728; baseline 0.013 -1"><span class='ocrx_word' id='word_1_105' title='bbox 186 701 265 728; x_wconf 71' lang='lat' dir='ltr'><strong>lai-mr.</strong></span> 
     </span>
    </p>

    <p class='ocr_par' dir='ltr' id='par_1_3' title="bbox 185 723 1028 867">
     <span class='ocr_line' id='line_1_14' title="bbox 220 723 1028 779; baseline 0 -8"><span class='ocrx_word' id='word_1_106' title='bbox 220 723 440 775; x_wconf 57' lang='lat' dir='ltr'><strong>finden-are,</strong></span> <span class='ocrx_word' id='word_1_107' title='bbox 467 754 488 770; x_wconf 90' lang='lat' dir='ltr'><strong>s.</strong></span> <span class='ocrx_word' id='word_1_108' title='bbox 509 743 713 771; x_wconf 79' lang='lat' dir='ltr'><strong>Moderari.</strong></span> <span class='ocrx_word' id='word_1_109' title='bbox 751 745 885 779; x_wconf 81' lang='lat' dir='ltr'><strong>Regere.</strong></span> <span class='ocrx_word' id='word_1_110' title='bbox 909 746 1028 771; x_wconf 74' lang='lat' dir='ltr'><strong>Guber-</strong></span> 
     </span>
     <span class='ocr_line' id='line_1_15' title="bbox 186 785 1027 821; baseline 0 -8"><span class='ocrx_word' id='word_1_111' title='bbox 186 796 274 818; x_wconf 77' lang='lat' dir='ltr'><strong>nare,</strong></span> <span class='ocrx_word' id='word_1_112' title='bbox 305 788 508 821; x_wconf 79' lang='lat' dir='ltr'><strong>Temperare.</strong></span> <span class='ocrx_word' id='word_1_113' title='bbox 545 786 564 813; x_wconf 94' lang='lat' dir='ltr'><strong>I.</strong></span> <span class='ocrx_word' id='word_1_114' title='bbox 584 787 645 820; x_wconf 71' lang='lat' dir='ltr'><strong>Sy.</strong></span> <span class='ocrx_word' id='word_1_115' title='bbox 673 785 779 816; x_wconf 85' lang='lat' dir='ltr'><strong>Modum</strong></span> <span class='ocrx_word' id='word_1_116' title='bbox 803 791 926 813; x_wconf 72' lang='lat' dir='ltr'><strong>statuere.</strong></span> <span class='ocrx_word' id='word_1_117' title='bbox 954 786 984 813; x_wconf 84' lang='lat' dir='ltr'><strong>sr.</strong></span> <span class='ocrx_word' id='word_1_118' title='bbox 1004 789 1027 813; x_wconf 82' lang='lat'><strong>2.</strong></span> 
     </span>
     <span class='ocr_line' id='line_1_16' title="bbox 185 828 1028 867; baseline 0 -12"><span class='ocrx_word' id='word_1_119' title='bbox 185 829 223 863; x_wconf 88' lang='lat'><strong>55.</strong></span> <span class='ocrx_word' id='word_1_120' title='bbox 238 831 260 855; x_wconf 95' lang='lat' dir='ltr'><strong>l.</strong></span> <span class='ocrx_word' id='word_1_121' title='bbox 275 839 315 866; x_wconf 76' lang='lat' dir='ltr'><strong>sq.</strong></span> <span class='ocrx_word' id='word_1_122' title='bbox 335 829 365 856; x_wconf 89' lang='lat' dir='ltr'><strong>fr.</strong></span> <span class='ocrx_word' id='word_1_123' title='bbox 379 832 402 856; x_wconf 92' lang='lat'><strong>3.</strong></span> <span class='ocrx_word' id='word_1_124' title='bbox 423 840 462 867; x_wconf 87' lang='lat' dir='ltr'><strong>pr.</strong></span> <span class='ocrx_word' id='word_1_125' title='bbox 483 831 549 864; x_wconf 87' lang='lat'>5.1.</span> <span class='ocrx_word' id='word_1_126' title='bbox 569 828 612 855; x_wconf 88' lang='lat' dir='ltr'><strong>ubi</strong></span> <span class='ocrx_word' id='word_1_127' title='bbox 631 838 694 866; x_wconf 83' lang='lat' dir='ltr'><strong>pup.</strong></span> <span class='ocrx_word' id='word_1_128' title='bbox 713 831 755 855; x_wconf 85' lang='lat'><strong>27.</strong></span> <span class='ocrx_word' id='word_1_129' title='bbox 775 831 799 856; x_wconf 87' lang='lat'><strong>2.</strong></span> <span class='ocrx_word' id='word_1_130' title='bbox 836 829 880 856; x_wconf 84' lang='lat' dir='ltr'>III.</span> <span class='ocrx_word' id='word_1_131' title='bbox 893 831 958 857; x_wconf 76' lang='lat' dir='ltr'><strong>Gn.</strong></span> <span class='ocrx_word' id='word_1_132' title='bbox 977 829 1028 856; x_wconf 88' lang='lat' dir='ltr'><strong>Ae-</strong></span> 
     </span>
    </p>
   </div>
   <div class='ocr_carea' id='block_1_3' title="bbox 185 871 1051 952">
    <p class='ocr_par' dir='ltr' id='par_1_4' title="bbox 185 871 1051 952">
     <span class='ocr_line' id='line_1_17' title="bbox 185 871 1051 912; baseline 0 -14"><span class='ocrx_word' id='word_1_133' title='bbox 185 873 306 904; x_wconf 73' lang='lat' dir='ltr'><strong>stimare,</strong></span> <span class='ocrx_word' id='word_1_134' title='bbox 328 889 357 892; x_wconf 98' lang='lat'><strong>—</strong></span> <span class='ocrx_word' id='word_1_135' title='bbox 384 878 409 898; x_wconf 88' lang='lat' dir='ltr'><strong>et</strong></span> <span class='ocrx_word' id='word_1_136' title='bbox 433 883 482 910; x_wconf 88' lang='lat' dir='ltr'><strong>pro</strong></span> <span class='ocrx_word' id='word_1_137' title='bbox 507 871 657 898; x_wconf 88' lang='lat' dir='ltr'><strong>conditione</strong></span> <span class='ocrx_word' id='word_1_138' title='bbox 683 882 775 898; x_wconf 84' lang='lat' dir='ltr'><strong>causae</strong></span> <span class='ocrx_word' id='word_1_139' title='bbox 795 887 826 891; x_wconf 97' lang='lat'><strong>—</strong></span> <span class='ocrx_word' id='word_1_140' title='bbox 851 873 885 898; x_wconf 87' lang='lat' dir='ltr'><strong>ita</strong></span> <span class='ocrx_word' id='word_1_141' title='bbox 909 872 1028 899; x_wconf 79' lang='lat' dir='ltr'><strong>ordinem</strong></span> <span class='ocrx_word' id='word_1_142' title='bbox 1049 904 1051 912; x_wconf 32' lang='lat' dir='ltr'>y</span> 
     </span>
     <span class='ocr_line' id='line_1_18' title="bbox 185 913 1051 952; baseline 0.001 -11"><span class='ocrx_word' id='word_1_143' title='bbox 185 914 343 947; x_wconf 69' lang='lat' dir='ltr'><strong>edictorum.</strong></span> <span class='ocrx_word' id='word_1_144' title='bbox 363 915 406 941; x_wconf 80' lang='lat' dir='ltr'><strong>vel</strong></span> <span class='ocrx_word' id='word_1_145' title='bbox 426 913 622 952; x_wconf 79' lang='lat' dir='ltr'><strong>compendium,</strong></span> <span class='ocrx_word' id='word_1_146' title='bbox 646 914 783 941; x_wconf 83' lang='lat' dir='ltr'><strong>moderare</strong></span> <span class='ocrx_word' id='word_1_147' title='bbox 803 915 852 949; x_wconf 85' lang='lat' dir='ltr'><strong>[al.</strong></span> <span class='ocrx_word' id='word_1_148' title='bbox 872 915 1026 949; x_wconf 61' lang='lat' dir='ltr'><strong>moderari]</strong></span> <span class='ocrx_word' id='word_1_149' title='bbox 1049 913 1051 918; x_wconf 67' lang='grc'>’</span> 
     </span>
    </p>
   </div>
   <div class='ocr_carea' id='block_1_4' title="bbox 182 956 1029 1290">
    <p class='ocr_par' dir='ltr' id='par_1_5' title="bbox 182 956 1029 1290">
     <span class='ocr_line' id='line_1_19' title="bbox 184 956 1028 995; baseline 0.001 -12"><span class='ocrx_word' id='word_1_150' title='bbox 184 957 215 983; x_wconf 83' lang='lat' dir='ltr'><strong>fr.</strong></span> <span class='ocrx_word' id='word_1_151' title='bbox 237 959 277 984; x_wconf 80' lang='lat'><strong>72.</strong></span> <span class='ocrx_word' id='word_1_152' title='bbox 302 957 335 984; x_wconf 83' lang='lat' dir='ltr'><strong>de</strong></span> <span class='ocrx_word' id='word_1_153' title='bbox 358 957 438 984; x_wconf 83' lang='lat' dir='ltr'><strong>indic.</strong></span> <span class='ocrx_word' id='word_1_154' title='bbox 463 960 486 984; x_wconf 97' lang='lat'><strong>5.</strong></span> <span class='ocrx_word' id='word_1_155' title='bbox 512 959 533 984; x_wconf 84' lang='lat' dir='ltr'><strong>l.</strong></span> <span class='ocrx_word' id='word_1_156' title='bbox 570 956 621 983; x_wconf 84' lang='lat' dir='ltr'><strong>Pro</strong></span> <span class='ocrx_word' id='word_1_157' title='bbox 645 956 771 994; x_wconf 73' lang='lat' dir='ltr'><strong>qualitate</strong></span> <span class='ocrx_word' id='word_1_158' title='bbox 795 968 982 995; x_wconf 86' lang='lat' dir='ltr'><strong>personarum,</strong></span> <span class='ocrx_word' id='word_1_159' title='bbox 1003 963 1028 984; x_wconf 89' lang='lat' dir='ltr'><strong>et</strong></span> 
     </span>
     <span class='ocr_line' id='line_1_20' title="bbox 184 999 1027 1028; baseline 0.001 -2"><span class='ocrx_word' id='word_1_160' title='bbox 184 1001 252 1027; x_wconf 88' lang='lat' dir='ltr'><strong>actio</strong></span> <span class='ocrx_word' id='word_1_161' title='bbox 272 1000 399 1027; x_wconf 78' lang='lat' dir='ltr'><strong>formatur</strong></span> <span class='ocrx_word' id='word_1_162' title='bbox 418 1006 443 1027; x_wconf 86' lang='lat' dir='ltr'><strong>ct</strong></span> <span class='ocrx_word' id='word_1_163' title='bbox 463 999 646 1027; x_wconf 82' lang='lat' dir='ltr'><strong>condemnatio</strong></span> <span class='ocrx_word' id='word_1_164' title='bbox 665 1000 823 1027; x_wconf 70' lang='lat' dir='ltr'><strong>moderatur.</strong></span> <span class='ocrx_word' id='word_1_165' title='bbox 844 1001 874 1027; x_wconf 80' lang='lat' dir='ltr'><strong>fr.</strong></span> <span class='ocrx_word' id='word_1_166' title='bbox 891 1003 929 1028; x_wconf 93' lang='lat'><strong>15.</strong></span> <span class='ocrx_word' id='word_1_167' title='bbox 950 1001 982 1027; x_wconf 88' lang='lat' dir='ltr'><strong>de</strong></span> <span class='ocrx_word' id='word_1_168' title='bbox 996 1000 1027 1027; x_wconf 73' lang='lat' dir='ltr'><strong>N.</strong></span> 
     </span>
     <span class='ocr_line' id='line_1_21' title="bbox 184 1042 1029 1081; baseline 0.001 -12"><span class='ocrx_word' id='word_1_169' title='bbox 184 1042 216 1070; x_wconf 87' lang='lat' dir='ltr'><strong>G.</strong></span> <span class='ocrx_word' id='word_1_170' title='bbox 230 1045 254 1069; x_wconf 92' lang='lat'>3.</span> <span class='ocrx_word' id='word_1_171' title='bbox 269 1045 292 1069; x_wconf 88' lang='lat'><strong>5.</strong></span> <span class='ocrx_word' id='word_1_172' title='bbox 321 1044 364 1070; x_wconf 94' lang='lat' dir='ltr'><strong>Ius</strong></span> <span class='ocrx_word' id='word_1_173' title='bbox 384 1043 565 1070; x_wconf 77' lang='lat' dir='ltr'><strong>alimentorum</strong></span> <span class='ocrx_word' id='word_1_174' title='bbox 585 1042 810 1070; x_wconf 80' lang='lat' dir='ltr'><strong>decernendorum</strong></span> <span class='ocrx_word' id='word_1_175' title='bbox 829 1043 940 1081; x_wconf 84' lang='lat' dir='ltr'><strong>pupillis</strong></span> <span class='ocrx_word' id='word_1_176' title='bbox 954 1043 1029 1071; x_wconf 85' lang='lat' dir='ltr'><strong>Prae-</strong></span> 
     </span>
     <span class='ocr_line' id='line_1_22' title="bbox 184 1085 1027 1124; baseline 0.002 -13"><span class='ocrx_word' id='word_1_177' title='bbox 184 1086 235 1112; x_wconf 77' lang='lat' dir='ltr'><strong>tori</strong></span> <span class='ocrx_word' id='word_1_178' title='bbox 255 1087 389 1124; x_wconf 82' lang='lat' dir='ltr'><strong>competit,</strong></span> <span class='ocrx_word' id='word_1_179' title='bbox 409 1091 437 1112; x_wconf 87' lang='lat' dir='ltr'><strong>ut</strong></span> <span class='ocrx_word' id='word_1_180' title='bbox 456 1087 514 1123; x_wconf 85' lang='lat' dir='ltr'><strong>ipse</strong></span> <span class='ocrx_word' id='word_1_181' title='bbox 533 1085 684 1113; x_wconf 75' lang='lat' dir='ltr'><strong>moderetur</strong></span> <span class='ocrx_word' id='word_1_182' title='bbox 698 1091 746 1112; x_wconf 88' lang='lat' dir='ltr'><strong>etc.</strong></span> <span class='ocrx_word' id='word_1_183' title='bbox 767 1086 797 1113; x_wconf 89' lang='lat' dir='ltr'><strong>sr.</strong></span> <span class='ocrx_word' id='word_1_184' title='bbox 811 1089 835 1113; x_wconf 97' lang='lat'><strong>3.</strong></span> <span class='ocrx_word' id='word_1_185' title='bbox 854 1097 893 1123; x_wconf 87' lang='lat' dir='ltr'><strong>pr.</strong></span> <span class='ocrx_word' id='word_1_186' title='bbox 908 1086 952 1114; x_wconf 89' lang='lat' dir='ltr'><strong>ubi</strong></span> <span class='ocrx_word' id='word_1_187' title='bbox 965 1097 1027 1124; x_wconf 88' lang='lat' dir='ltr'><strong>pup.</strong></span> 
     </span>
     <span class='ocr_line' id='line_1_23' title="bbox 182 1128 1028 1165; baseline 0.002 -11"><span class='ocrx_word' id='word_1_188' title='bbox 182 1130 225 1155; x_wconf 76' lang='lat'><strong>27.</strong></span> <span class='ocrx_word' id='word_1_189' title='bbox 244 1131 269 1155; x_wconf 91' lang='lat'><strong>2.</strong></span> <span class='ocrx_word' id='word_1_190' title='bbox 301 1129 428 1165; x_wconf 80' lang='lat' dir='ltr'><strong>Quamvis</strong></span> <span class='ocrx_word' id='word_1_191' title='bbox 448 1139 500 1155; x_wconf 90' lang='lat' dir='ltr'><strong>uon</strong></span> <span class='ocrx_word' id='word_1_192' title='bbox 519 1128 625 1155; x_wconf 85' lang='lat' dir='ltr'><strong>adiiciat</strong></span> <span class='ocrx_word' id='word_1_193' title='bbox 638 1128 755 1159; x_wconf 75' lang='lat' dir='ltr'><strong>Praetor,</strong></span> <span class='ocrx_word' id='word_1_194' title='bbox 769 1146 801 1149; x_wconf 97' lang='lat'><strong>—</strong></span> <span class='ocrx_word' id='word_1_195' title='bbox 820 1135 907 1156; x_wconf 82' lang='lat' dir='ltr'><strong>tamen</strong></span> <span class='ocrx_word' id='word_1_196' title='bbox 923 1146 955 1149; x_wconf 98' lang='lat'><strong>—</strong></span> <span class='ocrx_word' id='word_1_197' title='bbox 975 1140 1028 1156; x_wconf 89' lang='lat' dir='ltr'><strong>mo-</strong></span> 
     </span>
     <span class='ocr_line' id='line_1_24' title="bbox 184 1171 1027 1200; baseline 0.002 -3"><span class='ocrx_word' id='word_1_198' title='bbox 184 1171 324 1198; x_wconf 83' lang='lat' dir='ltr'><strong>derandam</strong></span> <span class='ocrx_word' id='word_1_199' title='bbox 348 1171 565 1198; x_wconf 83' lang='lat' dir='ltr'><strong>iurisdictionem.</strong></span> <span class='ocrx_word' id='word_1_200' title='bbox 595 1171 625 1198; x_wconf 81' lang='lat' dir='ltr'><strong>fr.</strong></span> <span class='ocrx_word' id='word_1_201' title='bbox 647 1174 686 1199; x_wconf 85' lang='lat'><strong>11.</strong></span> <span class='ocrx_word' id='word_1_202' title='bbox 712 1173 744 1199; x_wconf 76' lang='lat' dir='ltr'><strong>de,</strong></span> <span class='ocrx_word' id='word_1_203' title='bbox 768 1173 794 1199; x_wconf 92' lang='lat' dir='ltr'><strong>in</strong></span> <span class='ocrx_word' id='word_1_204' title='bbox 818 1173 858 1199; x_wconf 87' lang='lat' dir='ltr'><strong>ius</strong></span> <span class='ocrx_word' id='word_1_205' title='bbox 882 1183 940 1199; x_wconf 73' lang='lat' dir='ltr'><strong>voc.</strong></span> <span class='ocrx_word' id='word_1_206' title='bbox 959 1175 984 1199; x_wconf 88' lang='lat'><strong>2.</strong></span> <span class='ocrx_word' id='word_1_207' title='bbox 1003 1175 1027 1200; x_wconf 81' lang='lat'><strong>4.</strong></span> 
     </span>
     <span class='ocr_line' id='line_1_25' title="bbox 183 1213 1026 1243; baseline 0.002 -3"><span class='ocrx_word' id='word_1_208' title='bbox 183 1213 293 1241; x_wconf 86' lang='lat' dir='ltr'><strong>Praeses</strong></span> <span class='ocrx_word' id='word_1_209' title='bbox 306 1213 347 1241; x_wconf 84' lang='lat' dir='ltr'><strong>Pr.</strong></span> <span class='ocrx_word' id='word_1_210' title='bbox 364 1230 395 1234; x_wconf 86' lang='grc'><strong>--</strong></span> <span class='ocrx_word' id='word_1_211' title='bbox 411 1215 595 1241; x_wconf 84' lang='lat' dir='ltr'><strong>necessitatem</strong></span> <span class='ocrx_word' id='word_1_212' title='bbox 614 1215 755 1242; x_wconf 81' lang='lat' dir='ltr'><strong>solutionis</strong></span> <span class='ocrx_word' id='word_1_213' title='bbox 776 1215 934 1242; x_wconf 78' lang='lat' dir='ltr'><strong>moderetur.</strong></span> <span class='ocrx_word' id='word_1_214' title='bbox 954 1215 984 1243; x_wconf 83' lang='lat' dir='ltr'><strong>fr.</strong></span> <span class='ocrx_word' id='word_1_215' title='bbox 1004 1217 1026 1242; x_wconf 86' lang='lat'><strong>6.</strong></span> 
     </span>
     <span class='ocr_line' id='line_1_26' title="bbox 182 1256 1028 1290; baseline 0.002 -7"><span class='ocrx_word' id='word_1_216' title='bbox 182 1257 204 1290; x_wconf 87' lang='lat'><strong>5.</strong></span> <span class='ocrx_word' id='word_1_217' title='bbox 224 1258 247 1284; x_wconf 91' lang='lat'><strong>9.</strong></span> <span class='ocrx_word' id='word_1_218' title='bbox 273 1256 306 1283; x_wconf 88' lang='lat' dir='ltr'><strong>de</strong></span> <span class='ocrx_word' id='word_1_219' title='bbox 330 1257 374 1283; x_wconf 79' lang='lat' dir='ltr'><strong>off.</strong></span> <span class='ocrx_word' id='word_1_220' title='bbox 393 1256 481 1284; x_wconf 86' lang='lat' dir='ltr'><strong>Praes.</strong></span> <span class='ocrx_word' id='word_1_221' title='bbox 507 1259 528 1283; x_wconf 93' lang='lat' dir='ltr'><strong>l.</strong></span> <span class='ocrx_word' id='word_1_222' title='bbox 551 1259 590 1284; x_wconf 71' lang='lat'><strong>18.</strong></span> <span class='ocrx_word' id='word_1_223' title='bbox 627 1257 741 1285; x_wconf 80' lang='lat' dir='ltr'><strong>Poenam</strong></span> <span class='ocrx_word' id='word_1_224' title='bbox 766 1258 895 1286; x_wconf 83' lang='lat' dir='ltr'><strong>moderari</strong></span> <span class='ocrx_word' id='word_1_225' title='bbox 920 1258 951 1285; x_wconf 81' lang='lat' dir='ltr'><strong>ad</strong></span> <span class='ocrx_word' id='word_1_226' title='bbox 975 1268 1028 1285; x_wconf 86' lang='lat' dir='ltr'><strong>mo-</strong></span> 
     </span>
    </p>
   </div>
   <div class='ocr_carea' id='block_1_5' title="bbox 182 1299 1050 1339">
    <p class='ocr_par' dir='ltr' id='par_1_6' title="bbox 182 1299 1050 1339">
     <span class='ocr_line' id='line_1_27' title="bbox 182 1299 1050 1339; baseline 0.002 -13"><span class='ocrx_word' id='word_1_227' title='bbox 182 1299 252 1332; x_wconf 80' lang='lat' dir='ltr'><strong>dum,</strong></span> <span class='ocrx_word' id='word_1_228' title='bbox 272 1310 293 1326; x_wconf 91' lang='lat' dir='ltr'><strong>s.</strong></span> <span class='ocrx_word' id='word_1_229' title='bbox 314 1310 398 1336; x_wconf 82' lang='lat' dir='ltr'><strong>usque</strong></span> <span class='ocrx_word' id='word_1_230' title='bbox 418 1300 457 1326; x_wconf 89' lang='lat' dir='ltr'><strong>ad.</strong></span> <span class='ocrx_word' id='word_1_231' title='bbox 477 1299 547 1326; x_wconf 85' lang='lat' dir='ltr'><strong>Coll.</strong></span> <span class='ocrx_word' id='word_1_232' title='bbox 568 1300 620 1327; x_wconf 91' lang='lat' dir='ltr'><strong>LL.</strong></span> <span class='ocrx_word' id='word_1_233' title='bbox 641 1300 674 1327; x_wconf 89' lang='lat' dir='ltr'><strong>M.</strong></span> <span class='ocrx_word' id='word_1_234' title='bbox 694 1301 713 1328; x_wconf 93' lang='lat' dir='ltr'><strong>I.</strong></span> <span class='ocrx_word' id='word_1_235' title='bbox 735 1303 774 1328; x_wconf 88' lang='lat' dir='ltr'><strong>ll.</strong></span> <span class='ocrx_word' id='word_1_236' title='bbox 794 1301 824 1328; x_wconf 77' lang='lat' dir='ltr'><strong>fr.</strong></span> <span class='ocrx_word' id='word_1_237' title='bbox 843 1303 866 1328; x_wconf 85' lang='lat'><strong>6.</strong></span> <span class='ocrx_word' id='word_1_238' title='bbox 887 1312 926 1339; x_wconf 87' lang='lat' dir='ltr'><strong>pr.</strong></span> <span class='ocrx_word' id='word_1_239' title='bbox 947 1301 979 1328; x_wconf 92' lang='lat' dir='ltr'><strong>de</strong></span> <span class='ocrx_word' id='word_1_240' title='bbox 997 1301 1027 1328; x_wconf 88' lang='lat' dir='ltr'>L.</span> <span class='ocrx_word' id='word_1_241' title='bbox 1049 1319 1050 1327; x_wconf 70' lang='lat' dir='ltr'><strong>t</strong></span> 
     </span>
    </p>
   </div>
   <div class='ocr_carea' id='block_1_6' title="bbox 182 1341 1029 1596">
    <p class='ocr_par' dir='ltr' id='par_1_7' title="bbox 182 1341 1029 1508">
     <span class='ocr_line' id='line_1_28' title="bbox 182 1341 1027 1381; baseline 0.004 -13"><span class='ocrx_word' id='word_1_242' title='bbox 182 1341 229 1368; x_wconf 90' lang='lat' dir='ltr'>Iul.</span> <span class='ocrx_word' id='word_1_243' title='bbox 249 1342 335 1380; x_wconf 86' lang='lat' dir='ltr'><strong>pecul.</strong></span> <span class='ocrx_word' id='word_1_244' title='bbox 348 1344 390 1369; x_wconf 81' lang='lat'><strong>48.</strong></span> <span class='ocrx_word' id='word_1_245' title='bbox 411 1344 451 1369; x_wconf 81' lang='lat'><strong>13.</strong></span> <span class='ocrx_word' id='word_1_246' title='bbox 482 1343 568 1377; x_wconf 84' lang='lat' dir='ltr'><strong>Quam</strong></span> <span class='ocrx_word' id='word_1_247' title='bbox 586 1353 641 1370; x_wconf 83' lang='lat' dir='ltr'><strong>rem</strong></span> <span class='ocrx_word' id='word_1_248' title='bbox 655 1360 687 1363; x_wconf 97' lang='lat'><strong>—</strong></span> <span class='ocrx_word' id='word_1_249' title='bbox 702 1344 896 1380; x_wconf 78' lang='lat' dir='ltr'><strong>elegantissime</strong></span> <span class='ocrx_word' id='word_1_250' title='bbox 915 1343 1027 1381; x_wconf 81' lang='lat' dir='ltr'><strong>epistola</strong></span> 
     </span>
     <span class='ocr_line' id='line_1_29' title="bbox 182 1385 1029 1423; baseline 0.002 -11"><span class='ocrx_word' id='word_1_251' title='bbox 182 1389 245 1412; x_wconf 77' lang='lat' dir='ltr'><strong>sunt</strong></span> <span class='ocrx_word' id='word_1_252' title='bbox 263 1385 392 1412; x_wconf 78' lang='lat' dir='ltr'><strong>moderati</strong></span> <span class='ocrx_word' id='word_1_253' title='bbox 411 1386 466 1418; x_wconf 87' lang='lat' dir='ltr'><strong>(sc.</strong></span> <span class='ocrx_word' id='word_1_254' title='bbox 485 1385 585 1423; x_wconf 86' lang='lat' dir='ltr'><strong>Impp.)</strong></span> <span class='ocrx_word' id='word_1_255' title='bbox 605 1386 636 1412; x_wconf 83' lang='lat' dir='ltr'><strong>fr.</strong></span> <span class='ocrx_word' id='word_1_256' title='bbox 656 1387 679 1413; x_wconf 97' lang='lat'><strong>6.</strong></span> <span class='ocrx_word' id='word_1_257' title='bbox 703 1387 725 1421; x_wconf 87' lang='lat'><strong>5.</strong></span> <span class='ocrx_word' id='word_1_258' title='bbox 746 1389 771 1413; x_wconf 78' lang='lat'><strong>3.</strong></span> <span class='ocrx_word' id='word_1_259' title='bbox 791 1387 823 1413; x_wconf 83' lang='lat' dir='ltr'><strong>de</strong></span> <span class='ocrx_word' id='word_1_260' title='bbox 843 1387 886 1414; x_wconf 78' lang='lat' dir='ltr'><strong>off.</strong></span> <span class='ocrx_word' id='word_1_261' title='bbox 907 1386 982 1414; x_wconf 87' lang='lat' dir='ltr'><strong>Proc.</strong></span> <span class='ocrx_word' id='word_1_262' title='bbox 1003 1392 1029 1414; x_wconf 87' lang='lat' dir='ltr'><strong>et</strong></span> 
     </span>
     <span class='ocr_line' id='line_1_30' title="bbox 182 1427 1026 1468; baseline 0.004 -14"><span class='ocrx_word' id='word_1_263' title='bbox 182 1427 244 1464; x_wconf 84' lang='lat' dir='ltr'><strong>Leg.</strong></span> <span class='ocrx_word' id='word_1_264' title='bbox 264 1430 287 1455; x_wconf 93' lang='lat'><strong>1.</strong></span> <span class='ocrx_word' id='word_1_265' title='bbox 309 1429 349 1455; x_wconf 89' lang='lat'><strong>16.</strong></span> <span class='ocrx_word' id='word_1_266' title='bbox 386 1427 471 1454; x_wconf 83' lang='lat' dir='ltr'><strong>Nobis</strong></span> <span class='ocrx_word' id='word_1_267' title='bbox 491 1428 689 1456; x_wconf 81' lang='lat' dir='ltr'><strong>moderantibus</strong></span> <span class='ocrx_word' id='word_1_268' title='bbox 709 1440 790 1468; x_wconf 84' lang='lat' dir='ltr'><strong>remp.</strong></span> <span class='ocrx_word' id='word_1_269' title='bbox 811 1429 861 1457; x_wconf 88' lang='lat' dir='ltr'>Th.</span> <span class='ocrx_word' id='word_1_270' title='bbox 881 1429 912 1456; x_wconf 90' lang='lat' dir='ltr'><strong>C.</strong></span> <span class='ocrx_word' id='word_1_271' title='bbox 926 1430 971 1457; x_wconf 87' lang='lat' dir='ltr'><strong>XI.</strong></span> <span class='ocrx_word' id='word_1_272' title='bbox 985 1431 1026 1457; x_wconf 88' lang='lat'><strong>30.</strong></span> 
     </span>
     <span class='ocr_line' id='line_1_31' title="bbox 182 1471 530 1508; baseline 0 -10"><span class='ocrx_word' id='word_1_273' title='bbox 182 1481 203 1497; x_wconf 87' lang='lat' dir='ltr'><strong>e.</strong></span> <span class='ocrx_word' id='word_1_274' title='bbox 217 1472 259 1498; x_wconf 87' lang='lat'><strong>30.</strong></span> <span class='ocrx_word' id='word_1_275' title='bbox 279 1471 312 1498; x_wconf 88' lang='lat' dir='ltr'><strong>de</strong></span> <span class='ocrx_word' id='word_1_276' title='bbox 331 1482 390 1508; x_wconf 83' lang='lat' dir='ltr'><strong>app.</strong></span> <span class='ocrx_word' id='word_1_277' title='bbox 411 1476 436 1497; x_wconf 88' lang='lat' dir='ltr'><strong>et</strong></span> <span class='ocrx_word' id='word_1_278' title='bbox 452 1481 530 1508; x_wconf 84' lang='lat' dir='ltr'><strong>poen.</strong></span> 
     </span>
    </p>

    <p class='ocr_par' dir='ltr' id='par_1_8' title="bbox 182 1514 1026 1596">
     <span class='ocr_line' id='line_1_32' title="bbox 216 1514 1026 1550; baseline 0.002 -10"><span class='ocrx_word' id='word_1_279' title='bbox 216 1515 427 1542; x_wconf 73' lang='lat' dir='ltr'><strong>moderate.</strong></span> <span class='ocrx_word' id='word_1_280' title='bbox 457 1514 580 1548; x_wconf 78' lang='lat' dir='ltr'><strong>(Advb.)</strong></span> <span class='ocrx_word' id='word_1_281' title='bbox 612 1517 816 1550; x_wconf 67' lang='lat' dir='ltr'><strong>Temperare,</strong></span> <span class='ocrx_word' id='word_1_282' title='bbox 837 1518 969 1543; x_wconf 46' lang='lat' dir='ltr'><strong>Madia-e.</strong></span> <span class='ocrx_word' id='word_1_283' title='bbox 1007 1515 1026 1542; x_wconf 92' lang='lat' dir='ltr'><strong>I.</strong></span> 
     </span>
     <span class='ocr_line' id='line_1_33' title="bbox 182 1556 1026 1596; baseline 0.002 -13"><span class='ocrx_word' id='word_1_284' title='bbox 182 1557 245 1591; x_wconf 73' lang='lat' dir='ltr'><strong>Sy.</strong></span> <span class='ocrx_word' id='word_1_285' title='bbox 269 1556 413 1588; x_wconf 76' lang='lat' dir='ltr'><strong>Moderati.</strong></span> <span class='ocrx_word' id='word_1_286' title='bbox 437 1557 571 1584; x_wconf 82' lang='lat' dir='ltr'><strong>Moderate</strong></span> <span class='ocrx_word' id='word_1_287' title='bbox 591 1563 714 1585; x_wconf 78' lang='lat' dir='ltr'><strong>statuere.</strong></span> <span class='ocrx_word' id='word_1_288' title='bbox 740 1559 769 1586; x_wconf 82' lang='lat' dir='ltr'><strong>fr.</strong></span> <span class='ocrx_word' id='word_1_289' title='bbox 789 1561 813 1585; x_wconf 88' lang='lat'><strong>3.</strong></span> <span class='ocrx_word' id='word_1_290' title='bbox 834 1569 872 1596; x_wconf 84' lang='lat' dir='ltr'><strong>pr.</strong></span> <span class='ocrx_word' id='word_1_291' title='bbox 896 1559 917 1593; x_wconf 90' lang='lat'><strong>5</strong></span> <span class='ocrx_word' id='word_1_292' title='bbox 939 1560 962 1585; x_wconf 86' lang='lat'><strong>1.</strong></span> <span class='ocrx_word' id='word_1_293' title='bbox 982 1559 1026 1585; x_wconf 93' lang='lat' dir='ltr'><strong>ubi</strong></span> 
     </span>
    </p>
   </div>
   <div class='ocr_carea' id='block_1_7' title="bbox 181 1599 1049 1639">
    <p class='ocr_par' dir='ltr' id='par_1_9' title="bbox 181 1599 1049 1639">
     <span class='ocr_line' id='line_1_34' title="bbox 181 1599 1049 1639; baseline 0.005 -15"><span class='ocrx_word' id='word_1_294' title='bbox 181 1609 244 1636; x_wconf 85' lang='lat' dir='ltr'><strong>pup.</strong></span> <span class='ocrx_word' id='word_1_295' title='bbox 268 1602 310 1626; x_wconf 80' lang='grc'><strong>27.</strong></span> <span class='ocrx_word' id='word_1_296' title='bbox 334 1602 358 1626; x_wconf 84' lang='grc'><strong>2.</strong></span> <span class='ocrx_word' id='word_1_297' title='bbox 396 1599 439 1626; x_wconf 88' lang='lat' dir='ltr'>III.</span> <span class='ocrx_word' id='word_1_298' title='bbox 462 1601 529 1628; x_wconf 73' lang='lat' dir='ltr'><strong>Gn.</strong></span> <span class='ocrx_word' id='word_1_299' title='bbox 558 1600 661 1628; x_wconf 81' lang='lat' dir='ltr'><strong>Placuit</strong></span> <span class='ocrx_word' id='word_1_300' title='bbox 689 1603 727 1628; x_wconf 84' lang='lat' dir='ltr'><strong>eis</strong></span> <span class='ocrx_word' id='word_1_301' title='bbox 755 1603 894 1639; x_wconf 86' lang='lat' dir='ltr'><strong>praestitui</strong></span> <span class='ocrx_word' id='word_1_302' title='bbox 922 1612 1049 1637; x_wconf 37' lang='lat' dir='ltr'><strong>annum„</strong></span> 
     </span>
    </p>
   </div>
   <div class='ocr_carea' id='block_1_8' title="bbox 181 1641 1026 1892">
    <p class='ocr_par' dir='ltr' id='par_1_10' title="bbox 182 1641 1026 1795">
     <span class='ocr_line' id='line_1_35' title="bbox 182 1641 1025 1679; baseline 0.004 -11"><span class='ocrx_word' id='word_1_303' title='bbox 182 1641 284 1668; x_wconf 89' lang='lat' dir='ltr'><strong>scilicet</strong></span> <span class='ocrx_word' id='word_1_304' title='bbox 303 1644 338 1669; x_wconf 81' lang='lat' dir='ltr'><strong>ita</strong></span> <span class='ocrx_word' id='word_1_305' title='bbox 357 1642 505 1675; x_wconf 81' lang='lat' dir='ltr'><strong>moderate,</strong></span> <span class='ocrx_word' id='word_1_306' title='bbox 530 1648 554 1669; x_wconf 91' lang='lat' dir='ltr'><strong>ut</strong></span> <span class='ocrx_word' id='word_1_307' title='bbox 578 1649 626 1670; x_wconf 83' lang='lat' dir='ltr'><strong>etc.</strong></span> <span class='ocrx_word' id='word_1_308' title='bbox 655 1644 686 1671; x_wconf 85' lang='lat' dir='ltr'><strong>sr.</strong></span> <span class='ocrx_word' id='word_1_309' title='bbox 708 1646 730 1671; x_wconf 97' lang='lat' dir='ltr'><strong>l.</strong></span> <span class='ocrx_word' id='word_1_310' title='bbox 756 1645 839 1679; x_wconf 76' lang='lat'>512.</span> <span class='ocrx_word' id='word_1_311' title='bbox 859 1645 891 1671; x_wconf 87' lang='lat' dir='ltr'><strong>de</strong></span> <span class='ocrx_word' id='word_1_312' title='bbox 910 1655 1025 1671; x_wconf 84' lang='lat' dir='ltr'><strong>success.</strong></span> 
     </span>
     <span class='ocr_line' id='line_1_36' title="bbox 183 1684 1026 1722; baseline 0.006 -12"><span class='ocrx_word' id='word_1_313' title='bbox 183 1684 260 1711; x_wconf 87' lang='lat' dir='ltr'><strong>edict.</strong></span> <span class='ocrx_word' id='word_1_314' title='bbox 279 1686 320 1711; x_wconf 78' lang='lat'><strong>38.</strong></span> <span class='ocrx_word' id='word_1_315' title='bbox 341 1687 364 1712; x_wconf 89' lang='lat'><strong>9.</strong></span> <span class='ocrx_word' id='word_1_316' title='bbox 407 1685 570 1713; x_wconf 74' lang='lat' dir='ltr'><strong>moderatius</strong></span> <span class='ocrx_word' id='word_1_317' title='bbox 594 1687 720 1714; x_wconf 87' lang='lat' dir='ltr'><strong>utendum</strong></span> <span class='ocrx_word' id='word_1_318' title='bbox 744 1698 803 1714; x_wconf 90' lang='lat' dir='ltr'><strong>esse</strong></span> <span class='ocrx_word' id='word_1_319' title='bbox 827 1688 931 1722; x_wconf 91' lang='lat' dir='ltr'><strong>(edicto</strong></span> <span class='ocrx_word' id='word_1_320' title='bbox 950 1687 1026 1715; x_wconf 81' lang='lat' dir='ltr'><strong>Prae-</strong></span> 
     </span>
     <span class='ocr_line' id='line_1_37' title="bbox 183 1727 1025 1768; baseline 0.006 -16"><span class='ocrx_word' id='word_1_321' title='bbox 183 1728 248 1753; x_wconf 85' lang='lat' dir='ltr'><strong>toris</strong></span> <span class='ocrx_word' id='word_1_322' title='bbox 273 1727 305 1754; x_wconf 86' lang='lat' dir='ltr'><strong>de</strong></span> <span class='ocrx_word' id='word_1_323' title='bbox 329 1728 458 1762; x_wconf 88' lang='lat' dir='ltr'><strong>iniuriis.)</strong></span> <span class='ocrx_word' id='word_1_324' title='bbox 482 1729 513 1756; x_wconf 80' lang='lat' dir='ltr'><strong>fr.</strong></span> <span class='ocrx_word' id='word_1_325' title='bbox 533 1731 558 1756; x_wconf 83' lang='lat'><strong>4.</strong></span> <span class='ocrx_word' id='word_1_326' title='bbox 583 1730 605 1763; x_wconf 87' lang='lat'><strong>5.</strong></span> <span class='ocrx_word' id='word_1_327' title='bbox 626 1732 649 1756; x_wconf 90' lang='lat' dir='ltr'><strong>l.</strong></span> <span class='ocrx_word' id='word_1_328' title='bbox 675 1730 707 1757; x_wconf 90' lang='lat' dir='ltr'><strong>ad</strong></span> <span class='ocrx_word' id='word_1_329' title='bbox 727 1730 756 1757; x_wconf 88' lang='lat' dir='ltr'><strong>L.</strong></span> <span class='ocrx_word' id='word_1_330' title='bbox 780 1730 828 1757; x_wconf 92' lang='lat' dir='ltr'>Iul.</span> <span class='ocrx_word' id='word_1_331' title='bbox 853 1730 885 1758; x_wconf 85' lang='lat' dir='ltr'><strong>de</strong></span> <span class='ocrx_word' id='word_1_332' title='bbox 908 1732 934 1757; x_wconf 90' lang='lat' dir='ltr'><strong>vi</strong></span> <span class='ocrx_word' id='word_1_333' title='bbox 957 1732 1025 1768; x_wconf 75' lang='lat' dir='ltr'><strong>priv.</strong></span> 
     </span>
     <span class='ocr_line' id='line_1_38' title="bbox 183 1771 268 1795; baseline 0 0"><span class='ocrx_word' id='word_1_334' title='bbox 183 1771 223 1795; x_wconf 59' lang='lat'><strong>4⁵.</strong></span> <span class='ocrx_word' id='word_1_335' title='bbox 245 1771 268 1795; x_wconf 81' lang='grc'><strong>7.</strong></span> 
     </span>
    </p>

    <p class='ocr_par' dir='ltr' id='par_1_11' title="bbox 181 1813 1025 1892">
     <span class='ocr_line' id='line_1_39' title="bbox 216 1813 1025 1849; baseline 0.005 -10"><span class='ocrx_word' id='word_1_336' title='bbox 216 1813 441 1841; x_wconf 78' lang='lat' dir='ltr'><strong>Moderatio.</strong></span> <span class='ocrx_word' id='word_1_337' title='bbox 488 1815 519 1848; x_wconf 73' lang='lat'><strong>§-</strong></span> <span class='ocrx_word' id='word_1_338' title='bbox 544 1816 579 1842; x_wconf 85' lang='lat' dir='ltr'><strong>l.</strong></span> <span class='ocrx_word' id='word_1_339' title='bbox 615 1816 926 1849; x_wconf 77' lang='lat' dir='ltr'><strong>Temperamcutum,</strong></span> <span class='ocrx_word' id='word_1_340' title='bbox 959 1817 1025 1843; x_wconf 89' lang='grc' dir='ltr'><strong>Μο-</strong></span> 
     </span>
     <span class='ocr_line' id='line_1_40' title="bbox 181 1855 1025 1892; baseline 0.005 -11"><span class='ocrx_word' id='word_1_341' title='bbox 181 1858 247 1881; x_wconf 79' lang='lat' dir='ltr'><strong>dus.</strong></span> <span class='ocrx_word' id='word_1_342' title='bbox 285 1855 327 1882; x_wconf 94' lang='lat' dir='ltr'>III.</span> <span class='ocrx_word' id='word_1_343' title='bbox 342 1857 408 1883; x_wconf 75' lang='lat' dir='ltr'><strong>Cn.</strong></span> <span class='ocrx_word' id='word_1_344' title='bbox 428 1858 562 1892; x_wconf 78' lang='lat' dir='ltr'><strong>Quantum</strong></span> <span class='ocrx_word' id='word_1_345' title='bbox 582 1858 631 1891; x_wconf 82' lang='lat' dir='ltr'><strong>(so.</strong></span> <span class='ocrx_word' id='word_1_346' title='bbox 651 1857 752 1891; x_wconf 83' lang='lat' dir='ltr'><strong>lumen)</strong></span> <span class='ocrx_word' id='word_1_347' title='bbox 771 1858 870 1885; x_wconf 79' lang='lat' dir='ltr'><strong>sufficit</strong></span> <span class='ocrx_word' id='word_1_348' title='bbox 885 1858 1025 1885; x_wconf 85' lang='lat' dir='ltr'><strong>habitanti-</strong></span> 
     </span>
    </p>
   </div>
   <div class='ocr_carea' id='block_1_9' title="bbox 181 1898 1049 1981">
    <p class='ocr_par' dir='ltr' id='par_1_12' title="bbox 181 1898 1049 1981">
     <span class='ocr_line' id='line_1_41' title="bbox 183 1898 1048 1930; baseline 0.007 -7"><span class='ocrx_word' id='word_1_349' title='bbox 183 1898 232 1924; x_wconf 92' lang='lat' dir='ltr'><strong>bus</strong></span> <span class='ocrx_word' id='word_1_350' title='bbox 252 1898 277 1923; x_wconf 88' lang='lat' dir='ltr'><strong>iu</strong></span> <span class='ocrx_word' id='word_1_351' title='bbox 298 1908 360 1925; x_wconf 90' lang='lat' dir='ltr'><strong>usus</strong></span> <span class='ocrx_word' id='word_1_352' title='bbox 380 1899 467 1926; x_wconf 89' lang='lat' dir='ltr'><strong>diurni</strong></span> <span class='ocrx_word' id='word_1_353' title='bbox 487 1900 676 1926; x_wconf 77' lang='lat' dir='ltr'><strong>moderatione.</strong></span> <span class='ocrx_word' id='word_1_354' title='bbox 697 1900 727 1927; x_wconf 84' lang='lat' dir='ltr'><strong>fr.</strong></span> <span class='ocrx_word' id='word_1_355' title='bbox 749 1903 787 1927; x_wconf 87' lang='grc'><strong>10.</strong></span> <span class='ocrx_word' id='word_1_356' title='bbox 808 1901 841 1927; x_wconf 89' lang='lat' dir='ltr'><strong>de</strong></span> <span class='ocrx_word' id='word_1_357' title='bbox 860 1901 887 1928; x_wconf 90' lang='lat' dir='ltr'><strong>S.</strong></span> <span class='ocrx_word' id='word_1_358' title='bbox 907 1901 935 1928; x_wconf 88' lang='lat' dir='ltr'><strong>P.</strong></span> <span class='ocrx_word' id='word_1_359' title='bbox 949 1902 980 1928; x_wconf 86' lang='lat' dir='ltr'><strong>V.</strong></span> <span class='ocrx_word' id='word_1_360' title='bbox 1001 1903 1025 1930; x_wconf 79' lang='lat' dir='ltr'><strong>S.</strong></span> <span class='ocrx_word' id='word_1_361' title='bbox 1047 1911 1048 1925; x_wconf 68' lang='lat'>1</span> 
     </span>
     <span class='ocr_line' id='line_1_42' title="bbox 181 1941 1049 1981; baseline 0.005 -13"><span class='ocrx_word' id='word_1_362' title='bbox 181 1944 206 1968; x_wconf 86' lang='lat'><strong>2.</strong></span> <span class='ocrx_word' id='word_1_363' title='bbox 244 1941 387 1968; x_wconf 76' lang='lat' dir='ltr'><strong>Servorum</strong></span> <span class='ocrx_word' id='word_1_364' title='bbox 406 1942 563 1979; x_wconf 74' lang='lat' dir='ltr'><strong>obsequium</strong></span> <span class='ocrx_word' id='word_1_365' title='bbox 583 1953 634 1969; x_wconf 94' lang='lat' dir='ltr'><strong>uon</strong></span> <span class='ocrx_word' id='word_1_366' title='bbox 654 1943 740 1970; x_wconf 89' lang='lat' dir='ltr'><strong>solum</strong></span> <span class='ocrx_word' id='word_1_367' title='bbox 760 1945 883 1981; x_wconf 81' lang='lat' dir='ltr'><strong>imperio,</strong></span> <span class='ocrx_word' id='word_1_368' title='bbox 907 1944 954 1971; x_wconf 89' lang='lat' dir='ltr'><strong>sed</strong></span> <span class='ocrx_word' id='word_1_369' title='bbox 973 1955 1026 1972; x_wconf 89' lang='lat' dir='ltr'><strong>mo-</strong></span> <span class='ocrx_word' id='word_1_370' title='bbox 1047 1962 1049 1968; x_wconf 69' lang='grc' dir='ltr'><strong><em>ι</em></strong></span> 
     </span>
    </p>
   </div>
   <div class='ocr_carea' id='block_1_10' title="bbox 182 1984 1026 2152">
    <p class='ocr_par' dir='ltr' id='par_1_13' title="bbox 182 1984 1026 2152">
     <span class='ocr_line' id='line_1_43' title="bbox 183 1984 1026 2024; baseline 0.006 -14"><span class='ocrx_word' id='word_1_371' title='bbox 183 1984 318 2010; x_wconf 86' lang='lat' dir='ltr'><strong>deratione</strong></span> <span class='ocrx_word' id='word_1_372' title='bbox 331 2001 361 2004; x_wconf 96' lang='lat'><strong>—</strong></span> <span class='ocrx_word' id='word_1_373' title='bbox 377 1986 507 2012; x_wconf 86' lang='lat' dir='ltr'><strong>contineri</strong></span> <span class='ocrx_word' id='word_1_374' title='bbox 521 1991 634 2023; x_wconf 75' lang='lat' dir='ltr'><strong>oportet.</strong></span> <span class='ocrx_word' id='word_1_375' title='bbox 654 1985 716 2013; x_wconf 88' lang='lat' dir='ltr'><strong>Coll</strong></span> <span class='ocrx_word' id='word_1_376' title='bbox 735 1985 788 2012; x_wconf 87' lang='lat' dir='ltr'><strong>LL.</strong></span> <span class='ocrx_word' id='word_1_377' title='bbox 799 1986 832 2013; x_wconf 89' lang='lat' dir='ltr'><strong>M.</strong></span> <span class='ocrx_word' id='word_1_378' title='bbox 845 1987 886 2014; x_wconf 94' lang='lat' dir='ltr'>III.</span> <span class='ocrx_word' id='word_1_379' title='bbox 900 1989 924 2014; x_wconf 86' lang='lat'><strong>3.</strong></span> <span class='ocrx_word' id='word_1_380' title='bbox 945 1988 1026 2024; x_wconf 81' lang='lat' dir='ltr'><strong>Quod</strong></span> 
     </span>
     <span class='ocr_line' id='line_1_44' title="bbox 184 2027 1025 2068; baseline 0.006 -16"><span class='ocrx_word' id='word_1_381' title='bbox 184 2037 241 2053; x_wconf 84' lang='lat' dir='ltr'><strong>cum</strong></span> <span class='ocrx_word' id='word_1_382' title='bbox 264 2027 350 2063; x_wconf 83' lang='lat' dir='ltr'><strong>aliqua</strong></span> <span class='ocrx_word' id='word_1_383' title='bbox 374 2027 554 2054; x_wconf 80' lang='lat' dir='ltr'><strong>moderatione</strong></span> <span class='ocrx_word' id='word_1_384' title='bbox 578 2028 681 2055; x_wconf 81' lang='lat' dir='ltr'><strong>deliniri</strong></span> <span class='ocrx_word' id='word_1_385' title='bbox 704 2029 811 2066; x_wconf 79' lang='lat' dir='ltr'><strong>placuit.</strong></span> <span class='ocrx_word' id='word_1_386' title='bbox 836 2030 866 2057; x_wconf 89' lang='lat' dir='ltr'><strong>fr.</strong></span> <span class='ocrx_word' id='word_1_387' title='bbox 888 2032 909 2057; x_wconf 98' lang='lat'><strong>7.</strong></span> <span class='ocrx_word' id='word_1_388' title='bbox 934 2041 973 2068; x_wconf 90' lang='lat' dir='ltr'><strong>pr.</strong></span> <span class='ocrx_word' id='word_1_389' title='bbox 993 2031 1025 2057; x_wconf 89' lang='lat' dir='ltr'><strong>de</strong></span> 
     </span>
     <span class='ocr_line' id='line_1_45' title="bbox 182 2069 1025 2107; baseline 0.007 -12"><span class='ocrx_word' id='word_1_390' title='bbox 182 2069 242 2095; x_wconf 87' lang='lat' dir='ltr'><strong>bon.</strong></span> <span class='ocrx_word' id='word_1_391' title='bbox 264 2069 374 2096; x_wconf 78' lang='lat' dir='ltr'><strong>damnat.</strong></span> <span class='ocrx_word' id='word_1_392' title='bbox 394 2071 436 2097; x_wconf 79' lang='lat'><strong>48.</strong></span> <span class='ocrx_word' id='word_1_393' title='bbox 455 2073 496 2096; x_wconf 73' lang='lat'>2¹0.</span> <span class='ocrx_word' id='word_1_394' title='bbox 518 2086 549 2090; x_wconf 91' lang='lat'><strong>—-</strong></span> <span class='ocrx_word' id='word_1_395' title='bbox 569 2072 648 2104; x_wconf 66' lang='lat'>§.2.</span> <span class='ocrx_word' id='word_1_396' title='bbox 669 2074 895 2107; x_wconf 80' lang='lat' dir='ltr'><strong>Praeceptum.</strong></span> <span class='ocrx_word' id='word_1_397' title='bbox 916 2076 1025 2101; x_wconf 77' lang='lat' dir='ltr'><strong>Iussio</strong></span> 
     </span>
     <span class='ocr_line' id='line_1_46' title="bbox 183 2113 1025 2152; baseline 0.007 -15"><span class='ocrx_word' id='word_1_398' title='bbox 183 2115 357 2139; x_wconf 77' lang='lat' dir='ltr'><strong>moderata.</strong></span> <span class='ocrx_word' id='word_1_399' title='bbox 395 2113 436 2140; x_wconf 92' lang='lat' dir='ltr'>Ill.</span> <span class='ocrx_word' id='word_1_400' title='bbox 453 2115 518 2141; x_wconf 74' lang='lat' dir='ltr'><strong>Cn.</strong></span> <span class='ocrx_word' id='word_1_401' title='bbox 537 2113 699 2140; x_wconf 80' lang='lat' dir='ltr'><strong>Insolentius</strong></span> <span class='ocrx_word' id='word_1_402' title='bbox 718 2114 826 2151; x_wconf 78' lang='lat' dir='ltr'><strong>aliquid,</strong></span> <span class='ocrx_word' id='word_1_403' title='bbox 846 2126 922 2152; x_wconf 87' lang='lat' dir='ltr'><strong>quam</strong></span> <span class='ocrx_word' id='word_1_404' title='bbox 936 2116 1025 2143; x_wconf 88' lang='lat' dir='ltr'><strong>mode-</strong></span> 
     </span>
    </p>
   </div>
   <div class='ocr_carea' id='block_1_11' title="bbox 184 2197 1026 2833">
    <p class='ocr_par' dir='ltr' id='par_1_14' title="bbox 184 2197 1024 2393">
     <span class='ocr_line' id='line_1_47' title="bbox 184 2197 1024 2239; baseline 0.01 -18"><span class='ocrx_word' id='word_1_405' title='bbox 184 2197 206 2230; x_wconf 88' lang='lat'><strong>5.</strong></span> <span class='ocrx_word' id='word_1_406' title='bbox 219 2198 243 2222; x_wconf 85' lang='lat'><strong>2.</strong></span> <span class='ocrx_word' id='word_1_407' title='bbox 263 2197 295 2223; x_wconf 85' lang='lat' dir='ltr'><strong>de</strong></span> <span class='ocrx_word' id='word_1_408' title='bbox 307 2197 391 2224; x_wconf 84' lang='lat' dir='ltr'><strong>Praet.</strong></span> <span class='ocrx_word' id='word_1_409' title='bbox 413 2203 438 2225; x_wconf 87' lang='lat' dir='ltr'><strong>et</strong></span> <span class='ocrx_word' id='word_1_410' title='bbox 458 2200 509 2234; x_wconf 79' lang='lat' dir='ltr'><strong>Qu.</strong></span> <span class='ocrx_word' id='word_1_411' title='bbox 530 2199 549 2225; x_wconf 95' lang='lat' dir='ltr'><strong>I.</strong></span> <span class='ocrx_word' id='word_1_412' title='bbox 564 2200 587 2226; x_wconf 89' lang='lat'><strong>4.</strong></span> <span class='ocrx_word' id='word_1_413' title='bbox 609 2210 630 2226; x_wconf 86' lang='lat' dir='ltr'><strong>c.</strong></span> <span class='ocrx_word' id='word_1_414' title='bbox 642 2202 666 2227; x_wconf 85' lang='lat'><strong>3.</strong></span> <span class='ocrx_word' id='word_1_415' title='bbox 684 2200 788 2233; x_wconf 55' lang='lat' dir='ltr'>(Ivtzk.)</span> <span class='ocrx_word' id='word_1_416' title='bbox 807 2201 840 2227; x_wconf 91' lang='lat' dir='ltr'><strong>de</strong></span> <span class='ocrx_word' id='word_1_417' title='bbox 859 2212 928 2239; x_wconf 84' lang='lat' dir='ltr'><strong>resp.</strong></span> <span class='ocrx_word' id='word_1_418' title='bbox 948 2202 1024 2239; x_wconf 84' lang='lat' dir='ltr'><strong>prud.</strong></span> 
     </span>
     <span class='ocr_line' id='line_1_48' title="bbox 185 2238 1024 2279; baseline 0.008 -15"><span class='ocrx_word' id='word_1_419' title='bbox 185 2238 286 2265; x_wconf 74' lang='lat' dir='ltr'><strong>solitae</strong></span> <span class='ocrx_word' id='word_1_420' title='bbox 305 2241 492 2268; x_wconf 80' lang='lat' dir='ltr'><strong>moderationis</strong></span> <span class='ocrx_word' id='word_1_421' title='bbox 512 2242 620 2268; x_wconf 82' lang='lat' dir='ltr'><strong>arbitrio</strong></span> <span class='ocrx_word' id='word_1_422' title='bbox 645 2244 834 2279; x_wconf 72' lang='lat' dir='ltr'><strong>(mitigamus.)</strong></span> <span class='ocrx_word' id='word_1_423' title='bbox 862 2244 899 2270; x_wconf 92' lang='lat' dir='ltr'><strong>Ib.</strong></span> <span class='ocrx_word' id='word_1_424' title='bbox 919 2244 963 2271; x_wconf 82' lang='lat' dir='ltr'><strong>IX.</strong></span> <span class='ocrx_word' id='word_1_425' title='bbox 983 2247 1024 2271; x_wconf 89' lang='lat'><strong>21.</strong></span> 
     </span>
     <span class='ocr_line' id='line_1_49' title="bbox 185 2281 1023 2324; baseline 0.008 -17"><span class='ocrx_word' id='word_1_426' title='bbox 185 2293 206 2308; x_wconf 81' lang='lat' dir='ltr'><strong>e.</strong></span> <span class='ocrx_word' id='word_1_427' title='bbox 220 2284 243 2307; x_wconf 68' lang='grc' dir='ltr'><strong>ὅ.</strong></span> <span class='ocrx_word' id='word_1_428' title='bbox 264 2281 297 2307; x_wconf 81' lang='lat' dir='ltr'><strong>de</strong></span> <span class='ocrx_word' id='word_1_429' title='bbox 316 2282 378 2309; x_wconf 80' lang='lat' dir='ltr'><strong>salsa</strong></span> <span class='ocrx_word' id='word_1_430' title='bbox 398 2294 467 2311; x_wconf 86' lang='lat' dir='ltr'><strong>mon.</strong></span> <span class='ocrx_word' id='word_1_431' title='bbox 489 2284 521 2311; x_wconf 86' lang='lat' dir='ltr'><strong>cf.</strong></span> <span class='ocrx_word' id='word_1_432' title='bbox 536 2284 578 2311; x_wconf 67' lang='lat' dir='ltr'><strong>VI.</strong></span> <span class='ocrx_word' id='word_1_433' title='bbox 595 2287 637 2312; x_wconf 84' lang='grc'><strong>30.</strong></span> <span class='ocrx_word' id='word_1_434' title='bbox 658 2296 678 2312; x_wconf 88' lang='lat' dir='ltr'><strong>c.</strong></span> <span class='ocrx_word' id='word_1_435' title='bbox 692 2288 734 2312; x_wconf 76' lang='grc'><strong>24.</strong></span> <span class='ocrx_word' id='word_1_436' title='bbox 754 2286 786 2313; x_wconf 85' lang='lat' dir='ltr'><strong>de</strong></span> <span class='ocrx_word' id='word_1_437' title='bbox 800 2286 880 2314; x_wconf 84' lang='lat' dir='ltr'><strong>Palat.</strong></span> <span class='ocrx_word' id='word_1_438' title='bbox 901 2287 929 2314; x_wconf 90' lang='lat' dir='ltr'><strong>S.</strong></span> <span class='ocrx_word' id='word_1_439' title='bbox 944 2287 1023 2324; x_wconf 79' lang='lat' dir='ltr'><strong>largg.</strong></span> 
     </span>
     <span class='ocr_line' id='line_1_50' title="bbox 184 2324 1024 2361; baseline 0.008 -10"><span class='ocrx_word' id='word_1_440' title='bbox 184 2324 330 2351; x_wconf 75' lang='lat' dir='ltr'><strong>Moderatio</strong></span> <span class='ocrx_word' id='word_1_441' title='bbox 356 2332 444 2354; x_wconf 81' lang='lat' dir='ltr'><strong>nostra</strong></span> <span class='ocrx_word' id='word_1_442' title='bbox 467 2328 582 2361; x_wconf 84' lang='lat' dir='ltr'><strong>(iubet.)</strong></span> <span class='ocrx_word' id='word_1_443' title='bbox 611 2327 648 2354; x_wconf 90' lang='lat' dir='ltr'><strong>lb.</strong></span> <span class='ocrx_word' id='word_1_444' title='bbox 668 2327 736 2355; x_wconf 81' lang='lat' dir='ltr'>VIII.</span> <span class='ocrx_word' id='word_1_445' title='bbox 762 2331 802 2356; x_wconf 75' lang='lat'><strong>18.</strong></span> <span class='ocrx_word' id='word_1_446' title='bbox 827 2340 849 2356; x_wconf 88' lang='lat' dir='ltr'><strong>c.</strong></span> <span class='ocrx_word' id='word_1_447' title='bbox 868 2331 892 2356; x_wconf 87' lang='grc'><strong>3.</strong></span> <span class='ocrx_word' id='word_1_448' title='bbox 917 2330 950 2357; x_wconf 77' lang='lat' dir='ltr'><strong>do</strong></span> <span class='ocrx_word' id='word_1_449' title='bbox 973 2341 1024 2358; x_wconf 87' lang='lat' dir='ltr'><strong>ma·</strong></span> 
     </span>
     <span class='ocr_line' id='line_1_51' title="bbox 185 2366 331 2393; baseline 0.007 -1"><span class='ocrx_word' id='word_1_450' title='bbox 185 2372 250 2393; x_wconf 85' lang='lat' dir='ltr'><strong>tern.</strong></span> <span class='ocrx_word' id='word_1_451' title='bbox 271 2366 331 2393; x_wconf 88' lang='lat' dir='ltr'><strong>bon.</strong></span> 
     </span>
    </p>

    <p class='ocr_par' dir='ltr' id='par_1_15' title="bbox 186 2410 1026 2833">
     <span class='ocr_line' id='line_1_52' title="bbox 220 2410 1024 2451; baseline 0.011 -17"><span class='ocrx_word' id='word_1_452' title='bbox 220 2410 449 2437; x_wconf 73' lang='lat' dir='ltr'><strong>moderator.</strong></span> <span class='ocrx_word' id='word_1_453' title='bbox 493 2416 624 2446; x_wconf 69' lang='grc' dir='ltr'><strong>Κρεῖον,</strong></span> <span class='ocrx_word' id='word_1_454' title='bbox 657 2416 868 2442; x_wconf 80' lang='lat' dir='ltr'><strong>Gubernator.</strong></span> <span class='ocrx_word' id='word_1_455' title='bbox 915 2416 934 2443; x_wconf 92' lang='lat' dir='ltr'><strong>I.</strong></span> <span class='ocrx_word' id='word_1_456' title='bbox 962 2418 1024 2451; x_wconf 78' lang='lat' dir='ltr'><strong>Sy.</strong></span> 
     </span>
     <span class='ocr_line' id='line_1_53' title="bbox 186 2452 1023 2494; baseline 0.012 -18"><span class='ocrx_word' id='word_1_457' title='bbox 186 2452 304 2483; x_wconf 79' lang='lat' dir='ltr'><strong>l&#39;raeseS‚</strong></span> <span class='ocrx_word' id='word_1_458' title='bbox 324 2462 344 2478; x_wconf 90' lang='lat' dir='ltr'><strong>s.</strong></span> <span class='ocrx_word' id='word_1_459' title='bbox 364 2452 529 2486; x_wconf 75' lang='lat' dir='ltr'><strong>praesidens,</strong></span> <span class='ocrx_word' id='word_1_460' title='bbox 546 2455 645 2483; x_wconf 84' lang='lat' dir='ltr'><strong>Rector</strong></span> <span class='ocrx_word' id='word_1_461' title='bbox 664 2458 859 2494; x_wconf 83' lang='lat' dir='ltr'><strong>(provinciae.)</strong></span> <span class='ocrx_word' id='word_1_462' title='bbox 879 2469 900 2485; x_wconf 89' lang='lat' dir='ltr'><strong>c.</strong></span> <span class='ocrx_word' id='word_1_463' title='bbox 913 2461 937 2485; x_wconf 86' lang='lat'><strong>2.</strong></span> <span class='ocrx_word' id='word_1_464' title='bbox 958 2470 979 2486; x_wconf 94' lang='lat' dir='ltr'><strong>c.</strong></span> <span class='ocrx_word' id='word_1_465' title='bbox 999 2461 1023 2486; x_wconf 89' lang='lat'><strong>9.</strong></span> 
     </span>
     <span class='ocr_line' id='line_1_54' title="bbox 186 2494 1023 2539; baseline 0.012 -20"><span class='ocrx_word' id='word_1_466' title='bbox 186 2505 207 2520; x_wconf 81' lang='lat' dir='ltr'><strong>e.</strong></span> <span class='ocrx_word' id='word_1_467' title='bbox 230 2496 268 2520; x_wconf 92' lang='lat' dir='ltr'><strong>ll.</strong></span> <span class='ocrx_word' id='word_1_468' title='bbox 293 2494 325 2520; x_wconf 86' lang='lat' dir='ltr'><strong>de</strong></span> <span class='ocrx_word' id='word_1_469' title='bbox 349 2495 393 2521; x_wconf 77' lang='lat' dir='ltr'><strong>off,</strong></span> <span class='ocrx_word' id='word_1_470' title='bbox 417 2494 491 2522; x_wconf 78' lang='lat' dir='ltr'><strong>Reet.</strong></span> <span class='ocrx_word' id='word_1_471' title='bbox 510 2497 552 2523; x_wconf 78' lang='lat' dir='ltr'><strong>Pr.</strong></span> <span class='ocrx_word' id='word_1_472' title='bbox 573 2500 595 2525; x_wconf 96' lang='grc'><strong>].</strong></span> <span class='ocrx_word' id='word_1_473' title='bbox 615 2501 657 2526; x_wconf 85' lang='lat'><strong>40.</strong></span> <span class='ocrx_word' id='word_1_474' title='bbox 687 2500 737 2527; x_wconf 88' lang='lat' dir='ltr'><strong>Th.</strong></span> <span class='ocrx_word' id='word_1_475' title='bbox 757 2501 788 2527; x_wconf 96' lang='lat' dir='ltr'><strong>C.</strong></span> <span class='ocrx_word' id='word_1_476' title='bbox 808 2501 826 2527; x_wconf 96' lang='lat' dir='ltr'><strong>I.</strong></span> <span class='ocrx_word' id='word_1_477' title='bbox 852 2503 874 2527; x_wconf 85' lang='lat'><strong>7.</strong></span> <span class='ocrx_word' id='word_1_478' title='bbox 900 2512 920 2528; x_wconf 91' lang='lat' dir='ltr'><strong>c.</strong></span> <span class='ocrx_word' id='word_1_479' title='bbox 941 2503 964 2528; x_wconf 94' lang='lat' dir='ltr'><strong>l.</strong></span> <span class='ocrx_word' id='word_1_480' title='bbox 984 2512 1023 2539; x_wconf 88' lang='lat' dir='ltr'><strong>sq.</strong></span> 
     </span>
     <span class='ocr_line' id='line_1_55' title="bbox 187 2537 1023 2573; baseline 0.012 -11"><span class='ocrx_word' id='word_1_481' title='bbox 187 2548 208 2563; x_wconf 82' lang='lat' dir='ltr'><strong>e.</strong></span> <span class='ocrx_word' id='word_1_482' title='bbox 227 2539 252 2562; x_wconf 86' lang='lat'><strong>5.</strong></span> <span class='ocrx_word' id='word_1_483' title='bbox 271 2547 310 2573; x_wconf 83' lang='lat' dir='ltr'><strong>sq.</strong></span> <span class='ocrx_word' id='word_1_484' title='bbox 336 2548 356 2564; x_wconf 92' lang='lat' dir='ltr'><strong>c.</strong></span> <span class='ocrx_word' id='word_1_485' title='bbox 376 2539 399 2564; x_wconf 71' lang='lat'><strong>8.</strong></span> <span class='ocrx_word' id='word_1_486' title='bbox 425 2537 481 2564; x_wconf 88' lang='lat' dir='ltr'><strong>eod.</strong></span> <span class='ocrx_word' id='word_1_487' title='bbox 506 2539 563 2566; x_wconf 87' lang='lat' dir='ltr'>XII.</span> <span class='ocrx_word' id='word_1_488' title='bbox 584 2543 606 2567; x_wconf 94' lang='lat'><strong>1.</strong></span> <span class='ocrx_word' id='word_1_489' title='bbox 634 2553 655 2569; x_wconf 94' lang='lat' dir='ltr'><strong>c.</strong></span> <span class='ocrx_word' id='word_1_490' title='bbox 676 2545 733 2570; x_wconf 77' lang='lat'>164.</span> <span class='ocrx_word' id='word_1_491' title='bbox 759 2543 791 2570; x_wconf 88' lang='lat' dir='ltr'><strong>de</strong></span> <span class='ocrx_word' id='word_1_492' title='bbox 810 2543 944 2573; x_wconf 88' lang='lat' dir='ltr'><strong>dccurion.</strong></span> <span class='ocrx_word' id='word_1_493' title='bbox 980 2545 1023 2571; x_wconf 92' lang='lat' dir='ltr'>III.</span> 
     </span>
     <span class='ocr_line' id='line_1_56' title="bbox 187 2579 1026 2624; baseline 0.012 -19"><span class='ocrx_word' id='word_1_494' title='bbox 187 2582 253 2608; x_wconf 77' lang='lat' dir='ltr'><strong>Cn.</strong></span> <span class='ocrx_word' id='word_1_495' title='bbox 275 2579 468 2613; x_wconf 62' lang='lat' dir='ltr'><strong>moderatores.</strong></span> <span class='ocrx_word' id='word_1_496' title='bbox 487 2583 732 2622; x_wconf 82' lang='lat' dir='ltr'><strong>provinciarumque</strong></span> <span class='ocrx_word' id='word_1_497' title='bbox 750 2592 881 2619; x_wconf 72' lang='lat' dir='ltr'><strong>rectores,</strong></span> <span class='ocrx_word' id='word_1_498' title='bbox 901 2588 950 2614; x_wconf 89' lang='lat' dir='ltr'><strong>sub</strong></span> <span class='ocrx_word' id='word_1_499' title='bbox 970 2589 1026 2624; x_wconf 83' lang='lat' dir='ltr'><strong>qui-</strong></span> 
     </span>
     <span class='ocr_line' id='line_1_57' title="bbox 186 2623 1025 2663; baseline 0.012 -15"><span class='ocrx_word' id='word_1_500' title='bbox 186 2623 342 2658; x_wconf 75' lang='lat' dir='ltr'><strong>buscunque</strong></span> <span class='ocrx_word' id='word_1_501' title='bbox 361 2623 450 2650; x_wconf 84' lang='lat' dir='ltr'><strong>infulis</strong></span> <span class='ocrx_word' id='word_1_502' title='bbox 469 2626 616 2661; x_wconf 80' lang='lat' dir='ltr'><strong>potestatis.</strong></span> <span class='ocrx_word' id='word_1_503' title='bbox 640 2627 676 2654; x_wconf 89' lang='lat' dir='ltr'><strong>lb.</strong></span> <span class='ocrx_word' id='word_1_504' title='bbox 696 2629 741 2657; x_wconf 82' lang='lat' dir='ltr'><strong>IX.</strong></span> <span class='ocrx_word' id='word_1_505' title='bbox 761 2631 801 2655; x_wconf 84' lang='lat'><strong>41.</strong></span> <span class='ocrx_word' id='word_1_506' title='bbox 823 2640 843 2656; x_wconf 87' lang='lat' dir='ltr'><strong>c.</strong></span> <span class='ocrx_word' id='word_1_507' title='bbox 866 2632 887 2657; x_wconf 89' lang='lat' dir='ltr'><strong>l.</strong></span> <span class='ocrx_word' id='word_1_508' title='bbox 907 2631 928 2663; x_wconf 87' lang='lat'><strong>5.</strong></span> <span class='ocrx_word' id='word_1_509' title='bbox 950 2632 973 2657; x_wconf 92' lang='lat' dir='ltr'><strong>l.</strong></span> <span class='ocrx_word' id='word_1_510' title='bbox 993 2640 1025 2657; x_wconf 84' lang='lat' dir='ltr'><strong>ne</strong></span> 
     </span>
     <span class='ocr_line' id='line_1_58' title="bbox 187 2664 1024 2705; baseline 0.011 -14"><span class='ocrx_word' id='word_1_511' title='bbox 187 2667 245 2692; x_wconf 86' lang='lat' dir='ltr'><strong>sine</strong></span> <span class='ocrx_word' id='word_1_512' title='bbox 264 2667 337 2691; x_wconf 83' lang='lat' dir='ltr'><strong>iussu</strong></span> <span class='ocrx_word' id='word_1_513' title='bbox 352 2664 438 2692; x_wconf 88' lang='lat' dir='ltr'><strong>Priuc.</strong></span> <span class='ocrx_word' id='word_1_514' title='bbox 466 2667 586 2694; x_wconf 80' lang='lat' dir='ltr'><strong>Duorum</strong></span> <span class='ocrx_word' id='word_1_515' title='bbox 604 2667 746 2698; x_wconf 78' lang='lat' dir='ltr'><strong>Pomorum</strong></span> <span class='ocrx_word' id='word_1_516' title='bbox 765 2682 832 2699; x_wconf 90' lang='lat' dir='ltr'><strong>unus</strong></span> <span class='ocrx_word' id='word_1_517' title='bbox 851 2673 886 2699; x_wconf 91' lang='lat' dir='ltr'><strong>sit</strong></span> <span class='ocrx_word' id='word_1_518' title='bbox 905 2672 1024 2705; x_wconf 77' lang='lat' dir='ltr'><strong>Praeses,</strong></span> 
     </span>
     <span class='ocr_line' id='line_1_59' title="bbox 187 2708 1024 2752; baseline 0.012 -19"><span class='ocrx_word' id='word_1_519' title='bbox 187 2708 361 2735; x_wconf 74' lang='lat' dir='ltr'><strong>moderatoris</strong></span> <span class='ocrx_word' id='word_1_520' title='bbox 374 2708 550 2746; x_wconf 80' lang='lat' dir='ltr'><strong>adpellatione</strong></span> <span class='ocrx_word' id='word_1_521' title='bbox 563 2710 733 2740; x_wconf 77' lang='lat' dir='ltr'><strong>decorandus.</strong></span> <span class='ocrx_word' id='word_1_522' title='bbox 752 2714 800 2742; x_wconf 85' lang='lat' dir='ltr'>Iul.</span> <span class='ocrx_word' id='word_1_523' title='bbox 814 2725 854 2752; x_wconf 87' lang='lat' dir='ltr'><strong>ep.</strong></span> <span class='ocrx_word' id='word_1_524' title='bbox 868 2725 927 2742; x_wconf 90' lang='lat' dir='ltr'><strong>nov.</strong></span> <span class='ocrx_word' id='word_1_525' title='bbox 948 2726 969 2742; x_wconf 91' lang='lat' dir='ltr'><strong>c.</strong></span> <span class='ocrx_word' id='word_1_526' title='bbox 982 2718 1024 2743; x_wconf 87' lang='lat'><strong>27.</strong></span> 
     </span>
     <span class='ocr_line' id='line_1_60' title="bbox 188 2752 1022 2791; baseline 0.012 -15"><span class='ocrx_word' id='word_1_527' title='bbox 188 2752 225 2785; x_wconf 85' lang='lat'><strong>55.</strong></span> <span class='ocrx_word' id='word_1_528' title='bbox 244 2752 286 2778; x_wconf 78' lang='lat'><strong>98.</strong></span> <span class='ocrx_word' id='word_1_529' title='bbox 306 2761 346 2788; x_wconf 85' lang='lat' dir='ltr'><strong>sq.</strong></span> <span class='ocrx_word' id='word_1_530' title='bbox 371 2761 391 2777; x_wconf 85' lang='lat' dir='ltr'><strong>e.</strong></span> <span class='ocrx_word' id='word_1_531' title='bbox 411 2753 452 2778; x_wconf 90' lang='grc'><strong>95.</strong></span> <span class='ocrx_word' id='word_1_532' title='bbox 473 2753 495 2786; x_wconf 91' lang='lat'><strong>5</strong></span> <span class='ocrx_word' id='word_1_533' title='bbox 514 2754 573 2780; x_wconf 87' lang='lat'>356.</span> <span class='ocrx_word' id='word_1_534' title='bbox 611 2753 740 2788; x_wconf 83' lang='lat' dir='ltr'><strong>Comites,</strong></span> <span class='ocrx_word' id='word_1_535' title='bbox 759 2757 802 2783; x_wconf 86' lang='lat' dir='ltr'><strong>vel</strong></span> <span class='ocrx_word' id='word_1_536' title='bbox 820 2757 957 2791; x_wconf 68' lang='lat' dir='ltr'><strong>Procoss..</strong></span> <span class='ocrx_word' id='word_1_537' title='bbox 982 2759 1022 2785; x_wconf 88' lang='lat' dir='ltr'><strong>vel</strong></span> 
     </span>
     <span class='ocr_line' id='line_1_61' title="bbox 187 2793 1024 2833; baseline 0.012 -14"><span class='ocrx_word' id='word_1_538' title='bbox 187 2793 335 2820; x_wconf 71' lang='lat' dir='ltr'><strong>Praetores.</strong></span> <span class='ocrx_word' id='word_1_539' title='bbox 355 2794 396 2821; x_wconf 76' lang='lat' dir='ltr'><strong>vel</strong></span> <span class='ocrx_word' id='word_1_540' title='bbox 416 2794 602 2823; x_wconf 78' lang='lat' dir='ltr'><strong>moderatores.</strong></span> <span class='ocrx_word' id='word_1_541' title='bbox 628 2796 664 2823; x_wconf 90' lang='lat' dir='ltr'><strong>lb.</strong></span> <span class='ocrx_word' id='word_1_542' title='bbox 685 2808 706 2824; x_wconf 89' lang='lat' dir='ltr'><strong>c.</strong></span> <span class='ocrx_word' id='word_1_543' title='bbox 724 2800 766 2825; x_wconf 79' lang='grc'><strong>24.</strong></span> <span class='ocrx_word' id='word_1_544' title='bbox 785 2800 807 2833; x_wconf 88' lang='lat'><strong>5.</strong></span> <span class='ocrx_word' id='word_1_545' title='bbox 826 2801 868 2827; x_wconf 88' lang='lat'><strong>92.</strong></span> <span class='ocrx_word' id='word_1_546' title='bbox 904 2801 954 2828; x_wconf 80' lang='lat' dir='ltr'><strong>Rei</strong></span> <span class='ocrx_word' id='word_1_547' title='bbox 972 2812 1024 2828; x_wconf 89' lang='lat' dir='ltr'><strong>mo-</strong></span> 
     </span>
    </p>
   </div>
   <div class='ocr_carea' id='block_1_12' title="bbox 1045 233 1054 2849">
    <p class='ocr_par' dir='ltr' id='par_1_16' title="bbox 1045 233 1054 2849">
     <span class='ocr_line' id='line_1_62' title="bbox 1045 233 1054 2849; baseline 0 0"><span class='ocrx_word' id='word_1_548' title='bbox 1045 233 1054 2849; x_wconf 95' lang='lat' dir='ltr'><strong> </strong></span> 
     </span>
    </p>
   </div>
   <div class='ocr_carea' id='block_1_13' title="bbox 1853 153 1916 183">
    <p class='ocr_par' dir='ltr' id='par_1_17' title="bbox 1853 153 1916 183">
     <span class='ocr_line' id='line_1_63' title="bbox 1853 153 1916 183; baseline 0.032 -1"><span class='ocrx_word' id='word_1_549' title='bbox 1853 153 1916 183; x_wconf 84' lang='lat'><strong>593</strong></span> 
     </span>
    </p>
   </div>
   <div class='ocr_carea' id='block_1_14' title="bbox 1070 229 1917 1765">
    <p class='ocr_par' dir='ltr' id='par_1_18' title="bbox 1075 229 1916 301">
     <span class='ocr_line' id='line_1_64' title="bbox 1076 229 1916 266; baseline 0.004 -10"><span class='ocrx_word' id='word_1_550' title='bbox 1076 229 1182 257; x_wconf 84' lang='lat' dir='ltr'><strong>derator</strong></span> <span class='ocrx_word' id='word_1_551' title='bbox 1207 234 1286 266; x_wconf 79' lang='lat' dir='ltr'><strong>atque</strong></span> <span class='ocrx_word' id='word_1_552' title='bbox 1309 230 1414 257; x_wconf 83' lang='lat' dir='ltr'><strong>arbiter.</strong></span> <span class='ocrx_word' id='word_1_553' title='bbox 1439 241 1460 258; x_wconf 91' lang='lat' dir='ltr'><strong>c.</strong></span> <span class='ocrx_word' id='word_1_554' title='bbox 1480 233 1521 257; x_wconf 86' lang='lat'><strong>21.</strong></span> <span class='ocrx_word' id='word_1_555' title='bbox 1542 230 1627 258; x_wconf 87' lang='lat' dir='ltr'><strong>mand.</strong></span> <span class='ocrx_word' id='word_1_556' title='bbox 1646 232 1670 257; x_wconf 87' lang='lat'><strong>4.</strong></span> <span class='ocrx_word' id='word_1_557' title='bbox 1689 232 1733 257; x_wconf 82' lang='lat'><strong>35.</strong></span> <span class='ocrx_word' id='word_1_558' title='bbox 1770 232 1916 260; x_wconf 84' lang='lat' dir='ltr'><strong>Discussor</strong></span> 
     </span>
     <span class='ocr_line' id='line_1_65' title="bbox 1075 272 1782 301; baseline 0.003 -2"><span class='ocrx_word' id='word_1_559' title='bbox 1075 278 1119 299; x_wconf 90' lang='lat' dir='ltr'><strong>aut</strong></span> <span class='ocrx_word' id='word_1_560' title='bbox 1137 272 1293 299; x_wconf 87' lang='lat' dir='ltr'><strong>moderator.</strong></span> <span class='ocrx_word' id='word_1_561' title='bbox 1315 272 1364 300; x_wconf 84' lang='lat' dir='ltr'><strong>Th.</strong></span> <span class='ocrx_word' id='word_1_562' title='bbox 1385 273 1416 300; x_wconf 89' lang='lat' dir='ltr'><strong>C.</strong></span> <span class='ocrx_word' id='word_1_563' title='bbox 1435 274 1506 301; x_wconf 82' lang='lat' dir='ltr'>XVI.</span> <span class='ocrx_word' id='word_1_564' title='bbox 1526 278 1550 301; x_wconf 73' lang='grc'><strong>8,</strong></span> <span class='ocrx_word' id='word_1_565' title='bbox 1571 285 1592 301; x_wconf 90' lang='lat' dir='ltr'><strong>c.</strong></span> <span class='ocrx_word' id='word_1_566' title='bbox 1615 276 1654 300; x_wconf 87' lang='grc'><strong>10.</strong></span> <span class='ocrx_word' id='word_1_567' title='bbox 1675 274 1708 300; x_wconf 80' lang='lat' dir='ltr'><strong>de</strong></span> <span class='ocrx_word' id='word_1_568' title='bbox 1727 274 1782 301; x_wconf 68' lang='lat' dir='ltr'><strong>lud,</strong></span> 
     </span>
    </p>

    <p class='ocr_par' dir='ltr' id='par_1_19' title="bbox 1073 317 1917 727">
     <span class='ocr_line' id='line_1_66' title="bbox 1109 317 1915 351; baseline 0.002 -9"><span class='ocrx_word' id='word_1_569' title='bbox 1109 317 1338 343; x_wconf 51' lang='lat' dir='ltr'><strong>Moderatus</strong></span> <span class='ocrx_word' id='word_1_570' title='bbox 1382 318 1524 350; x_wconf 76' lang='lat' dir='ltr'><strong>Medius,</strong></span> <span class='ocrx_word' id='word_1_571' title='bbox 1557 319 1782 351; x_wconf 74' lang='lat' dir='ltr'><strong>Temperatus,</strong></span> <span class='ocrx_word' id='word_1_572' title='bbox 1812 319 1915 344; x_wconf 76' lang='lat' dir='ltr'><strong>Modi-</strong></span> 
     </span>
     <span class='ocr_line' id='line_1_67' title="bbox 1074 358 1916 394; baseline 0.002 -9"><span class='ocrx_word' id='word_1_573' title='bbox 1074 369 1133 385; x_wconf 87' lang='lat' dir='ltr'><strong>cus.</strong></span> <span class='ocrx_word' id='word_1_574' title='bbox 1172 358 1202 384; x_wconf 95' lang='lat' dir='ltr'><strong>II.</strong></span> <span class='ocrx_word' id='word_1_575' title='bbox 1222 360 1289 392; x_wconf 78' lang='lat' dir='ltr'><strong>Op.</strong></span> <span class='ocrx_word' id='word_1_576' title='bbox 1315 358 1445 386; x_wconf 73' lang='lat' dir='ltr'><strong>Infinitus.</strong></span> <span class='ocrx_word' id='word_1_577' title='bbox 1466 359 1507 386; x_wconf 85' lang='lat' dir='ltr'>Cl&#39;.</span> <span class='ocrx_word' id='word_1_578' title='bbox 1527 360 1551 386; x_wconf 89' lang='lat' dir='ltr'><strong>h.</strong></span> <span class='ocrx_word' id='word_1_579' title='bbox 1573 370 1595 386; x_wconf 94' lang='lat' dir='ltr'><strong>v.</strong></span> <span class='ocrx_word' id='word_1_580' title='bbox 1616 361 1637 394; x_wconf 86' lang='lat'><strong>5.</strong></span> <span class='ocrx_word' id='word_1_581' title='bbox 1656 362 1681 387; x_wconf 89' lang='lat'><strong>3.</strong></span> <span class='ocrx_word' id='word_1_582' title='bbox 1717 360 1916 393; x_wconf 81' lang='lat' dir='ltr'><strong>Inunoderatus‚</strong></span> 
     </span>
     <span class='ocr_line' id='line_1_68' title="bbox 1074 400 1915 440; baseline 0.002 -13"><span class='ocrx_word' id='word_1_583' title='bbox 1074 400 1240 427; x_wconf 75' lang='lat' dir='ltr'><strong>Immodicas.</strong></span> <span class='ocrx_word' id='word_1_584' title='bbox 1260 400 1290 427; x_wconf 85' lang='lat' dir='ltr'><strong>fr.</strong></span> <span class='ocrx_word' id='word_1_585' title='bbox 1304 403 1346 428; x_wconf 76' lang='lat'><strong>40.</strong></span> <span class='ocrx_word' id='word_1_586' title='bbox 1367 412 1405 438; x_wconf 87' lang='lat' dir='ltr'><strong>pr.</strong></span> <span class='ocrx_word' id='word_1_587' title='bbox 1426 402 1458 428; x_wconf 88' lang='lat' dir='ltr'><strong>de</strong></span> <span class='ocrx_word' id='word_1_588' title='bbox 1478 402 1562 428; x_wconf 85' lang='lat' dir='ltr'><strong>damn.</strong></span> <span class='ocrx_word' id='word_1_589' title='bbox 1577 402 1622 429; x_wconf 84' lang='lat' dir='ltr'>inf.</span> <span class='ocrx_word' id='word_1_590' title='bbox 1635 404 1676 429; x_wconf 87' lang='lat'><strong>39.</strong></span> <span class='ocrx_word' id='word_1_591' title='bbox 1690 405 1715 429; x_wconf 87' lang='lat'><strong>2.</strong></span> <span class='ocrx_word' id='word_1_592' title='bbox 1734 402 1781 430; x_wconf 92' lang='lat' dir='ltr'>Iul.</span> <span class='ocrx_word' id='word_1_593' title='bbox 1801 414 1841 440; x_wconf 76' lang='lat' dir='ltr'><strong>cp.</strong></span> <span class='ocrx_word' id='word_1_594' title='bbox 1855 414 1915 429; x_wconf 92' lang='lat' dir='ltr'><strong>nov.</strong></span> 
     </span>
     <span class='ocr_line' id='line_1_69' title="bbox 1075 443 1917 479; baseline 0.004 -10"><span class='ocrx_word' id='word_1_595' title='bbox 1075 454 1095 470; x_wconf 88' lang='lat' dir='ltr'><strong>c.</strong></span> <span class='ocrx_word' id='word_1_596' title='bbox 1119 446 1161 470; x_wconf 82' lang='lat'><strong>53.</strong></span> <span class='ocrx_word' id='word_1_597' title='bbox 1185 445 1286 478; x_wconf 78' lang='lat'>§.195.</span> <span class='ocrx_word' id='word_1_598' title='bbox 1323 443 1365 470; x_wconf 88' lang='lat' dir='ltr'>Ill.</span> <span class='ocrx_word' id='word_1_599' title='bbox 1387 446 1452 471; x_wconf 75' lang='lat' dir='ltr'><strong>Cn.</strong></span> <span class='ocrx_word' id='word_1_600' title='bbox 1478 444 1639 472; x_wconf 77' lang='lat' dir='ltr'><strong>Moderatam</strong></span> <span class='ocrx_word' id='word_1_601' title='bbox 1662 446 1728 472; x_wconf 85' lang='lat' dir='ltr'><strong>haue</strong></span> <span class='ocrx_word' id='word_1_602' title='bbox 1752 446 1805 479; x_wconf 89' lang='lat' dir='ltr'><strong>(sc.</strong></span> <span class='ocrx_word' id='word_1_603' title='bbox 1830 445 1917 472; x_wconf 80' lang='lat' dir='ltr'>XVIII</span> 
     </span>
     <span class='ocr_line' id='line_1_70' title="bbox 1074 487 1917 525; baseline 0.004 -13"><span class='ocrx_word' id='word_1_604' title='bbox 1074 488 1217 520; x_wconf 89' lang='lat' dir='ltr'><strong>annorum)</strong></span> <span class='ocrx_word' id='word_1_605' title='bbox 1238 491 1347 513; x_wconf 79' lang='lat' dir='ltr'><strong>aetatem</strong></span> <span class='ocrx_word' id='word_1_606' title='bbox 1367 492 1439 513; x_wconf 85' lang='lat' dir='ltr'><strong>ratus</strong></span> <span class='ocrx_word' id='word_1_607' title='bbox 1459 492 1500 513; x_wconf 83' lang='lat' dir='ltr'><strong>est</strong></span> <span class='ocrx_word' id='word_1_608' title='bbox 1519 487 1551 513; x_wconf 85' lang='lat' dir='ltr'><strong>ad</strong></span> <span class='ocrx_word' id='word_1_609' title='bbox 1571 488 1766 525; x_wconf 80' lang='lat' dir='ltr'><strong>procedendum</strong></span> <span class='ocrx_word' id='word_1_610' title='bbox 1786 490 1812 514; x_wconf 90' lang='lat' dir='ltr'><strong>in</strong></span> <span class='ocrx_word' id='word_1_611' title='bbox 1832 488 1917 525; x_wconf 86' lang='lat' dir='ltr'><strong>publi-</strong></span> 
     </span>
     <span class='ocr_line' id='line_1_71' title="bbox 1075 529 1917 568; baseline 0.002 -13"><span class='ocrx_word' id='word_1_612' title='bbox 1075 539 1139 555; x_wconf 90' lang='lat' dir='ltr'><strong>cum.</strong></span> <span class='ocrx_word' id='word_1_613' title='bbox 1160 529 1189 556; x_wconf 88' lang='lat' dir='ltr'><strong>fr.</strong></span> <span class='ocrx_word' id='word_1_614' title='bbox 1211 531 1233 555; x_wconf 96' lang='lat'><strong>1.</strong></span> <span class='ocrx_word' id='word_1_615' title='bbox 1253 530 1274 563; x_wconf 89' lang='lat'><strong>5</strong></span> <span class='ocrx_word' id='word_1_616' title='bbox 1294 531 1318 556; x_wconf 96' lang='lat'><strong>3.</strong></span> <span class='ocrx_word' id='word_1_617' title='bbox 1338 529 1371 556; x_wconf 84' lang='lat' dir='ltr'><strong>de</strong></span> <span class='ocrx_word' id='word_1_618' title='bbox 1394 530 1492 566; x_wconf 83' lang='lat' dir='ltr'><strong>postul.</strong></span> <span class='ocrx_word' id='word_1_619' title='bbox 1512 531 1536 556; x_wconf 91' lang='lat'><strong>·3.</strong></span> <span class='ocrx_word' id='word_1_620' title='bbox 1558 532 1580 556; x_wconf 70' lang='lat'><strong>1,</strong></span> <span class='ocrx_word' id='word_1_621' title='bbox 1617 531 1781 558; x_wconf 82' lang='lat' dir='ltr'><strong>Moderatum</strong></span> <span class='ocrx_word' id='word_1_622' title='bbox 1803 533 1917 568; x_wconf 86' lang='lat' dir='ltr'><strong>spatium</strong></span> 
     </span>
     <span class='ocr_line' id='line_1_72' title="bbox 1073 572 1915 609; baseline 0.002 -11"><span class='ocrx_word' id='word_1_623' title='bbox 1073 573 1099 605; x_wconf 84' lang='lat' dir='ltr'><strong>(a</strong></span> <span class='ocrx_word' id='word_1_624' title='bbox 1119 572 1205 598; x_wconf 82' lang='lat' dir='ltr'><strong>iudice</strong></span> <span class='ocrx_word' id='word_1_625' title='bbox 1224 572 1413 606; x_wconf 85' lang='lat' dir='ltr'><strong>statuendum.)</strong></span> <span class='ocrx_word' id='word_1_626' title='bbox 1433 572 1463 599; x_wconf 84' lang='lat' dir='ltr'><strong>fr.</strong></span> <span class='ocrx_word' id='word_1_627' title='bbox 1483 574 1506 598; x_wconf 68' lang='lat'><strong>8.</strong></span> <span class='ocrx_word' id='word_1_628' title='bbox 1527 583 1566 609; x_wconf 88' lang='lat' dir='ltr'><strong>pr.</strong></span> <span class='ocrx_word' id='word_1_629' title='bbox 1587 573 1639 608; x_wconf 82' lang='lat' dir='ltr'><strong>Qu.</strong></span> <span class='ocrx_word' id='word_1_630' title='bbox 1659 573 1751 600; x_wconf 77' lang='lat' dir='ltr'><strong>satisd.</strong></span> <span class='ocrx_word' id='word_1_631' title='bbox 1773 584 1827 609; x_wconf 76' lang='lat' dir='ltr'><strong>cog.</strong></span> <span class='ocrx_word' id='word_1_632' title='bbox 1847 576 1871 600; x_wconf 86' lang='lat'><strong>2.</strong></span> <span class='ocrx_word' id='word_1_633' title='bbox 1891 577 1915 600; x_wconf 74' lang='grc' dir='ltr'><strong>δ.</strong></span> 
     </span>
     <span class='ocr_line' id='line_1_73' title="bbox 1074 614 1916 653; baseline 0.004 -13"><span class='ocrx_word' id='word_1_634' title='bbox 1074 614 1103 640; x_wconf 87' lang='lat' dir='ltr'><strong>sr.</strong></span> <span class='ocrx_word' id='word_1_635' title='bbox 1117 616 1159 641; x_wconf 64' lang='lat'><strong>38.</strong></span> <span class='ocrx_word' id='word_1_636' title='bbox 1179 616 1200 648; x_wconf 86' lang='lat'><strong>5.</strong></span> <span class='ocrx_word' id='word_1_637' title='bbox 1222 617 1243 641; x_wconf 97' lang='lat' dir='ltr'><strong>l.</strong></span> <span class='ocrx_word' id='word_1_638' title='bbox 1264 625 1296 642; x_wconf 86' lang='lat' dir='ltr'><strong>ex</strong></span> <span class='ocrx_word' id='word_1_639' title='bbox 1316 625 1358 651; x_wconf 87' lang='lat' dir='ltr'><strong>qu.</strong></span> <span class='ocrx_word' id='word_1_640' title='bbox 1379 625 1400 642; x_wconf 88' lang='lat' dir='ltr'><strong>c.</strong></span> <span class='ocrx_word' id='word_1_641' title='bbox 1420 616 1477 641; x_wconf 87' lang='lat' dir='ltr'><strong>mai.</strong></span> <span class='ocrx_word' id='word_1_642' title='bbox 1492 617 1516 642; x_wconf 90' lang='lat'><strong>4.</strong></span> <span class='ocrx_word' id='word_1_643' title='bbox 1536 617 1560 641; x_wconf 89' lang='lat'><strong>6.</strong></span> <span class='ocrx_word' id='word_1_644' title='bbox 1597 616 1632 642; x_wconf 83' lang='lat' dir='ltr'><strong>Et</strong></span> <span class='ocrx_word' id='word_1_645' title='bbox 1650 627 1821 653; x_wconf 84' lang='lat' dir='ltr'><strong>possessores</strong></span> <span class='ocrx_word' id='word_1_646' title='bbox 1841 622 1916 643; x_wconf 84' lang='lat' dir='ltr'><strong>erunt</strong></span> 
     </span>
     <span class='ocr_line' id='line_1_74' title="bbox 1073 657 1915 695; baseline 0.004 -12"><span class='ocrx_word' id='word_1_647' title='bbox 1073 657 1202 684; x_wconf 78' lang='lat' dir='ltr'><strong>moderati</strong></span> <span class='ocrx_word' id='word_1_648' title='bbox 1220 659 1246 684; x_wconf 89' lang='lat' dir='ltr'><strong>in</strong></span> <span class='ocrx_word' id='word_1_649' title='bbox 1266 659 1355 695; x_wconf 78' lang='lat' dir='ltr'><strong>specie</strong></span> <span class='ocrx_word' id='word_1_650' title='bbox 1374 657 1552 690; x_wconf 75' lang='lat' dir='ltr'><strong>distrahenda,</strong></span> <span class='ocrx_word' id='word_1_651' title='bbox 1573 668 1630 684; x_wconf 84' lang='lat' dir='ltr'><strong>cum</strong></span> <span class='ocrx_word' id='word_1_652' title='bbox 1650 669 1678 685; x_wconf 82' lang='lat' dir='ltr'><strong>se</strong></span> <span class='ocrx_word' id='word_1_653' title='bbox 1698 660 1781 686; x_wconf 85' lang='lat' dir='ltr'><strong>sciant</strong></span> <span class='ocrx_word' id='word_1_654' title='bbox 1797 664 1844 686; x_wconf 80' lang='lat' dir='ltr'><strong>etc.</strong></span> <span class='ocrx_word' id='word_1_655' title='bbox 1865 659 1915 686; x_wconf 85' lang='lat' dir='ltr'><strong>Th.</strong></span> 
     </span>
     <span class='ocr_line' id='line_1_75' title="bbox 1074 699 1604 727; baseline 0.002 -1"><span class='ocrx_word' id='word_1_656' title='bbox 1074 699 1103 726; x_wconf 86' lang='lat' dir='ltr'><strong>C.</strong></span> <span class='ocrx_word' id='word_1_657' title='bbox 1123 700 1193 727; x_wconf 75' lang='lat' dir='ltr'>XIV.</span> <span class='ocrx_word' id='word_1_658' title='bbox 1213 702 1237 727; x_wconf 83' lang='lat'><strong>4.</strong></span> <span class='ocrx_word' id='word_1_659' title='bbox 1258 711 1279 727; x_wconf 93' lang='lat' dir='ltr'><strong>c.</strong></span> <span class='ocrx_word' id='word_1_660' title='bbox 1299 702 1324 727; x_wconf 83' lang='lat'><strong>2.</strong></span> <span class='ocrx_word' id='word_1_661' title='bbox 1345 701 1375 727; x_wconf 83' lang='lat' dir='ltr'><strong>ci&#39;.</strong></span> <span class='ocrx_word' id='word_1_662' title='bbox 1397 711 1418 727; x_wconf 90' lang='lat' dir='ltr'><strong>c.</strong></span> <span class='ocrx_word' id='word_1_663' title='bbox 1438 702 1462 726; x_wconf 82' lang='lat'><strong>4.</strong></span> <span class='ocrx_word' id='word_1_664' title='bbox 1483 700 1515 727; x_wconf 85' lang='lat' dir='ltr'><strong>de</strong></span> <span class='ocrx_word' id='word_1_665' title='bbox 1534 711 1604 727; x_wconf 87' lang='lat' dir='ltr'><strong>suar.</strong></span> 
     </span>
    </p>

    <p class='ocr_par' dir='ltr' id='par_1_20' title="bbox 1073 742 1916 909">
     <span class='ocr_line' id='line_1_76' title="bbox 1108 742 1916 777; baseline 0.002 -8"><span class='ocrx_word' id='word_1_666' title='bbox 1108 744 1289 770; x_wconf 67' lang='lat' dir='ltr'><strong>Modesto.</strong></span> <span class='ocrx_word' id='word_1_667' title='bbox 1317 742 1439 777; x_wconf 83' lang='lat' dir='ltr'><strong>(Advh.)</strong></span> <span class='ocrx_word' id='word_1_668' title='bbox 1472 745 1660 771; x_wconf 63' lang='lat' dir='ltr'><strong>Verecunda</strong></span> <span class='ocrx_word' id='word_1_669' title='bbox 1697 743 1739 770; x_wconf 73' lang='lat' dir='ltr'>III.</span> <span class='ocrx_word' id='word_1_670' title='bbox 1755 746 1821 772; x_wconf 73' lang='lat'>011.</span> <span class='ocrx_word' id='word_1_671' title='bbox 1841 745 1869 771; x_wconf 91' lang='lat' dir='ltr'><strong>In</strong></span> <span class='ocrx_word' id='word_1_672' title='bbox 1888 755 1916 771; x_wconf 83' lang='lat' dir='ltr'><strong>re</strong></span> 
     </span>
     <span class='ocr_line' id='line_1_77' title="bbox 1074 785 1915 820; baseline 0.004 -9"><span class='ocrx_word' id='word_1_673' title='bbox 1074 785 1152 811; x_wconf 89' lang='lat' dir='ltr'><strong>dubia</strong></span> <span class='ocrx_word' id='word_1_674' title='bbox 1172 787 1269 812; x_wconf 83' lang='lat' dir='ltr'><strong>certius</strong></span> <span class='ocrx_word' id='word_1_675' title='bbox 1289 791 1314 812; x_wconf 83' lang='lat' dir='ltr'><strong>et</strong></span> <span class='ocrx_word' id='word_1_676' title='bbox 1332 785 1479 813; x_wconf 85' lang='lat' dir='ltr'><strong>modestius</strong></span> <span class='ocrx_word' id='word_1_677' title='bbox 1500 791 1541 812; x_wconf 85' lang='lat' dir='ltr'><strong>est</strong></span> <span class='ocrx_word' id='word_1_678' title='bbox 1559 786 1711 819; x_wconf 81' lang='lat' dir='ltr'><strong>(abstinere</strong></span> <span class='ocrx_word' id='word_1_679' title='bbox 1731 788 1796 820; x_wconf 80' lang='lat' dir='ltr'><strong>etc.)</strong></span> <span class='ocrx_word' id='word_1_680' title='bbox 1824 788 1854 814; x_wconf 84' lang='lat' dir='ltr'><strong>sr.</strong></span> <span class='ocrx_word' id='word_1_681' title='bbox 1875 790 1915 814; x_wconf 82' lang='grc'><strong>14.</strong></span> 
     </span>
     <span class='ocr_line' id='line_1_78' title="bbox 1073 828 1915 862; baseline 0.004 -8"><span class='ocrx_word' id='word_1_682' title='bbox 1073 828 1094 861; x_wconf 91' lang='lat'><strong>5.</strong></span> <span class='ocrx_word' id='word_1_683' title='bbox 1114 829 1138 854; x_wconf 85' lang='lat'><strong>3.</strong></span> <span class='ocrx_word' id='word_1_684' title='bbox 1159 828 1191 854; x_wconf 87' lang='lat' dir='ltr'><strong>de</strong></span> <span class='ocrx_word' id='word_1_685' title='bbox 1204 828 1235 855; x_wconf 80' lang='lat' dir='ltr'><strong>R.</strong></span> <span class='ocrx_word' id='word_1_686' title='bbox 1250 828 1281 855; x_wconf 83' lang='lat' dir='ltr'><strong>N.</strong></span> <span class='ocrx_word' id='word_1_687' title='bbox 1301 831 1342 855; x_wconf 81' lang='lat'><strong>23.</strong></span> <span class='ocrx_word' id='word_1_688' title='bbox 1362 831 1386 855; x_wconf 84' lang='lat'><strong>2.</strong></span> <span class='ocrx_word' id='word_1_689' title='bbox 1423 828 1506 855; x_wconf 80' lang='lat' dir='ltr'><strong>Nemo</strong></span> <span class='ocrx_word' id='word_1_690' title='bbox 1527 828 1638 862; x_wconf 79' lang='lat' dir='ltr'><strong>dubitat,</strong></span> <span class='ocrx_word' id='word_1_691' title='bbox 1657 829 1802 856; x_wconf 80' lang='lat' dir='ltr'><strong>modestius</strong></span> <span class='ocrx_word' id='word_1_692' title='bbox 1823 830 1915 862; x_wconf 77' lang='lat' dir='ltr'><strong>facere.</strong></span> 
     </span>
     <span class='ocr_line' id='line_1_79' title="bbox 1073 871 1756 909; baseline 0.004 -13"><span class='ocrx_word' id='word_1_693' title='bbox 1073 872 1118 907; x_wconf 84' lang='lat' dir='ltr'><strong>qui</strong></span> <span class='ocrx_word' id='word_1_694' title='bbox 1138 876 1185 897; x_wconf 84' lang='lat' dir='ltr'><strong>etc.</strong></span> <span class='ocrx_word' id='word_1_695' title='bbox 1206 871 1236 897; x_wconf 81' lang='lat' dir='ltr'><strong>fr.</strong></span> <span class='ocrx_word' id='word_1_696' title='bbox 1255 873 1296 897; x_wconf 86' lang='lat'><strong>25.</strong></span> <span class='ocrx_word' id='word_1_697' title='bbox 1316 872 1337 905; x_wconf 88' lang='lat'><strong>5.</strong></span> <span class='ocrx_word' id='word_1_698' title='bbox 1360 873 1380 898; x_wconf 96' lang='lat' dir='ltr'><strong>l.</strong></span> <span class='ocrx_word' id='word_1_699' title='bbox 1401 871 1433 898; x_wconf 88' lang='lat' dir='ltr'><strong>de</strong></span> <span class='ocrx_word' id='word_1_700' title='bbox 1453 876 1537 898; x_wconf 88' lang='lat' dir='ltr'><strong>coust.</strong></span> <span class='ocrx_word' id='word_1_701' title='bbox 1557 882 1649 909; x_wconf 74' lang='lat' dir='ltr'><strong>pecuu.</strong></span> <span class='ocrx_word' id='word_1_702' title='bbox 1673 875 1712 899; x_wconf 83' lang='lat'><strong>13.</strong></span> <span class='ocrx_word' id='word_1_703' title='bbox 1732 874 1756 899; x_wconf 92' lang='lat'><strong>5.</strong></span> 
     </span>
    </p>

    <p class='ocr_par' dir='ltr' id='par_1_21' title="bbox 1073 914 1916 1079">
     <span class='ocr_line' id='line_1_80' title="bbox 1107 914 1915 948; baseline 0.002 -8"><span class='ocrx_word' id='word_1_704' title='bbox 1107 914 1306 941; x_wconf 76' lang='lat' dir='ltr'><strong>Modestia.</strong></span> <span class='ocrx_word' id='word_1_705' title='bbox 1330 916 1539 948; x_wconf 58' lang='lat' dir='ltr'><strong>l&#39;erecundiat,</strong></span> <span class='ocrx_word' id='word_1_706' title='bbox 1560 917 1676 942; x_wconf 83' lang='lat' dir='ltr'><strong>Pudor.</strong></span> <span class='ocrx_word' id='word_1_707' title='bbox 1713 915 1756 942; x_wconf 92' lang='lat' dir='ltr'>III.</span> <span class='ocrx_word' id='word_1_708' title='bbox 1776 916 1842 943; x_wconf 77' lang='lat' dir='ltr'><strong>Gn.</strong></span> <span class='ocrx_word' id='word_1_709' title='bbox 1861 915 1915 942; x_wconf 85' lang='lat' dir='ltr'><strong>Mo-</strong></span> 
     </span>
     <span class='ocr_line' id='line_1_81' title="bbox 1073 956 1914 994; baseline 0.004 -12"><span class='ocrx_word' id='word_1_710' title='bbox 1073 956 1173 983; x_wconf 74' lang='lat' dir='ltr'><strong>destiae</strong></span> <span class='ocrx_word' id='word_1_711' title='bbox 1191 957 1296 983; x_wconf 82' lang='lat' dir='ltr'><strong>nescius</strong></span> <span class='ocrx_word' id='word_1_712' title='bbox 1316 962 1341 982; x_wconf 80' lang='lat' dir='ltr'><strong>et</strong></span> <span class='ocrx_word' id='word_1_713' title='bbox 1360 957 1470 994; x_wconf 87' lang='lat' dir='ltr'><strong>pudoris</strong></span> <span class='ocrx_word' id='word_1_714' title='bbox 1490 959 1604 994; x_wconf 77' lang='lat' dir='ltr'><strong>ignarus.</strong></span> <span class='ocrx_word' id='word_1_715' title='bbox 1624 957 1673 984; x_wconf 83' lang='lat' dir='ltr'><strong>Th.</strong></span> <span class='ocrx_word' id='word_1_716' title='bbox 1694 957 1725 985; x_wconf 84' lang='lat' dir='ltr'><strong>C.</strong></span> <span class='ocrx_word' id='word_1_717' title='bbox 1745 958 1790 986; x_wconf 87' lang='lat' dir='ltr'><strong>IX.</strong></span> <span class='ocrx_word' id='word_1_718' title='bbox 1811 960 1834 985; x_wconf 63' lang='lat' dir='ltr'><strong>nr1.</strong></span> <span class='ocrx_word' id='word_1_719' title='bbox 1855 969 1876 985; x_wconf 91' lang='lat' dir='ltr'><strong>c.</strong></span> <span class='ocrx_word' id='word_1_720' title='bbox 1892 961 1914 985; x_wconf 90' lang='lat' dir='ltr'><strong>l.</strong></span> 
     </span>
     <span class='ocr_line' id='line_1_82' title="bbox 1073 998 1916 1036; baseline 0.005 -12"><span class='ocrx_word' id='word_1_721' title='bbox 1073 1001 1095 1025; x_wconf 91' lang='lat' dir='ltr'><strong>si</strong></span> <span class='ocrx_word' id='word_1_722' title='bbox 1115 1009 1158 1036; x_wconf 84' lang='lat' dir='ltr'><strong>qu.</strong></span> <span class='ocrx_word' id='word_1_723' title='bbox 1173 998 1237 1036; x_wconf 86' lang='lat' dir='ltr'>Imp.</span> <span class='ocrx_word' id='word_1_724' title='bbox 1257 999 1349 1026; x_wconf 84' lang='lat' dir='ltr'><strong>maled.</strong></span> <span class='ocrx_word' id='word_1_725' title='bbox 1364 999 1519 1026; x_wconf 79' lang='lat' dir='ltr'><strong>Patientiam</strong></span> <span class='ocrx_word' id='word_1_726' title='bbox 1539 1005 1564 1027; x_wconf 82' lang='lat' dir='ltr'><strong>et</strong></span> <span class='ocrx_word' id='word_1_727' title='bbox 1583 1000 1738 1027; x_wconf 88' lang='lat' dir='ltr'><strong>modestiam</strong></span> <span class='ocrx_word' id='word_1_728' title='bbox 1758 1011 1831 1028; x_wconf 80' lang='lat' dir='ltr'><strong>suam</strong></span> <span class='ocrx_word' id='word_1_729' title='bbox 1850 1002 1916 1035; x_wconf 80' lang='lat' dir='ltr'><strong>(stu-</strong></span> 
     </span>
     <span class='ocr_line' id='line_1_83' title="bbox 1073 1042 1798 1079; baseline 0.003 -11"><span class='ocrx_word' id='word_1_730' title='bbox 1073 1043 1148 1069; x_wconf 88' lang='lat' dir='ltr'><strong>diose</strong></span> <span class='ocrx_word' id='word_1_731' title='bbox 1167 1042 1301 1075; x_wconf 86' lang='lat' dir='ltr'><strong>retinere.)</strong></span> <span class='ocrx_word' id='word_1_732' title='bbox 1321 1053 1341 1068; x_wconf 90' lang='lat' dir='ltr'><strong>c.</strong></span> <span class='ocrx_word' id='word_1_733' title='bbox 1362 1044 1404 1069; x_wconf 84' lang='lat'><strong>26.</strong></span> <span class='ocrx_word' id='word_1_734' title='bbox 1424 1042 1457 1068; x_wconf 88' lang='lat' dir='ltr'><strong>de</strong></span> <span class='ocrx_word' id='word_1_735' title='bbox 1476 1044 1557 1079; x_wconf 83' lang='lat' dir='ltr'><strong>episc.</strong></span> <span class='ocrx_word' id='word_1_736' title='bbox 1579 1048 1604 1069; x_wconf 84' lang='lat' dir='ltr'><strong>et</strong></span> <span class='ocrx_word' id='word_1_737' title='bbox 1624 1043 1711 1070; x_wconf 88' lang='lat' dir='ltr'><strong>cleric.</strong></span> <span class='ocrx_word' id='word_1_738' title='bbox 1733 1045 1755 1070; x_wconf 79' lang='lat' dir='ltr'><strong>l.</strong></span> <span class='ocrx_word' id='word_1_739' title='bbox 1774 1045 1798 1070; x_wconf 89' lang='lat'><strong>3.</strong></span> 
     </span>
    </p>

    <p class='ocr_par' dir='ltr' id='par_1_22' title="bbox 1072 1085 1915 1338">
     <span class='ocr_line' id='line_1_84' title="bbox 1107 1085 1915 1121; baseline 0.004 -10"><span class='ocrx_word' id='word_1_740' title='bbox 1107 1085 1353 1112; x_wconf 75' lang='lat' dir='ltr'><strong>Modestinus.</strong></span> <span class='ocrx_word' id='word_1_741' title='bbox 1390 1087 1499 1112; x_wconf 69' lang='lat' dir='ltr'><strong>lctus</strong></span> <span class='ocrx_word' id='word_1_742' title='bbox 1523 1088 1569 1117; x_wconf 55' lang='lat' dir='ltr'><strong>R„</strong></span> <span class='ocrx_word' id='word_1_743' title='bbox 1598 1088 1735 1120; x_wconf 76' lang='lat' dir='ltr'><strong>leiani</strong></span> <span class='ocrx_word' id='word_1_744' title='bbox 1758 1089 1915 1121; x_wconf 79' lang='lat' dir='ltr'><strong>aequalis.</strong></span> 
     </span>
     <span class='ocr_line' id='line_1_85' title="bbox 1072 1127 1915 1163; baseline 0.004 -9"><span class='ocrx_word' id='word_1_745' title='bbox 1072 1127 1114 1154; x_wconf 91' lang='lat' dir='ltr'>III.</span> <span class='ocrx_word' id='word_1_746' title='bbox 1135 1129 1202 1156; x_wconf 73' lang='lat' dir='ltr'><strong>Gn.</strong></span> <span class='ocrx_word' id='word_1_747' title='bbox 1229 1127 1309 1163; x_wconf 84' lang='lat' dir='ltr'><strong>Quod</strong></span> <span class='ocrx_word' id='word_1_748' title='bbox 1329 1133 1354 1154; x_wconf 80' lang='lat' dir='ltr'><strong>et</strong></span> <span class='ocrx_word' id='word_1_749' title='bbox 1373 1127 1505 1154; x_wconf 86' lang='lat' dir='ltr'><strong>Herennio</strong></span> <span class='ocrx_word' id='word_1_750' title='bbox 1525 1128 1688 1161; x_wconf 73' lang='lat' dir='ltr'><strong>Modestino,</strong></span> <span class='ocrx_word' id='word_1_751' title='bbox 1708 1129 1829 1156; x_wconf 85' lang='lat' dir='ltr'><strong>studioso</strong></span> <span class='ocrx_word' id='word_1_752' title='bbox 1848 1140 1915 1162; x_wconf 74' lang='lat' dir='ltr'><strong>meo,</strong></span> 
     </span>
     <span class='ocr_line' id='line_1_86' title="bbox 1073 1170 1914 1208; baseline 0.001 -10"><span class='ocrx_word' id='word_1_753' title='bbox 1073 1171 1105 1198; x_wconf 84' lang='lat' dir='ltr'><strong>de</strong></span> <span class='ocrx_word' id='word_1_754' title='bbox 1124 1170 1254 1197; x_wconf 80' lang='lat' dir='ltr'><strong>Dalmatia</strong></span> <span class='ocrx_word' id='word_1_755' title='bbox 1274 1170 1423 1197; x_wconf 84' lang='lat' dir='ltr'><strong>consulenti</strong></span> <span class='ocrx_word' id='word_1_756' title='bbox 1442 1172 1577 1208; x_wconf 83' lang='lat' dir='ltr'><strong>rescripsi.</strong></span> <span class='ocrx_word' id='word_1_757' title='bbox 1597 1171 1627 1198; x_wconf 73' lang='lat' dir='ltr'><strong>fr.</strong></span> <span class='ocrx_word' id='word_1_758' title='bbox 1641 1174 1682 1198; x_wconf 91' lang='lat'><strong>52.</strong></span> <span class='ocrx_word' id='word_1_759' title='bbox 1702 1172 1724 1205; x_wconf 92' lang='lat'><strong>5.</strong></span> <span class='ocrx_word' id='word_1_760' title='bbox 1741 1174 1783 1198; x_wconf 87' lang='grc'><strong>20.</strong></span> <span class='ocrx_word' id='word_1_761' title='bbox 1803 1172 1836 1199; x_wconf 83' lang='lat' dir='ltr'><strong>de</strong></span> <span class='ocrx_word' id='word_1_762' title='bbox 1854 1172 1914 1199; x_wconf 81' lang='lat' dir='ltr'><strong>furt.</strong></span> 
     </span>
     <span class='ocr_line' id='line_1_87' title="bbox 1072 1213 1915 1252; baseline 0.001 -12"><span class='ocrx_word' id='word_1_763' title='bbox 1072 1215 1112 1240; x_wconf 83' lang='grc'><strong>47.</strong></span> <span class='ocrx_word' id='word_1_764' title='bbox 1132 1216 1156 1240; x_wconf 74' lang='lat'><strong>2.</strong></span> <span class='ocrx_word' id='word_1_765' title='bbox 1194 1213 1307 1241; x_wconf 83' lang='lat' dir='ltr'><strong>Ilerenn.</strong></span> <span class='ocrx_word' id='word_1_766' title='bbox 1327 1213 1503 1246; x_wconf 80' lang='lat' dir='ltr'><strong>Modestinus,</strong></span> <span class='ocrx_word' id='word_1_767' title='bbox 1522 1219 1548 1240; x_wconf 84' lang='lat' dir='ltr'><strong>et</strong></span> <span class='ocrx_word' id='word_1_768' title='bbox 1567 1214 1682 1240; x_wconf 86' lang='lat' dir='ltr'><strong>notando</strong></span> <span class='ocrx_word' id='word_1_769' title='bbox 1703 1220 1728 1241; x_wconf 85' lang='lat' dir='ltr'><strong>et</strong></span> <span class='ocrx_word' id='word_1_770' title='bbox 1747 1214 1915 1252; x_wconf 83' lang='lat' dir='ltr'><strong>disputando,</strong></span> 
     </span>
     <span class='ocr_line' id='line_1_88' title="bbox 1072 1256 1915 1294; baseline 0.004 -12"><span class='ocrx_word' id='word_1_771' title='bbox 1072 1257 1139 1283; x_wconf 84' lang='lat' dir='ltr'><strong>bene</strong></span> <span class='ocrx_word' id='word_1_772' title='bbox 1159 1261 1185 1282; x_wconf 88' lang='lat' dir='ltr'><strong>et</strong></span> <span class='ocrx_word' id='word_1_773' title='bbox 1203 1257 1302 1294; x_wconf 83' lang='lat' dir='ltr'><strong>optima</strong></span> <span class='ocrx_word' id='word_1_774' title='bbox 1322 1257 1423 1283; x_wconf 87' lang='lat' dir='ltr'><strong>ratione</strong></span> <span class='ocrx_word' id='word_1_775' title='bbox 1442 1256 1567 1283; x_wconf 84' lang='lat' dir='ltr'><strong>decrevit.</strong></span> <span class='ocrx_word' id='word_1_776' title='bbox 1588 1257 1618 1284; x_wconf 88' lang='lat' dir='ltr'><strong>sr.</strong></span> <span class='ocrx_word' id='word_1_777' title='bbox 1634 1259 1673 1284; x_wconf 84' lang='lat'><strong>18.</strong></span> <span class='ocrx_word' id='word_1_778' title='bbox 1693 1258 1715 1292; x_wconf 97' lang='lat'><strong>5</strong></span> <span class='ocrx_word' id='word_1_779' title='bbox 1732 1260 1774 1284; x_wconf 89' lang='lat'><strong>26.</strong></span> <span class='ocrx_word' id='word_1_780' title='bbox 1795 1257 1827 1284; x_wconf 83' lang='lat' dir='ltr'><strong>dc</strong></span> <span class='ocrx_word' id='word_1_781' title='bbox 1846 1268 1915 1285; x_wconf 77' lang='lat' dir='ltr'><strong>mun,</strong></span> 
     </span>
     <span class='ocr_line' id='line_1_89' title="bbox 1073 1298 1897 1338; baseline 0.001 -12"><span class='ocrx_word' id='word_1_782' title='bbox 1073 1305 1099 1326; x_wconf 84' lang='lat' dir='ltr'><strong>et</strong></span> <span class='ocrx_word' id='word_1_783' title='bbox 1117 1299 1177 1326; x_wconf 90' lang='lat' dir='ltr'><strong>hon.</strong></span> <span class='ocrx_word' id='word_1_784' title='bbox 1197 1302 1238 1326; x_wconf 83' lang='lat'><strong>50.</strong></span> <span class='ocrx_word' id='word_1_785' title='bbox 1258 1301 1283 1326; x_wconf 85' lang='lat'><strong>4.</strong></span> <span class='ocrx_word' id='word_1_786' title='bbox 1303 1299 1348 1333; x_wconf 73' lang='lat' dir='ltr'>(cf.</span> <span class='ocrx_word' id='word_1_787' title='bbox 1368 1298 1508 1326; x_wconf 80' lang='lat' dir='ltr'><strong>Hommelii</strong></span> <span class='ocrx_word' id='word_1_788' title='bbox 1527 1299 1690 1337; x_wconf 77' lang='lat' dir='ltr'><strong>palingenes.</strong></span> <span class='ocrx_word' id='word_1_789' title='bbox 1710 1299 1728 1326; x_wconf 92' lang='lat' dir='ltr'><strong>I.</strong></span> <span class='ocrx_word' id='word_1_790' title='bbox 1747 1302 1805 1327; x_wconf 87' lang='lat'>453.</span> <span class='ocrx_word' id='word_1_791' title='bbox 1825 1302 1897 1338; x_wconf 87' lang='lat' dir='ltr'>sqq.)</span> 
     </span>
    </p>

    <p class='ocr_par' dir='ltr' id='par_1_23' title="bbox 1073 1341 1915 1422">
     <span class='ocr_line' id='line_1_90' title="bbox 1106 1341 1915 1376; baseline 0.001 -6"><span class='ocrx_word' id='word_1_792' title='bbox 1106 1343 1310 1370; x_wconf 78' lang='lat' dir='ltr'><strong>Modestus.</strong></span> <span class='ocrx_word' id='word_1_793' title='bbox 1330 1341 1448 1376; x_wconf 87' lang='lat' dir='ltr'><strong>(Subst.)</strong></span> <span class='ocrx_word' id='word_1_794' title='bbox 1475 1344 1628 1369; x_wconf 82' lang='lat' dir='ltr'><strong>Consulis</strong></span> <span class='ocrx_word' id='word_1_795' title='bbox 1648 1353 1764 1370; x_wconf 83' lang='lat' dir='ltr'><strong>nomen.</strong></span> <span class='ocrx_word' id='word_1_796' title='bbox 1793 1343 1836 1370; x_wconf 90' lang='lat' dir='ltr'>lll.</span> <span class='ocrx_word' id='word_1_797' title='bbox 1849 1345 1915 1371; x_wconf 77' lang='lat' dir='ltr'><strong>Gn.</strong></span> 
     </span>
     <span class='ocr_line' id='line_1_91' title="bbox 1073 1384 1898 1422; baseline 0.002 -11"><span class='ocrx_word' id='word_1_798' title='bbox 1073 1385 1138 1412; x_wconf 90' lang='lat' dir='ltr'>S.C.</span> <span class='ocrx_word' id='word_1_799' title='bbox 1153 1385 1274 1412; x_wconf 80' lang='lat' dir='ltr'><strong>Modesto</strong></span> <span class='ocrx_word' id='word_1_800' title='bbox 1290 1384 1353 1412; x_wconf 88' lang='lat' dir='ltr'><strong>Cos.</strong></span> <span class='ocrx_word' id='word_1_801' title='bbox 1368 1384 1472 1412; x_wconf 79' lang='lat' dir='ltr'><strong>factum.</strong></span> <span class='ocrx_word' id='word_1_802' title='bbox 1492 1385 1522 1412; x_wconf 85' lang='lat' dir='ltr'><strong>fr.</strong></span> <span class='ocrx_word' id='word_1_803' title='bbox 1538 1387 1560 1412; x_wconf 94' lang='lat' dir='ltr'><strong>l.</strong></span> <span class='ocrx_word' id='word_1_804' title='bbox 1581 1386 1602 1419; x_wconf 97' lang='lat'><strong>5.</strong></span> <span class='ocrx_word' id='word_1_805' title='bbox 1616 1388 1641 1412; x_wconf 93' lang='lat'><strong>2.</strong></span> <span class='ocrx_word' id='word_1_806' title='bbox 1661 1386 1693 1412; x_wconf 80' lang='lat' dir='ltr'><strong>de</strong></span> <span class='ocrx_word' id='word_1_807' title='bbox 1707 1386 1807 1422; x_wconf 79' lang='lat' dir='ltr'><strong>fugitiv.</strong></span> <span class='ocrx_word' id='word_1_808' title='bbox 1822 1388 1862 1413; x_wconf 96' lang='lat' dir='ltr'><strong>ll.</strong></span> <span class='ocrx_word' id='word_1_809' title='bbox 1874 1389 1898 1413; x_wconf 87' lang='lat'><strong>4.</strong></span> 
     </span>
    </p>

    <p class='ocr_par' dir='ltr' id='par_1_24' title="bbox 1071 1429 1915 1670">
     <span class='ocr_line' id='line_1_92' title="bbox 1106 1429 1914 1464; baseline -0.001 -8"><span class='ocrx_word' id='word_1_810' title='bbox 1106 1429 1301 1456; x_wconf 78' lang='lat' dir='ltr'><strong>Modiatio.</strong></span> <span class='ocrx_word' id='word_1_811' title='bbox 1339 1430 1506 1459; x_wconf 78' lang='lat' dir='ltr'><strong>Mensura,</strong></span> <span class='ocrx_word' id='word_1_812' title='bbox 1532 1438 1590 1462; x_wconf 75' lang='lat' dir='ltr'><strong>per</strong></span> <span class='ocrx_word' id='word_1_813' title='bbox 1613 1431 1735 1456; x_wconf 78' lang='lat' dir='ltr'><strong>modios</strong></span> <span class='ocrx_word' id='word_1_814' title='bbox 1759 1431 1914 1464; x_wconf 82' lang='lat' dir='ltr'><strong>definita.</strong></span> 
     </span>
     <span class='ocr_line' id='line_1_93' title="bbox 1072 1470 1914 1506; baseline 0.001 -8"><span class='ocrx_word' id='word_1_815' title='bbox 1072 1471 1090 1498; x_wconf 88' lang='lat' dir='ltr'><strong>I.</strong></span> <span class='ocrx_word' id='word_1_816' title='bbox 1112 1473 1173 1506; x_wconf 78' lang='lat' dir='ltr'><strong>Sy.</strong></span> <span class='ocrx_word' id='word_1_817' title='bbox 1193 1471 1306 1497; x_wconf 89' lang='lat' dir='ltr'><strong>Modius.</strong></span> <span class='ocrx_word' id='word_1_818' title='bbox 1331 1482 1352 1497; x_wconf 86' lang='lat' dir='ltr'><strong>c.</strong></span> <span class='ocrx_word' id='word_1_819' title='bbox 1375 1472 1414 1497; x_wconf 85' lang='lat'><strong>16.</strong></span> <span class='ocrx_word' id='word_1_820' title='bbox 1435 1470 1467 1497; x_wconf 85' lang='lat' dir='ltr'><strong>de</strong></span> <span class='ocrx_word' id='word_1_821' title='bbox 1487 1480 1558 1496; x_wconf 88' lang='lat' dir='ltr'><strong>usur.</strong></span> <span class='ocrx_word' id='word_1_822' title='bbox 1579 1472 1602 1497; x_wconf 86' lang='lat'><strong>4.</strong></span> <span class='ocrx_word' id='word_1_823' title='bbox 1621 1473 1662 1499; x_wconf 76' lang='lat'><strong>32.</strong></span> <span class='ocrx_word' id='word_1_824' title='bbox 1684 1482 1705 1498; x_wconf 87' lang='lat' dir='ltr'><strong>c.</strong></span> <span class='ocrx_word' id='word_1_825' title='bbox 1724 1474 1748 1498; x_wconf 81' lang='grc'><strong>2.</strong></span> <span class='ocrx_word' id='word_1_826' title='bbox 1769 1472 1801 1498; x_wconf 88' lang='lat' dir='ltr'><strong>de</strong></span> <span class='ocrx_word' id='word_1_827' title='bbox 1820 1482 1914 1499; x_wconf 85' lang='lat' dir='ltr'><strong>annon.</strong></span> 
     </span>
     <span class='ocr_line' id='line_1_94' title="bbox 1073 1512 1915 1542; baseline 0.001 -1"><span class='ocrx_word' id='word_1_828' title='bbox 1073 1516 1121 1542; x_wconf 90' lang='lat' dir='ltr'><strong>civ.</strong></span> <span class='ocrx_word' id='word_1_829' title='bbox 1148 1516 1188 1540; x_wconf 95' lang='lat' dir='ltr'><strong>ll.</strong></span> <span class='ocrx_word' id='word_1_830' title='bbox 1211 1516 1253 1540; x_wconf 79' lang='grc'><strong>24.</strong></span> <span class='ocrx_word' id='word_1_831' title='bbox 1290 1513 1333 1540; x_wconf 88' lang='grc' dir='ltr'>ΙΙΙ.</span> <span class='ocrx_word' id='word_1_832' title='bbox 1353 1515 1420 1541; x_wconf 75' lang='lat' dir='ltr'><strong>Gn.</strong></span> <span class='ocrx_word' id='word_1_833' title='bbox 1449 1512 1584 1540; x_wconf 80' lang='lat' dir='ltr'><strong>Frumenti</strong></span> <span class='ocrx_word' id='word_1_834' title='bbox 1608 1519 1704 1540; x_wconf 83' lang='lat' dir='ltr'><strong>certam</strong></span> <span class='ocrx_word' id='word_1_835' title='bbox 1729 1514 1915 1542; x_wconf 83' lang='lat' dir='ltr'><strong>modiationem</strong></span> 
     </span>
     <span class='ocr_line' id='line_1_95' title="bbox 1072 1556 1915 1593; baseline 0 -9"><span class='ocrx_word' id='word_1_836' title='bbox 1072 1558 1141 1584; x_wconf 79' lang='lat' dir='ltr'><strong>dare.</strong></span> <span class='ocrx_word' id='word_1_837' title='bbox 1161 1568 1182 1584; x_wconf 87' lang='lat' dir='ltr'><strong>c.</strong></span> <span class='ocrx_word' id='word_1_838' title='bbox 1197 1559 1219 1584; x_wconf 89' lang='lat'><strong>7.</strong></span> <span class='ocrx_word' id='word_1_839' title='bbox 1240 1556 1273 1583; x_wconf 86' lang='lat' dir='ltr'><strong>de</strong></span> <span class='ocrx_word' id='word_1_840' title='bbox 1293 1566 1342 1583; x_wconf 78' lang='lat' dir='ltr'><strong>rer.</strong></span> <span class='ocrx_word' id='word_1_841' title='bbox 1363 1561 1474 1593; x_wconf 84' lang='lat' dir='ltr'><strong>permut.</strong></span> <span class='ocrx_word' id='word_1_842' title='bbox 1491 1558 1515 1582; x_wconf 83' lang='lat'><strong>4.</strong></span> <span class='ocrx_word' id='word_1_843' title='bbox 1535 1557 1576 1582; x_wconf 88' lang='grc'><strong>64.</strong></span> <span class='ocrx_word' id='word_1_844' title='bbox 1614 1556 1643 1583; x_wconf 86' lang='lat' dir='ltr'><strong>Si</strong></span> <span class='ocrx_word' id='word_1_845' title='bbox 1663 1557 1707 1593; x_wconf 85' lang='lat' dir='ltr'><strong>qui</strong></span> <span class='ocrx_word' id='word_1_846' title='bbox 1727 1557 1843 1584; x_wconf 89' lang='lat' dir='ltr'><strong>calculus</strong></span> <span class='ocrx_word' id='word_1_847' title='bbox 1862 1568 1915 1584; x_wconf 87' lang='lat' dir='ltr'><strong>mo-</strong></span> 
     </span>
     <span class='ocr_line' id='line_1_96' title="bbox 1071 1598 1915 1636; baseline 0 -9"><span class='ocrx_word' id='word_1_848' title='bbox 1071 1601 1195 1627; x_wconf 87' lang='lat' dir='ltr'><strong>diatiouis</strong></span> <span class='ocrx_word' id='word_1_849' title='bbox 1216 1600 1331 1633; x_wconf 86' lang='lat' dir='ltr'><strong>(dicatur</strong></span> <span class='ocrx_word' id='word_1_850' title='bbox 1350 1598 1507 1636; x_wconf 84' lang='lat' dir='ltr'><strong>deperisse.)</strong></span> <span class='ocrx_word' id='word_1_851' title='bbox 1528 1598 1577 1625; x_wconf 83' lang='lat' dir='ltr'><strong>Th.</strong></span> <span class='ocrx_word' id='word_1_852' title='bbox 1598 1598 1629 1626; x_wconf 90' lang='lat' dir='ltr'><strong>C.</strong></span> <span class='ocrx_word' id='word_1_853' title='bbox 1649 1599 1717 1626; x_wconf 77' lang='lat' dir='ltr'>XIII.</span> <span class='ocrx_word' id='word_1_854' title='bbox 1735 1602 1759 1626; x_wconf 97' lang='lat'><strong>5.</strong></span> <span class='ocrx_word' id='word_1_855' title='bbox 1780 1611 1800 1627; x_wconf 94' lang='lat' dir='ltr'><strong>c.</strong></span> <span class='ocrx_word' id='word_1_856' title='bbox 1820 1602 1862 1627; x_wconf 88' lang='lat'><strong>32.</strong></span> <span class='ocrx_word' id='word_1_857' title='bbox 1882 1600 1915 1627; x_wconf 79' lang='lat' dir='ltr'><strong>de</strong></span> 
     </span>
     <span class='ocr_line' id='line_1_97' title="bbox 1072 1643 1212 1670; baseline -0.007 0"><span class='ocrx_word' id='word_1_858' title='bbox 1072 1643 1212 1670; x_wconf 79' lang='lat' dir='ltr'><strong>navicular.</strong></span> 
     </span>
    </p>

    <p class='ocr_par' dir='ltr' id='par_1_25' title="bbox 1070 1684 1914 1765">
     <span class='ocr_line' id='line_1_98' title="bbox 1106 1684 1913 1719; baseline -0.001 -6"><span class='ocrx_word' id='word_1_859' title='bbox 1106 1687 1266 1714; x_wconf 69' lang='lat' dir='ltr'><strong>Modico.</strong></span> <span class='ocrx_word' id='word_1_860' title='bbox 1297 1684 1420 1719; x_wconf 82' lang='lat' dir='ltr'><strong>(Advb.)</strong></span> <span class='ocrx_word' id='word_1_861' title='bbox 1461 1686 1668 1718; x_wconf 78' lang='lat' dir='ltr'><strong>Temperale‚</strong></span> <span class='ocrx_word' id='word_1_862' title='bbox 1690 1687 1913 1713; x_wconf 79' lang='lat' dir='ltr'><strong>Mediocriter.</strong></span> 
     </span>
     <span class='ocr_line' id='line_1_99' title="bbox 1070 1727 1914 1765; baseline 0.001 -11"><span class='ocrx_word' id='word_1_863' title='bbox 1070 1729 1091 1755; x_wconf 96' lang='lat' dir='ltr'><strong>I.</strong></span> <span class='ocrx_word' id='word_1_864' title='bbox 1112 1731 1174 1763; x_wconf 78' lang='lat' dir='ltr'><strong>Sy.</strong></span> <span class='ocrx_word' id='word_1_865' title='bbox 1195 1729 1263 1755; x_wconf 87' lang='lat' dir='ltr'><strong>Cum</strong></span> <span class='ocrx_word' id='word_1_866' title='bbox 1283 1727 1396 1764; x_wconf 88' lang='lat' dir='ltr'><strong>quodam</strong></span> <span class='ocrx_word' id='word_1_867' title='bbox 1416 1731 1629 1764; x_wconf 80' lang='lat' dir='ltr'><strong>temperamento.</strong></span> <span class='ocrx_word' id='word_1_868' title='bbox 1650 1728 1735 1755; x_wconf 80' lang='lat' dir='ltr'>sr.18.</span> <span class='ocrx_word' id='word_1_869' title='bbox 1754 1739 1793 1765; x_wconf 85' lang='lat' dir='ltr'><strong>pr.</strong></span> <span class='ocrx_word' id='word_1_870' title='bbox 1814 1728 1846 1755; x_wconf 87' lang='lat' dir='ltr'><strong>de</strong></span> <span class='ocrx_word' id='word_1_871' title='bbox 1864 1729 1914 1755; x_wconf 86' lang='lat' dir='ltr'><strong>Ae-</strong></span> 
     </span>
    </p>
   </div>
   <div class='ocr_carea' id='block_1_15' title="bbox 1047 1761 1914 1851">
    <p class='ocr_par' dir='ltr' id='par_1_26' title="bbox 1047 1761 1914 1851">
     <span class='ocr_line' id='line_1_100' title="bbox 1047 1761 1914 1807; baseline 0 -9"><span class='ocrx_word' id='word_1_872' title='bbox 1047 1761 1048 1780; x_wconf 57' lang='lat' dir='ltr'><strong>l</strong></span> <span class='ocrx_word' id='word_1_873' title='bbox 1070 1772 1115 1798; x_wconf 72' lang='lat' dir='ltr'><strong>dil.</strong></span> <span class='ocrx_word' id='word_1_874' title='bbox 1135 1772 1212 1798; x_wconf 82' lang='lat' dir='ltr'><strong>edict.</strong></span> <span class='ocrx_word' id='word_1_875' title='bbox 1231 1773 1272 1797; x_wconf 92' lang='lat'><strong>21.</strong></span> <span class='ocrx_word' id='word_1_876' title='bbox 1290 1773 1311 1796; x_wconf 88' lang='lat'><strong>1.</strong></span> <span class='ocrx_word' id='word_1_877' title='bbox 1347 1769 1391 1796; x_wconf 84' lang='lat' dir='ltr'>III.</span> <span class='ocrx_word' id='word_1_878' title='bbox 1412 1771 1478 1797; x_wconf 74' lang='lat' dir='ltr'><strong>Cn.</strong></span> <span class='ocrx_word' id='word_1_879' title='bbox 1502 1770 1541 1797; x_wconf 82' lang='lat' dir='ltr'><strong>Ex</strong></span> <span class='ocrx_word' id='word_1_880' title='bbox 1561 1770 1630 1796; x_wconf 89' lang='lat' dir='ltr'><strong>bono</strong></span> <span class='ocrx_word' id='word_1_881' title='bbox 1651 1776 1676 1797; x_wconf 87' lang='lat' dir='ltr'><strong>et</strong></span> <span class='ocrx_word' id='word_1_882' title='bbox 1694 1781 1791 1807; x_wconf 83' lang='lat' dir='ltr'><strong>aequo,</strong></span> <span class='ocrx_word' id='word_1_883' title='bbox 1812 1771 1914 1798; x_wconf 81' lang='lat' dir='ltr'><strong>modice</strong></span> 
     </span>
     <span class='ocr_line' id='line_1_101' title="bbox 1047 1812 1914 1851; baseline -0.001 -10"><span class='ocrx_word' id='word_1_884' title='bbox 1047 1817 1048 1822; x_wconf 60' lang='lat'>¹</span> <span class='ocrx_word' id='word_1_885' title='bbox 1070 1814 1264 1847; x_wconf 84' lang='lat' dir='ltr'><strong>(desiderare.)</strong></span> <span class='ocrx_word' id='word_1_886' title='bbox 1293 1813 1323 1840; x_wconf 89' lang='lat' dir='ltr'><strong>fr.</strong></span> <span class='ocrx_word' id='word_1_887' title='bbox 1346 1815 1386 1839; x_wconf 62' lang='lat'><strong>15.</strong></span> <span class='ocrx_word' id='word_1_888' title='bbox 1412 1822 1452 1850; x_wconf 86' lang='lat' dir='ltr'><strong>pr.</strong></span> <span class='ocrx_word' id='word_1_889' title='bbox 1472 1812 1488 1838; x_wconf 91' lang='grc'><strong>1.</strong></span> <span class='ocrx_word' id='word_1_890' title='bbox 1508 1814 1550 1839; x_wconf 89' lang='grc'><strong>21.</strong></span> <span class='ocrx_word' id='word_1_891' title='bbox 1570 1814 1593 1839; x_wconf 94' lang='lat' dir='ltr'><strong>l.</strong></span> <span class='ocrx_word' id='word_1_892' title='bbox 1631 1813 1700 1839; x_wconf 90' lang='lat' dir='ltr'><strong>Mod.</strong></span> <span class='ocrx_word' id='word_1_893' title='bbox 1721 1819 1747 1840; x_wconf 86' lang='lat' dir='ltr'><strong>et</strong></span> <span class='ocrx_word' id='word_1_894' title='bbox 1770 1819 1914 1851; x_wconf 81' lang='lat' dir='ltr'><strong>temperate</strong></span> 
     </span>
    </p>
   </div>
   <div class='ocr_carea' id='block_1_16' title="bbox 1070 1855 1913 2105">
    <p class='ocr_par' dir='ltr' id='par_1_27' title="bbox 1070 1855 1913 2105">
     <span class='ocr_line' id='line_1_102' title="bbox 1070 1855 1913 1893; baseline -0.001 -9"><span class='ocrx_word' id='word_1_895' title='bbox 1070 1858 1151 1891; x_wconf 80' lang='lat' dir='ltr'><strong>(uti.)</strong></span> <span class='ocrx_word' id='word_1_896' title='bbox 1178 1856 1228 1884; x_wconf 82' lang='lat' dir='ltr'><strong>Th.</strong></span> <span class='ocrx_word' id='word_1_897' title='bbox 1248 1856 1279 1883; x_wconf 88' lang='lat' dir='ltr'><strong>C.</strong></span> <span class='ocrx_word' id='word_1_898' title='bbox 1299 1855 1367 1882; x_wconf 77' lang='lat' dir='ltr'>Vlll.</span> <span class='ocrx_word' id='word_1_899' title='bbox 1387 1858 1411 1882; x_wconf 88' lang='lat'><strong>5.</strong></span> <span class='ocrx_word' id='word_1_900' title='bbox 1437 1866 1457 1882; x_wconf 91' lang='lat' dir='ltr'><strong>c.</strong></span> <span class='ocrx_word' id='word_1_901' title='bbox 1477 1857 1501 1882; x_wconf 86' lang='lat'><strong>3.</strong></span> <span class='ocrx_word' id='word_1_902' title='bbox 1526 1855 1558 1882; x_wconf 88' lang='lat' dir='ltr'><strong>de</strong></span> <span class='ocrx_word' id='word_1_903' title='bbox 1583 1866 1662 1882; x_wconf 88' lang='lat' dir='ltr'><strong>cursu</strong></span> <span class='ocrx_word' id='word_1_904' title='bbox 1681 1855 1743 1893; x_wconf 88' lang='lat' dir='ltr'><strong>pub.</strong></span> <span class='ocrx_word' id='word_1_905' title='bbox 1781 1856 1913 1884; x_wconf 84' lang='lat' dir='ltr'><strong>Interesse</strong></span> 
     </span>
     <span class='ocr_line' id='line_1_103' title="bbox 1070 1898 1911 1937; baseline -0.001 -10"><span class='ocrx_word' id='word_1_906' title='bbox 1070 1911 1130 1932; x_wconf 85' lang='lat' dir='ltr'><strong>sua,</strong></span> <span class='ocrx_word' id='word_1_907' title='bbox 1154 1900 1196 1926; x_wconf 84' lang='lat' dir='ltr'><strong>vel</strong></span> <span class='ocrx_word' id='word_1_908' title='bbox 1220 1899 1335 1931; x_wconf 69' lang='lat' dir='ltr'><strong>modice.</strong></span> <span class='ocrx_word' id='word_1_909' title='bbox 1356 1899 1492 1932; x_wconf 85' lang='lat' dir='ltr'><strong>(docere.)</strong></span> <span class='ocrx_word' id='word_1_910' title='bbox 1518 1898 1548 1924; x_wconf 78' lang='lat' dir='ltr'><strong>fr.</strong></span> <span class='ocrx_word' id='word_1_911' title='bbox 1567 1900 1591 1925; x_wconf 74' lang='lat'><strong>⁶2.</strong></span> <span class='ocrx_word' id='word_1_912' title='bbox 1621 1899 1638 1925; x_wconf 73' lang='grc'><strong>’.</strong></span> <span class='ocrx_word' id='word_1_913' title='bbox 1657 1901 1698 1926; x_wconf 87' lang='grc'><strong>24.</strong></span> <span class='ocrx_word' id='word_1_914' title='bbox 1719 1900 1745 1926; x_wconf 80' lang='lat' dir='ltr'><strong>vi</strong></span> <span class='ocrx_word' id='word_1_915' title='bbox 1765 1899 1825 1926; x_wconf 91' lang='lat' dir='ltr'><strong>bon.</strong></span> <span class='ocrx_word' id='word_1_916' title='bbox 1846 1905 1911 1937; x_wconf 87' lang='lat' dir='ltr'><strong>rapt.</strong></span> 
     </span>
     <span class='ocr_line' id='line_1_104' title="bbox 1070 1945 1911 2018; baseline -0.001 -5"><span class='ocrx_word' id='word_1_917' title='bbox 1070 1945 1287 2014; x_wconf 28' lang='lat' dir='ltr'><strong>“mimz—,dicum</strong></span> <span class='ocrx_word' id='word_1_918' title='bbox 1314 1984 1442 2018; x_wconf 72' lang='lat' dir='ltr'><strong>(Adiect.)</strong></span> <span class='ocrx_word' id='word_1_919' title='bbox 1472 1984 1502 2017; x_wconf 63' lang='grc' dir='ltr'><strong>ξ.</strong></span> <span class='ocrx_word' id='word_1_920' title='bbox 1517 1985 1551 2011; x_wconf 86' lang='lat' dir='ltr'><strong>l.</strong></span> <span class='ocrx_word' id='word_1_921' title='bbox 1574 1986 1636 2018; x_wconf 85' lang='lat' dir='ltr'><strong>Qui</strong></span> <span class='ocrx_word' id='word_1_922' title='bbox 1655 1987 1739 2012; x_wconf 81' lang='lat' dir='ltr'><strong>iusti</strong></span> <span class='ocrx_word' id='word_1_923' title='bbox 1756 1992 1802 2012; x_wconf 82' lang='lat' dir='ltr'><strong>est</strong></span> <span class='ocrx_word' id='word_1_924' title='bbox 1822 1988 1911 2017; x_wconf 80' lang='lat' dir='ltr'><strong>modi,</strong></span> 
     </span>
     <span class='ocr_line' id='line_1_105' title="bbox 1073 2026 1912 2064; baseline 0 -9"><span class='ocrx_word' id='word_1_925' title='bbox 1073 2030 1258 2056; x_wconf 76' lang='lat' dir='ltr'><strong>Mediocris.</strong></span> <span class='ocrx_word' id='word_1_926' title='bbox 1296 2027 1315 2055; x_wconf 94' lang='lat' dir='ltr'><strong>I.</strong></span> <span class='ocrx_word' id='word_1_927' title='bbox 1335 2029 1397 2062; x_wconf 78' lang='lat' dir='ltr'><strong>Sy.</strong></span> <span class='ocrx_word' id='word_1_928' title='bbox 1416 2026 1505 2059; x_wconf 80' lang='lat' dir='ltr'><strong>Levis,</strong></span> <span class='ocrx_word' id='word_1_929' title='bbox 1524 2026 1626 2054; x_wconf 76' lang='lat' dir='ltr'><strong>Modica</strong></span> <span class='ocrx_word' id='word_1_930' title='bbox 1646 2029 1803 2064; x_wconf 70' lang='lat' dir='ltr'><strong>(castigatio.</strong></span> <span class='ocrx_word' id='word_1_931' title='bbox 1824 2039 1847 2054; x_wconf 93' lang='lat' dir='ltr'><strong>v.</strong></span> <span class='ocrx_word' id='word_1_932' title='bbox 1868 2039 1912 2055; x_wconf 90' lang='lat' dir='ltr'><strong>co-</strong></span> 
     </span>
     <span class='ocr_line' id='line_1_106' title="bbox 1070 2070 1910 2105; baseline -0.001 -7"><span class='ocrx_word' id='word_1_933' title='bbox 1070 2073 1183 2103; x_wconf 66' lang='lat' dir='ltr'><strong>ercitio.)</strong></span> <span class='ocrx_word' id='word_1_934' title='bbox 1203 2071 1234 2097; x_wconf 78' lang='lat' dir='ltr'><strong>i&#39;r.</strong></span> <span class='ocrx_word' id='word_1_935' title='bbox 1253 2072 1295 2097; x_wconf 80' lang='lat'><strong>23.</strong></span> <span class='ocrx_word' id='word_1_936' title='bbox 1315 2071 1380 2105; x_wconf 89' lang='lat'>5.1.</span> <span class='ocrx_word' id='word_1_937' title='bbox 1401 2070 1434 2097; x_wconf 89' lang='lat' dir='ltr'><strong>de</strong></span> <span class='ocrx_word' id='word_1_938' title='bbox 1453 2070 1534 2097; x_wconf 82' lang='lat' dir='ltr'><strong>usufr.</strong></span> <span class='ocrx_word' id='word_1_939' title='bbox 1555 2072 1578 2097; x_wconf 86' lang='lat'><strong>7.</strong></span> <span class='ocrx_word' id='word_1_940' title='bbox 1600 2073 1621 2096; x_wconf 97' lang='lat' dir='ltr'><strong>l.</strong></span> <span class='ocrx_word' id='word_1_941' title='bbox 1642 2070 1672 2096; x_wconf 78' lang='lat' dir='ltr'><strong>t&#39;r.</strong></span> <span class='ocrx_word' id='word_1_942' title='bbox 1688 2072 1727 2096; x_wconf 85' lang='lat'><strong>13.</strong></span> <span class='ocrx_word' id='word_1_943' title='bbox 1748 2072 1769 2104; x_wconf 86' lang='lat'><strong>5.</strong></span> <span class='ocrx_word' id='word_1_944' title='bbox 1789 2072 1813 2097; x_wconf 80' lang='lat'><strong>4.</strong></span> <span class='ocrx_word' id='word_1_945' title='bbox 1834 2070 1910 2098; x_wconf 84' lang='lat' dir='ltr'><strong>locat.</strong></span> 
     </span>
    </p>
   </div>
   <div class='ocr_carea' id='block_1_17' title="bbox 184 2113 1912 2193">
    <p class='ocr_par' dir='ltr' id='par_1_28' title="bbox 184 2113 1912 2193">
     <span class='ocr_line' id='line_1_107' title="bbox 1047 2113 1912 2149; baseline -0.002 -7"><span class='ocrx_word' id='word_1_946' title='bbox 1047 2115 1048 2120; x_wconf 50' lang='lat'>¹</span> <span class='ocrx_word' id='word_1_947' title='bbox 1071 2117 1110 2142; x_wconf 87' lang='lat'><strong>19.</strong></span> <span class='ocrx_word' id='word_1_948' title='bbox 1130 2117 1155 2141; x_wconf 90' lang='lat'><strong>2.</strong></span> <span class='ocrx_word' id='word_1_949' title='bbox 1175 2114 1205 2141; x_wconf 80' lang='lat' dir='ltr'><strong>fr.</strong></span> <span class='ocrx_word' id='word_1_950' title='bbox 1226 2116 1249 2140; x_wconf 86' lang='grc'><strong>7.</strong></span> <span class='ocrx_word' id='word_1_951' title='bbox 1269 2114 1290 2147; x_wconf 94' lang='lat'><strong>5.</strong></span> <span class='ocrx_word' id='word_1_952' title='bbox 1311 2116 1335 2139; x_wconf 86' lang='lat'><strong>2.</strong></span> <span class='ocrx_word' id='word_1_953' title='bbox 1356 2113 1385 2140; x_wconf 78' lang='lat' dir='ltr'><strong>l&#39;r.</strong></span> <span class='ocrx_word' id='word_1_954' title='bbox 1407 2115 1446 2140; x_wconf 89' lang='lat' dir='ltr'><strong>ll.</strong></span> <span class='ocrx_word' id='word_1_955' title='bbox 1465 2114 1487 2148; x_wconf 91' lang='lat'><strong>5.</strong></span> <span class='ocrx_word' id='word_1_956' title='bbox 1508 2115 1531 2140; x_wconf 90' lang='lat'><strong>7.</strong></span> <span class='ocrx_word' id='word_1_957' title='bbox 1551 2113 1583 2140; x_wconf 86' lang='lat' dir='ltr'><strong>de</strong></span> <span class='ocrx_word' id='word_1_958' title='bbox 1602 2114 1678 2139; x_wconf 91' lang='lat' dir='ltr'><strong>iuiur.</strong></span> <span class='ocrx_word' id='word_1_959' title='bbox 1692 2115 1733 2139; x_wconf 90' lang='lat'><strong>47.</strong></span> <span class='ocrx_word' id='word_1_960' title='bbox 1754 2115 1793 2139; x_wconf 86' lang='grc'><strong>10.</strong></span> <span class='ocrx_word' id='word_1_961' title='bbox 1831 2114 1912 2149; x_wconf 77' lang='lat' dir='ltr'><strong>Quod</strong></span> 
     </span>
     <span class='ocr_line' id='line_1_108' title="bbox 184 2155 1048 2193; baseline 0.007 -13"><span class='ocrx_word' id='word_1_962' title='bbox 184 2155 249 2180; x_wconf 85' lang='lat' dir='ltr'><strong>ratio</strong></span> <span class='ocrx_word' id='word_1_963' title='bbox 268 2156 375 2191; x_wconf 86' lang='lat' dir='ltr'><strong>patitur,</strong></span> <span class='ocrx_word' id='word_1_964' title='bbox 396 2155 571 2190; x_wconf 87' lang='lat' dir='ltr'><strong>(decernere.)</strong></span> <span class='ocrx_word' id='word_1_965' title='bbox 592 2156 641 2183; x_wconf 85' lang='lat' dir='ltr'><strong>Th.</strong></span> <span class='ocrx_word' id='word_1_966' title='bbox 656 2157 687 2184; x_wconf 91' lang='lat' dir='ltr'><strong>C.</strong></span> <span class='ocrx_word' id='word_1_967' title='bbox 702 2157 744 2184; x_wconf 64' lang='lat' dir='ltr'><strong>VI.</strong></span> <span class='ocrx_word' id='word_1_968' title='bbox 765 2159 788 2185; x_wconf 91' lang='lat'><strong>4.</strong></span> <span class='ocrx_word' id='word_1_969' title='bbox 809 2169 830 2185; x_wconf 88' lang='lat' dir='ltr'><strong>e.</strong></span> <span class='ocrx_word' id='word_1_970' title='bbox 850 2161 891 2185; x_wconf 85' lang='grc'><strong>22.</strong></span> <span class='ocrx_word' id='word_1_971' title='bbox 912 2160 933 2193; x_wconf 91' lang='lat'><strong>5.</strong></span> <span class='ocrx_word' id='word_1_972' title='bbox 953 2162 977 2186; x_wconf 87' lang='grc'><strong>4.</strong></span> <span class='ocrx_word' id='word_1_973' title='bbox 993 2160 1024 2186; x_wconf 71' lang='lat' dir='ltr'><strong>cf.</strong></span> <span class='ocrx_word' id='word_1_974' title='bbox 1046 2183 1048 2193; x_wconf 30' lang='lat' dir='ltr'>A</span> 
     </span>
    </p>
   </div>
   <div class='ocr_carea' id='block_1_18' title="bbox 1068 2155 1909 2836">
    <p class='ocr_par' dir='ltr' id='par_1_29' title="bbox 1068 2155 1909 2836">
     <span class='ocr_line' id='line_1_109' title="bbox 1070 2155 1909 2193; baseline -0.001 -9"><span class='ocrx_word' id='word_1_975' title='bbox 1070 2157 1193 2185; x_wconf 76' lang='lat' dir='ltr'><strong>sufficere</strong></span> <span class='ocrx_word' id='word_1_976' title='bbox 1211 2156 1352 2189; x_wconf 78' lang='lat' dir='ltr'><strong>videbitur,</strong></span> <span class='ocrx_word' id='word_1_977' title='bbox 1372 2156 1503 2183; x_wconf 80' lang='lat' dir='ltr'><strong>Modicum</strong></span> <span class='ocrx_word' id='word_1_978' title='bbox 1518 2157 1655 2193; x_wconf 77' lang='lat' dir='ltr'><strong>(tempus.)</strong></span> <span class='ocrx_word' id='word_1_979' title='bbox 1675 2155 1704 2182; x_wconf 79' lang='lat' dir='ltr'><strong>l&#39;r.</strong></span> <span class='ocrx_word' id='word_1_980' title='bbox 1719 2157 1760 2182; x_wconf 90' lang='lat'><strong>21.</strong></span> <span class='ocrx_word' id='word_1_981' title='bbox 1781 2156 1812 2182; x_wconf 83' lang='lat' dir='ltr'><strong>de</strong></span> <span class='ocrx_word' id='word_1_982' title='bbox 1832 2156 1909 2183; x_wconf 89' lang='lat' dir='ltr'><strong>iudic.</strong></span> 
     </span>
     <span class='ocr_line' id='line_1_110' title="bbox 1069 2198 1909 2232; baseline -0.004 -4"><span class='ocrx_word' id='word_1_983' title='bbox 1069 2203 1093 2228; x_wconf 87' lang='lat'><strong>5.</strong></span> <span class='ocrx_word' id='word_1_984' title='bbox 1116 2203 1137 2228; x_wconf 94' lang='lat' dir='ltr'><strong>l.</strong></span> <span class='ocrx_word' id='word_1_985' title='bbox 1157 2200 1187 2228; x_wconf 82' lang='lat' dir='ltr'><strong>fr.</strong></span> <span class='ocrx_word' id='word_1_986' title='bbox 1206 2202 1248 2226; x_wconf 82' lang='lat'><strong>31.</strong></span> <span class='ocrx_word' id='word_1_987' title='bbox 1269 2199 1301 2226; x_wconf 85' lang='lat' dir='ltr'><strong>de</strong></span> <span class='ocrx_word' id='word_1_988' title='bbox 1320 2210 1348 2226; x_wconf 85' lang='lat' dir='ltr'><strong>re</strong></span> <span class='ocrx_word' id='word_1_989' title='bbox 1366 2199 1419 2226; x_wconf 88' lang='lat' dir='ltr'><strong>iud.</strong></span> <span class='ocrx_word' id='word_1_990' title='bbox 1439 2201 1480 2225; x_wconf 85' lang='lat'><strong>42.</strong></span> <span class='ocrx_word' id='word_1_991' title='bbox 1502 2201 1524 2225; x_wconf 85' lang='lat'><strong>1.</strong></span> <span class='ocrx_word' id='word_1_992' title='bbox 1562 2199 1591 2226; x_wconf 93' lang='lat' dir='ltr'><strong>II.</strong></span> <span class='ocrx_word' id='word_1_993' title='bbox 1613 2201 1680 2232; x_wconf 77' lang='lat' dir='ltr'><strong>Op.</strong></span> <span class='ocrx_word' id='word_1_994' title='bbox 1700 2198 1863 2230; x_wconf 78' lang='lat' dir='ltr'><strong>Plenissima.</strong></span> <span class='ocrx_word' id='word_1_995' title='bbox 1877 2215 1909 2218; x_wconf 97' lang='lat'><strong>—</strong></span> 
     </span>
     <span class='ocr_line' id='line_1_111' title="bbox 1069 2241 1907 2277; baseline -0.004 -7"><span class='ocrx_word' id='word_1_996' title='bbox 1069 2243 1171 2271; x_wconf 84' lang='lat' dir='ltr'><strong>Modica</strong></span> <span class='ocrx_word' id='word_1_997' title='bbox 1190 2244 1359 2277; x_wconf 70' lang='lat' dir='ltr'><strong>(coercitio.)</strong></span> <span class='ocrx_word' id='word_1_998' title='bbox 1379 2242 1410 2268; x_wconf 80' lang='lat' dir='ltr'><strong>fr.</strong></span> <span class='ocrx_word' id='word_1_999' title='bbox 1432 2243 1470 2268; x_wconf 84' lang='grc'><strong>17.</strong></span> <span class='ocrx_word' id='word_1_1000' title='bbox 1496 2242 1518 2275; x_wconf 88' lang='lat'><strong>5</strong></span> <span class='ocrx_word' id='word_1_1001' title='bbox 1539 2243 1560 2267; x_wconf 96' lang='lat' dir='ltr'><strong>l.</strong></span> <span class='ocrx_word' id='word_1_1002' title='bbox 1581 2241 1611 2267; x_wconf 88' lang='lat' dir='ltr'><strong>fr.</strong></span> <span class='ocrx_word' id='word_1_1003' title='bbox 1631 2243 1672 2267; x_wconf 85' lang='lat'><strong>23.</strong></span> <span class='ocrx_word' id='word_1_1004' title='bbox 1692 2242 1756 2275; x_wconf 93' lang='lat'>5.1.</span> <span class='ocrx_word' id='word_1_1005' title='bbox 1777 2241 1809 2268; x_wconf 85' lang='lat' dir='ltr'><strong>de</strong></span> <span class='ocrx_word' id='word_1_1006' title='bbox 1829 2241 1907 2268; x_wconf 70' lang='lat' dir='ltr'><strong>usut&#39;r.</strong></span> 
     </span>
     <span class='ocr_line' id='line_1_112' title="bbox 1069 2284 1907 2323; baseline -0.006 -9"><span class='ocrx_word' id='word_1_1007' title='bbox 1069 2289 1092 2314; x_wconf 89' lang='lat'><strong>7.</strong></span> <span class='ocrx_word' id='word_1_1008' title='bbox 1108 2289 1130 2314; x_wconf 97' lang='lat' dir='ltr'><strong>l.</strong></span> <span class='ocrx_word' id='word_1_1009' title='bbox 1160 2286 1274 2314; x_wconf 87' lang='lat' dir='ltr'><strong>Maiores</strong></span> <span class='ocrx_word' id='word_1_1010' title='bbox 1289 2285 1455 2323; x_wconf 80' lang='lat' dir='ltr'><strong>(impensae.)</strong></span> <span class='ocrx_word' id='word_1_1011' title='bbox 1470 2300 1501 2303; x_wconf 98' lang='lat'>—</span> <span class='ocrx_word' id='word_1_1012' title='bbox 1514 2284 1617 2310; x_wconf 85' lang='lat' dir='ltr'><strong>Modica</strong></span> <span class='ocrx_word' id='word_1_1013' title='bbox 1637 2284 1801 2321; x_wconf 66' lang='lat' dir='ltr'><strong>(impendia.)</strong></span> <span class='ocrx_word' id='word_1_1014' title='bbox 1821 2284 1851 2310; x_wconf 80' lang='lat' dir='ltr'><strong>fr.</strong></span> <span class='ocrx_word' id='word_1_1015' title='bbox 1867 2285 1907 2309; x_wconf 70' lang='lat' dir='ltr'><strong>ls.</strong></span> 
     </span>
     <span class='ocr_line' id='line_1_113' title="bbox 1068 2326 1905 2364; baseline -0.008 -6"><span class='ocrx_word' id='word_1_1016' title='bbox 1068 2331 1090 2364; x_wconf 93' lang='lat'><strong>5.</strong></span> <span class='ocrx_word' id='word_1_1017' title='bbox 1109 2332 1134 2358; x_wconf 84' lang='lat'><strong>2.</strong></span> <span class='ocrx_word' id='word_1_1018' title='bbox 1155 2329 1282 2357; x_wconf 88' lang='lat' dir='ltr'><strong>commod.</strong></span> <span class='ocrx_word' id='word_1_1019' title='bbox 1303 2330 1343 2355; x_wconf 80' lang='lat'><strong>13.</strong></span> <span class='ocrx_word' id='word_1_1020' title='bbox 1353 2330 1377 2355; x_wconf 90' lang='lat'><strong>6.</strong></span> <span class='ocrx_word' id='word_1_1021' title='bbox 1396 2328 1426 2354; x_wconf 86' lang='lat' dir='ltr'><strong>sr.</strong></span> <span class='ocrx_word' id='word_1_1022' title='bbox 1448 2329 1487 2353; x_wconf 87' lang='lat'><strong>12.</strong></span> <span class='ocrx_word' id='word_1_1023' title='bbox 1508 2327 1540 2353; x_wconf 81' lang='lat' dir='ltr'><strong>de</strong></span> <span class='ocrx_word' id='word_1_1024' title='bbox 1559 2328 1670 2364; x_wconf 84' lang='lat' dir='ltr'><strong>impens.</strong></span> <span class='ocrx_word' id='word_1_1025' title='bbox 1690 2328 1715 2353; x_wconf 92' lang='lat' dir='ltr'><strong>in</strong></span> <span class='ocrx_word' id='word_1_1026' title='bbox 1736 2337 1777 2353; x_wconf 88' lang='lat' dir='ltr'><strong>res</strong></span> <span class='ocrx_word' id='word_1_1027' title='bbox 1798 2326 1850 2352; x_wconf 84' lang='lat' dir='ltr'><strong>dot.</strong></span> <span class='ocrx_word' id='word_1_1028' title='bbox 1865 2328 1905 2352; x_wconf 86' lang='lat'><strong>25.</strong></span> 
     </span>
     <span class='ocr_line' id='line_1_114' title="bbox 1071 2368 1907 2408; baseline -0.007 -8"><span class='ocrx_word' id='word_1_1029' title='bbox 1071 2376 1092 2400; x_wconf 92' lang='lat' dir='ltr'><strong>l.</strong></span> <span class='ocrx_word' id='word_1_1030' title='bbox 1128 2372 1171 2400; x_wconf 87' lang='lat' dir='ltr'>III.</span> <span class='ocrx_word' id='word_1_1031' title='bbox 1194 2374 1260 2400; x_wconf 77' lang='lat' dir='ltr'><strong>Cn.</strong></span> <span class='ocrx_word' id='word_1_1032' title='bbox 1283 2371 1339 2398; x_wconf 62' lang='lat' dir='ltr'><strong>Nec</strong></span> <span class='ocrx_word' id='word_1_1033' title='bbox 1358 2370 1484 2408; x_wconf 81' lang='lat' dir='ltr'><strong>amplius,</strong></span> <span class='ocrx_word' id='word_1_1034' title='bbox 1504 2385 1535 2389; x_wconf 87' lang='lat'>—</span> <span class='ocrx_word' id='word_1_1035' title='bbox 1559 2380 1634 2407; x_wconf 82' lang='lat' dir='ltr'><strong>quam</strong></span> <span class='ocrx_word' id='word_1_1036' title='bbox 1654 2369 1724 2406; x_wconf 84' lang='lat' dir='ltr'><strong>quod</strong></span> <span class='ocrx_word' id='word_1_1037' title='bbox 1743 2369 1858 2395; x_wconf 75' lang='lat' dir='ltr'><strong>sufficiat</strong></span> <span class='ocrx_word' id='word_1_1038' title='bbox 1875 2368 1907 2395; x_wconf 80' lang='lat' dir='ltr'><strong>ad</strong></span> 
     </span>
     <span class='ocr_line' id='line_1_115' title="bbox 1068 2411 1906 2453; baseline -0.006 -10"><span class='ocrx_word' id='word_1_1039' title='bbox 1068 2417 1183 2453; x_wconf 88' lang='lat' dir='ltr'><strong>speciem</strong></span> <span class='ocrx_word' id='word_1_1040' title='bbox 1203 2414 1331 2443; x_wconf 85' lang='lat' dir='ltr'><strong>modicam</strong></span> <span class='ocrx_word' id='word_1_1041' title='bbox 1350 2414 1519 2441; x_wconf 86' lang='lat' dir='ltr'><strong>monumenti.</strong></span> <span class='ocrx_word' id='word_1_1042' title='bbox 1541 2412 1571 2439; x_wconf 83' lang='lat' dir='ltr'><strong>fr.</strong></span> <span class='ocrx_word' id='word_1_1043' title='bbox 1590 2414 1615 2439; x_wconf 90' lang='lat'><strong>2.</strong></span> <span class='ocrx_word' id='word_1_1044' title='bbox 1635 2413 1666 2438; x_wconf 88' lang='lat' dir='ltr'><strong>ad</strong></span> <span class='ocrx_word' id='word_1_1045' title='bbox 1685 2412 1714 2437; x_wconf 86' lang='lat' dir='ltr'><strong>L.</strong></span> <span class='ocrx_word' id='word_1_1046' title='bbox 1734 2411 1803 2437; x_wconf 72' lang='lat' dir='ltr'><strong>Fale.</strong></span> <span class='ocrx_word' id='word_1_1047' title='bbox 1822 2413 1864 2438; x_wconf 78' lang='lat'><strong>35.</strong></span> <span class='ocrx_word' id='word_1_1048' title='bbox 1882 2414 1906 2438; x_wconf 85' lang='lat'><strong>2.</strong></span> 
     </span>
     <span class='ocr_line' id='line_1_116' title="bbox 1068 2453 1907 2493; baseline -0.005 -8"><span class='ocrx_word' id='word_1_1049' title='bbox 1068 2459 1200 2486; x_wconf 86' lang='lat' dir='ltr'><strong>Modicum</strong></span> <span class='ocrx_word' id='word_1_1050' title='bbox 1225 2458 1324 2489; x_wconf 78' lang='lat' dir='ltr'><strong>Imm-n,</strong></span> <span class='ocrx_word' id='word_1_1051' title='bbox 1349 2456 1420 2493; x_wconf 87' lang='lat' dir='ltr'><strong>quod</strong></span> <span class='ocrx_word' id='word_1_1052' title='bbox 1439 2455 1616 2483; x_wconf 79' lang='lat' dir='ltr'><strong>habitantibus</strong></span> <span class='ocrx_word' id='word_1_1053' title='bbox 1636 2454 1741 2480; x_wconf 79' lang='lat' dir='ltr'><strong>suflicit.</strong></span> <span class='ocrx_word' id='word_1_1054' title='bbox 1764 2453 1795 2479; x_wconf 87' lang='lat' dir='ltr'><strong>fr.</strong></span> <span class='ocrx_word' id='word_1_1055' title='bbox 1814 2455 1855 2480; x_wconf 77' lang='lat'><strong>30.</strong></span> <span class='ocrx_word' id='word_1_1056' title='bbox 1875 2454 1907 2481; x_wconf 84' lang='lat' dir='ltr'><strong>de</strong></span> 
     </span>
     <span class='ocr_line' id='line_1_117' title="bbox 1069 2496 1907 2529; baseline -0.013 0"><span class='ocrx_word' id='word_1_1057' title='bbox 1069 2502 1151 2529; x_wconf 71' lang='lat' dir='ltr'><strong>usufr.</strong></span> <span class='ocrx_word' id='word_1_1058' title='bbox 1170 2504 1193 2528; x_wconf 93' lang='lat'><strong>7.</strong></span> <span class='ocrx_word' id='word_1_1059' title='bbox 1215 2503 1236 2527; x_wconf 97' lang='lat' dir='ltr'><strong>l.</strong></span> <span class='ocrx_word' id='word_1_1060' title='bbox 1274 2500 1303 2526; x_wconf 85' lang='lat' dir='ltr'><strong>Si</strong></span> <span class='ocrx_word' id='word_1_1061' title='bbox 1323 2499 1400 2526; x_wconf 75' lang='lat' dir='ltr'><strong>modo</strong></span> <span class='ocrx_word' id='word_1_1062' title='bbox 1420 2509 1488 2525; x_wconf 81' lang='lat' dir='ltr'><strong>auno</strong></span> <span class='ocrx_word' id='word_1_1063' title='bbox 1507 2508 1571 2525; x_wconf 88' lang='lat' dir='ltr'><strong>usus</strong></span> <span class='ocrx_word' id='word_1_1064' title='bbox 1591 2502 1638 2528; x_wconf 76' lang='lat' dir='ltr'><strong>est.</strong></span> <span class='ocrx_word' id='word_1_1065' title='bbox 1661 2496 1704 2522; x_wconf 84' lang='lat' dir='ltr'><strong>vel</strong></span> <span class='ocrx_word' id='word_1_1066' title='bbox 1722 2496 1826 2523; x_wconf 86' lang='lat' dir='ltr'><strong>modico</strong></span> <span class='ocrx_word' id='word_1_1067' title='bbox 1845 2502 1907 2524; x_wconf 82' lang='lat' dir='ltr'><strong>tem-</strong></span> 
     </span>
     <span class='ocr_line' id='line_1_118' title="bbox 1069 2539 1905 2582; baseline -0.007 -11"><span class='ocrx_word' id='word_1_1068' title='bbox 1069 2555 1141 2582; x_wconf 87' lang='lat' dir='ltr'><strong>pore.</strong></span> <span class='ocrx_word' id='word_1_1069' title='bbox 1162 2544 1192 2570; x_wconf 85' lang='lat' dir='ltr'><strong>sr.</strong></span> <span class='ocrx_word' id='word_1_1070' title='bbox 1215 2546 1235 2570; x_wconf 97' lang='lat' dir='ltr'><strong>l.</strong></span> <span class='ocrx_word' id='word_1_1071' title='bbox 1255 2544 1277 2577; x_wconf 88' lang='lat'><strong>5.</strong></span> <span class='ocrx_word' id='word_1_1072' title='bbox 1297 2544 1320 2569; x_wconf 85' lang='grc'><strong>3.</strong></span> <span class='ocrx_word' id='word_1_1073' title='bbox 1341 2542 1373 2569; x_wconf 86' lang='lat' dir='ltr'><strong>de</strong></span> <span class='ocrx_word' id='word_1_1074' title='bbox 1392 2543 1448 2569; x_wconf 85' lang='lat' dir='ltr'><strong>itin.</strong></span> <span class='ocrx_word' id='word_1_1075' title='bbox 1468 2547 1553 2576; x_wconf 82' lang='lat' dir='ltr'><strong>actuq.</strong></span> <span class='ocrx_word' id='word_1_1076' title='bbox 1573 2541 1638 2576; x_wconf 84' lang='lat' dir='ltr'><strong>priv.</strong></span> <span class='ocrx_word' id='word_1_1077' title='bbox 1655 2540 1695 2564; x_wconf 82' lang='grc'><strong>43.</strong></span> <span class='ocrx_word' id='word_1_1078' title='bbox 1712 2540 1749 2565; x_wconf 88' lang='grc'><strong>19.</strong></span> <span class='ocrx_word' id='word_1_1079' title='bbox 1770 2539 1801 2565; x_wconf 72' lang='lat' dir='ltr'><strong>cf.</strong></span> <span class='ocrx_word' id='word_1_1080' title='bbox 1821 2539 1850 2566; x_wconf 82' lang='lat' dir='ltr'><strong>l&#39;r.</strong></span> <span class='ocrx_word' id='word_1_1081' title='bbox 1863 2541 1905 2565; x_wconf 81' lang='lat'><strong>21.</strong></span> 
     </span>
     <span class='ocr_line' id='line_1_119' title="bbox 1069 2581 1906 2623; baseline -0.005 -10"><span class='ocrx_word' id='word_1_1082' title='bbox 1069 2589 1090 2622; x_wconf 66' lang='lat'><strong>5.</strong></span> <span class='ocrx_word' id='word_1_1083' title='bbox 1112 2590 1133 2613; x_wconf 95' lang='grc'><strong>1.</strong></span> <span class='ocrx_word' id='word_1_1084' title='bbox 1154 2587 1186 2613; x_wconf 79' lang='lat' dir='ltr'><strong>de</strong></span> <span class='ocrx_word' id='word_1_1085' title='bbox 1206 2591 1289 2612; x_wconf 84' lang='lat' dir='ltr'><strong>const.</strong></span> <span class='ocrx_word' id='word_1_1086' title='bbox 1310 2596 1401 2623; x_wconf 88' lang='lat' dir='ltr'><strong>pecun.</strong></span> <span class='ocrx_word' id='word_1_1087' title='bbox 1423 2588 1461 2612; x_wconf 88' lang='grc'>13,</span> <span class='ocrx_word' id='word_1_1088' title='bbox 1483 2587 1506 2611; x_wconf 83' lang='grc'><strong>5.</strong></span> <span class='ocrx_word' id='word_1_1089' title='bbox 1543 2583 1642 2609; x_wconf 78' lang='lat' dir='ltr'><strong>Amicis</strong></span> <span class='ocrx_word' id='word_1_1090' title='bbox 1667 2582 1722 2607; x_wconf 85' lang='lat' dir='ltr'><strong>suis</strong></span> <span class='ocrx_word' id='word_1_1091' title='bbox 1741 2581 1842 2608; x_wconf 81' lang='lat' dir='ltr'><strong>modica</strong></span> <span class='ocrx_word' id='word_1_1092' title='bbox 1860 2582 1906 2609; x_wconf 79' lang='lat' dir='ltr'><strong>ho-</strong></span> 
     </span>
     <span class='ocr_line' id='line_1_120' title="bbox 1069 2624 1903 2667; baseline -0.006 -11"><span class='ocrx_word' id='word_1_1093' title='bbox 1069 2629 1175 2667; x_wconf 85' lang='lat' dir='ltr'><strong>spitiola</strong></span> <span class='ocrx_word' id='word_1_1094' title='bbox 1200 2629 1366 2656; x_wconf 83' lang='lat' dir='ltr'><strong>distribuere.</strong></span> <span class='ocrx_word' id='word_1_1095' title='bbox 1392 2628 1422 2654; x_wconf 81' lang='lat' dir='ltr'><strong>fr.</strong></span> <span class='ocrx_word' id='word_1_1096' title='bbox 1442 2630 1465 2654; x_wconf 87' lang='lat'><strong>5.</strong></span> <span class='ocrx_word' id='word_1_1097' title='bbox 1490 2628 1511 2660; x_wconf 87' lang='lat'><strong>5.</strong></span> <span class='ocrx_word' id='word_1_1098' title='bbox 1533 2628 1554 2651; x_wconf 95' lang='lat' dir='ltr'><strong>l.</strong></span> <span class='ocrx_word' id='word_1_1099' title='bbox 1581 2624 1613 2651; x_wconf 88' lang='lat' dir='ltr'><strong>de</strong></span> <span class='ocrx_word' id='word_1_1100' title='bbox 1632 2624 1656 2650; x_wconf 86' lang='lat' dir='ltr'><strong>h.</strong></span> <span class='ocrx_word' id='word_1_1101' title='bbox 1677 2634 1719 2660; x_wconf 88' lang='lat' dir='ltr'><strong>qu.</strong></span> <span class='ocrx_word' id='word_1_1102' title='bbox 1740 2624 1818 2651; x_wconf 83' lang='lat' dir='ltr'><strong>effud.</strong></span> <span class='ocrx_word' id='word_1_1103' title='bbox 1838 2626 1860 2652; x_wconf 85' lang='lat'><strong>9.</strong></span> <span class='ocrx_word' id='word_1_1104' title='bbox 1879 2627 1903 2651; x_wconf 87' lang='grc'><strong>3.</strong></span> 
     </span>
     <span class='ocr_line' id='line_1_121' title="bbox 1068 2667 1904 2704; baseline -0.006 -5"><span class='ocrx_word' id='word_1_1105' title='bbox 1068 2673 1188 2700; x_wconf 81' lang='lat' dir='ltr'><strong>Refectio</strong></span> <span class='ocrx_word' id='word_1_1106' title='bbox 1212 2671 1313 2698; x_wconf 85' lang='lat' dir='ltr'><strong>modica</strong></span> <span class='ocrx_word' id='word_1_1107' title='bbox 1337 2671 1522 2698; x_wconf 81' lang='lat' dir='ltr'><strong>aedificiorum.</strong></span> <span class='ocrx_word' id='word_1_1108' title='bbox 1551 2667 1582 2694; x_wconf 88' lang='lat' dir='ltr'><strong>fr.</strong></span> <span class='ocrx_word' id='word_1_1109' title='bbox 1608 2669 1648 2693; x_wconf 91' lang='lat'><strong>15.</strong></span> <span class='ocrx_word' id='word_1_1110' title='bbox 1673 2667 1705 2693; x_wconf 87' lang='lat' dir='ltr'><strong>de</strong></span> <span class='ocrx_word' id='word_1_1111' title='bbox 1727 2668 1789 2704; x_wconf 86' lang='lat' dir='ltr'><strong>imp.</strong></span> <span class='ocrx_word' id='word_1_1112' title='bbox 1813 2668 1840 2694; x_wconf 90' lang='lat' dir='ltr'><strong>iu</strong></span> <span class='ocrx_word' id='word_1_1113' title='bbox 1862 2678 1904 2694; x_wconf 79' lang='lat' dir='ltr'><strong>res</strong></span> 
     </span>
     <span class='ocr_line' id='line_1_122' title="bbox 1069 2710 1903 2746; baseline -0.008 -4"><span class='ocrx_word' id='word_1_1114' title='bbox 1069 2716 1123 2742; x_wconf 86' lang='lat' dir='ltr'><strong>dot.</strong></span> <span class='ocrx_word' id='word_1_1115' title='bbox 1146 2718 1187 2742; x_wconf 81' lang='grc'><strong>25.</strong></span> <span class='ocrx_word' id='word_1_1116' title='bbox 1209 2717 1231 2742; x_wconf 90' lang='lat' dir='ltr'><strong>l.</strong></span> <span class='ocrx_word' id='word_1_1117' title='bbox 1272 2714 1417 2744; x_wconf 78' lang='lat' dir='ltr'><strong>Modicum,</strong></span> <span class='ocrx_word' id='word_1_1118' title='bbox 1442 2712 1550 2738; x_wconf 87' lang='lat' dir='ltr'><strong>honoris</strong></span> <span class='ocrx_word' id='word_1_1119' title='bbox 1574 2711 1668 2746; x_wconf 75' lang='lat' dir='ltr'><strong>gratia,</strong></span> <span class='ocrx_word' id='word_1_1120' title='bbox 1693 2710 1789 2736; x_wconf 88' lang='lat' dir='ltr'><strong>datum.</strong></span> <span class='ocrx_word' id='word_1_1121' title='bbox 1812 2710 1843 2737; x_wconf 84' lang='lat' dir='ltr'><strong>sr.</strong></span> <span class='ocrx_word' id='word_1_1122' title='bbox 1863 2712 1903 2736; x_wconf 80' lang='lat'><strong>15.</strong></span> 
     </span>
     <span class='ocr_line' id='line_1_123' title="bbox 1068 2752 1902 2793; baseline -0.01 -7"><span class='ocrx_word' id='word_1_1123' title='bbox 1068 2759 1090 2793; x_wconf 89' lang='lat'><strong>5.</strong></span> <span class='ocrx_word' id='word_1_1124' title='bbox 1109 2761 1134 2786; x_wconf 91' lang='lat'><strong>2.</strong></span> <span class='ocrx_word' id='word_1_1125' title='bbox 1154 2758 1187 2785; x_wconf 88' lang='lat' dir='ltr'><strong>de</strong></span> <span class='ocrx_word' id='word_1_1126' title='bbox 1205 2758 1235 2784; x_wconf 81' lang='lat' dir='ltr'><strong>R.</strong></span> <span class='ocrx_word' id='word_1_1127' title='bbox 1256 2757 1288 2785; x_wconf 85' lang='lat' dir='ltr'><strong>V.</strong></span> <span class='ocrx_word' id='word_1_1128' title='bbox 1308 2759 1332 2784; x_wconf 84' lang='lat'><strong>6.</strong></span> <span class='ocrx_word' id='word_1_1129' title='bbox 1354 2759 1375 2782; x_wconf 94' lang='lat' dir='ltr'><strong>l.</strong></span> <span class='ocrx_word' id='word_1_1130' title='bbox 1400 2771 1431 2774; x_wconf 84' lang='lat'>—</span> <span class='ocrx_word' id='word_1_1131' title='bbox 1456 2755 1487 2788; x_wconf 76' lang='lat'><strong>§0</strong></span> <span class='ocrx_word' id='word_1_1132' title='bbox 1508 2755 1543 2780; x_wconf 65' lang='lat'><strong>2.</strong></span> <span class='ocrx_word' id='word_1_1133' title='bbox 1567 2755 1734 2789; x_wconf 75' lang='lat' dir='ltr'><strong>Exiguus,</strong></span> <span class='ocrx_word' id='word_1_1134' title='bbox 1757 2754 1847 2779; x_wconf 69' lang='lat' dir='ltr'><strong>Vilis.</strong></span> <span class='ocrx_word' id='word_1_1135' title='bbox 1884 2752 1902 2777; x_wconf 62' lang='lat' dir='ltr'><strong>I,</strong></span> 
     </span>
     <span class='ocr_line' id='line_1_124' title="bbox 1069 2793 1900 2836; baseline -0.013 -7"><span class='ocrx_word' id='word_1_1136' title='bbox 1069 2803 1130 2836; x_wconf 78' lang='lat' dir='ltr'><strong>Sy·</strong></span> <span class='ocrx_word' id='word_1_1137' title='bbox 1150 2800 1257 2828; x_wconf 85' lang='lat' dir='ltr'><strong>Parvus.</strong></span> <span class='ocrx_word' id='word_1_1138' title='bbox 1277 2800 1308 2827; x_wconf 85' lang='lat' dir='ltr'><strong>sr.</strong></span> <span class='ocrx_word' id='word_1_1139' title='bbox 1327 2801 1368 2826; x_wconf 77' lang='lat'><strong>21.</strong></span> <span class='ocrx_word' id='word_1_1140' title='bbox 1389 2808 1427 2835; x_wconf 85' lang='lat' dir='ltr'><strong>pr.</strong></span> <span class='ocrx_word' id='word_1_1141' title='bbox 1448 2797 1480 2823; x_wconf 87' lang='lat' dir='ltr'><strong>de</strong></span> <span class='ocrx_word' id='word_1_1142' title='bbox 1500 2796 1558 2823; x_wconf 76' lang='lat' dir='ltr'><strong>furt.</strong></span> <span class='ocrx_word' id='word_1_1143' title='bbox 1579 2798 1619 2822; x_wconf 85' lang='lat'><strong>47.</strong></span> <span class='ocrx_word' id='word_1_1144' title='bbox 1632 2798 1656 2822; x_wconf 83' lang='lat'><strong>2.</strong></span> <span class='ocrx_word' id='word_1_1145' title='bbox 1677 2795 1706 2823; x_wconf 89' lang='lat' dir='ltr'><strong>sr.</strong></span> <span class='ocrx_word' id='word_1_1146' title='bbox 1727 2797 1750 2822; x_wconf 90' lang='lat'><strong>6.</strong></span> <span class='ocrx_word' id='word_1_1147' title='bbox 1770 2806 1808 2832; x_wconf 89' lang='lat' dir='ltr'><strong>pr.</strong></span> <span class='ocrx_word' id='word_1_1148' title='bbox 1829 2794 1861 2821; x_wconf 84' lang='lat' dir='ltr'><strong>de</strong></span> <span class='ocrx_word' id='word_1_1149' title='bbox 1873 2793 1900 2820; x_wconf 92' lang='lat' dir='ltr'><strong>L.</strong></span> 
     </span>
    </p>
   </div>
   <div class='ocr_carea' id='block_1_19' title="bbox 1427 2843 1460 2868">
    <p class='ocr_par' dir='ltr' id='par_1_30' title="bbox 1427 2843 1460 2868">
     <span class='ocr_line' id='line_1_125' title="bbox 1427 2843 1460 2868; baseline 0 0"><span class='ocrx_word' id='word_1_1150' title='bbox 1427 2843 1460 2868; x_wconf 84' lang='lat'><strong>75</strong></span> 
     </span>
    </p>
   </div>
  </div>
 </body>
</html>
