2197 3121
267 188 332 219 980

271 279 311 307 pr.
331 268 363 295 de
382 277 452 294 usur.
471 268 512 293 22.
534 268 555 292 l.
576 265 605 292 fr.
626 266 666 291 52.
687 265 709 298 ξ.
730 266 752 291 1.
772 263 802 290 fr.
823 264 863 289 75.
883 263 905 296 §.
925 263 949 288 7.
975 260 1008 287 de
1027 259 1060 286 V.
1080 259 1114 286 Ο.

271 313 358 338 45.1.
395 310 455 337 Non
484 310 551 336 enim
581 308 656 334 aliter
683 317 764 334 vacua
792 308 848 333 iure
876 305 962 331 dantis
991 313 1033 330 res
1058 304 1116 334 erit,

273 365 351 392 quam
370 364 398 380 ea
418 369 450 373 —
474 352 515 378 vet
539 351 668 381 tradatur,
697 349 739 376 vel
763 349 890 376 abscessu
914 348 955 374 sui
976 363 1006 367 —
1028 345 1118 372 sedem

273 408 343 425 novo
363 397 468 423 domino
488 394 649 431 patefecerit.
676 392 760 419 vatic.
780 392 801 426 ξ
820 393 880 418 249.
917 391 995 418 Actio
1021 389 1054 416 de
1077 399 1120 415 va-

275 451 322 469 cua
345 439 517 478 possessione
539 436 674 463 tradenda.
702 435 758 462 Gai.
783 434 827 462 lV.
855 436 912 461 131.
937 432 969 460 fr.
988 433 1030 459 68.
1055 432 1076 465 ξ.
1098 432 1120 456 l.

275 484 309 511 de
328 488 410 510 contr.
431 485 490 507 emt.
513 481 552 506 18.
574 482 595 506 l.
633 478 712 506 Nulla
736 477 865 505 eiusmodi
889 477 954 504 iuris
972 485 1053 501 vacua
1072 479 1123 500 tra-

276 527 342 554 ditio
361 529 439 551 esset.
460 523 490 549 fr.
509 525 551 549 20.
572 522 604 549 de
623 523 713 548 servit.
734 523 757 548 8,
780 523 802 548 l.
822 536 854 541 -—
874 520 905 553 ξ.
921 521 958 546 3.
981 519 1043 551 Qui
1061 527 1122 544 cer·
1144 517 1145 521 ’

277 577 341 597 tum
360 569 519 594 dominnm
539 576 598 592 non
618 567 718 592 habet.
756 564 800 591 111.
818 565 884 591 Cn.
905 562 945 589 Ne
963 561 1032 587 bona
1051 559 1125 586 here-

277 612 369 639 ditaria
397 620 477 636 vacua
505 610 562 635 sinc
590 608 696 634 domino
725 607 823 634 diutius
843 607 966 632 iacerent.
992 604 1022 630 fr.
1043 605 1065 629 1.
1085 612 1125 640 pr.

277 656 300 689 §.
320 656 360 680 12.
380 653 412 679 de
431 662 547 679 success.
571 651 648 678 edict.
668 652 709 678 38.
729 653 755 678 9.
779 650 829 676 Th.
851 648 883 675 C.
904 647 961 674 XII.
983 648 1005 673 1.
1025 657 1047 673 c.
1065 647 1126 672 123.
1148 643 1149 646 ¹

277 698 300 732 §.
319 698 343 723 6.
363 696 396 723 de
415 695 550 722 decurion.
588 694 617 721 Si
637 695 705 731 quis.
725 704 805 720 vacua
825 696 903 729 parte
921 689 1022 721 relicta.
1041 690 1076 715 ita
1091 690 1128 715 in·
1149 713 1151 716 .

278 741 402 767 stituerit.
422 739 452 765 fr.
474 740 514 764 19.
534 737 567 764 de
586 737 675 764 hercd.
696 738 756 763 inst.
769 738 812 762 28.
826 737 850 762 5.
864 751 895 756 —
915 735 947 768 §.
961 735 1001 760 4.
1023 734 1127 763 Liber,

282 785 422 814 vacans,
444 782 587 808 otiosus.
624 780 643 807 1.
658 782 720 814 Sy.
741 778 852 805 vacans.
874 776 916 804 Cf.
942 776 967 803 h.
986 786 1011 802 v.
1036 774 1128 801 Subst.

279 827 303 861 §.
321 828 345 852 2.
366 825 486 851 Otiosus.
507 823 548 850 Cf.
569 823 593 850 l1.
612 834 636 849 v.
674 822 716 849 111.
729 824 795 850 Cn.
813 821 915 851 Securi,
935 820 1020 850 vacui,
1040 819 1130 845 immu-

281 879 382 905 nesqne
405 867 454 901 (ab
480 866 602 893 omnibus
628 865 754 892 oneribus
778 869 804 891 et
823 862 1004 895 muneribus.)
1028 861 1078 888 Th.
1098 860 1129 887 C.
1151 866 1153 879 ¹=

280 912 351 939 Xlll.
370 914 394 938 5.
415 922 436 938 c.
457 913 480 936 5.
501 920 539 946 pr.
564 908 597 935 de
621 907 733 935 navicul.
772 907 890 934 Vacuuin
916 910 1034 942 tempus,
1059 903 1130 940 quod

283 972 314 976 —
335 954 494 981 intercessit.
515 952 544 978 fr.
564 954 606 979 31.
626 953 648 986 ξ.
663 954 686 978 5.
707 951 739 977 de
753 961 844 987 usurp.
858 951 900 975 41.
913 950 938 975 3.
976 947 1061 974 Cuius
1080 948 1129 979 (sc.

282 999 365 1031 servi)
386 1001 498 1023 testator
517 996 592 1032 quasi
612 995 758 1021 ministerio
777 1003 860 1020 vacuo
880 992 1010 1019 utebatur.
1033 989 1064 1016 fr.
1088 991 1130 1015 27.
1152 999 1153 1003 ¹

283 1042 306 1076 §.
324 1044 349 1068 2.
379 1040 412 1067 de
436 1039 518 1066 usufr.
542 1040 565 1064 7.
587 1040 608 1064 l.
635 1053 667 1058 --
695 1038 726 1071 §.
748 1038 785 1064 5.
817 1037 963 1063 Sterilis.
1000 1033 1044 1060 Ill.
1064 1033 1131 1060 Cn.

282 1084 347 1111 Eam
366 1083 504 1121 pecuniam
523 1082 580 1107 sine
599 1080 624 1107 d.
643 1091 676 1107 m.
696 1080 738 1107 vel
759 1080 887 1109 amisisse,
906 1077 949 1104 vel
961 1086 1069 1103 vacuam
1088 1074 1131 1101 ha-
1152 1080 1154 1083 '

283 1127 383 1154 buisse.
403 1125 433 1152 fr.
452 1127 494 1151 24.
515 1124 547 1151 de
567 1133 682 1161 praescr.
702 1134 744 1150 vv.
766 1124 805 1149 19.
824 1124 848 1148 5.
868 1120 945 1147 XXV
958 1127 1131 1148 nummorum.

285 1186 318 1191 -
337 1180 370 1196 ne
389 1179 470 1195 vacua
488 1168 537 1194 tibi
556 1169 618 1194 sint.
639 1182 672 1186 —
692 1176 769 1193 curae
788 1164 898 1191 habebo.
924 1164 954 1190 fr.
973 1164 1016 1188 28.
1040 1161 1132 1198 depos.

286 1215 327 1240 lG.
345 1215 370 1239 3.
391 1228 422 1232 -—
442 1213 473 1245 §.
488 1213 526 1238 6.
546 1212 682 1244 Expers.
719 1208 762 1235 111.
778 1209 844 1235 Cn.
865 1207 1018 1233 Destitutus
1031 1205 1133 1241 sapien-

285 1257 330 1288 tia,
349 1260 375 1282 et
393 1264 492 1281 vacuus
511 1253 656 1280 intellectu.
677 1251 800 1278 Consult.
821 1255 872 1276 vet.
893 1249 971 1276 [Cti.
992 1258 1013 1274 c.
1035 1249 1058 1274 1.
1084 1246 1134 1273 Va·
1155 1275 1156 1278 Ἴ

287 1309 351 1326 cuos
369 1297 521 1325 huiusmodi
539 1298 612 1323 viros
631 1305 691 1321 esse
710 1294 856 1331 privilegiis
875 1303 928 1319 non
948 1295 1062 1329 oportet.
1083 1289 1133 1317 Th.

287 1342 320 1370 C.
339 1341 383 1368 Vl.
401 1342 443 1367 36.
465 1351 486 1367 c.
506 1341 529 1366 1.
550 1339 582 1365 de
602 1339 719 1375 equestri
738 1337 828 1372 dignit.

321 1385 485 1412 vadere.
525 1384 716 1412 Commeare,
738 1382 795 1406 lre.
841 1378 885 1405 III.
906 1378 972 1405 011.
1002 1377 1056 1413 Qui
1081 1376 1135 1410 (sc.

289 1427 378 1460 miles)
399 1430 544 1453 commeatu
563 1424 644 1456 absit,
670 1423 731 1449 dum
752 1422 857 1448 domum
880 1420 966 1453 vadit,
990 1425 1034 1447 aut
1057 1419 1135 1446 redit.

290 1471 320 1498 fr.
339 1472 382 1497 35.
402 1470 423 1504 §.
443 1471 466 1496 9.
487 1479 519 1495 ex
539 1479 581 1505 qu.
603 1478 624 1494 c.
644 1467 701 1493 mai.
720 1468 745 1492 4.
765 1466 788 1491 6.

324 1514 461 1540 Vades.
481 1511 522 1538 Cf.
544 1521 566 1537 v.
587 1510 649 1536 Yas.

324 1555 604 1583 Vadimonium.
650 1552 831 1580 Promissio
865 1552 1018 1577 solemnis
1054 1550 1137 1582 (eius.

291 1601 335 1637 qui
354 1601 381 1626 in
400 1600 440 1625 ius
460 1602 569 1624 vocatus
594 1601 648 1627 est,
677 1594 768 1622 iudicii
797 1593 910 1620 sistendi
939 1603 1017 1619 causa
1045 1592 1138 1631 facta.)

291 1643 335 1670 111.
355 1643 421 1670 Gn.
441 1641 514 1677 Quas
532 1647 662 1677 personas
682 1654 713 1658 ——
738 1638 844 1674 impune
867 1637 894 1662 in
913 1637 954 1662 ins
972 1645 1069 1662 vocare
1087 1645 1139 1661 non

291 1694 443 1724 possumus,
462 1682 568 1710 easdem
587 1691 635 1708 nec
653 1680 802 1706 vadimonio
822 1680 919 1706 invitas
944 1678 1061 1715 obligare
1080 1687 1140 1715 pos—

292 1738 391 1756 sumus.
411 1726 468 1753 Gai.
487 1725 531 1752 lv.
553 1726 610 1751 187.

293 1771 400 1799 decreto
420 1771 490 1801 eiuS‚
510 1769 554 1805 qui
572 1768 609 1794 ibi
628 1768 678 1793 iuri
698 1766 746 1792 dic.
767 1767 890 1803 praeerit,
910 1775 962 1791 non
981 1765 1141 1802 premiserit,

294 1819 338 1841 aut
356 1812 486 1840 vindicem
506 1810 666 1848 locupletem
691 1810 725 1836 ita
746 1819 797 1835 non
818 1809 929 1835 dederit.
949 1807 978 1834 L.
994 1807 1062 1834 Gall.
1083 1806 1141 1833 Cis-
1162 1820 1163 1823 ¹

295 1857 346 1894 alp.
366 1856 396 1883 ll.
414 1858 456 1882 Ἡ.
476 1865 534 1892 sqq.
556 1854 612 1880 Gai.
634 1852 677 1879 lV.
697 1854 738 1878 46.
761 1854 818 1879 184.
857 1851 936 1878 Fiunt
961 1856 1047 1877 autem
1070 1849 1141 1876 vadi-

295 1901 381 1927 monia
400 1898 556 1935 quibusdam
576 1907 608 1923 ex
622 1896 709 1922 causis
721 1905 794 1932 pura,
815 1896 830 1922 i.
846 1906 867 1922 e.
882 1896 939 1921 sine
953 1894 1140 1925 satisdatione3

1009 178 1100 208 VAD
1111 195 1150 201 —

648 1723 701 1758 Qui
721 1725 755 1749 ita
774 1722 951 1749 vadimonium
970 1721 1088 1751 Romam,
1109 1731 1140 1747 ex
1162 1729 1163 1735 ¹

1159 176 1256 207 VAL.

1136 260 1138 264 ’
1160 258 1239 286 debet
1257 257 1345 294 vagari
1364 266 1423 283 cum
1441 255 1593 283 discrimine
1612 255 1711 282 alienae
1725 256 1938 288 existimationis,
1959 256 2008 283 sed

1161 301 1299 337 designare
1319 304 1345 326 et
1363 304 1464 326 certum
1483 300 1635 336 specialiter
1654 298 1749 326 dicere.
1770 298 1800 325 fr.
1821 300 1844 325 7.
1858 309 1898 336 pr.
1919 298 1952 325 de
1971 300 2011 326 in-

1139 346 1141 374 l
1163 346 1210 372 iur.
1231 345 1272 371 47.
1294 345 1332 370 10.
1354 342 1385 369 cf.
1406 341 1436 368 fr.
1458 343 1498 368 16.
1523 342 1555 369 de
1574 342 1598 370 (1.
1618 352 1652 369 m.
1671 344 1696 369 4.
1714 344 1739 368 3.
1765 341 1815 368 Th.
1840 342 1871 369 C.
1894 341 1964 369 XVI.
1984 343 2008 368 7.

1142 406 1143 423 3
1165 397 1186 414 c.
1207 388 1229 413 7.
1250 386 1272 420 §.
1292 388 1315 412 3.
1336 385 1369 411 de
1389 389 1502 422 apostat.

1142 429 1145 468 l
1199 429 1360 464 vagina.
1400 429 1501 455 Theca
1521 430 1640 463 gladii.
1676 427 1719 454 Ill.
1740 428 1806 456 C'n.
1836 426 1865 454 Si
1894 425 1959 462 quid
1986 426 2013 452 in

1144 473 1145 493 l
1166 473 1274 509 vagina,
1298 476 1342 500 aut
1367 470 1463 508 clypeo
1483 484 1516 490 -
1536 470 1728 497 adnotaverint.
1753 480 1774 497 c.
1797 472 1837 497 15.
1857 469 1890 496 de
1909 474 2014 496 testam.

1168 515 1243 542 milit.
1263 516 1287 541 6.
1306 516 1347 540 21.

1202 557 1372 592 Vagitus.
1416 557 1528 583 Fletus
1551 558 1748 592 infantium.
1785 555 1916 583 mvn.
1940 553 2017 585 Visn.

1146 606 1149 629 ἶ
1170 600 1213 627 vel
1225 601 1314 636 vagitu
1326 609 1420 631 novus.
1439 609 1492 625 non
1505 598 1632 626 humanae
1645 600 1752 636 figurae,
1771 599 1898 636 (partus.)
1913 598 1944 625 fr.
1959 598 2017 624 135.

1172 643 1205 670 de
1225 642 1258 669 V.
1278 642 1306 669 S.
1325 644 1367 668 50.
1389 643 1428 668 16.

1206 687 1386 719 vagulus.
1406 683 1535 718 (Adiect.)
1559 687 1680 721 Vagus,
1696 687 1953 712 Circumerrano.
1973 681 2018 708 III.

1150 747 1151 750 =
1174 730 1240 757 (3¹11.
1265 730 1340 763 Quae
1362 729 1416 761 (sc.
1440 727 1564 764 praedia)
1588 739 1601 754 a
1624 728 1726 765 vagulis
1751 727 1795 762 [al.
1819 726 1933 760 vaculis]
1958 729 2021 763 post

1151 791 1152 796 .
1174 770 1345 798 Vandalicam
1367 771 1540 797 vastationem
1565 770 1668 798 fuerant
1692 771 1842 808 competita.
1869 769 1936 796 Nov.
1961 767 2020 795 Val.

1174 815 1217 841 111.
1237 814 1270 841 de
1288 813 1378 851 praed.
1398 814 1491 851 pistor.
1510 813 1540 840 11.
1560 816 1602 841 34.
1623 825 1644 841 c.
1666 816 1688 841 1.
1708 815 1729 848 ξ.
1749 816 1774 840 3.

1210 859 1349 892 Vagus.
1377 856 1517 890 (Adiect.)
1553 858 1584 890 ᾖ.
1609 859 1643 884 1.
1671 859 1733 890 Qui
1753 862 1907 892 vagatur.
1929 856 2021 882 Ober-

1152 896 1153 922 l
1175 910 1258 928 raus.
1295 898 1339 926 111.
1354 900 1420 927 Gn.
1441 899 1506 935 Vagi
1526 901 1604 928 servi.
1625 904 1650 926 et
1670 899 1780 936 fugitivi.
1801 899 1931 935 Mancipia
1949 906 2021 933 vaga.

1151 931 1153 981 l
1175 943 1206 970 fr.
1226 945 1267 969 12.
1291 943 1313 976 §.
1332 945 1357 969 2.
1383 942 1415 969 de
1435 942 1567 980 publican.
1586 944 1628 969 39.
1648 945 1671 969 ⁴.
1697 942 1747 969 Th.
1768 941 1800 969 C.
1819 942 1852 968 X.
1876 943 1914 967 10.
1939 951 1961 967 c.
1979 941 2023 966 20.

1176 986 1208 1013 de
1227 987 1302 1024 petit.
1321 990 1347 1011 et
1366 985 1435 1012 ultro
1455 985 1508 1011 dat.
1544 985 1713 1013 Desertores.
1733 996 1762 1012 ac
1775 986 1841 1021 vagi.
1857 982 1897 1011 11).
1911 983 1967 1010 Vll.
1983 984 2023 1009 18.

1177 1040 1197 1056 c.
1220 1031 1259 1055 10.
1280 1039 1301 1055 c.
1323 1030 1362 1054 17.
1383 1027 1416 1053 de
1434 1027 1564 1054 desertor.
1601 1028 1720 1055 Sarmata
1746 1038 1836 1065 vagus.
1857 1027 1900 1054 Cf.
1919 1037 1944 1053 v.
1964 1026 2025 1052 Sar-

1176 1076 1268 1098 matae.
1289 1086 1321 1090 —
1341 1071 1373 1103 §.
1393 1071 1429 1096 ².
1452 1072 1516 1103 Qui
1534 1072 1602 1097 sine
1621 1074 1745 1098 delectu
1763 1073 1951 1106 peragitur.
1979 1068 2024 1095 111.

1178 1116 1244 1142 011.
1264 1112 1329 1149 Vagi
1349 1117 1453 1138 natatus
1477 1112 1634 1139 animalium.
1659 1113 1695 1140 lb.
1716 1113 1772 1140 Vll.
1794 1116 1816 1140 l.
1837 1124 1857 1140 c.
1880 1115 1919 1140 13.
1940 1112 1973 1139 de
1991 1111 2023 1139 R.

1177 1157 1210 1184 M.
1248 1157 1314 1183 Auri
1334 1155 1468 1182 metallum
1486 1166 1552 1193 vago
1572 1166 1661 1182 errore
1679 1158 1782 1184 sectari.
1803 1157 1840 1183 lb.
1854 1157 1888 1184 X.
1904 1158 1944 1183 19.
1964 1165 1986 1182 c.
2001 1157 2025 1181 7.

1178 1200 1210 1226 de
1231 1198 1329 1226 metall.

1212 1243 1344 1270 Valde.
1363 1241 1464 1275 (Advb.
1486 1241 1528 1269 Cf.
1549 1252 1574 1268 v.
1594 1241 1711 1273 Valide.)
1736 1244 1950 1269 Vehementer.
1982 1240 2026 1267 111.

1155 1292 1157 1319 ζ
1179 1287 1246 1314 Gn.
1265 1285 1356 1321 Longa
1375 1286 1426 1311 erit
1445 1285 1605 1322 disputatio,
1630 1295 1689 1311 nain
1714 1284 1747 1311 de
1767 1296 1795 1311 ea
1814 1295 1842 1311 re
1860 1284 1938 1311 valde
1957 1289 2028 1310 vete·

1156 1336 1157 1365 ζ
1179 1339 1222 1356 res
1246 1329 1440 1355 dubitaverunt.
1465 1328 1523 1355 Gai.
1542 1328 1561 1355 Ι.
1583 1330 1641 1355 188,
1667 1328 1699 1355 cf.
1719 1327 1763 1354 IV.
1783 1330 1824 1354 20.
1862 1328 1924 1354 Scio
1950 1327 2027 1358 enim,

1180 1373 1241 1408 quia
1261 1372 1308 1406 [al.
1330 1371 1418 1408 quod]
1438 1371 1516 1398 valde
1534 1381 1576 1397 me
1595 1371 1662 1398 bene
1686 1381 1764 1398 ames.
1789 1370 1820 1397 fr.
1840 1372 1882 1397 61.
1906 1371 1927 1404 ξ.
1948 1371 1972 1397 l.
1996 1369 2029 1396 de

1158 1435 1159 1444 1
1181 1415 1212 1442 V.
1233 1415 1266 1442 O.
1286 1417 1327 1442 45.
1349 1417 1371 1442 l.
1409 1414 1479 1442 Cum
1496 1413 1573 1441 valde
1593 1414 1708 1441 sufficiat
1727 1419 1776 1441 etc.
1798 1413 1848 1441 Th.
1869 1413 1900 1440 C.
1920 1412 1964 1439 IV.
1984 1414 2028 1438 22.

1158 1474 1159 1494 3
1183 1469 1204 1485 c.
1226 1461 1247 1485 l.
1268 1457 1338 1485 unde
1357 1459 1391 1484 vi.

1160 1525 1161 1528 ,
1216 1503 1369 1528 valens.
1398 1500 1517 1534 (Subst.)
1545 1500 1576 1534 ξ.
1599 1501 1634 1527 1.
1664 1501 1781 1527 Nomen
1806 1501 1890 1526 Leti
1911 1501 1940 1526 R.
1967 1499 2030 1535 (qui

1160 1554 1161 1558 ¹
1181 1544 1346 1581 temporibus
1364 1543 1493 1570 Antonini
1512 1542 1552 1569 Pii
1571 1542 1682 1573 floruit.)
1720 1542 1763 1569 III.
1781 1544 1847 1570 Gn.
1869 1542 1962 1569 Caelio
1983 1541 2029 1568 Sa-

1160 1588 1246 1614 ¹binu
1273 1589 1326 1620 (sc.
1355 1588 1503 1619 successit)
1531 1585 1638 1612 Priscus
1667 1585 1821 1617 Iavolenus,
1845 1601 1878 1605 —-
1906 1584 2031 1611 Iavoleno

1184 1630 1276 1657 Prisco
1296 1630 1422 1656 Aburnus
1447 1629 1495 1664 [al.
1514 1628 1666 1663 Aburnius]
1688 1628 1800 1657 Valens.
1827 1633 1852 1655 et
1871 1627 2031 1659 Tuschmus,

1185 1675 1245 1700 item
1267 1673 1339 1699 Salv.
1358 1673 1482 1699 Iulianus.
1502 1672 1532 1699 fr.
1551 1674 1575 1698 2.
1595 1672 1617 1705 ξ.
1637 1673 1679 1698 47.
1699 1671 1732 1698 de
1751 1672 1784 1698 0.
1799 1671 1817 1698 l.
1839 1673 1860 1698 1.
1873 1673 1898 1698 2.
1936 1670 2032 1697 Postea

1185 1716 1254 1754 apud
1273 1716 1373 1743 Aburn.
1391 1715 1528 1743 Valentem
1547 1715 1635 1741 inveni
1654 1716 1688 1741 ita
1708 1714 1829 1741 relatum.
1853 1714 1882 1740 fr.
1903 1715 1944 1740 78.
1963 1714 1986 1748 §.
2006 1714 2031 1741 6.

1186 1760 1218 1787 de
1236 1759 1311 1795 legat.
1332 1759 1373 1786 111.
1393 1760 1461 1793 (32.)
1497 1758 1582 1785 Servo
1602 1757 1687 1784 alieno
1706 1767 1787 1794 posse
1806 1767 1860 1784 rem
1880 1756 1980 1783 domini
1997 1755 2034 1783 lc-

1185 1804 1248 1839 gari,
1269 1802 1366 1829 Valens
1386 1802 1488 1829 scribit.
1508 1818 1539 1822 —
1559 1801 1594 1827 Et
1613 1801 1672 1827 ideo
1687 1802 1835 1827 rectissime
1854 1800 1970 1827 lulianus
1990 1798 2033 1826 de-

1162 1867 1163 1889 .
1185 1847 1244 1873 finit
1264 1851 1312 1872 etc.
1333 1845 1363 1872 fr.
1383 1847 1424 1872 52.
1445 1845 1467 1879 §.
1487 1847 1512 1871 2.
1536 1844 1568 1871 dc
1587 1844 1664 1881 legat.
1684 1843 1715 1870 11.
1735 1844 1801 1877 (31.)
1827 1843 1869 1870 Cf.
1889 1841 2032 1869 Hommelii

1162 1895 1163 1923 j
1185 1889 1315 1927 paliugen.
1336 1889 1384 1915 iur.
1404 1888 1434 1915 ll.
1454 1889 1513 1914 533.
1533 1897 1591 1924 sqq.
1612 1903 1644 1907 —-
1664 1887 1696 1920 §.
1707 1888 1743 1914 2.
1765 1888 1882 1913 Nomen
1902 1887 2032 1913 Princi-

296 1942 453 1980 quibusdam
478 1952 535 1967 cum
559 1940 744 1969 satisdatione3
773 1938 931 1975 quibusdam
959 1936 1141 1968 iureiurando;
1163 1951 1164 1967 1
1184 1935 1249 1968 pis,
1269 1932 1464 1966 (Valentiniani
1483 1930 1501 1957 I.
1522 1930 1619 1961 fratris,
1639 1934 1665 1956 et
1685 1929 1802 1965 collegae
1822 1928 1951 1966 imperii.)
1988 1927 2031 1955 111.

297 1985 454 2024 quibusdam
472 1983 701 2021 recuperatoribus
721 1982 878 2018 suppositis.
902 1980 938 2007 ld.
959 1980 1002 2006 IV.
1024 1982 1081 2007 185.
1101 1989 1141 2016 sq.
1163 1973 1164 1994 l
1187 1978 1253 2004 Cn.
1281 1976 1322 2003 Ex
1349 1974 1489 2001 consulatu
1516 1974 1577 2000 DD.
1597 1972 1774 1999 Valentiniani
1799 1977 1825 1999 et
1843 1971 1963 1999 Valentis
1987 1971 2033 1998 ite-

298 2029 327 2055 Si
346 2027 423 2055 simul
444 2027 611 2053 constituerit
635 2027 688 2058 (sc.
709 2024 851 2057 Praetor.)
879 2028 990 2061 quantae
1015 2023 1143 2060 pecuniae
1188 2029 1253 2046 rum.
1273 2018 1323 2045 Th.
1344 2017 1375 2045 C.
1394 2017 1439 2044 Xl.
1459 2019 1501 2043 28.
1522 2027 1543 2043 c.
1563 2018 1587 2043 9.
1607 2015 1640 2042 de
1659 2015 1758 2052 indulg.
1780 2014 1892 2042 debitor.

298 2072 403 2098 nomine
428 2071 485 2096 lieri
510 2069 604 2095 debeat
627 2068 817 2099 vadimonium,
846 2067 895 2094 hac
918 2068 974 2104 ipsa
999 2067 1144 2102 quantitate
1165 2070 1169 2094 ι
1223 2061 1483 2089 valentinens.
1511 2059 1651 2094 (Adiect.)
1686 2060 1733 2085 Ad
1764 2060 1927 2085 Valentem
1955 2058 2030 2090 Imp.

298 2120 417 2141 taxamus
436 2112 581 2139 formulam.
600 2110 638 2138 Id.
658 2110 699 2136 111.
719 2112 778 2137 22⁴.
797 2110 840 2138 lV.
863 2112 920 2137 186.
945 2109 1016 2136 Coll.
1035 2108 1089 2135 LL.
1109 2108 1144 2135 M.
1166 2101 1168 2121 ¹
1189 2107 1361 2140 pertinens.
1398 2103 1440 2130 111.
1461 2104 1528 2130 Gn.
1553 2102 1592 2129 Ex
1616 2101 1760 2128 indictione
1783 2100 1918 2127 undecima
1939 2098 2034 2125 Valen-

300 2157 330 2185 11.
348 2159 372 2184 6.
1190 2149 1265 2180 tiaea,
1285 2148 1323 2179 (in
1343 2147 1459 2183 quintam
1478 2155 1562 2181 usqne
1581 2154 1664 2181 nuper
1683 2144 1859 2176 transactam.)
1879 2141 1928 2168 Th.
1943 2140 1973 2168 C.
1987 2140 2033 2168 XI.

335 2201 494 2227 Vadum.
531 2200 633 2224 Locus
658 2199 689 2223 in
708 2206 792 2231 aqua
810 2197 959 2232 fluente,
985 2197 1037 2222 nbi
1057 2197 1146 2229 pedi·
1168 2191 1232 2232 128.
1254 2201 1275 2217 c.
1295 2192 1318 2216 9.
1339 2200 1377 2226 sq.
1399 2189 1415 2216 l.
1436 2189 1453 2215 l.

301 2246 354 2271 bus
373 2244 516 2269 transiri
533 2247 648 2276 potest.
685 2239 727 2266 Ill.
749 2240 815 2266 Cn.
840 2238 869 2264 Si
889 2243 933 2264 aut
952 2238 1019 2264 vado
1038 2239 1145 2264 transiri
1167 2234 1169 2245 ⁴
1225 2233 1431 2260 valentini·
1469 2233 1562 2259 Ciues
1585 2232 1760 2258 Valentiae
1778 2227 1863 2261 (urbis
1877 2227 2033 2258 maritimae,

301 2291 391 2324 potest
413 2287 466 2318 (sc.
486 2284 612 2316 ssucncn.)
632 2287 675 2309 aut
694 2287 800 2320 pontem
821 2280 927 2311 babeatg
951 2280 1098 2313 diversum,
1122 2282 1145 2307 si
1167 2310 1168 2319 ἵ
1189 2278 1215 2303 in
1234 2275 1359 2313 Hispania
1379 2275 1592 2307 Tarraconensi.)
1629 2273 1672 2300 Ill.
1693 2274 1758 2300 Cn.
1782 2270 1811 2296 In
1831 2269 1966 2296 Lusitania
1987 2268 2034 2296 Pa-

301 2328 464 2367 pnntonibus
484 2328 634 2353 traiiciatur.
654 2325 684 2352 fr.
703 2328 744 2351 38.
765 2325 797 2351 (lc
817 2324 843 2351 S.
864 2323 892 2350 P.
912 2323 943 2350 R.
964 2326 988 2350 8.
1009 2326 1033 2350 3.
1167 2334 1168 2353 η
1190 2330 1283 2346 censes
1304 2336 1334 2340 -
1355 2319 1420 2345 iuris
1438 2317 1521 2344 Italici
1541 2322 1610 2344 sunt.
1645 2316 1716 2343 Idem
1735 2315 1775 2340 ius
1790 2312 1923 2339 Valentini
1943 2317 1970 2339 et
1981 2311 2034 2339 Lu—

338 2371 514 2398 Vaenire.
552 2369 593 2396 Cf.
614 2379 637 2395 v.
658 2368 763 2394 Venire.
1167 2368 1168 2392 Ξ
1190 2364 1287 2389 centini
1311 2362 1415 2388 liabent.
1452 2361 1663 2388 Bareinonenses
1686 2366 1791 2394 quoquc
1819 2360 1869 2382 etc.
1893 2355 1924 2382 fr.
1950 2356 1974 2382 8.
1993 2364 2033 2392 pr.

337 2415 466 2441 Vafer.
497 2413 637 2446 (Adina.)
668 2413 830 2441 Callidus,
856 2411 1008 2436 Dolosus.
1045 2409 1062 2436 1.
1083 2410 1145 2443 Sy.
1168 2426 1169 2438 2
1191 2406 1222 2432 do
1242 2405 1341 2432 censib.
1361 2407 1402 2431 50.
1424 2406 1464 2430 15.

304 2457 355 2485 Per
373 2456 536 2486 calumniam,
556 2454 634 2481 Vafra
653 2459 746 2482 mente.
768 2453 817 2480 Th.
832 2453 863 2480 C.
878 2452 936 2479 XV.
952 2454 991 2478 14.
1006 2462 1027 2479 c.
1041 2454 1065 2479 2.
1086 2462 1107 2478 c.
1123 2454 1145 2478 7.
1167 2453 1169 2477 J
1226 2447 1499 2475 Valentiniani.
1520 2446 1768 2473 Haereticarum
1780 2452 1891 2476 genus.
1911 2440 1954 2467 Ill.
1967 2441 2035 2468 Gn·

305 2501 338 2528 de
356 2501 450 2527 infirm.
471 2500 495 2526 b.
515 2509 557 2535 qu.
577 2509 596 2524 s.
618 2503 667 2534 tyr.
1167 2491 1170 2521 l
1191 2492 1356 2523 Eunomiani,
1375 2490 1560 2517 Valentiniani,
1578 2487 1752 2514 Montanistac
1771 2490 1819 2511 etc.
1841 2483 1890 2510 Th.
1911 2482 1942 2510 C.
1962 2482 2033 2509 XVl.

338 2543 493 2577 Vagal-i.
529 2543 560 2576 ξ.
580 2543 614 2568 l.
637 2542 806 2570 oberrare,
827 2539 1091 2573 Circnmcagari.
1128 2537 1146 2563 1,
1169 2544 1170 2561 1
1192 2537 1214 2561 5.
1236 2546 1257 2561 c.
1277 2536 1318 2560 65.
1339 2534 1361 2568 §
1381 2537 1405 2560 ·.'.
1427 2533 1459 2559 dc
1477 2532 1573 2558 haeret.

307 2588 368 2621 Sy.
385 2586 504 2622 Evagari.
523 2585 564 2611 Cf.
584 2584 608 2610 h.
628 2594 652 2610 v.
689 2583 802 2616 1101».
823 2582 920 2608 Romae
935 2582 1038 2611 morari,
1058 2580 1100 2606 vel
1121 2581 1146 2606 in
1169 2570 1171 2613 l
1226 2577 1530 2604 Valentinianus.
1556 2572 1696 2606 (Adivct.)
1725 2573 1772 2597 Aa
1796 2571 1983 2604 Principem
2004 2571 2034 2596 R.

307 2630 466 2666 provinciam
484 2628 627 2666 proficisci.
647 2643 678 2646 —
709 2625 801 2661 Vagari
826 2634 871 2658 per
896 2624 985 2650 orbem
1011 2630 1146 2650 terrarum.
1191 2623 1331 2647 eiusdem
1355 2619 1493 2646 numinis
1511 2618 1683 2650 pertinens.
1722 2613 1764 2640 III.
1786 2615 1853 2641 Gn.
1878 2611 1956 2648 Legis
1984 2611 2035 2638 Va-

309 2671 339 2698 fr.
357 2674 398 2697 20.
418 2673 439 2705 ξ.
463 2674 484 2698 l.
509 2671 541 2697 de
560 2680 631 2706 oper.
651 2669 735 2696 libert⁴
761 2670 802 2694 38.
826 2670 846 2693 1.
884 2666 926 2693 111.
947 2669 1012 2694 (ἠ.
1038 2666 1148 2703 Proprie
1170 2677 1171 2690 ι
1191 2663 1361 2693 lentinianae,
1385 2663 1626 2695 (caeterarumque,
1652 2658 1809 2684 beneficium
1835 2656 1902 2688 etc.)
1927 2654 1977 2681 Th.
2002 2654 2034 2681 C.

309 2724 428 2741 erronem
446 2716 484 2740 sic
503 2714 657 2745 definimus,
681 2713 724 2748 qui
745 2721 796 2737 non
817 2710 921 2747 quidem
943 2709 1015 2745 fugit.
1035 2709 1081 2736 sed
1101 2709 1149 2735 fre·
1169 2705 1172 2739 1
1196 2706 1260 2733 Vllt.
1281 2709 1304 2732 4.
1334 2716 1356 2732 c.
1374 2706 1415 2730 28.
1444 2703 1476 2729 de
1504 2701 1631 2728 coliortal.
1658 2700 1704 2727 IX.
1723 2702 1764 2726 42.
1794 2709 1816 2726 c.
1841 2701 1881 2725 10.
1910 2697 1943 2724 de
1973 2697 2034 2723 bon.

310 2762 420 2794 quenter
447 2758 503 2782 sinc
531 2767 607 2783 causa
636 2760 751 2791 vagatur.
780 2754 809 2780 fr.
833 2755 870 2779 17.
900 2753 921 2786 ξ
943 2754 982 2779 14.
1012 2752 1044 2779 dc
1062 2752 1149 2778 Audit.
1193 2759 1294 2787 proscr.

311 2800 388 2827 edict.
407 2801 447 2825 21.
470 2800 492 2824 1.
517 2815 546 2819 —
571 2800 602 2833 ᾖ.
623 2800 658 2825 2.
685 2800 915 2826 Inconstanter
938 2806 1046 2831 agere.
1072 2797 1150 2821 Flu.
1228 2793 1377 2818 Videre.
1415 2789 1444 2822 ξ.
1465 2790 1500 2815 l.
1528 2789 1665 2818 Fallere,
1693 2787 1797 2812 Posse.
1835 2783 1865 2810 11.
1888 2785 1955 2817 Op.
1984 2780 2034 2807 Ne-

312 2849 428 2871 ceuare.
464 2840 506 2868 111.
521 2842 586 2869 Cn.
606 2842 660 2878 Qui
672 2841 797 2868 famosam
810 2840 938 2866 actionem
957 2838 1078 2869 intendit,
1098 2847 1149 2864 non
1171 2838 1172 2841 ’
1194 2836 1267 2873 quire
1295 2833 1336 2861 Cf.
1365 2833 1389 2859 li.
1418 2843 1441 2860 v.
1471 2830 1636 2859 Tantundem
1664 2828 1759 2855 valent.
1780 2843 1810 2847 —
1840 2826 1930 2862 Longe
1956 2823 2034 2850 latior
