<?xml version="1.0" encoding="UTF-8"?>
<!DOCTYPE html PUBLIC "-//W3C//DTD XHTML 1.0 Transitional//EN"
    "http://www.w3.org/TR/xhtml1/DTD/xhtml1-transitional.dtd">
<html xmlns="http://www.w3.org/1999/xhtml" xml:lang="en" lang="en">
 <head>
  <title>
</title>
<meta http-equiv="Content-Type" content="text/html;charset=utf-8" />
  <meta name='ocr-system' content='tesseract 3.04.00' />
  <meta name='ocr-capabilities' content='ocr_page ocr_carea ocr_par ocr_line ocrx_word'/>
</head>
<body>
  <div class='ocr_page' id='page_1' title='image "./manualelatinitat00dirk_0443.png"; bbox 0 0 2197 3121; ppageno 0'>
   <div class='ocr_carea' id='block_1_1' title="bbox 1032 152 1120 183">
    <p class='ocr_par' dir='ltr' id='par_1_1' title="bbox 1032 152 1120 183">
     <span class='ocr_line' id='line_1_1' title="bbox 1032 152 1120 183; baseline 0.011 -1"><span class='ocrx_word' id='word_1_1' title='bbox 1032 152 1120 183; x_wconf 86' lang='lat' dir='ltr'>IGN.</span> 
     </span>
    </p>
   </div>
   <div class='ocr_carea' id='block_1_2' title="bbox 207 233 1050 398">
    <p class='ocr_par' dir='ltr' id='par_1_2' title="bbox 207 233 1050 398">
     <span class='ocr_line' id='line_1_2' title="bbox 210 233 1050 271; baseline -0.001 -10"><span class='ocrx_word' id='word_1_2' title='bbox 210 238 238 261; x_wconf 84' lang='lat'>4.</span> <span class='ocrx_word' id='word_1_3' title='bbox 254 234 331 261; x_wconf 85' lang='lat' dir='ltr'>locat.</span> <span class='ocrx_word' id='word_1_4' title='bbox 353 236 392 260; x_wconf 98' lang='lat'>19.</span> <span class='ocrx_word' id='word_1_5' title='bbox 412 237 436 261; x_wconf 87' lang='lat'>2.</span> <span class='ocrx_word' id='word_1_6' title='bbox 475 234 643 271; x_wconf 72' lang='lat' dir='ltr'>Negligenter</span> <span class='ocrx_word' id='word_1_7' title='bbox 667 235 740 269; x_wconf 72' lang='lat' dir='ltr'>ignes</span> <span class='ocrx_word' id='word_1_8' title='bbox 760 233 828 270; x_wconf 79' lang='lat' dir='ltr'>apud</span> <span class='ocrx_word' id='word_1_9' title='bbox 849 244 876 259; x_wconf 82' lang='lat' dir='ltr'>se</span> <span class='ocrx_word' id='word_1_10' title='bbox 897 233 1000 260; x_wconf 85' lang='lat' dir='ltr'>babere.</span> <span class='ocrx_word' id='word_1_11' title='bbox 1020 234 1050 260; x_wconf 89' lang='lat' dir='ltr'>sr.</span> 
     </span>
     <span class='ocr_line' id='line_1_3' title="bbox 209 276 1050 313; baseline -0.001 -10"><span class='ocrx_word' id='word_1_12' title='bbox 209 282 232 304; x_wconf 75' lang='lat'>4.</span> <span class='ocrx_word' id='word_1_13' title='bbox 251 277 283 303; x_wconf 76' lang='lat' dir='ltr'>cf.</span> <span class='ocrx_word' id='word_1_14' title='bbox 304 277 333 303; x_wconf 84' lang='lat' dir='ltr'>sr.</span> <span class='ocrx_word' id='word_1_15' title='bbox 353 279 377 303; x_wconf 82' lang='lat'>3.</span> <span class='ocrx_word' id='word_1_16' title='bbox 403 278 441 311; x_wconf 77' lang='lat'>55.</span> <span class='ocrx_word' id='word_1_17' title='bbox 464 279 485 303; x_wconf 97' lang='lat' dir='ltr'>l.</span> <span class='ocrx_word' id='word_1_18' title='bbox 505 280 528 304; x_wconf 91' lang='lat'>4.</span> <span class='ocrx_word' id='word_1_19' title='bbox 555 277 586 304; x_wconf 82' lang='lat' dir='ltr'>‹le</span> <span class='ocrx_word' id='word_1_20' title='bbox 607 278 650 304; x_wconf 75' lang='lat' dir='ltr'>olI&#39;.</span> <span class='ocrx_word' id='word_1_21' title='bbox 675 277 727 303; x_wconf 76' lang='lat' dir='ltr'>Prl&#39;.</span> <span class='ocrx_word' id='word_1_22' title='bbox 748 276 821 312; x_wconf 50' lang='lat' dir='ltr'>Vigg.</span> <span class='ocrx_word' id='word_1_23' title='bbox 844 279 865 302; x_wconf 92' lang='lat' dir='ltr'>l.</span> <span class='ocrx_word' id='word_1_24' title='bbox 888 279 926 303; x_wconf 83' lang='lat'>15.</span> <span class='ocrx_word' id='word_1_25' title='bbox 964 277 1050 313; x_wconf 70' lang='lat' dir='ltr'>Ignem</span> 
     </span>
     <span class='ocr_line' id='line_1_4' title="bbox 209 319 1049 355; baseline -0.001 -9"><span class='ocrx_word' id='word_1_26' title='bbox 209 321 381 355; x_wconf 65' lang='lat' dir='ltr'>exstinguere,</span> <span class='ocrx_word' id='word_1_27' title='bbox 402 320 443 346; x_wconf 80' lang='lat' dir='ltr'>vel</span> <span class='ocrx_word' id='word_1_28' title='bbox 463 321 498 346; x_wconf 76' lang='lat' dir='ltr'>ita</span> <span class='ocrx_word' id='word_1_29' title='bbox 517 321 617 346; x_wconf 81' lang='lat' dir='ltr'>munire</span> <span class='ocrx_word' id='word_1_30' title='bbox 637 324 665 346; x_wconf 87' lang='lat' dir='ltr'>ut</span> <span class='ocrx_word' id='word_1_31' title='bbox 684 330 736 345; x_wconf 92' lang='lat' dir='ltr'>non</span> <span class='ocrx_word' id='word_1_32' title='bbox 756 324 886 355; x_wconf 75' lang='lat' dir='ltr'>evagetur.</span> <span class='ocrx_word' id='word_1_33' title='bbox 908 319 976 345; x_wconf 86' lang='lat' dir='ltr'>Coll.</span> <span class='ocrx_word' id='word_1_34' title='bbox 996 319 1049 345; x_wconf 83' lang='lat' dir='ltr'>LL.</span> 
     </span>
     <span class='ocr_line' id='line_1_5' title="bbox 207 361 1048 398; baseline -0.001 -10"><span class='ocrx_word' id='word_1_35' title='bbox 207 362 241 389; x_wconf 84' lang='grc' dir='ltr'>Μ.</span> <span class='ocrx_word' id='word_1_36' title='bbox 262 362 318 388; x_wconf 76' lang='grc' dir='ltr'>ΧΠ.</span> <span class='ocrx_word' id='word_1_37' title='bbox 339 364 362 389; x_wconf 86' lang='grc'>7.</span> <span class='ocrx_word' id='word_1_38' title='bbox 383 362 414 388; x_wconf 82' lang='lat' dir='ltr'>cs.</span> <span class='ocrx_word' id='word_1_39' title='bbox 434 364 458 388; x_wconf 87' lang='lat'>2.</span> <span class='ocrx_word' id='word_1_40' title='bbox 495 362 564 398; x_wconf 74' lang='lat' dir='ltr'>Ignis</span> <span class='ocrx_word' id='word_1_41' title='bbox 584 363 611 389; x_wconf 89' lang='lat' dir='ltr'>vi</span> <span class='ocrx_word' id='word_1_42' title='bbox 631 362 757 398; x_wconf 78' lang='lat' dir='ltr'>quaedam</span> <span class='ocrx_word' id='word_1_43' title='bbox 778 366 896 388; x_wconf 73' lang='lat' dir='ltr'>cremata.</span> <span class='ocrx_word' id='word_1_44' title='bbox 918 361 954 387; x_wconf 87' lang='lat' dir='ltr'>lb.</span> <span class='ocrx_word' id='word_1_45' title='bbox 972 361 1004 387; x_wconf 84' lang='lat' dir='ltr'>X.</span> <span class='ocrx_word' id='word_1_46' title='bbox 1024 363 1048 387; x_wconf 88' lang='grc'>3.</span> 
     </span>
    </p>
   </div>
   <div class='ocr_carea' id='block_1_3' title="bbox 207 404 1072 482">
    <p class='ocr_par' dir='ltr' id='par_1_3' title="bbox 207 404 1072 482">
     <span class='ocr_line' id='line_1_6' title="bbox 207 404 1072 441; baseline -0.002 -10"><span class='ocrx_word' id='word_1_47' title='bbox 207 404 335 431; x_wconf 77' lang='lat' dir='ltr'>Profanos</span> <span class='ocrx_word' id='word_1_48' title='bbox 355 406 405 431; x_wconf 87' lang='lat' dir='ltr'>aris</span> <span class='ocrx_word' id='word_1_49' title='bbox 425 405 532 431; x_wconf 80' lang='lat' dir='ltr'>accendi</span> <span class='ocrx_word' id='word_1_50' title='bbox 551 406 632 441; x_wconf 77' lang='lat' dir='ltr'>ignes.</span> <span class='ocrx_word' id='word_1_51' title='bbox 659 416 680 431; x_wconf 82' lang='lat' dir='ltr'>c.</span> <span class='ocrx_word' id='word_1_52' title='bbox 702 407 724 431; x_wconf 76' lang='lat'>7.</span> <span class='ocrx_word' id='word_1_53' title='bbox 750 404 782 431; x_wconf 81' lang='lat' dir='ltr'>de</span> <span class='ocrx_word' id='word_1_54' title='bbox 801 414 890 441; x_wconf 78' lang='lat' dir='ltr'>pagan.</span> <span class='ocrx_word' id='word_1_55' title='bbox 913 405 934 429; x_wconf 95' lang='lat'>1.</span> <span class='ocrx_word' id='word_1_56' title='bbox 957 406 995 430; x_wconf 96' lang='lat' dir='ltr'>ll.</span> <span class='ocrx_word' id='word_1_57' title='bbox 1016 420 1048 423; x_wconf 97' lang='lat'><strong>—</strong></span> <span class='ocrx_word' id='word_1_58' title='bbox 1071 425 1072 434; x_wconf 61' lang='lat'>.</span> 
     </span>
     <span class='ocr_line' id='line_1_7' title="bbox 208 446 1071 482; baseline -0.002 -9"><span class='ocrx_word' id='word_1_59' title='bbox 208 447 238 480; x_wconf 82' lang='lat'>§.</span> <span class='ocrx_word' id='word_1_60' title='bbox 264 448 298 473; x_wconf 68' lang='grc'>2.</span> <span class='ocrx_word' id='word_1_61' title='bbox 319 450 425 474; x_wconf 78' lang='lat' dir='ltr'>Poena</span> <span class='ocrx_word' id='word_1_62' title='bbox 446 449 688 474; x_wconf 70' lang='lat' dir='ltr'>riricombnrii.</span> <span class='ocrx_word' id='word_1_63' title='bbox 727 447 745 473; x_wconf 94' lang='grc' dir='ltr'>Ι.</span> <span class='ocrx_word' id='word_1_64' title='bbox 766 449 827 481; x_wconf 72' lang='lat' dir='ltr'>Sy.</span> <span class='ocrx_word' id='word_1_65' title='bbox 847 446 952 482; x_wconf 79' lang='lat' dir='ltr'>Ignibus</span> <span class='ocrx_word' id='word_1_66' title='bbox 972 446 1047 472; x_wconf 77' lang='lat' dir='ltr'>tradi.</span> <span class='ocrx_word' id='word_1_67' title='bbox 1070 475 1071 478; x_wconf 16' lang='grc' dir='ltr'><strong>Ἴ</strong></span> 
     </span>
    </p>
   </div>
   <div class='ocr_carea' id='block_1_4' title="bbox 207 489 653 516">
    <p class='ocr_par' dir='ltr' id='par_1_4' title="bbox 207 489 653 516">
     <span class='ocr_line' id='line_1_8' title="bbox 207 489 653 516; baseline 0.002 -1"><span class='ocrx_word' id='word_1_68' title='bbox 207 489 335 516; x_wconf 77' lang='lat' dir='ltr'>Cremari.</span> <span class='ocrx_word' id='word_1_69' title='bbox 356 489 406 516; x_wconf 86' lang='lat' dir='ltr'>Tb.</span> <span class='ocrx_word' id='word_1_70' title='bbox 426 489 457 516; x_wconf 90' lang='lat' dir='ltr'>C.</span> <span class='ocrx_word' id='word_1_71' title='bbox 478 489 522 516; x_wconf 81' lang='lat' dir='ltr'>IX.</span> <span class='ocrx_word' id='word_1_72' title='bbox 543 492 566 516; x_wconf 84' lang='lat'>6.</span> <span class='ocrx_word' id='word_1_73' title='bbox 587 500 607 516; x_wconf 88' lang='lat' dir='ltr'>c.</span> <span class='ocrx_word' id='word_1_74' title='bbox 629 493 653 516; x_wconf 84' lang='lat'>2.</span> 
     </span>
    </p>
   </div>
   <div class='ocr_carea' id='block_1_5' title="bbox 674 488 1047 527">
    <p class='ocr_par' dir='ltr' id='par_1_5' title="bbox 674 488 1047 527">
     <span class='ocr_line' id='line_1_9' title="bbox 674 488 1047 527; baseline -0.005 -11"><span class='ocrx_word' id='word_1_75' title='bbox 674 500 706 516; x_wconf 82' lang='lat' dir='ltr'>ne</span> <span class='ocrx_word' id='word_1_76' title='bbox 731 495 812 527; x_wconf 81' lang='lat' dir='ltr'>praet.</span> <span class='ocrx_word' id='word_1_77' title='bbox 834 490 904 515; x_wconf 91' lang='lat' dir='ltr'>crim.</span> <span class='ocrx_word' id='word_1_78' title='bbox 925 490 981 515; x_wconf 88' lang='lat' dir='ltr'>mai.</span> <span class='ocrx_word' id='word_1_79' title='bbox 1002 488 1047 515; x_wconf 75' lang='lat' dir='ltr'>lx.</span> 
     </span>
    </p>
   </div>
   <div class='ocr_carea' id='block_1_6' title="bbox 206 522 1071 654">
    <p class='ocr_par' dir='ltr' id='par_1_6' title="bbox 206 522 1071 654">
     <span class='ocr_line' id='line_1_10' title="bbox 206 522 1071 569; baseline -0.002 -10"><span class='ocrx_word' id='word_1_80' title='bbox 206 534 230 559; x_wconf 84' lang='lat'>9.</span> <span class='ocrx_word' id='word_1_81' title='bbox 251 542 271 558; x_wconf 86' lang='lat' dir='ltr'>c.</span> <span class='ocrx_word' id='word_1_82' title='bbox 295 534 315 558; x_wconf 94' lang='lat' dir='ltr'>l.</span> <span class='ocrx_word' id='word_1_83' title='bbox 336 542 374 569; x_wconf 87' lang='lat' dir='ltr'>pr.</span> <span class='ocrx_word' id='word_1_84' title='bbox 395 532 427 559; x_wconf 80' lang='grc'>(16</span> <span class='ocrx_word' id='word_1_85' title='bbox 445 532 506 558; x_wconf 87' lang='lat' dir='ltr'>mul.</span> <span class='ocrx_word' id='word_1_86' title='bbox 528 542 570 568; x_wconf 90' lang='lat' dir='ltr'>qu.</span> <span class='ocrx_word' id='word_1_87' title='bbox 592 543 620 559; x_wconf 78' lang='lat' dir='ltr'>se</span> <span class='ocrx_word' id='word_1_88' title='bbox 639 543 707 559; x_wconf 76' lang='lat' dir='ltr'>serv.</span> <span class='ocrx_word' id='word_1_89' title='bbox 746 532 788 558; x_wconf 91' lang='lat' dir='ltr'>III.</span> <span class='ocrx_word' id='word_1_90' title='bbox 811 533 876 559; x_wconf 76' lang='lat' dir='ltr'>Cn.</span> <span class='ocrx_word' id='word_1_91' title='bbox 903 531 1002 567; x_wconf 77' lang='lat' dir='ltr'>Ignium</span> <span class='ocrx_word' id='word_1_92' title='bbox 1023 537 1047 558; x_wconf 86' lang='lat' dir='ltr'>ct</span> <span class='ocrx_word' id='word_1_93' title='bbox 1069 522 1071 548; x_wconf 49' lang='lat'>*¹</span> 
     </span>
     <span class='ocr_line' id='line_1_11' title="bbox 207 568 1070 612; baseline 0.001 -13"><span class='ocrx_word' id='word_1_94' title='bbox 207 576 409 611; x_wconf 76' lang='lat' dir='ltr'>proscriptionis</span> <span class='ocrx_word' id='word_1_95' title='bbox 429 574 623 612; x_wconf 80' lang='lat' dir='ltr'>(supplicium.)</span> <span class='ocrx_word' id='word_1_96' title='bbox 643 575 679 601; x_wconf 93' lang='lat' dir='ltr'>Ib.</span> <span class='ocrx_word' id='word_1_97' title='bbox 699 575 742 602; x_wconf 92' lang='lat' dir='ltr'>III.</span> <span class='ocrx_word' id='word_1_98' title='bbox 764 577 802 600; x_wconf 89' lang='lat'>12.</span> <span class='ocrx_word' id='word_1_99' title='bbox 823 584 844 600; x_wconf 87' lang='lat' dir='ltr'>c.</span> <span class='ocrx_word' id='word_1_100' title='bbox 858 576 882 600; x_wconf 85' lang='lat'>3.</span> <span class='ocrx_word' id='word_1_101' title='bbox 903 574 935 600; x_wconf 82' lang='lat' dir='ltr'>de</span> <span class='ocrx_word' id='word_1_102' title='bbox 954 575 1045 600; x_wconf 80' lang='lat' dir='ltr'>incest.</span> <span class='ocrx_word' id='word_1_103' title='bbox 1069 568 1070 591; x_wconf 77' lang='lat' dir='ltr'>l</span> 
     </span>
     <span class='ocr_line' id='line_1_12' title="bbox 206 616 1070 654; baseline 0 -11"><span class='ocrx_word' id='word_1_104' title='bbox 206 623 280 654; x_wconf 88' lang='lat' dir='ltr'>nupt.</span> <span class='ocrx_word' id='word_1_105' title='bbox 317 617 410 654; x_wconf 64' lang='lat' dir='ltr'>*Neque</span> <span class='ocrx_word' id='word_1_106' title='bbox 428 617 523 653; x_wconf 81' lang='lat' dir='ltr'>gladio.</span> <span class='ocrx_word' id='word_1_107' title='bbox 544 628 629 654; x_wconf 74' lang='lat' dir='ltr'>neque</span> <span class='ocrx_word' id='word_1_108' title='bbox 649 618 760 654; x_wconf 72' lang='lat' dir='ltr'>ignibus,</span> <span class='ocrx_word' id='word_1_109' title='bbox 780 627 866 653; x_wconf 84' lang='lat' dir='ltr'>neque</span> <span class='ocrx_word' id='word_1_110' title='bbox 883 616 929 643; x_wconf 96' lang='lat' dir='ltr'>ulli</span> <span class='ocrx_word' id='word_1_111' title='bbox 949 617 992 643; x_wconf 86' lang='lat' dir='ltr'>alii</span> <span class='ocrx_word' id='word_1_112' title='bbox 1006 627 1046 643; x_wconf 83' lang='lat' dir='ltr'>so·</span> <span class='ocrx_word' id='word_1_113' title='bbox 1069 637 1070 642; x_wconf 60' lang='lat'>.</span> 
     </span>
    </p>
   </div>
   <div class='ocr_carea' id='block_1_7' title="bbox 202 659 1046 910">
    <p class='ocr_par' dir='ltr' id='par_1_7' title="bbox 202 659 1046 910">
     <span class='ocr_line' id='line_1_13' title="bbox 205 659 1046 697; baseline 0 -11"><span class='ocrx_word' id='word_1_114' title='bbox 205 660 285 686; x_wconf 79' lang='lat' dir='ltr'>lemni</span> <span class='ocrx_word' id='word_1_115' title='bbox 303 669 403 697; x_wconf 83' lang='lat' dir='ltr'>poenae</span> <span class='ocrx_word' id='word_1_116' title='bbox 422 661 563 697; x_wconf 72' lang='lat' dir='ltr'>subingari.</span> <span class='ocrx_word' id='word_1_117' title='bbox 584 661 620 686; x_wconf 93' lang='lat' dir='ltr'>lb.</span> <span class='ocrx_word' id='word_1_118' title='bbox 641 661 685 686; x_wconf 81' lang='lat' dir='ltr'>IX.</span> <span class='ocrx_word' id='word_1_119' title='bbox 707 662 746 686; x_wconf 81' lang='lat'>15.</span> <span class='ocrx_word' id='word_1_120' title='bbox 772 670 792 686; x_wconf 88' lang='lat' dir='ltr'>c.</span> <span class='ocrx_word' id='word_1_121' title='bbox 819 662 840 685; x_wconf 96' lang='lat' dir='ltr'>l.</span> <span class='ocrx_word' id='word_1_122' title='bbox 867 659 901 686; x_wconf 88' lang='grc'>(16</span> <span class='ocrx_word' id='word_1_123' title='bbox 923 660 1046 697; x_wconf 73' lang='lat' dir='ltr'>parricid.</span> 
     </span>
     <span class='ocr_line' id='line_1_14' title="bbox 205 701 906 739; baseline 0 -11"><span class='ocrx_word' id='word_1_124' title='bbox 205 702 344 729; x_wconf 72' lang='lat' dir='ltr'>flammeis</span> <span class='ocrx_word' id='word_1_125' title='bbox 365 703 468 739; x_wconf 79' lang='lat' dir='ltr'>ignibus</span> <span class='ocrx_word' id='word_1_126' title='bbox 488 705 568 730; x_wconf 79' lang='lat' dir='ltr'>exuri.</span> <span class='ocrx_word' id='word_1_127' title='bbox 590 703 658 730; x_wconf 85' lang='lat' dir='ltr'>Coll.</span> <span class='ocrx_word' id='word_1_128' title='bbox 678 702 731 729; x_wconf 86' lang='lat' dir='ltr'>LL.</span> <span class='ocrx_word' id='word_1_129' title='bbox 750 702 783 729; x_wconf 83' lang='lat' dir='ltr'>M.</span> <span class='ocrx_word' id='word_1_130' title='bbox 803 701 862 728; x_wconf 80' lang='lat' dir='ltr'>XV.</span> <span class='ocrx_word' id='word_1_131' title='bbox 881 703 906 728; x_wconf 75' lang='lat'>3.</span> 
     </span>
     <span class='ocr_line' id='line_1_15' title="bbox 240 744 1044 779; baseline 0 -8"><span class='ocrx_word' id='word_1_132' title='bbox 240 746 437 779; x_wconf 76' lang='lat' dir='ltr'>Ignobilis.</span> <span class='ocrx_word' id='word_1_133' title='bbox 476 745 605 779; x_wconf 76' lang='lat' dir='ltr'>(Adiect.)</span> <span class='ocrx_word' id='word_1_134' title='bbox 646 747 744 777; x_wconf 78' lang='lat' dir='ltr'>Vilis,</span> <span class='ocrx_word' id='word_1_135' title='bbox 768 746 895 779; x_wconf 76' lang='lat' dir='ltr'>Turpis.</span> <span class='ocrx_word' id='word_1_136' title='bbox 920 744 1044 772; x_wconf 70' lang='lat' dir='ltr'>mvn.</span> 
     </span>
     <span class='ocr_line' id='line_1_16' title="bbox 204 787 1046 824; baseline -0.001 -10"><span class='ocrx_word' id='word_1_137' title='bbox 204 788 234 814; x_wconf 90' lang='lat' dir='ltr'>Si</span> <span class='ocrx_word' id='word_1_138' title='bbox 257 792 367 824; x_wconf 81' lang='lat' dir='ltr'>patrona</span> <span class='ocrx_word' id='word_1_139' title='bbox 392 792 444 814; x_wconf 82' lang='lat' dir='ltr'>tam</span> <span class='ocrx_word' id='word_1_140' title='bbox 468 788 593 824; x_wconf 75' lang='lat' dir='ltr'>ignobilis</span> <span class='ocrx_word' id='word_1_141' title='bbox 618 789 666 819; x_wconf 81' lang='lat' dir='ltr'>sit,</span> <span class='ocrx_word' id='word_1_142' title='bbox 691 792 719 814; x_wconf 83' lang='lat' dir='ltr'>ut</span> <span class='ocrx_word' id='word_1_143' title='bbox 743 788 765 813; x_wconf 90' lang='lat' dir='ltr'>ei</span> <span class='ocrx_word' id='word_1_144' title='bbox 785 787 912 813; x_wconf 81' lang='lat' dir='ltr'>honestae</span> <span class='ocrx_word' id='word_1_145' title='bbox 931 789 984 813; x_wconf 87' lang='lat' dir='ltr'>sint</span> <span class='ocrx_word' id='word_1_146' title='bbox 1003 787 1046 814; x_wconf 80' lang='lat' dir='ltr'>vel</span> 
     </span>
     <span class='ocr_line' id='line_1_17' title="bbox 203 829 1046 868; baseline 0 -12"><span class='ocrx_word' id='word_1_147' title='bbox 203 829 296 857; x_wconf 82' lang='lat' dir='ltr'>saltem</span> <span class='ocrx_word' id='word_1_148' title='bbox 315 830 403 856; x_wconf 83' lang='lat' dir='ltr'>liberti</span> <span class='ocrx_word' id='word_1_149' title='bbox 422 831 463 856; x_wconf 83' lang='lat' dir='ltr'>sui</span> <span class='ocrx_word' id='word_1_150' title='bbox 483 832 596 868; x_wconf 81' lang='lat' dir='ltr'>nuptiae.</span> <span class='ocrx_word' id='word_1_151' title='bbox 617 830 646 856; x_wconf 75' lang='lat' dir='ltr'>I&#39;r.</span> <span class='ocrx_word' id='word_1_152' title='bbox 668 832 707 856; x_wconf 86' lang='lat'>13.</span> <span class='ocrx_word' id='word_1_153' title='bbox 728 829 760 856; x_wconf 88' lang='lat' dir='ltr'>de</span> <span class='ocrx_word' id='word_1_154' title='bbox 771 830 800 856; x_wconf 81' lang='lat' dir='ltr'>R.</span> <span class='ocrx_word' id='word_1_155' title='bbox 817 829 848 856; x_wconf 84' lang='lat' dir='ltr'>N.</span> <span class='ocrx_word' id='word_1_156' title='bbox 868 831 909 856; x_wconf 83' lang='lat'>23.</span> <span class='ocrx_word' id='word_1_157' title='bbox 928 832 953 856; x_wconf 88' lang='grc'>2.</span> <span class='ocrx_word' id='word_1_158' title='bbox 985 830 1046 856; x_wconf 85' lang='lat' dir='ltr'>Pcr-</span> 
     </span>
     <span class='ocr_line' id='line_1_18' title="bbox 202 872 1046 910; baseline 0 -11"><span class='ocrx_word' id='word_1_159' title='bbox 202 878 280 910; x_wconf 86' lang='lat' dir='ltr'>petua</span> <span class='ocrx_word' id='word_1_160' title='bbox 301 878 409 899; x_wconf 82' lang='lat' dir='ltr'>urantur</span> <span class='ocrx_word' id='word_1_161' title='bbox 428 873 545 905; x_wconf 81' lang='lat' dir='ltr'>infamia,</span> <span class='ocrx_word' id='word_1_162' title='bbox 569 883 598 899; x_wconf 84' lang='lat' dir='ltr'>ac</span> <span class='ocrx_word' id='word_1_163' title='bbox 618 883 650 899; x_wconf 82' lang='lat' dir='ltr'>ne</span> <span class='ocrx_word' id='word_1_164' title='bbox 670 874 696 899; x_wconf 91' lang='lat' dir='ltr'>in</span> <span class='ocrx_word' id='word_1_165' title='bbox 716 878 830 899; x_wconf 76' lang='lat' dir='ltr'>extrema</span> <span class='ocrx_word' id='word_1_166' title='bbox 851 872 956 909; x_wconf 82' lang='lat' dir='ltr'>quidem</span> <span class='ocrx_word' id='word_1_167' title='bbox 975 873 1046 909; x_wconf 73' lang='lat' dir='ltr'>vulgi</span> 
     </span>
    </p>
   </div>
   <div class='ocr_carea' id='block_1_8' title="bbox 879 917 893 926">
    <p class='ocr_par' dir='ltr' id='par_1_8' title="bbox 879 917 893 926">
     <span class='ocr_line' id='line_1_19' title="bbox 879 917 893 926; baseline 0 -3"><span class='ocrx_word' id='word_1_168' title='bbox 879 917 893 926; x_wconf 68' lang='grc' dir='ltr'>μ.</span> 
     </span>
    </p>
   </div>
   <div class='ocr_carea' id='block_1_9' title="bbox 201 914 1045 1038">
    <p class='ocr_par' dir='ltr' id='par_1_9' title="bbox 201 914 1045 1038">
     <span class='ocr_line' id='line_1_20' title="bbox 201 914 1045 952; baseline 0.001 -11"><span class='ocrx_word' id='word_1_169' title='bbox 201 915 326 952; x_wconf 78' lang='lat' dir='ltr'>ignobilis</span> <span class='ocrx_word' id='word_1_170' title='bbox 346 921 420 952; x_wconf 80' lang='lat' dir='ltr'>parte</span> <span class='ocrx_word' id='word_1_171' title='bbox 439 920 615 942; x_wconf 79' lang='lat' dir='ltr'>numerentur.</span> <span class='ocrx_word' id='word_1_172' title='bbox 654 914 703 941; x_wconf 89' lang='lat' dir='ltr'>Th.</span> <span class='ocrx_word' id='word_1_173' title='bbox 729 915 760 942; x_wconf 92' lang='lat' dir='ltr'>C.</span> <span class='ocrx_word' id='word_1_174' title='bbox 781 915 852 942; x_wconf 81' lang='lat' dir='ltr'>XVI.</span> <span class='ocrx_word' id='word_1_175' title='bbox 883 926 901 942; x_wconf 62' lang='lat' dir='ltr'>a.</span> <span class='ocrx_word' id='word_1_176' title='bbox 928 926 949 942; x_wconf 90' lang='lat' dir='ltr'>c.</span> <span class='ocrx_word' id='word_1_177' title='bbox 969 918 992 941; x_wconf 88' lang='lat'>5.</span> <span class='ocrx_word' id='word_1_178' title='bbox 1013 915 1045 942; x_wconf 87' lang='grc'>(16</span> 
     </span>
     <span class='ocr_line' id='line_1_21' title="bbox 202 957 1045 995; baseline 0.001 -11"><span class='ocrx_word' id='word_1_179' title='bbox 202 962 314 995; x_wconf 83' lang='lat' dir='ltr'>apostat.</span> <span class='ocrx_word' id='word_1_180' title='bbox 336 958 376 984; x_wconf 77' lang='lat' dir='ltr'>Cf.</span> <span class='ocrx_word' id='word_1_181' title='bbox 397 958 415 984; x_wconf 96' lang='lat' dir='ltr'>I.</span> <span class='ocrx_word' id='word_1_182' title='bbox 435 960 457 984; x_wconf 95' lang='lat'>9.</span> <span class='ocrx_word' id='word_1_183' title='bbox 479 968 500 984; x_wconf 91' lang='lat' dir='ltr'>c.</span> <span class='ocrx_word' id='word_1_184' title='bbox 520 960 544 984; x_wconf 83' lang='lat'>3.</span> <span class='ocrx_word' id='word_1_185' title='bbox 566 957 673 990; x_wconf 72' lang='lat' dir='ltr'>(ch.)</span> <span class='ocrx_word' id='word_1_186' title='bbox 701 958 733 984; x_wconf 78' lang='grc'>(16</span> <span class='ocrx_word' id='word_1_187' title='bbox 757 959 800 985; x_wconf 76' lang='lat' dir='ltr'>oss.</span> <span class='ocrx_word' id='word_1_188' title='bbox 820 959 885 994; x_wconf 73' lang='lat' dir='ltr'>Mag.</span> <span class='ocrx_word' id='word_1_189' title='bbox 906 959 949 985; x_wconf 73' lang='lat' dir='ltr'>off.</span> <span class='ocrx_word' id='word_1_190' title='bbox 969 958 1045 993; x_wconf 76' lang='lat' dir='ltr'>Quos</span> 
     </span>
     <span class='ocr_line' id='line_1_22' title="bbox 201 1000 1043 1038; baseline 0.002 -12"><span class='ocrx_word' id='word_1_191' title='bbox 201 1002 254 1026; x_wconf 87' lang='lat' dir='ltr'>vita</span> <span class='ocrx_word' id='word_1_192' title='bbox 275 1000 434 1038; x_wconf 79' lang='lat' dir='ltr'>culpabiles.</span> <span class='ocrx_word' id='word_1_193' title='bbox 456 1005 481 1026; x_wconf 84' lang='lat' dir='ltr'>et</span> <span class='ocrx_word' id='word_1_194' title='bbox 500 1001 573 1036; x_wconf 79' lang='lat' dir='ltr'>origo</span> <span class='ocrx_word' id='word_1_195' title='bbox 592 1000 671 1027; x_wconf 77' lang='lat' dir='ltr'>habet</span> <span class='ocrx_word' id='word_1_196' title='bbox 689 1001 827 1037; x_wconf 71' lang='lat' dir='ltr'>ignobiles.</span> <span class='ocrx_word' id='word_1_197' title='bbox 847 1001 883 1027; x_wconf 93' lang='lat' dir='ltr'>lb.</span> <span class='ocrx_word' id='word_1_198' title='bbox 898 1001 941 1028; x_wconf 89' lang='lat' dir='ltr'>Vl.</span> <span class='ocrx_word' id='word_1_199' title='bbox 960 1003 1003 1027; x_wconf 78' lang='lat'>27.</span> <span class='ocrx_word' id='word_1_200' title='bbox 1024 1011 1043 1028; x_wconf 81' lang='lat' dir='ltr'>c.</span> 
     </span>
    </p>
   </div>
   <div class='ocr_carea' id='block_1_10' title="bbox 202 1042 1067 1080">
    <p class='ocr_par' dir='ltr' id='par_1_10' title="bbox 202 1042 1067 1080">
     <span class='ocr_line' id='line_1_23' title="bbox 202 1042 1067 1080; baseline 0.002 -12"><span class='ocrx_word' id='word_1_201' title='bbox 202 1045 242 1069; x_wconf 68' lang='lat'>18.</span> <span class='ocrx_word' id='word_1_202' title='bbox 265 1043 297 1069; x_wconf 82' lang='lat' dir='ltr'>de</span> <span class='ocrx_word' id='word_1_203' title='bbox 318 1048 403 1079; x_wconf 71' lang='lat' dir='ltr'>agent.</span> <span class='ocrx_word' id='word_1_204' title='bbox 423 1044 450 1069; x_wconf 86' lang='lat' dir='ltr'>in</span> <span class='ocrx_word' id='word_1_205' title='bbox 469 1042 524 1069; x_wconf 87' lang='lat' dir='ltr'>reb.</span> <span class='ocrx_word' id='word_1_206' title='bbox 563 1042 684 1069; x_wconf 76' lang='lat' dir='ltr'>Gratiosa</span> <span class='ocrx_word' id='word_1_207' title='bbox 705 1045 872 1070; x_wconf 72' lang='lat' dir='ltr'>conniventia</span> <span class='ocrx_word' id='word_1_208' title='bbox 886 1044 928 1071; x_wconf 69' lang='lat' dir='ltr'>vel</span> <span class='ocrx_word' id='word_1_209' title='bbox 946 1044 1045 1080; x_wconf 72' lang='lat' dir='ltr'>ignobi·</span> <span class='ocrx_word' id='word_1_210' title='bbox 1065 1059 1067 1080; x_wconf 72' lang='lat'>.&#39;</span> 
     </span>
    </p>
   </div>
   <div class='ocr_carea' id='block_1_11' title="bbox 194 1085 1043 1720">
    <p class='ocr_par' dir='ltr' id='par_1_11' title="bbox 199 1085 988 1113">
     <span class='ocr_line' id='line_1_24' title="bbox 199 1085 988 1113; baseline 0.001 -1"><span class='ocrx_word' id='word_1_211' title='bbox 199 1085 233 1112; x_wconf 88' lang='lat' dir='ltr'>lis</span> <span class='ocrx_word' id='word_1_212' title='bbox 253 1085 434 1112; x_wconf 75' lang='lat' dir='ltr'>dissimulatio.</span> <span class='ocrx_word' id='word_1_213' title='bbox 455 1085 490 1111; x_wconf 92' lang='lat' dir='ltr'>Ib.</span> <span class='ocrx_word' id='word_1_214' title='bbox 510 1085 556 1111; x_wconf 79' lang='lat' dir='ltr'>XI.</span> <span class='ocrx_word' id='word_1_215' title='bbox 578 1087 617 1112; x_wconf 89' lang='grc'>16.</span> <span class='ocrx_word' id='word_1_216' title='bbox 638 1097 658 1113; x_wconf 91' lang='lat' dir='ltr'>c.</span> <span class='ocrx_word' id='word_1_217' title='bbox 680 1088 720 1113; x_wconf 94' lang='lat'>11.</span> <span class='ocrx_word' id='word_1_218' title='bbox 741 1087 772 1113; x_wconf 84' lang='lat' dir='ltr'>do</span> <span class='ocrx_word' id='word_1_219' title='bbox 792 1092 857 1113; x_wconf 70' lang='lat' dir='ltr'>extr.</span> <span class='ocrx_word' id='word_1_220' title='bbox 877 1097 897 1113; x_wconf 91' lang='lat' dir='ltr'>s.</span> <span class='ocrx_word' id='word_1_221' title='bbox 918 1087 988 1113; x_wconf 86' lang='lat' dir='ltr'>sord.</span> 
     </span>
    </p>

    <p class='ocr_par' dir='ltr' id='par_1_12' title="bbox 194 1128 1043 1546">
     <span class='ocr_line' id='line_1_25' title="bbox 234 1128 1043 1165; baseline 0.002 -11"><span class='ocrx_word' id='word_1_222' title='bbox 234 1128 467 1163; x_wconf 75' lang='lat' dir='ltr'>Ignominia.</span> <span class='ocrx_word' id='word_1_223' title='bbox 493 1129 653 1161; x_wconf 76' lang='lat' dir='ltr'>Dedecus,</span> <span class='ocrx_word' id='word_1_224' title='bbox 675 1131 830 1165; x_wconf 78' lang='lat' dir='ltr'>Infamia.</span> <span class='ocrx_word' id='word_1_225' title='bbox 850 1129 892 1156; x_wconf 88' lang='lat'>111.</span> <span class='ocrx_word' id='word_1_226' title='bbox 910 1131 975 1157; x_wconf 80' lang='lat' dir='ltr'>Cn.</span> <span class='ocrx_word' id='word_1_227' title='bbox 995 1129 1043 1156; x_wconf 88' lang='lat' dir='ltr'>Pu-</span> 
     </span>
     <span class='ocr_line' id='line_1_26' title="bbox 199 1170 1041 1209; baseline 0.004 -13"><span class='ocrx_word' id='word_1_228' title='bbox 199 1170 248 1197; x_wconf 86' lang='lat' dir='ltr'>dor</span> <span class='ocrx_word' id='word_1_229' title='bbox 266 1172 355 1208; x_wconf 88' lang='lat' dir='ltr'>potius</span> <span class='ocrx_word' id='word_1_230' title='bbox 376 1176 512 1203; x_wconf 77' lang='lat' dir='ltr'>oneratur.</span> <span class='ocrx_word' id='word_1_231' title='bbox 539 1181 616 1207; x_wconf 86' lang='lat' dir='ltr'>quam</span> <span class='ocrx_word' id='word_1_232' title='bbox 639 1173 780 1208; x_wconf 74' lang='lat' dir='ltr'>ignominia</span> <span class='ocrx_word' id='word_1_233' title='bbox 799 1172 903 1199; x_wconf 74' lang='lat' dir='ltr'>videtur</span> <span class='ocrx_word' id='word_1_234' title='bbox 925 1173 1041 1209; x_wconf 73' lang='lat' dir='ltr'>irrogari.</span> 
     </span>
     <span class='ocr_line' id='line_1_27' title="bbox 198 1212 1041 1251; baseline 0.002 -12"><span class='ocrx_word' id='word_1_235' title='bbox 198 1213 228 1239; x_wconf 89' lang='lat' dir='ltr'>sr.</span> <span class='ocrx_word' id='word_1_236' title='bbox 247 1214 287 1239; x_wconf 88' lang='grc'>20.</span> <span class='ocrx_word' id='word_1_237' title='bbox 308 1212 340 1239; x_wconf 82' lang='grc'>(16</span> <span class='ocrx_word' id='word_1_238' title='bbox 360 1213 383 1240; x_wconf 85' lang='lat' dir='ltr'>h.</span> <span class='ocrx_word' id='word_1_239' title='bbox 405 1223 446 1249; x_wconf 86' lang='lat' dir='ltr'>qu.</span> <span class='ocrx_word' id='word_1_240' title='bbox 476 1218 529 1240; x_wconf 79' lang='lat' dir='ltr'>not.</span> <span class='ocrx_word' id='word_1_241' title='bbox 549 1214 636 1240; x_wconf 82' lang='lat' dir='ltr'>infam.</span> <span class='ocrx_word' id='word_1_242' title='bbox 660 1216 685 1241; x_wconf 78' lang='lat'>3.</span> <span class='ocrx_word' id='word_1_243' title='bbox 709 1217 732 1241; x_wconf 82' lang='lat'>2.</span> <span class='ocrx_word' id='word_1_244' title='bbox 775 1215 933 1251; x_wconf 75' lang='lat' dir='ltr'>Ignominiae</span> <span class='ocrx_word' id='word_1_245' title='bbox 956 1225 1041 1247; x_wconf 79' lang='lat' dir='ltr'>causa,</span> 
     </span>
     <span class='ocr_line' id='line_1_28' title="bbox 197 1255 1038 1295; baseline 0.004 -14"><span class='ocrx_word' id='word_1_246' title='bbox 197 1265 217 1282; x_wconf 92' lang='grc'>5.</span> <span class='ocrx_word' id='word_1_247' title='bbox 238 1255 306 1282; x_wconf 90' lang='lat' dir='ltr'>Cum</span> <span class='ocrx_word' id='word_1_248' title='bbox 324 1257 474 1292; x_wconf 75' lang='lat' dir='ltr'>ignominia,</span> <span class='ocrx_word' id='word_1_249' title='bbox 493 1257 598 1283; x_wconf 82' lang='lat' dir='ltr'>mittere</span> <span class='ocrx_word' id='word_1_250' title='bbox 617 1257 648 1283; x_wconf 88' lang='lat' dir='ltr'>ab</span> <span class='ocrx_word' id='word_1_251' title='bbox 669 1259 792 1284; x_wconf 78' lang='lat' dir='ltr'>exercitu.</span> <span class='ocrx_word' id='word_1_252' title='bbox 813 1257 841 1284; x_wconf 76' lang='lat' dir='ltr'>sr.</span> <span class='ocrx_word' id='word_1_253' title='bbox 865 1260 886 1284; x_wconf 89' lang='lat'>1.</span> <span class='ocrx_word' id='word_1_254' title='bbox 906 1258 936 1284; x_wconf 85' lang='lat' dir='ltr'>sr.</span> <span class='ocrx_word' id='word_1_255' title='bbox 957 1261 980 1284; x_wconf 87' lang='lat'>2.</span> <span class='ocrx_word' id='word_1_256' title='bbox 1000 1268 1038 1295; x_wconf 86' lang='lat' dir='ltr'>pr.</span> 
     </span>
     <span class='ocr_line' id='line_1_29' title="bbox 196 1299 1038 1335; baseline 0.005 -11"><span class='ocrx_word' id='word_1_257' title='bbox 196 1299 232 1333; x_wconf 89' lang='lat'>55.</span> <span class='ocrx_word' id='word_1_258' title='bbox 252 1301 276 1325; x_wconf 84' lang='lat'>2.</span> <span class='ocrx_word' id='word_1_259' title='bbox 297 1309 354 1335; x_wconf 85' lang='lat' dir='ltr'>sqq.</span> <span class='ocrx_word' id='word_1_260' title='bbox 375 1299 409 1325; x_wconf 85' lang='lat' dir='ltr'>ib.</span> <span class='ocrx_word' id='word_1_261' title='bbox 435 1300 459 1325; x_wconf 97' lang='lat'>3.</span> <span class='ocrx_word' id='word_1_262' title='bbox 484 1300 509 1325; x_wconf 85' lang='grc'>2.</span> <span class='ocrx_word' id='word_1_263' title='bbox 533 1299 563 1326; x_wconf 79' lang='lat' dir='ltr'>fr.</span> <span class='ocrx_word' id='word_1_264' title='bbox 584 1301 606 1326; x_wconf 97' lang='lat'>4.</span> <span class='ocrx_word' id='word_1_265' title='bbox 632 1300 653 1333; x_wconf 86' lang='lat'>5.</span> <span class='ocrx_word' id='word_1_266' title='bbox 673 1302 695 1326; x_wconf 83' lang='lat'>6.</span> <span class='ocrx_word' id='word_1_267' title='bbox 716 1300 746 1327; x_wconf 89' lang='lat' dir='ltr'>sr.</span> <span class='ocrx_word' id='word_1_268' title='bbox 766 1302 790 1327; x_wconf 80' lang='lat'>6.</span> <span class='ocrx_word' id='word_1_269' title='bbox 814 1302 834 1334; x_wconf 90' lang='lat'>5.</span> <span class='ocrx_word' id='word_1_270' title='bbox 857 1302 879 1327; x_wconf 79' lang='lat'>7.</span> <span class='ocrx_word' id='word_1_271' title='bbox 905 1301 935 1327; x_wconf 83' lang='lat' dir='ltr'>sr.</span> <span class='ocrx_word' id='word_1_272' title='bbox 958 1303 996 1328; x_wconf 78' lang='lat'>13.</span> <span class='ocrx_word' id='word_1_273' title='bbox 1017 1301 1038 1335; x_wconf 89' lang='lat'>5.</span> 
     </span>
     <span class='ocr_line' id='line_1_30' title="bbox 194 1340 1037 1379; baseline 0.004 -12"><span class='ocrx_word' id='word_1_274' title='bbox 194 1342 218 1367; x_wconf 87' lang='grc'>3.</span> <span class='ocrx_word' id='word_1_275' title='bbox 239 1340 271 1367; x_wconf 81' lang='grc'>(16</span> <span class='ocrx_word' id='word_1_276' title='bbox 290 1341 321 1368; x_wconf 86' lang='lat' dir='ltr'>R.</span> <span class='ocrx_word' id='word_1_277' title='bbox 341 1341 373 1367; x_wconf 83' lang='lat' dir='ltr'>M.</span> <span class='ocrx_word' id='word_1_278' title='bbox 401 1343 442 1367; x_wconf 86' lang='lat'>49.</span> <span class='ocrx_word' id='word_1_279' title='bbox 469 1343 507 1368; x_wconf 97' lang='grc'>16.</span> <span class='ocrx_word' id='word_1_280' title='bbox 549 1342 646 1378; x_wconf 83' lang='lat' dir='ltr'>Aliqua</span> <span class='ocrx_word' id='word_1_281' title='bbox 670 1343 810 1379; x_wconf 75' lang='lat' dir='ltr'>ignominia</span> <span class='ocrx_word' id='word_1_282' title='bbox 830 1345 923 1370; x_wconf 87' lang='lat' dir='ltr'>notari.</span> <span class='ocrx_word' id='word_1_283' title='bbox 944 1343 975 1370; x_wconf 88' lang='lat' dir='ltr'>fr.</span> <span class='ocrx_word' id='word_1_284' title='bbox 995 1345 1037 1370; x_wconf 82' lang='lat'>24.</span> 
     </span>
     <span class='ocr_line' id='line_1_31' title="bbox 194 1383 1035 1416; baseline 0.005 -7"><span class='ocrx_word' id='word_1_285' title='bbox 194 1383 216 1416; x_wconf 88' lang='lat'>5.</span> <span class='ocrx_word' id='word_1_286' title='bbox 240 1385 263 1410; x_wconf 84' lang='lat'>3.</span> <span class='ocrx_word' id='word_1_287' title='bbox 289 1384 321 1410; x_wconf 87' lang='lat' dir='ltr'>ad</span> <span class='ocrx_word' id='word_1_288' title='bbox 343 1383 372 1410; x_wconf 93' lang='lat' dir='ltr'>L.</span> <span class='ocrx_word' id='word_1_289' title='bbox 396 1383 444 1410; x_wconf 86' lang='lat' dir='ltr'>Iul.</span> <span class='ocrx_word' id='word_1_290' title='bbox 469 1384 502 1411; x_wconf 86' lang='lat' dir='ltr'>de</span> <span class='ocrx_word' id='word_1_291' title='bbox 525 1384 605 1411; x_wconf 82' lang='lat' dir='ltr'>adult.</span> <span class='ocrx_word' id='word_1_292' title='bbox 629 1386 671 1412; x_wconf 81' lang='lat'>48.</span> <span class='ocrx_word' id='word_1_293' title='bbox 695 1388 718 1412; x_wconf 85' lang='lat'>5.</span> <span class='ocrx_word' id='word_1_294' title='bbox 757 1386 813 1412; x_wconf 85' lang='lat' dir='ltr'>Gai.</span> <span class='ocrx_word' id='word_1_295' title='bbox 837 1385 884 1413; x_wconf 83' lang='lat' dir='ltr'>IV.</span> <span class='ocrx_word' id='word_1_296' title='bbox 908 1388 951 1413; x_wconf 83' lang='lat'>60.</span> <span class='ocrx_word' id='word_1_297' title='bbox 978 1388 1035 1413; x_wconf 78' lang='grc'>182.</span> 
     </span>
     <span class='ocr_line' id='line_1_32' title="bbox 194 1426 1035 1463; baseline 0.004 -11"><span class='ocrx_word' id='word_1_298' title='bbox 194 1426 345 1462; x_wconf 72' lang='lat' dir='ltr'>Ignominia,</span> <span class='ocrx_word' id='word_1_299' title='bbox 366 1437 432 1463; x_wconf 83' lang='lat' dir='ltr'>quae</span> <span class='ocrx_word' id='word_1_300' title='bbox 451 1427 553 1453; x_wconf 83' lang='lat' dir='ltr'>accedit</span> <span class='ocrx_word' id='word_1_301' title='bbox 572 1438 603 1454; x_wconf 74' lang='lat' dir='ltr'>ex</span> <span class='ocrx_word' id='word_1_302' title='bbox 622 1428 774 1454; x_wconf 71' lang='lat' dir='ltr'>venditione</span> <span class='ocrx_word' id='word_1_303' title='bbox 787 1429 924 1456; x_wconf 88' lang='lat' dir='ltr'>bonorum.</span> <span class='ocrx_word' id='word_1_304' title='bbox 943 1429 980 1455; x_wconf 88' lang='lat' dir='ltr'>Ib.</span> <span class='ocrx_word' id='word_1_305' title='bbox 992 1429 1035 1456; x_wconf 87' lang='lat' dir='ltr'>III.</span> 
     </span>
     <span class='ocr_line' id='line_1_33' title="bbox 195 1469 1034 1507; baseline 0.004 -12"><span class='ocrx_word' id='word_1_306' title='bbox 195 1471 251 1496; x_wconf 88' lang='lat'>154.</span> <span class='ocrx_word' id='word_1_307' title='bbox 289 1469 381 1505; x_wconf 67' lang='lat' dir='ltr'>Neque</span> <span class='ocrx_word' id='word_1_308' title='bbox 401 1471 469 1496; x_wconf 84' lang='lat' dir='ltr'>euim</span> <span class='ocrx_word' id='word_1_309' title='bbox 488 1470 589 1496; x_wconf 81' lang='lat' dir='ltr'>modica</span> <span class='ocrx_word' id='word_1_310' title='bbox 608 1470 656 1497; x_wconf 90' lang='lat' dir='ltr'>filii</span> <span class='ocrx_word' id='word_1_311' title='bbox 669 1472 810 1507; x_wconf 75' lang='lat' dir='ltr'>ignominia</span> <span class='ocrx_word' id='word_1_312' title='bbox 830 1477 877 1504; x_wconf 83' lang='lat' dir='ltr'>est,</span> <span class='ocrx_word' id='word_1_313' title='bbox 898 1473 921 1498; x_wconf 89' lang='lat' dir='ltr'>si</span> <span class='ocrx_word' id='word_1_314' title='bbox 941 1476 988 1498; x_wconf 83' lang='lat' dir='ltr'>etc.</span> <span class='ocrx_word' id='word_1_315' title='bbox 1004 1472 1034 1499; x_wconf 85' lang='lat' dir='ltr'>sr.</span> 
     </span>
     <span class='ocr_line' id='line_1_34' title="bbox 195 1512 640 1546; baseline 0.002 -9"><span class='ocrx_word' id='word_1_316' title='bbox 195 1513 217 1539; x_wconf 92' lang='lat'>1.</span> <span class='ocrx_word' id='word_1_317' title='bbox 237 1512 301 1546; x_wconf 91' lang='lat'>5.1.</span> <span class='ocrx_word' id='word_1_318' title='bbox 322 1512 354 1538; x_wconf 72' lang='lat' dir='ltr'>de</span> <span class='ocrx_word' id='word_1_319' title='bbox 373 1512 476 1538; x_wconf 85' lang='lat' dir='ltr'>liberali</span> <span class='ocrx_word' id='word_1_320' title='bbox 496 1523 516 1539; x_wconf 81' lang='lat' dir='ltr'>c.</span> <span class='ocrx_word' id='word_1_321' title='bbox 538 1515 578 1538; x_wconf 88' lang='lat'>40.</span> <span class='ocrx_word' id='word_1_322' title='bbox 601 1515 640 1539; x_wconf 88' lang='lat'>12.</span> 
     </span>
    </p>

    <p class='ocr_par' dir='ltr' id='par_1_13' title="bbox 194 1555 1034 1675">
     <span class='ocr_line' id='line_1_35' title="bbox 229 1555 1033 1593; baseline 0.004 -12"><span class='ocrx_word' id='word_1_323' title='bbox 229 1555 500 1589; x_wconf 66' lang='lat' dir='ltr'>lgnonniniose.</span> <span class='ocrx_word' id='word_1_324' title='bbox 537 1555 649 1589; x_wconf 77' lang='lat' dir='ltr'>(Advb.)</span> <span class='ocrx_word' id='word_1_325' title='bbox 684 1558 757 1583; x_wconf 73' lang='lat' dir='ltr'>Cum</span> <span class='ocrx_word' id='word_1_326' title='bbox 778 1559 970 1593; x_wconf 71' lang='lat' dir='ltr'>ignominia.</span> <span class='ocrx_word' id='word_1_327' title='bbox 990 1557 1033 1584; x_wconf 85' lang='lat' dir='ltr'>IH.</span> 
     </span>
     <span class='ocr_line' id='line_1_36' title="bbox 194 1597 1034 1634; baseline 0.005 -11"><span class='ocrx_word' id='word_1_328' title='bbox 194 1598 259 1624; x_wconf 71' lang='lat' dir='ltr'>Gn.</span> <span class='ocrx_word' id='word_1_329' title='bbox 279 1597 385 1625; x_wconf 76' lang='lat' dir='ltr'>Milites.</span> <span class='ocrx_word' id='word_1_330' title='bbox 406 1612 440 1616; x_wconf 90' lang='lat'>—</span> <span class='ocrx_word' id='word_1_331' title='bbox 459 1599 503 1634; x_wconf 88' lang='lat' dir='ltr'>qui</span> <span class='ocrx_word' id='word_1_332' title='bbox 527 1598 628 1624; x_wconf 79' lang='lat' dir='ltr'>seilicet</span> <span class='ocrx_word' id='word_1_333' title='bbox 652 1599 702 1634; x_wconf 78' lang='lat' dir='ltr'>ign.</span> <span class='ocrx_word' id='word_1_334' title='bbox 727 1605 789 1626; x_wconf 86' lang='lat' dir='ltr'>sunt</span> <span class='ocrx_word' id='word_1_335' title='bbox 807 1600 896 1627; x_wconf 79' lang='lat' dir='ltr'>soluti.</span> <span class='ocrx_word' id='word_1_336' title='bbox 917 1611 938 1627; x_wconf 92' lang='lat' dir='ltr'>c.</span> <span class='ocrx_word' id='word_1_337' title='bbox 958 1604 981 1627; x_wconf 72' lang='grc'>8.</span> <span class='ocrx_word' id='word_1_338' title='bbox 1002 1601 1034 1627; x_wconf 86' lang='grc'>(16</span> 
     </span>
     <span class='ocr_line' id='line_1_37' title="bbox 194 1641 443 1675; baseline 0.004 -10"><span class='ocrx_word' id='word_1_339' title='bbox 194 1641 337 1675; x_wconf 80' lang='lat' dir='ltr'>quaestion.</span> <span class='ocrx_word' id='word_1_340' title='bbox 358 1641 382 1666; x_wconf 89' lang='grc'>9.</span> <span class='ocrx_word' id='word_1_341' title='bbox 401 1642 443 1666; x_wconf 90' lang='grc'>41.</span> 
     </span>
    </p>

    <p class='ocr_par' dir='ltr' id='par_1_14' title="bbox 228 1683 1033 1720">
     <span class='ocr_line' id='line_1_38' title="bbox 228 1683 1033 1720; baseline 0.005 -11"><span class='ocrx_word' id='word_1_342' title='bbox 228 1683 520 1716; x_wconf 78' lang='lat' dir='ltr'>Ignominiosus.</span> <span class='ocrx_word' id='word_1_343' title='bbox 559 1684 697 1717; x_wconf 79' lang='lat' dir='ltr'>(Adiect.)</span> <span class='ocrx_word' id='word_1_344' title='bbox 738 1687 959 1720; x_wconf 74' lang='lat' dir='ltr'>Turpitndine</span> <span class='ocrx_word' id='word_1_345' title='bbox 986 1689 1033 1714; x_wconf 77' lang='lat' dir='ltr'>la-</span> 
     </span>
    </p>
   </div>
   <div class='ocr_carea' id='block_1_12' title="bbox 193 1725 1056 1762">
    <p class='ocr_par' dir='ltr' id='par_1_15' title="bbox 193 1725 1056 1762">
     <span class='ocr_line' id='line_1_39' title="bbox 193 1725 1056 1762; baseline 0.007 -12"><span class='ocrx_word' id='word_1_346' title='bbox 193 1727 316 1751; x_wconf 80' lang='lat' dir='ltr'>borans.</span> <span class='ocrx_word' id='word_1_347' title='bbox 354 1725 372 1751; x_wconf 94' lang='lat' dir='ltr'>I.</span> <span class='ocrx_word' id='word_1_348' title='bbox 392 1727 454 1760; x_wconf 71' lang='lat' dir='ltr'>Sy.</span> <span class='ocrx_word' id='word_1_349' title='bbox 485 1725 620 1753; x_wconf 82' lang='lat' dir='ltr'>Famosus.</span> <span class='ocrx_word' id='word_1_350' title='bbox 641 1727 752 1755; x_wconf 84' lang='lat' dir='ltr'>Inl&#39;amis.</span> <span class='ocrx_word' id='word_1_351' title='bbox 774 1728 803 1755; x_wconf 83' lang='lat' dir='ltr'>fr.</span> <span class='ocrx_word' id='word_1_352' title='bbox 824 1731 847 1756; x_wconf 76' lang='lat'>2.</span> <span class='ocrx_word' id='word_1_353' title='bbox 873 1729 894 1762; x_wconf 85' lang='lat'>5</span> <span class='ocrx_word' id='word_1_354' title='bbox 915 1732 938 1755; x_wconf 83' lang='lat'>5.</span> <span class='ocrx_word' id='word_1_355' title='bbox 959 1730 988 1756; x_wconf 81' lang='lat' dir='ltr'>fr.</span> <span class='ocrx_word' id='word_1_356' title='bbox 1009 1732 1031 1756; x_wconf 88' lang='lat'>4.</span> <span class='ocrx_word' id='word_1_357' title='bbox 1055 1745 1056 1755; x_wconf 58' lang='grc' dir='ltr'>ι</span> 
     </span>
    </p>
   </div>
   <div class='ocr_carea' id='block_1_13' title="bbox 190 1767 1032 1929">
    <p class='ocr_par' dir='ltr' id='par_1_16' title="bbox 190 1767 1032 1929">
     <span class='ocr_line' id='line_1_40' title="bbox 193 1767 1032 1808; baseline 0.006 -15"><span class='ocrx_word' id='word_1_358' title='bbox 193 1778 231 1804; x_wconf 81' lang='lat' dir='ltr'>pr.</span> <span class='ocrx_word' id='word_1_359' title='bbox 251 1768 271 1800; x_wconf 86' lang='lat'>5.</span> <span class='ocrx_word' id='word_1_360' title='bbox 291 1769 315 1793; x_wconf 79' lang='lat'>5.</span> <span class='ocrx_word' id='word_1_361' title='bbox 335 1767 363 1793; x_wconf 76' lang='lat' dir='ltr'>l&#39;r.</span> <span class='ocrx_word' id='word_1_362' title='bbox 384 1769 407 1793; x_wconf 87' lang='grc'>6.</span> <span class='ocrx_word' id='word_1_363' title='bbox 435 1768 517 1801; x_wconf 71' lang='lat'>551.</span> <span class='ocrx_word' id='word_1_364' title='bbox 537 1770 560 1795; x_wconf 94' lang='grc'>6.</span> <span class='ocrx_word' id='word_1_365' title='bbox 581 1780 620 1806; x_wconf 85' lang='lat' dir='ltr'>sq.</span> <span class='ocrx_word' id='word_1_366' title='bbox 640 1770 670 1797; x_wconf 85' lang='lat' dir='ltr'>sr.</span> <span class='ocrx_word' id='word_1_367' title='bbox 692 1772 730 1797; x_wconf 83' lang='lat'>13.</span> <span class='ocrx_word' id='word_1_368' title='bbox 749 1781 788 1807; x_wconf 84' lang='lat' dir='ltr'>pr.</span> <span class='ocrx_word' id='word_1_369' title='bbox 814 1771 846 1797; x_wconf 76' lang='lat' dir='ltr'>tle</span> <span class='ocrx_word' id='word_1_370' title='bbox 871 1772 895 1798; x_wconf 91' lang='lat' dir='ltr'>h.</span> <span class='ocrx_word' id='word_1_371' title='bbox 916 1782 958 1808; x_wconf 90' lang='lat' dir='ltr'>qu.</span> <span class='ocrx_word' id='word_1_372' title='bbox 979 1778 1032 1798; x_wconf 91' lang='lat' dir='ltr'>not.</span> 
     </span>
     <span class='ocr_line' id='line_1_41' title="bbox 192 1810 364 1836; baseline -0.006 0"><span class='ocrx_word' id='word_1_373' title='bbox 192 1810 278 1836; x_wconf 80' lang='lat' dir='ltr'>insam.</span> <span class='ocrx_word' id='word_1_374' title='bbox 298 1811 320 1835; x_wconf 87' lang='lat'>3.</span> <span class='ocrx_word' id='word_1_375' title='bbox 340 1812 364 1836; x_wconf 87' lang='grc'>2.</span> 
     </span>
     <span class='ocr_line' id='line_1_42' title="bbox 191 1852 1031 1890; baseline 0.007 -12"><span class='ocrx_word' id='word_1_376' title='bbox 191 1854 376 1879; x_wconf 78' lang='lat' dir='ltr'>stimationem.</span> <span class='ocrx_word' id='word_1_377' title='bbox 397 1869 428 1873; x_wconf 91' lang='lat'>—</span> <span class='ocrx_word' id='word_1_378' title='bbox 448 1852 623 1889; x_wconf 74' lang='lat' dir='ltr'>Ignominiosa</span> <span class='ocrx_word' id='word_1_379' title='bbox 643 1856 767 1887; x_wconf 80' lang='lat' dir='ltr'>(missio.)</span> <span class='ocrx_word' id='word_1_380' title='bbox 789 1855 817 1882; x_wconf 83' lang='lat' dir='ltr'>fr.</span> <span class='ocrx_word' id='word_1_381' title='bbox 837 1858 860 1883; x_wconf 84' lang='lat'>2.</span> <span class='ocrx_word' id='word_1_382' title='bbox 881 1857 901 1890; x_wconf 80' lang='lat'>5</span> <span class='ocrx_word' id='word_1_383' title='bbox 917 1859 940 1884; x_wconf 91' lang='lat'>2.</span> <span class='ocrx_word' id='word_1_384' title='bbox 960 1858 994 1884; x_wconf 92' lang='lat' dir='ltr'>ib.</span> <span class='ocrx_word' id='word_1_385' title='bbox 1008 1859 1031 1884; x_wconf 89' lang='grc'>3.</span> 
     </span>
     <span class='ocr_line' id='line_1_43' title="bbox 190 1894 1031 1929; baseline 0.008 -9"><span class='ocrx_word' id='word_1_386' title='bbox 190 1898 213 1921; x_wconf 85' lang='grc'>2,</span> <span class='ocrx_word' id='word_1_387' title='bbox 234 1895 264 1921; x_wconf 80' lang='lat' dir='ltr'>sr.</span> <span class='ocrx_word' id='word_1_388' title='bbox 284 1897 306 1921; x_wconf 81' lang='lat'>3.</span> <span class='ocrx_word' id='word_1_389' title='bbox 328 1895 392 1928; x_wconf 85' lang='lat'>5.1.</span> <span class='ocrx_word' id='word_1_390' title='bbox 413 1894 442 1920; x_wconf 82' lang='lat' dir='ltr'>fr.</span> <span class='ocrx_word' id='word_1_391' title='bbox 464 1897 503 1922; x_wconf 82' lang='lat'>13.</span> <span class='ocrx_word' id='word_1_392' title='bbox 523 1896 544 1929; x_wconf 93' lang='lat'>5.</span> <span class='ocrx_word' id='word_1_393' title='bbox 564 1899 587 1923; x_wconf 86' lang='lat'>3.</span> <span class='ocrx_word' id='word_1_394' title='bbox 608 1898 640 1923; x_wconf 76' lang='grc'>(16</span> <span class='ocrx_word' id='word_1_395' title='bbox 658 1898 689 1924; x_wconf 79' lang='lat' dir='ltr'>R.</span> <span class='ocrx_word' id='word_1_396' title='bbox 710 1898 742 1924; x_wconf 81' lang='grc' dir='ltr'>Μ.</span> <span class='ocrx_word' id='word_1_397' title='bbox 764 1900 804 1924; x_wconf 83' lang='grc'>49.</span> <span class='ocrx_word' id='word_1_398' title='bbox 827 1900 865 1924; x_wconf 87' lang='grc'>16.</span> <span class='ocrx_word' id='word_1_399' title='bbox 898 1899 940 1925; x_wconf 82' lang='lat' dir='ltr'>III.</span> <span class='ocrx_word' id='word_1_400' title='bbox 966 1901 1031 1927; x_wconf 68' lang='lat' dir='ltr'>Gn.</span> 
     </span>
    </p>
   </div>
   <div class='ocr_carea' id='block_1_14' title="bbox 190 1938 1055 1974">
    <p class='ocr_par' dir='ltr' id='par_1_17' title="bbox 190 1938 1055 1974">
     <span class='ocr_line' id='line_1_44' title="bbox 190 1938 1055 1974; baseline 0.006 -11"><span class='ocrx_word' id='word_1_401' title='bbox 190 1938 248 1964; x_wconf 86' lang='lat' dir='ltr'>Etsi</span> <span class='ocrx_word' id='word_1_402' title='bbox 269 1943 319 1964; x_wconf 83' lang='lat' dir='ltr'>tam</span> <span class='ocrx_word' id='word_1_403' title='bbox 338 1939 538 1970; x_wconf 68' lang='lat' dir='ltr'>ignominiosam</span> <span class='ocrx_word' id='word_1_404' title='bbox 558 1939 663 1967; x_wconf 76' lang='lat' dir='ltr'>duxerit</span> <span class='ocrx_word' id='word_1_405' title='bbox 682 1951 789 1966; x_wconf 82' lang='lat' dir='ltr'>uxorem</span> <span class='ocrx_word' id='word_1_406' title='bbox 805 1940 886 1974; x_wconf 73' lang='lat' dir='ltr'>filiilS,</span> <span class='ocrx_word' id='word_1_407' title='bbox 907 1947 934 1968; x_wconf 89' lang='lat' dir='ltr'>ut</span> <span class='ocrx_word' id='word_1_408' title='bbox 954 1942 1032 1969; x_wconf 80' lang='lat' dir='ltr'>dede·</span> <span class='ocrx_word' id='word_1_409' title='bbox 1053 1944 1055 1964; x_wconf 66' lang='lat' dir='ltr'>l</span> 
     </span>
    </p>
   </div>
   <div class='ocr_carea' id='block_1_15' title="bbox 189 1982 1029 2093">
    <p class='ocr_par' dir='ltr' id='par_1_18' title="bbox 189 1982 1029 2093">
     <span class='ocr_line' id='line_1_45' title="bbox 190 1982 1029 2019; baseline 0.006 -12"><span class='ocrx_word' id='word_1_410' title='bbox 190 1982 245 2007; x_wconf 87' lang='lat' dir='ltr'>cori</span> <span class='ocrx_word' id='word_1_411' title='bbox 264 1982 299 2006; x_wconf 89' lang='lat' dir='ltr'>sit</span> <span class='ocrx_word' id='word_1_412' title='bbox 319 1985 368 2006; x_wconf 83' lang='lat' dir='ltr'>tam</span> <span class='ocrx_word' id='word_1_413' title='bbox 389 1982 454 2017; x_wconf 73' lang='lat' dir='ltr'>ipsi.</span> <span class='ocrx_word' id='word_1_414' title='bbox 475 1992 550 2017; x_wconf 84' lang='lat' dir='ltr'>quam</span> <span class='ocrx_word' id='word_1_415' title='bbox 570 1984 650 2019; x_wconf 76' lang='lat' dir='ltr'>patri,</span> <span class='ocrx_word' id='word_1_416' title='bbox 670 1983 806 2009; x_wconf 73' lang='lat' dir='ltr'>mulierem</span> <span class='ocrx_word' id='word_1_417' title='bbox 826 1984 903 2010; x_wconf 84' lang='lat' dir='ltr'>talem</span> <span class='ocrx_word' id='word_1_418' title='bbox 923 1984 1029 2012; x_wconf 78' lang='lat' dir='ltr'>habere.</span> 
     </span>
     <span class='ocr_line' id='line_1_46' title="bbox 189 2023 1028 2061; baseline 0.007 -12"><span class='ocrx_word' id='word_1_419' title='bbox 189 2023 219 2049; x_wconf 87' lang='lat' dir='ltr'>sr.</span> <span class='ocrx_word' id='word_1_420' title='bbox 239 2025 263 2050; x_wconf 85' lang='lat'>3.</span> <span class='ocrx_word' id='word_1_421' title='bbox 284 2024 305 2057; x_wconf 86' lang='lat'>5.</span> <span class='ocrx_word' id='word_1_422' title='bbox 325 2025 348 2049; x_wconf 82' lang='lat'>5.</span> <span class='ocrx_word' id='word_1_423' title='bbox 369 2023 401 2049; x_wconf 73' lang='lat' dir='ltr'>(le.</span> <span class='ocrx_word' id='word_1_424' title='bbox 420 2024 449 2050; x_wconf 86' lang='lat' dir='ltr'>B.</span> <span class='ocrx_word' id='word_1_425' title='bbox 470 2023 498 2050; x_wconf 91' lang='lat' dir='ltr'>P.</span> <span class='ocrx_word' id='word_1_426' title='bbox 519 2035 539 2051; x_wconf 85' lang='lat' dir='ltr'>c.</span> <span class='ocrx_word' id='word_1_427' title='bbox 559 2029 576 2050; x_wconf 84' lang='lat' dir='ltr'>t.</span> <span class='ocrx_word' id='word_1_428' title='bbox 596 2027 636 2051; x_wconf 77' lang='lat'>37.</span> <span class='ocrx_word' id='word_1_429' title='bbox 657 2027 678 2052; x_wconf 75' lang='lat'>4.</span> <span class='ocrx_word' id='word_1_430' title='bbox 701 2026 732 2052; x_wconf 79' lang='lat' dir='ltr'>cf.</span> <span class='ocrx_word' id='word_1_431' title='bbox 752 2027 781 2053; x_wconf 77' lang='lat' dir='ltr'>tr.</span> <span class='ocrx_word' id='word_1_432' title='bbox 802 2028 842 2053; x_wconf 78' lang='lat'>24.</span> <span class='ocrx_word' id='word_1_433' title='bbox 863 2028 884 2061; x_wconf 84' lang='lat'>5.</span> <span class='ocrx_word' id='word_1_434' title='bbox 903 2029 927 2054; x_wconf 88' lang='lat'>·3.</span> <span class='ocrx_word' id='word_1_435' title='bbox 948 2028 980 2054; x_wconf 83' lang='lat' dir='ltr'>ad</span> <span class='ocrx_word' id='word_1_436' title='bbox 999 2028 1028 2055; x_wconf 89' lang='lat' dir='ltr'>L.</span> 
     </span>
     <span class='ocr_line' id='line_1_47' title="bbox 189 2066 491 2093; baseline 0 -1"><span class='ocrx_word' id='word_1_437' title='bbox 189 2066 234 2092; x_wconf 80' lang='lat' dir='ltr'>Iul.</span> <span class='ocrx_word' id='word_1_438' title='bbox 256 2066 288 2092; x_wconf 86' lang='lat' dir='ltr'>dc</span> <span class='ocrx_word' id='word_1_439' title='bbox 308 2066 386 2092; x_wconf 85' lang='lat' dir='ltr'>adult.</span> <span class='ocrx_word' id='word_1_440' title='bbox 407 2068 447 2092; x_wconf 72' lang='grc'>48.</span> <span class='ocrx_word' id='word_1_441' title='bbox 468 2069 491 2093; x_wconf 92' lang='lat'>5.</span> 
     </span>
    </p>
   </div>
   <div class='ocr_carea' id='block_1_16' title="bbox 224 2108 1052 2148">
    <p class='ocr_par' dir='ltr' id='par_1_19' title="bbox 224 2108 1052 2148">
     <span class='ocr_line' id='line_1_48' title="bbox 224 2108 1052 2148; baseline 0.006 -13"><span class='ocrx_word' id='word_1_442' title='bbox 224 2110 424 2142; x_wconf 67' lang='lat' dir='ltr'>IgnoranS.</span> <span class='ocrx_word' id='word_1_443' title='bbox 446 2108 565 2143; x_wconf 53' lang='lat' dir='ltr'>(partie.)</span> <span class='ocrx_word' id='word_1_444' title='bbox 590 2112 750 2146; x_wconf 78' lang='lat' dir='ltr'>Ignarus,</span> <span class='ocrx_word' id='word_1_445' title='bbox 771 2114 906 2139; x_wconf 74' lang='lat' dir='ltr'>Inscius.</span> <span class='ocrx_word' id='word_1_446' title='bbox 927 2113 946 2139; x_wconf 95' lang='grc' dir='ltr'>Ι.</span> <span class='ocrx_word' id='word_1_447' title='bbox 966 2115 1028 2148; x_wconf 74' lang='lat' dir='ltr'>SJ.</span> <span class='ocrx_word' id='word_1_448' title='bbox 1050 2126 1052 2140; x_wconf 66' lang='lat' dir='ltr'>J</span> 
     </span>
    </p>
   </div>
   <div class='ocr_carea' id='block_1_17' title="bbox 188 2150 1028 2402">
    <p class='ocr_par' dir='ltr' id='par_1_20' title="bbox 188 2150 1028 2402">
     <span class='ocr_line' id='line_1_49' title="bbox 190 2150 1028 2190; baseline 0.007 -14"><span class='ocrx_word' id='word_1_449' title='bbox 190 2150 303 2185; x_wconf 76' lang='lat' dir='ltr'>Ignarus.</span> <span class='ocrx_word' id='word_1_450' title='bbox 323 2151 363 2178; x_wconf 90' lang='lat' dir='ltr'>Cl.</span> <span class='ocrx_word' id='word_1_451' title='bbox 384 2152 408 2178; x_wconf 81' lang='lat' dir='ltr'>h.</span> <span class='ocrx_word' id='word_1_452' title='bbox 429 2162 452 2179; x_wconf 77' lang='lat' dir='ltr'>v.</span> <span class='ocrx_word' id='word_1_453' title='bbox 488 2152 518 2179; x_wconf 88' lang='lat' dir='ltr'>II.</span> <span class='ocrx_word' id='word_1_454' title='bbox 541 2155 607 2186; x_wconf 82' lang='lat' dir='ltr'>Op.</span> <span class='ocrx_word' id='word_1_455' title='bbox 627 2154 729 2181; x_wconf 74' lang='lat' dir='ltr'>Sciens.</span> <span class='ocrx_word' id='word_1_456' title='bbox 749 2154 821 2181; x_wconf 87' lang='lat' dir='ltr'>Paul.</span> <span class='ocrx_word' id='word_1_457' title='bbox 842 2155 871 2182; x_wconf 91' lang='lat' dir='ltr'>II.</span> <span class='ocrx_word' id='word_1_458' title='bbox 891 2157 932 2182; x_wconf 84' lang='lat'>21.</span> <span class='ocrx_word' id='word_1_459' title='bbox 945 2156 974 2182; x_wconf 87' lang='lat' dir='ltr'>A.</span> <span class='ocrx_word' id='word_1_460' title='bbox 991 2157 1028 2190; x_wconf 86' lang='lat'>55.</span> 
     </span>
     <span class='ocr_line' id='line_1_50' title="bbox 189 2193 1028 2231; baseline 0.01 -13"><span class='ocrx_word' id='word_1_461' title='bbox 189 2194 212 2218; x_wconf 83' lang='lat'>6.</span> <span class='ocrx_word' id='word_1_462' title='bbox 232 2203 270 2229; x_wconf 74' lang='lat' dir='ltr'>sq.</span> <span class='ocrx_word' id='word_1_463' title='bbox 289 2193 319 2220; x_wconf 84' lang='lat' dir='ltr'>fr.</span> <span class='ocrx_word' id='word_1_464' title='bbox 346 2195 381 2228; x_wconf 83' lang='lat'>55.</span> <span class='ocrx_word' id='word_1_465' title='bbox 401 2197 443 2221; x_wconf 93' lang='lat'>21.</span> <span class='ocrx_word' id='word_1_466' title='bbox 463 2205 502 2231; x_wconf 87' lang='lat' dir='ltr'>sq.</span> <span class='ocrx_word' id='word_1_467' title='bbox 526 2195 558 2222; x_wconf 83' lang='lat' dir='ltr'>de</span> <span class='ocrx_word' id='word_1_468' title='bbox 577 2196 603 2222; x_wconf 91' lang='lat' dir='ltr'>S.</span> <span class='ocrx_word' id='word_1_469' title='bbox 625 2196 655 2223; x_wconf 90' lang='lat' dir='ltr'>C.</span> <span class='ocrx_word' id='word_1_470' title='bbox 675 2197 756 2224; x_wconf 86' lang='lat' dir='ltr'>Silan.</span> <span class='ocrx_word' id='word_1_471' title='bbox 775 2199 816 2224; x_wconf 76' lang='lat'>29.</span> <span class='ocrx_word' id='word_1_472' title='bbox 836 2200 860 2224; x_wconf 86' lang='lat'>5.</span> <span class='ocrx_word' id='word_1_473' title='bbox 897 2198 940 2225; x_wconf 91' lang='lat' dir='ltr'>III.</span> <span class='ocrx_word' id='word_1_474' title='bbox 962 2200 1028 2226; x_wconf 76' lang='lat' dir='ltr'>Cn.</span> 
     </span>
     <span class='ocr_line' id='line_1_51' title="bbox 189 2235 1026 2278; baseline 0.008 -17"><span class='ocrx_word' id='word_1_475' title='bbox 189 2235 342 2272; x_wconf 80' lang='lat' dir='ltr'>Imprudens</span> <span class='ocrx_word' id='word_1_476' title='bbox 361 2247 416 2263; x_wconf 81' lang='lat' dir='ltr'>rem</span> <span class='ocrx_word' id='word_1_477' title='bbox 434 2247 517 2264; x_wconf 81' lang='lat' dir='ltr'>meam</span> <span class='ocrx_word' id='word_1_478' title='bbox 536 2240 631 2269; x_wconf 78' lang='lat' dir='ltr'>emisti,</span> <span class='ocrx_word' id='word_1_479' title='bbox 651 2244 677 2265; x_wconf 75' lang='lat' dir='ltr'>et</span> <span class='ocrx_word' id='word_1_480' title='bbox 689 2241 811 2276; x_wconf 74' lang='lat' dir='ltr'>ignorans</span> <span class='ocrx_word' id='word_1_481' title='bbox 831 2243 984 2278; x_wconf 58' lang='lat' dir='ltr'>usuca—pisti.</span> <span class='ocrx_word' id='word_1_482' title='bbox 996 2242 1026 2268; x_wconf 85' lang='lat' dir='ltr'>fr.</span> 
     </span>
     <span class='ocr_line' id='line_1_52' title="bbox 191 2278 1027 2320; baseline 0.008 -17"><span class='ocrx_word' id='word_1_483' title='bbox 191 2279 229 2303; x_wconf 88' lang='lat'>19.</span> <span class='ocrx_word' id='word_1_484' title='bbox 249 2278 269 2310; x_wconf 88' lang='lat'>5.</span> <span class='ocrx_word' id='word_1_485' title='bbox 290 2280 313 2303; x_wconf 87' lang='grc'>3.</span> <span class='ocrx_word' id='word_1_486' title='bbox 338 2279 370 2305; x_wconf 84' lang='lat' dir='ltr'>de</span> <span class='ocrx_word' id='word_1_487' title='bbox 388 2280 419 2307; x_wconf 81' lang='lat' dir='ltr'>N.</span> <span class='ocrx_word' id='word_1_488' title='bbox 440 2280 470 2307; x_wconf 91' lang='lat' dir='ltr'>G.</span> <span class='ocrx_word' id='word_1_489' title='bbox 496 2282 519 2306; x_wconf 88' lang='lat'>3.</span> <span class='ocrx_word' id='word_1_490' title='bbox 539 2284 563 2307; x_wconf 87' lang='lat'>5.</span> <span class='ocrx_word' id='word_1_491' title='bbox 600 2281 754 2313; x_wconf 76' lang='lat' dir='ltr'>Praesente,</span> <span class='ocrx_word' id='word_1_492' title='bbox 774 2288 800 2309; x_wconf 78' lang='lat' dir='ltr'>et</span> <span class='ocrx_word' id='word_1_493' title='bbox 819 2293 871 2309; x_wconf 86' lang='lat' dir='ltr'>uon</span> <span class='ocrx_word' id='word_1_494' title='bbox 891 2285 1027 2320; x_wconf 64' lang='lat' dir='ltr'>ignorante</span> 
     </span>
     <span class='ocr_line' id='line_1_53' title="bbox 189 2320 1027 2358; baseline 0.011 -14"><span class='ocrx_word' id='word_1_495' title='bbox 189 2320 387 2357; x_wconf 79' lang='lat' dir='ltr'>(promissore.)</span> <span class='ocrx_word' id='word_1_496' title='bbox 412 2322 441 2349; x_wconf 78' lang='lat' dir='ltr'>fr.</span> <span class='ocrx_word' id='word_1_497' title='bbox 461 2325 502 2350; x_wconf 84' lang='lat'>56.</span> <span class='ocrx_word' id='word_1_498' title='bbox 527 2324 549 2358; x_wconf 86' lang='lat'>5.</span> <span class='ocrx_word' id='word_1_499' title='bbox 568 2325 592 2350; x_wconf 97' lang='lat'>4.</span> <span class='ocrx_word' id='word_1_500' title='bbox 613 2324 645 2351; x_wconf 87' lang='lat' dir='ltr'>de</span> <span class='ocrx_word' id='word_1_501' title='bbox 669 2326 789 2351; x_wconf 69' lang='lat' dir='ltr'>eviction.</span> <span class='ocrx_word' id='word_1_502' title='bbox 809 2327 850 2351; x_wconf 89' lang='lat'>21.</span> <span class='ocrx_word' id='word_1_503' title='bbox 869 2328 893 2352; x_wconf 88' lang='lat'>2.</span> <span class='ocrx_word' id='word_1_504' title='bbox 930 2327 965 2353; x_wconf 86' lang='lat' dir='ltr'>Et</span> <span class='ocrx_word' id='word_1_505' title='bbox 983 2327 1027 2353; x_wconf 86' lang='lat' dir='ltr'>ab·</span> 
     </span>
     <span class='ocr_line' id='line_1_54' title="bbox 188 2364 1025 2402; baseline 0.011 -15"><span class='ocrx_word' id='word_1_506' title='bbox 188 2368 271 2393; x_wconf 71' lang='lat' dir='ltr'>sonte,</span> <span class='ocrx_word' id='word_1_507' title='bbox 291 2367 316 2388; x_wconf 86' lang='lat' dir='ltr'>et</span> <span class='ocrx_word' id='word_1_508' title='bbox 336 2364 469 2399; x_wconf 70' lang='lat' dir='ltr'>ignorante</span> <span class='ocrx_word' id='word_1_509' title='bbox 488 2366 676 2399; x_wconf 77' lang='lat' dir='ltr'>(adversario.)</span> <span class='ocrx_word' id='word_1_510' title='bbox 697 2368 753 2394; x_wconf 86' lang='lat' dir='ltr'>Gai.</span> <span class='ocrx_word' id='word_1_511' title='bbox 774 2367 816 2394; x_wconf 86' lang='lat' dir='ltr'>IV.</span> <span class='ocrx_word' id='word_1_512' title='bbox 837 2369 877 2394; x_wconf 76' lang='grc'>84.</span> <span class='ocrx_word' id='word_1_513' title='bbox 916 2369 1025 2402; x_wconf 71' lang='lat' dir='ltr'>Invitus,</span> 
     </span>
    </p>
   </div>
   <div class='ocr_carea' id='block_1_18' title="bbox 188 2405 1049 2447">
    <p class='ocr_par' dir='ltr' id='par_1_21' title="bbox 188 2405 1049 2447">
     <span class='ocr_line' id='line_1_55' title="bbox 188 2405 1049 2447; baseline 0.009 -17"><span class='ocrx_word' id='word_1_514' title='bbox 188 2405 231 2431; x_wconf 74' lang='lat' dir='ltr'>vel</span> <span class='ocrx_word' id='word_1_515' title='bbox 250 2406 380 2441; x_wconf 65' lang='lat' dir='ltr'>ignorans</span> <span class='ocrx_word' id='word_1_516' title='bbox 402 2406 456 2433; x_wconf 86' lang='lat' dir='ltr'>Gai.</span> <span class='ocrx_word' id='word_1_517' title='bbox 475 2408 518 2435; x_wconf 90' lang='lat' dir='ltr'>III.</span> <span class='ocrx_word' id='word_1_518' title='bbox 538 2411 577 2435; x_wconf 77' lang='lat'>72.</span> <span class='ocrx_word' id='word_1_519' title='bbox 599 2420 637 2447; x_wconf 86' lang='lat' dir='ltr'>sq.</span> <span class='ocrx_word' id='word_1_520' title='bbox 658 2410 729 2437; x_wconf 85' lang='lat' dir='ltr'>Paul.</span> <span class='ocrx_word' id='word_1_521' title='bbox 750 2410 779 2437; x_wconf 91' lang='grc'>11.</span> <span class='ocrx_word' id='word_1_522' title='bbox 799 2412 840 2437; x_wconf 88' lang='grc'>21.</span> <span class='ocrx_word' id='word_1_523' title='bbox 860 2411 891 2437; x_wconf 86' lang='grc' dir='ltr'>Α.</span> <span class='ocrx_word' id='word_1_524' title='bbox 911 2412 932 2444; x_wconf 91' lang='lat'>5.</span> <span class='ocrx_word' id='word_1_525' title='bbox 952 2413 975 2438; x_wconf 90' lang='lat'>9.</span> <span class='ocrx_word' id='word_1_526' title='bbox 996 2412 1026 2439; x_wconf 79' lang='lat' dir='ltr'>fr.</span> <span class='ocrx_word' id='word_1_527' title='bbox 1047 2428 1049 2439; x_wconf 68' lang='grc' dir='ltr'>ι</span> 
     </span>
    </p>
   </div>
   <div class='ocr_carea' id='block_1_19' title="bbox 185 2448 1025 2815">
    <p class='ocr_par' dir='ltr' id='par_1_22' title="bbox 185 2448 1025 2815">
     <span class='ocr_line' id='line_1_56' title="bbox 189 2448 1025 2491; baseline 0.011 -18"><span class='ocrx_word' id='word_1_528' title='bbox 189 2450 229 2473; x_wconf 75' lang='grc'>79.</span> <span class='ocrx_word' id='word_1_529' title='bbox 249 2448 270 2480; x_wconf 83' lang='lat'>5.</span> <span class='ocrx_word' id='word_1_530' title='bbox 294 2450 314 2475; x_wconf 95' lang='lat' dir='ltr'>l.</span> <span class='ocrx_word' id='word_1_531' title='bbox 336 2448 368 2474; x_wconf 84' lang='grc'>(16</span> <span class='ocrx_word' id='word_1_532' title='bbox 387 2448 417 2475; x_wconf 80' lang='lat' dir='ltr'>V.</span> <span class='ocrx_word' id='word_1_533' title='bbox 438 2448 464 2475; x_wconf 90' lang='lat' dir='ltr'>S.</span> <span class='ocrx_word' id='word_1_534' title='bbox 484 2452 524 2476; x_wconf 86' lang='lat'>50.</span> <span class='ocrx_word' id='word_1_535' title='bbox 544 2454 583 2478; x_wconf 89' lang='grc'>16.</span> <span class='ocrx_word' id='word_1_536' title='bbox 604 2453 633 2480; x_wconf 85' lang='lat' dir='ltr'>fr.</span> <span class='ocrx_word' id='word_1_537' title='bbox 653 2455 694 2480; x_wconf 82' lang='lat'>26.</span> <span class='ocrx_word' id='word_1_538' title='bbox 715 2455 747 2479; x_wconf 79' lang='lat' dir='ltr'>(le</span> <span class='ocrx_word' id='word_1_539' title='bbox 766 2453 796 2479; x_wconf 85' lang='lat' dir='ltr'>R.</span> <span class='ocrx_word' id='word_1_540' title='bbox 811 2453 828 2479; x_wconf 96' lang='lat' dir='ltr'>I.</span> <span class='ocrx_word' id='word_1_541' title='bbox 843 2455 883 2480; x_wconf 88' lang='lat'>50.</span> <span class='ocrx_word' id='word_1_542' title='bbox 902 2456 940 2480; x_wconf 85' lang='lat'>17.</span> <span class='ocrx_word' id='word_1_543' title='bbox 964 2454 1025 2491; x_wconf 85' lang='lat' dir='ltr'>Ipso</span> 
     </span>
     <span class='ocr_line' id='line_1_57' title="bbox 188 2491 1024 2529; baseline 0.008 -13"><span class='ocrx_word' id='word_1_544' title='bbox 188 2492 251 2516; x_wconf 76' lang='lat' dir='ltr'>inre.</span> <span class='ocrx_word' id='word_1_545' title='bbox 272 2491 348 2516; x_wconf 79' lang='lat' dir='ltr'>etiam</span> <span class='ocrx_word' id='word_1_546' title='bbox 362 2492 519 2527; x_wconf 68' lang='lat' dir='ltr'>ignorantes,</span> <span class='ocrx_word' id='word_1_547' title='bbox 534 2497 728 2522; x_wconf 87' lang='lat' dir='ltr'>constituuntur</span> <span class='ocrx_word' id='word_1_548' title='bbox 742 2497 791 2529; x_wconf 84' lang='lat' dir='ltr'>(sc.</span> <span class='ocrx_word' id='word_1_549' title='bbox 806 2496 938 2529; x_wconf 74' lang='lat' dir='ltr'>heredes.)</span> <span class='ocrx_word' id='word_1_550' title='bbox 953 2496 1024 2525; x_wconf 87' lang='lat' dir='ltr'>Paul.</span> 
     </span>
     <span class='ocr_line' id='line_1_58' title="bbox 188 2532 1023 2575; baseline 0.012 -18"><span class='ocrx_word' id='word_1_551' title='bbox 188 2532 230 2559; x_wconf 87' lang='lat' dir='ltr'>IV.</span> <span class='ocrx_word' id='word_1_552' title='bbox 251 2534 273 2559; x_wconf 58' lang='lat'>8.</span> <span class='ocrx_word' id='word_1_553' title='bbox 294 2533 314 2565; x_wconf 77' lang='lat'>5.</span> <span class='ocrx_word' id='word_1_554' title='bbox 335 2536 358 2558; x_wconf 85' lang='lat'>5.</span> <span class='ocrx_word' id='word_1_555' title='bbox 395 2534 480 2559; x_wconf 86' lang='lat' dir='ltr'>Etiam</span> <span class='ocrx_word' id='word_1_556' title='bbox 499 2535 677 2570; x_wconf 77' lang='lat' dir='ltr'>ignorantibus</span> <span class='ocrx_word' id='word_1_557' title='bbox 697 2539 813 2575; x_wconf 79' lang='lat' dir='ltr'>adquiri.</span> <span class='ocrx_word' id='word_1_558' title='bbox 834 2549 854 2565; x_wconf 87' lang='lat' dir='ltr'>s.</span> <span class='ocrx_word' id='word_1_559' title='bbox 875 2541 971 2575; x_wconf 79' lang='lat' dir='ltr'>quaeri.</span> <span class='ocrx_word' id='word_1_560' title='bbox 992 2541 1023 2567; x_wconf 86' lang='lat' dir='ltr'>fr.</span> 
     </span>
     <span class='ocr_line' id='line_1_59' title="bbox 188 2576 1022 2619; baseline 0.011 -19"><span class='ocrx_word' id='word_1_561' title='bbox 188 2577 227 2602; x_wconf 84' lang='grc'>16,</span> <span class='ocrx_word' id='word_1_562' title='bbox 248 2577 269 2609; x_wconf 81' lang='lat'>5.</span> <span class='ocrx_word' id='word_1_563' title='bbox 292 2578 312 2601; x_wconf 95' lang='lat'>1.</span> <span class='ocrx_word' id='word_1_564' title='bbox 334 2576 384 2610; x_wconf 73' lang='lat' dir='ltr'>Qu.</span> <span class='ocrx_word' id='word_1_565' title='bbox 405 2581 505 2602; x_wconf 80' lang='lat' dir='ltr'>testam.</span> <span class='ocrx_word' id='word_1_566' title='bbox 531 2577 576 2604; x_wconf 83' lang='lat' dir='ltr'>fac.</span> <span class='ocrx_word' id='word_1_567' title='bbox 602 2590 627 2616; x_wconf 86' lang='lat' dir='ltr'>p.</span> <span class='ocrx_word' id='word_1_568' title='bbox 646 2583 687 2607; x_wconf 77' lang='grc'>28.</span> <span class='ocrx_word' id='word_1_569' title='bbox 709 2584 730 2608; x_wconf 95' lang='lat' dir='ltr'>l.</span> <span class='ocrx_word' id='word_1_570' title='bbox 756 2582 786 2608; x_wconf 86' lang='lat' dir='ltr'>sr.</span> <span class='ocrx_word' id='word_1_571' title='bbox 805 2583 846 2608; x_wconf 81' lang='lat'>24.</span> <span class='ocrx_word' id='word_1_572' title='bbox 872 2592 910 2619; x_wconf 77' lang='lat' dir='ltr'>pr.</span> <span class='ocrx_word' id='word_1_573' title='bbox 938 2582 970 2609; x_wconf 83' lang='lat' dir='ltr'>de</span> <span class='ocrx_word' id='word_1_574' title='bbox 990 2583 1022 2610; x_wconf 91' lang='grc' dir='ltr'>Ο,</span> 
     </span>
     <span class='ocr_line' id='line_1_60' title="bbox 187 2618 1022 2661; baseline 0.011 -18"><span class='ocrx_word' id='word_1_575' title='bbox 187 2623 212 2644; x_wconf 71' lang='lat' dir='ltr'>et</span> <span class='ocrx_word' id='word_1_576' title='bbox 230 2618 260 2644; x_wconf 87' lang='lat' dir='ltr'>A.</span> <span class='ocrx_word' id='word_1_577' title='bbox 282 2620 321 2644; x_wconf 73' lang='lat'>44.</span> <span class='ocrx_word' id='word_1_578' title='bbox 343 2620 364 2644; x_wconf 81' lang='lat'>7.</span> <span class='ocrx_word' id='word_1_579' title='bbox 402 2618 539 2654; x_wconf 76' lang='lat' dir='ltr'>Ignorans,</span> <span class='ocrx_word' id='word_1_580' title='bbox 565 2631 596 2646; x_wconf 86' lang='lat' dir='ltr'>au</span> <span class='ocrx_word' id='word_1_581' title='bbox 621 2622 726 2655; x_wconf 83' lang='lat' dir='ltr'>(habeat</span> <span class='ocrx_word' id='word_1_582' title='bbox 750 2624 870 2656; x_wconf 80' lang='lat' dir='ltr'>liberos.)</span> <span class='ocrx_word' id='word_1_583' title='bbox 890 2625 1022 2661; x_wconf 73' lang='lat' dir='ltr'>IgnoranS.</span> 
     </span>
     <span class='ocr_line' id='line_1_61' title="bbox 187 2661 1023 2700; baseline 0.012 -15"><span class='ocrx_word' id='word_1_584' title='bbox 187 2662 230 2697; x_wconf 84' lang='lat' dir='ltr'>qui</span> <span class='ocrx_word' id='word_1_585' title='bbox 250 2665 346 2687; x_wconf 80' lang='lat' dir='ltr'>essent.</span> <span class='ocrx_word' id='word_1_586' title='bbox 366 2661 386 2694; x_wconf 85' lang='lat'>5.</span> <span class='ocrx_word' id='word_1_587' title='bbox 407 2663 430 2687; x_wconf 87' lang='grc'>6.</span> <span class='ocrx_word' id='word_1_588' title='bbox 450 2661 468 2687; x_wconf 95' lang='grc' dir='ltr'>Ι.</span> <span class='ocrx_word' id='word_1_589' title='bbox 488 2661 521 2688; x_wconf 82' lang='lat' dir='ltr'>de</span> <span class='ocrx_word' id='word_1_590' title='bbox 541 2662 629 2689; x_wconf 75' lang='lat' dir='ltr'>exhor.</span> <span class='ocrx_word' id='word_1_591' title='bbox 648 2664 721 2692; x_wconf 90' lang='lat' dir='ltr'>liber.</span> <span class='ocrx_word' id='word_1_592' title='bbox 741 2668 765 2692; x_wconf 82' lang='lat'>2.</span> <span class='ocrx_word' id='word_1_593' title='bbox 786 2668 825 2694; x_wconf 81' lang='grc'>13.</span> <span class='ocrx_word' id='word_1_594' title='bbox 850 2667 871 2700; x_wconf 86' lang='lat'>5.</span> <span class='ocrx_word' id='word_1_595' title='bbox 892 2669 931 2694; x_wconf 86' lang='lat'>12.</span> <span class='ocrx_word' id='word_1_596' title='bbox 952 2668 969 2695; x_wconf 94' lang='lat' dir='ltr'>I.</span> <span class='ocrx_word' id='word_1_597' title='bbox 990 2668 1023 2695; x_wconf 87' lang='lat' dir='ltr'>de</span> 
     </span>
     <span class='ocr_line' id='line_1_62' title="bbox 185 2702 1022 2747; baseline 0.012 -19"><span class='ocrx_word' id='word_1_598' title='bbox 185 2702 273 2729; x_wconf 76' lang='lat' dir='ltr'>liered.</span> <span class='ocrx_word' id='word_1_599' title='bbox 293 2703 353 2729; x_wconf 90' lang='lat' dir='ltr'>inst.</span> <span class='ocrx_word' id='word_1_600' title='bbox 374 2705 396 2729; x_wconf 89' lang='grc'>2.</span> <span class='ocrx_word' id='word_1_601' title='bbox 417 2705 457 2730; x_wconf 87' lang='grc'>14.</span> <span class='ocrx_word' id='word_1_602' title='bbox 495 2704 557 2731; x_wconf 86' lang='lat' dir='ltr'>Sive</span> <span class='ocrx_word' id='word_1_603' title='bbox 571 2706 693 2738; x_wconf 75' lang='lat' dir='ltr'>scientes,</span> <span class='ocrx_word' id='word_1_604' title='bbox 713 2709 769 2735; x_wconf 84' lang='lat' dir='ltr'>sive</span> <span class='ocrx_word' id='word_1_605' title='bbox 782 2710 931 2745; x_wconf 74' lang='lat' dir='ltr'>ignorantes</span> <span class='ocrx_word' id='word_1_606' title='bbox 946 2711 1022 2747; x_wconf 87' lang='lat' dir='ltr'>(quid</span> 
     </span>
     <span class='ocr_line' id='line_1_63' title="bbox 186 2746 1019 2790; baseline 0.013 -20"><span class='ocrx_word' id='word_1_607' title='bbox 186 2750 264 2777; x_wconf 71' lang='lat' dir='ltr'>esset.</span> <span class='ocrx_word' id='word_1_608' title='bbox 284 2746 355 2782; x_wconf 88' lang='lat' dir='ltr'>quod</span> <span class='ocrx_word' id='word_1_609' title='bbox 375 2748 635 2781; x_wconf 60' lang='lat' dir='ltr'>comminisceretur.)</span> <span class='ocrx_word' id='word_1_610' title='bbox 656 2748 685 2774; x_wconf 90' lang='lat' dir='ltr'>fr.</span> <span class='ocrx_word' id='word_1_611' title='bbox 708 2751 728 2775; x_wconf 92' lang='lat' dir='ltr'>l.</span> <span class='ocrx_word' id='word_1_612' title='bbox 748 2750 807 2783; x_wconf 86' lang='lat'>5.1.</span> <span class='ocrx_word' id='word_1_613' title='bbox 827 2752 860 2778; x_wconf 85' lang='lat' dir='ltr'>de</span> <span class='ocrx_word' id='word_1_614' title='bbox 880 2763 910 2779; x_wconf 86' lang='lat' dir='ltr'>eo</span> <span class='ocrx_word' id='word_1_615' title='bbox 930 2764 954 2790; x_wconf 85' lang='lat' dir='ltr'>p.</span> <span class='ocrx_word' id='word_1_616' title='bbox 976 2764 1019 2790; x_wconf 92' lang='lat' dir='ltr'>qu.</span> 
     </span>
     <span class='ocr_line' id='line_1_64' title="bbox 186 2786 349 2815; baseline 0.006 -3"><span class='ocrx_word' id='word_1_617' title='bbox 186 2786 243 2814; x_wconf 77' lang='lat' dir='ltr'>fact.</span> <span class='ocrx_word' id='word_1_618' title='bbox 262 2790 285 2815; x_wconf 84' lang='lat'>2.</span> <span class='ocrx_word' id='word_1_619' title='bbox 310 2791 349 2814; x_wconf 87' lang='lat'>10.</span> 
     </span>
    </p>
   </div>
   <div class='ocr_carea' id='block_1_20' title="bbox 401 1807 1056 1848">
    <p class='ocr_par' dir='ltr' id='par_1_23' title="bbox 401 1807 1056 1848">
     <span class='ocr_line' id='line_1_65' title="bbox 401 1807 1056 1848; baseline 0.009 -12"><span class='ocrx_word' id='word_1_620' title='bbox 401 1810 508 1844; x_wconf 64' lang='lat'>1101).</span> <span class='ocrx_word' id='word_1_621' title='bbox 528 1811 653 1843; x_wconf 78' lang='lat' dir='ltr'>Honesta,</span> <span class='ocrx_word' id='word_1_622' title='bbox 673 1823 693 1839; x_wconf 87' lang='lat' dir='ltr'>s.</span> <span class='ocrx_word' id='word_1_623' title='bbox 714 1813 788 1848; x_wconf 80' lang='lat' dir='ltr'>Quae</span> <span class='ocrx_word' id='word_1_624' title='bbox 808 1823 860 1839; x_wconf 79' lang='lat' dir='ltr'>non</span> <span class='ocrx_word' id='word_1_625' title='bbox 880 1814 961 1841; x_wconf 81' lang='lat' dir='ltr'>laedit</span> <span class='ocrx_word' id='word_1_626' title='bbox 980 1816 1033 1841; x_wconf 77' lang='lat' dir='ltr'>exi·</span> <span class='ocrx_word' id='word_1_627' title='bbox 1054 1807 1056 1835; x_wconf 73' lang='lat'>·]</span> 
     </span>
    </p>
   </div>
   <div class='ocr_carea' id='block_1_21' title="bbox 1875 157 1938 186">
    <p class='ocr_par' dir='ltr' id='par_1_24' title="bbox 1875 157 1938 186">
     <span class='ocr_line' id='line_1_66' title="bbox 1875 157 1938 186; baseline 0 0"><span class='ocrx_word' id='word_1_628' title='bbox 1875 157 1938 186; x_wconf 85' lang='lat'>429</span> 
     </span>
    </p>
   </div>
   <div class='ocr_carea' id='block_1_22' title="bbox 1048 235 1934 2792">
    <p class='ocr_par' dir='ltr' id='par_1_25' title="bbox 1072 235 1933 358">
     <span class='ocr_line' id='line_1_67' title="bbox 1073 235 1932 271; baseline 0.002 -10"><span class='ocrx_word' id='word_1_629' title='bbox 1073 236 1074 258; x_wconf 82' lang='lat' dir='ltr'>l</span> <span class='ocrx_word' id='word_1_630' title='bbox 1132 235 1369 269; x_wconf 73' lang='lat' dir='ltr'>Ignorantia.</span> <span class='ocrx_word' id='word_1_631' title='bbox 1408 237 1562 263; x_wconf 72' lang='lat' dir='ltr'>lust-ilia.</span> <span class='ocrx_word' id='word_1_632' title='bbox 1583 236 1600 263; x_wconf 93' lang='grc' dir='ltr'>Ι.</span> <span class='ocrx_word' id='word_1_633' title='bbox 1613 238 1675 271; x_wconf 78' lang='lat' dir='ltr'>Sy.</span> <span class='ocrx_word' id='word_1_634' title='bbox 1694 237 1783 263; x_wconf 87' lang='lat' dir='ltr'>Error.</span> <span class='ocrx_word' id='word_1_635' title='bbox 1804 236 1844 263; x_wconf 80' lang='lat' dir='ltr'>Cf.</span> <span class='ocrx_word' id='word_1_636' title='bbox 1865 236 1889 263; x_wconf 89' lang='lat' dir='ltr'>h.</span> <span class='ocrx_word' id='word_1_637' title='bbox 1909 247 1932 263; x_wconf 96' lang='lat' dir='ltr'>v.</span> 
     </span>
     <span class='ocr_line' id='line_1_68' title="bbox 1072 277 1933 316; baseline 0.005 -14"><span class='ocrx_word' id='word_1_638' title='bbox 1072 293 1074 316; x_wconf 28' lang='grc' dir='ltr'><strong>ὃ</strong></span> <span class='ocrx_word' id='word_1_639' title='bbox 1095 278 1116 310; x_wconf 86' lang='lat'>5.</span> <span class='ocrx_word' id='word_1_640' title='bbox 1136 281 1159 303; x_wconf 82' lang='lat'>2.</span> <span class='ocrx_word' id='word_1_641' title='bbox 1198 277 1335 314; x_wconf 80' lang='lat' dir='ltr'>Ignoratio.</span> <span class='ocrx_word' id='word_1_642' title='bbox 1357 277 1396 304; x_wconf 81' lang='lat' dir='ltr'>Cf.</span> <span class='ocrx_word' id='word_1_643' title='bbox 1417 278 1442 304; x_wconf 85' lang='lat' dir='ltr'>h.</span> <span class='ocrx_word' id='word_1_644' title='bbox 1462 289 1486 304; x_wconf 82' lang='lat' dir='ltr'>v.</span> <span class='ocrx_word' id='word_1_645' title='bbox 1524 279 1554 305; x_wconf 92' lang='lat' dir='ltr'>II.</span> <span class='ocrx_word' id='word_1_646' title='bbox 1572 281 1638 313; x_wconf 73' lang='lat' dir='ltr'>Op.</span> <span class='ocrx_word' id='word_1_647' title='bbox 1659 279 1782 306; x_wconf 86' lang='lat' dir='ltr'>Scieutia.</span> <span class='ocrx_word' id='word_1_648' title='bbox 1802 279 1832 306; x_wconf 84' lang='lat' dir='ltr'>fr.</span> <span class='ocrx_word' id='word_1_649' title='bbox 1851 281 1875 306; x_wconf 87' lang='lat'>5.</span> <span class='ocrx_word' id='word_1_650' title='bbox 1894 289 1933 316; x_wconf 84' lang='lat' dir='ltr'>sq.</span> 
     </span>
     <span class='ocr_line' id='line_1_69' title="bbox 1072 320 1933 358; baseline 0.002 -12"><span class='ocrx_word' id='word_1_651' title='bbox 1072 326 1073 330; x_wconf 63' lang='lat'>¹</span> <span class='ocrx_word' id='word_1_652' title='bbox 1095 320 1124 346; x_wconf 86' lang='lat' dir='ltr'>sr.</span> <span class='ocrx_word' id='word_1_653' title='bbox 1145 322 1168 346; x_wconf 85' lang='lat'>9.</span> <span class='ocrx_word' id='word_1_654' title='bbox 1188 320 1209 354; x_wconf 89' lang='lat'>5.</span> <span class='ocrx_word' id='word_1_655' title='bbox 1229 323 1253 346; x_wconf 88' lang='lat'>2.</span> <span class='ocrx_word' id='word_1_656' title='bbox 1273 320 1306 347; x_wconf 83' lang='grc'>(16</span> <span class='ocrx_word' id='word_1_657' title='bbox 1326 321 1372 346; x_wconf 88' lang='lat' dir='ltr'>iur.</span> <span class='ocrx_word' id='word_1_658' title='bbox 1394 325 1419 346; x_wconf 69' lang='lat' dir='ltr'>vt</span> <span class='ocrx_word' id='word_1_659' title='bbox 1439 320 1498 347; x_wconf 78' lang='lat' dir='ltr'>sacti</span> <span class='ocrx_word' id='word_1_660' title='bbox 1519 323 1569 356; x_wconf 62' lang='lat' dir='ltr'>ign.</span> <span class='ocrx_word' id='word_1_661' title='bbox 1589 324 1630 348; x_wconf 82' lang='grc'>22.</span> <span class='ocrx_word' id='word_1_662' title='bbox 1650 323 1673 348; x_wconf 90' lang='lat'>6.</span> <span class='ocrx_word' id='word_1_663' title='bbox 1693 322 1724 348; x_wconf 69' lang='grc' dir='ltr'>[ι’.</span> <span class='ocrx_word' id='word_1_664' title='bbox 1743 325 1784 348; x_wconf 69' lang='lat'>25.</span> <span class='ocrx_word' id='word_1_665' title='bbox 1805 322 1856 358; x_wconf 83' lang='lat' dir='ltr'>Qu.</span> <span class='ocrx_word' id='word_1_666' title='bbox 1877 327 1902 348; x_wconf 87' lang='lat' dir='ltr'>et</span> <span class='ocrx_word' id='word_1_667' title='bbox 1920 333 1933 348; x_wconf 86' lang='lat' dir='ltr'>a</span> 
     </span>
    </p>

    <p class='ocr_par' dir='ltr' id='par_1_26' title="bbox 1072 363 1934 443">
     <span class='ocr_line' id='line_1_70' title="bbox 1096 363 1934 402; baseline 0.004 -14"><span class='ocrx_word' id='word_1_668' title='bbox 1096 373 1137 398; x_wconf 87' lang='lat' dir='ltr'>qu.</span> <span class='ocrx_word' id='word_1_669' title='bbox 1158 373 1224 389; x_wconf 91' lang='lat' dir='ltr'>man.</span> <span class='ocrx_word' id='word_1_670' title='bbox 1244 364 1283 388; x_wconf 69' lang='lat'>40.</span> <span class='ocrx_word' id='word_1_671' title='bbox 1304 365 1327 389; x_wconf 86' lang='lat'>9.</span> <span class='ocrx_word' id='word_1_672' title='bbox 1366 363 1500 393; x_wconf 76' lang='lat' dir='ltr'>Consilio.</span> <span class='ocrx_word' id='word_1_673' title='bbox 1521 375 1541 390; x_wconf 92' lang='lat' dir='ltr'>s.</span> <span class='ocrx_word' id='word_1_674' title='bbox 1562 364 1675 402; x_wconf 78' lang='lat' dir='ltr'>Sponte.</span> <span class='ocrx_word' id='word_1_675' title='bbox 1697 381 1727 385; x_wconf 90' lang='lat'>—</span> <span class='ocrx_word' id='word_1_676' title='bbox 1748 364 1798 391; x_wconf 73' lang='lat' dir='ltr'>Per</span> <span class='ocrx_word' id='word_1_677' title='bbox 1816 366 1934 401; x_wconf 79' lang='lat' dir='ltr'>ignoran-</span> 
     </span>
     <span class='ocr_line' id='line_1_71' title="bbox 1072 405 1931 443; baseline 0.005 -13"><span class='ocrx_word' id='word_1_678' title='bbox 1072 405 1073 408; x_wconf 65' lang='grc'>’</span> <span class='ocrx_word' id='word_1_679' title='bbox 1095 407 1168 435; x_wconf 75' lang='lat' dir='ltr'>tiam.</span> <span class='ocrx_word' id='word_1_680' title='bbox 1194 409 1254 438; x_wconf 83' lang='lat' dir='ltr'>(aut</span> <span class='ocrx_word' id='word_1_681' title='bbox 1279 405 1418 437; x_wconf 86' lang='lat' dir='ltr'>fortuito.)</span> <span class='ocrx_word' id='word_1_682' title='bbox 1443 406 1604 443; x_wconf 72' lang='lat' dir='ltr'>delinquere.</span> <span class='ocrx_word' id='word_1_683' title='bbox 1630 406 1700 434; x_wconf 87' lang='lat' dir='ltr'>Coll.</span> <span class='ocrx_word' id='word_1_684' title='bbox 1723 406 1776 433; x_wconf 92' lang='lat' dir='ltr'>LL.</span> <span class='ocrx_word' id='word_1_685' title='bbox 1801 407 1833 434; x_wconf 80' lang='grc' dir='ltr'>Μ.</span> <span class='ocrx_word' id='word_1_686' title='bbox 1854 407 1871 434; x_wconf 88' lang='lat' dir='ltr'>I.</span> <span class='ocrx_word' id='word_1_687' title='bbox 1891 409 1931 434; x_wconf 80' lang='lat'>12.</span> 
     </span>
    </p>

    <p class='ocr_par' dir='ltr' id='par_1_27' title="bbox 1064 447 1931 1297">
     <span class='ocr_line' id='line_1_72' title="bbox 1093 447 1931 486; baseline 0.002 -12"><span class='ocrx_word' id='word_1_688' title='bbox 1093 448 1162 474; x_wconf 77' lang='lat' dir='ltr'>XIII.</span> <span class='ocrx_word' id='word_1_689' title='bbox 1181 450 1205 475; x_wconf 98' lang='lat'>3.</span> <span class='ocrx_word' id='word_1_690' title='bbox 1231 449 1261 474; x_wconf 84' lang='lat' dir='ltr'>l&#39;r.</span> <span class='ocrx_word' id='word_1_691' title='bbox 1283 451 1305 475; x_wconf 95' lang='lat'>1.</span> <span class='ocrx_word' id='word_1_692' title='bbox 1330 448 1362 474; x_wconf 67' lang='lat' dir='ltr'>de</span> <span class='ocrx_word' id='word_1_693' title='bbox 1381 447 1432 474; x_wconf 92' lang='lat' dir='ltr'>LL.</span> <span class='ocrx_word' id='word_1_694' title='bbox 1462 451 1482 475; x_wconf 93' lang='lat'>1.</span> <span class='ocrx_word' id='word_1_695' title='bbox 1507 452 1531 475; x_wconf 85' lang='grc'>3.</span> <span class='ocrx_word' id='word_1_696' title='bbox 1568 450 1610 476; x_wconf 83' lang='lat' dir='ltr'>III.</span> <span class='ocrx_word' id='word_1_697' title='bbox 1632 452 1697 477; x_wconf 65' lang='lat'>(711.</span> <span class='ocrx_word' id='word_1_698' title='bbox 1727 449 1778 476; x_wconf 89' lang='lat' dir='ltr'>Per</span> <span class='ocrx_word' id='word_1_699' title='bbox 1796 451 1931 486; x_wconf 73' lang='lat' dir='ltr'>ignaviam⁷</span> 
     </span>
     <span class='ocr_line' id='line_1_73' title="bbox 1070 482 1930 528; baseline 0.003 -12"><span class='ocrx_word' id='word_1_700' title='bbox 1070 482 1072 519; x_wconf 76' lang='lat' dir='ltr'>l</span> <span class='ocrx_word' id='word_1_701' title='bbox 1092 491 1135 516; x_wconf 79' lang='lat' dir='ltr'>vel</span> <span class='ocrx_word' id='word_1_702' title='bbox 1154 501 1201 528; x_wconf 69' lang='lat' dir='ltr'>per</span> <span class='ocrx_word' id='word_1_703' title='bbox 1221 491 1400 522; x_wconf 72' lang='lat' dir='ltr'>timiditatem,</span> <span class='ocrx_word' id='word_1_704' title='bbox 1425 491 1467 517; x_wconf 82' lang='lat' dir='ltr'>vel</span> <span class='ocrx_word' id='word_1_705' title='bbox 1491 493 1662 528; x_wconf 68' lang='lat' dir='ltr'>ignorantiam</span> <span class='ocrx_word' id='word_1_706' title='bbox 1687 493 1751 519; x_wconf 85' lang='lat' dir='ltr'>iuris</span> <span class='ocrx_word' id='word_1_707' title='bbox 1777 494 1824 519; x_wconf 92' lang='lat' dir='ltr'>sui.</span> <span class='ocrx_word' id='word_1_708' title='bbox 1846 492 1887 519; x_wconf 86' lang='lat' dir='ltr'>Cf.</span> <span class='ocrx_word' id='word_1_709' title='bbox 1906 503 1930 519; x_wconf 88' lang='lat' dir='ltr'>v.</span> 
     </span>
     <span class='ocr_line' id='line_1_74' title="bbox 1092 533 1930 570; baseline 0.005 -12"><span class='ocrx_word' id='word_1_710' title='bbox 1092 533 1203 569; x_wconf 67' lang='lat' dir='ltr'>Ignavia.</span> <span class='ocrx_word' id='word_1_711' title='bbox 1242 533 1291 560; x_wconf 78' lang='lat' dir='ltr'>I&#39;er</span> <span class='ocrx_word' id='word_1_712' title='bbox 1314 535 1498 570; x_wconf 75' lang='lat' dir='ltr'>ignorantiam,</span> <span class='ocrx_word' id='word_1_713' title='bbox 1522 535 1564 561; x_wconf 79' lang='lat' dir='ltr'>vel</span> <span class='ocrx_word' id='word_1_714' title='bbox 1590 535 1746 562; x_wconf 85' lang='lat' dir='ltr'>socordiam.</span> <span class='ocrx_word' id='word_1_715' title='bbox 1770 535 1802 562; x_wconf 86' lang='lat' dir='ltr'>fr.</span> <span class='ocrx_word' id='word_1_716' title='bbox 1823 536 1845 561; x_wconf 90' lang='lat' dir='ltr'>l.</span> <span class='ocrx_word' id='word_1_717' title='bbox 1865 536 1887 569; x_wconf 81' lang='lat'>5.</span> <span class='ocrx_word' id='word_1_718' title='bbox 1908 537 1930 561; x_wconf 93' lang='lat' dir='ltr'>l.</span> 
     </span>
     <span class='ocr_line' id='line_1_75' title="bbox 1093 575 1931 613; baseline 0.004 -12"><span class='ocrx_word' id='word_1_719' title='bbox 1093 576 1124 601; x_wconf 78' lang='lat' dir='ltr'>de</span> <span class='ocrx_word' id='word_1_720' title='bbox 1143 575 1222 602; x_wconf 77' lang='lat' dir='ltr'>seriis.</span> <span class='ocrx_word' id='word_1_721' title='bbox 1243 579 1265 602; x_wconf 84' lang='lat'>2.</span> <span class='ocrx_word' id='word_1_722' title='bbox 1284 579 1323 603; x_wconf 86' lang='lat'>12.</span> <span class='ocrx_word' id='word_1_723' title='bbox 1360 576 1453 613; x_wconf 77' lang='lat' dir='ltr'>Neque</span> <span class='ocrx_word' id='word_1_724' title='bbox 1472 578 1540 604; x_wconf 91' lang='lat' dir='ltr'>enim</span> <span class='ocrx_word' id='word_1_725' title='bbox 1559 579 1669 604; x_wconf 81' lang='lat' dir='ltr'>interest</span> <span class='ocrx_word' id='word_1_726' title='bbox 1688 579 1803 610; x_wconf 84' lang='lat' dir='ltr'>emtoris,</span> <span class='ocrx_word' id='word_1_727' title='bbox 1823 587 1870 604; x_wconf 85' lang='lat' dir='ltr'>eur</span> <span class='ocrx_word' id='word_1_728' title='bbox 1885 577 1931 604; x_wconf 83' lang='lat' dir='ltr'>sal-</span> 
     </span>
     <span class='ocr_line' id='line_1_76' title="bbox 1092 618 1930 654; baseline 0.004 -10"><span class='ocrx_word' id='word_1_729' title='bbox 1092 618 1168 650; x_wconf 64' lang='lat' dir='ltr'>latur,</span> <span class='ocrx_word' id='word_1_730' title='bbox 1188 620 1332 653; x_wconf 69' lang='lat' dir='ltr'>ignorantia</span> <span class='ocrx_word' id='word_1_731' title='bbox 1351 619 1510 652; x_wconf 79' lang='lat' dir='ltr'>venditoris⁷</span> <span class='ocrx_word' id='word_1_732' title='bbox 1536 631 1566 646; x_wconf 83' lang='lat' dir='ltr'>an</span> <span class='ocrx_word' id='word_1_733' title='bbox 1591 620 1741 647; x_wconf 80' lang='lat' dir='ltr'>calliditate.</span> <span class='ocrx_word' id='word_1_734' title='bbox 1766 620 1795 648; x_wconf 84' lang='lat' dir='ltr'>fr.</span> <span class='ocrx_word' id='word_1_735' title='bbox 1816 622 1838 647; x_wconf 97' lang='lat' dir='ltr'>l.</span> <span class='ocrx_word' id='word_1_736' title='bbox 1864 621 1887 654; x_wconf 88' lang='lat'>5.</span> <span class='ocrx_word' id='word_1_737' title='bbox 1905 623 1930 648; x_wconf 83' lang='lat'>2.</span> 
     </span>
     <span class='ocr_line' id='line_1_77' title="bbox 1092 661 1931 700; baseline 0.005 -13"><span class='ocrx_word' id='word_1_738' title='bbox 1092 661 1124 687; x_wconf 85' lang='lat' dir='ltr'>(le</span> <span class='ocrx_word' id='word_1_739' title='bbox 1144 661 1230 688; x_wconf 81' lang='lat' dir='ltr'>Aedil.</span> <span class='ocrx_word' id='word_1_740' title='bbox 1251 662 1326 688; x_wconf 74' lang='lat' dir='ltr'>edict.</span> <span class='ocrx_word' id='word_1_741' title='bbox 1347 663 1388 688; x_wconf 86' lang='lat'>21.</span> <span class='ocrx_word' id='word_1_742' title='bbox 1409 664 1431 688; x_wconf 89' lang='lat' dir='ltr'>l.</span> <span class='ocrx_word' id='word_1_743' title='bbox 1468 662 1519 689; x_wconf 81' lang='lat' dir='ltr'>Per</span> <span class='ocrx_word' id='word_1_744' title='bbox 1538 663 1626 689; x_wconf 84' lang='lat' dir='ltr'>dolum</span> <span class='ocrx_word' id='word_1_745' title='bbox 1646 665 1806 700; x_wconf 75' lang='lat' dir='ltr'>accipientiS‚</span> <span class='ocrx_word' id='word_1_746' title='bbox 1826 663 1868 690; x_wconf 78' lang='lat' dir='ltr'>vel</span> <span class='ocrx_word' id='word_1_747' title='bbox 1887 663 1931 691; x_wconf 82' lang='lat' dir='ltr'>ali-</span> 
     </span>
     <span class='ocr_line' id='line_1_78' title="bbox 1091 705 1930 743; baseline 0.005 -13"><span class='ocrx_word' id='word_1_748' title='bbox 1091 714 1167 740; x_wconf 85' lang='lat' dir='ltr'>quam</span> <span class='ocrx_word' id='word_1_749' title='bbox 1187 705 1282 730; x_wconf 90' lang='lat' dir='ltr'>iustam</span> <span class='ocrx_word' id='word_1_750' title='bbox 1302 706 1463 741; x_wconf 76' lang='lat' dir='ltr'>ignorantiae</span> <span class='ocrx_word' id='word_1_751' title='bbox 1483 716 1593 733; x_wconf 84' lang='lat' dir='ltr'>causam.</span> <span class='ocrx_word' id='word_1_752' title='bbox 1614 706 1643 732; x_wconf 78' lang='lat' dir='ltr'>fr.</span> <span class='ocrx_word' id='word_1_753' title='bbox 1658 709 1698 732; x_wconf 77' lang='lat'>25.</span> <span class='ocrx_word' id='word_1_754' title='bbox 1718 716 1757 743; x_wconf 86' lang='lat' dir='ltr'>pr.</span> <span class='ocrx_word' id='word_1_755' title='bbox 1778 706 1809 733; x_wconf 82' lang='lat' dir='ltr'>de</span> <span class='ocrx_word' id='word_1_756' title='bbox 1827 707 1930 743; x_wconf 86' lang='lat' dir='ltr'>probat.</span> 
     </span>
     <span class='ocr_line' id='line_1_79' title="bbox 1090 747 1930 787; baseline 0.004 -14"><span class='ocrx_word' id='word_1_757' title='bbox 1090 749 1131 773; x_wconf 83' lang='lat'>22.</span> <span class='ocrx_word' id='word_1_758' title='bbox 1152 749 1177 774; x_wconf 90' lang='grc'>3.</span> <span class='ocrx_word' id='word_1_759' title='bbox 1214 747 1285 773; x_wconf 81' lang='lat' dir='ltr'>Iusta</span> <span class='ocrx_word' id='word_1_760' title='bbox 1304 753 1330 774; x_wconf 77' lang='lat' dir='ltr'>et</span> <span class='ocrx_word' id='word_1_761' title='bbox 1349 748 1494 785; x_wconf 88' lang='lat' dir='ltr'>probabilis</span> <span class='ocrx_word' id='word_1_762' title='bbox 1515 749 1564 784; x_wconf 75' lang='lat' dir='ltr'>ign.</span> <span class='ocrx_word' id='word_1_763' title='bbox 1590 748 1645 775; x_wconf 93' lang='lat' dir='ltr'>Gai.</span> <span class='ocrx_word' id='word_1_764' title='bbox 1666 749 1708 775; x_wconf 83' lang='lat' dir='ltr'>III.</span> <span class='ocrx_word' id='word_1_765' title='bbox 1730 750 1785 775; x_wconf 88' lang='grc'>160.</span> <span class='ocrx_word' id='word_1_766' title='bbox 1822 749 1930 787; x_wconf 81' lang='lat' dir='ltr'>Supina,</span> 
     </span>
     <span class='ocr_line' id='line_1_80' title="bbox 1090 789 1929 827; baseline 0.004 -12"><span class='ocrx_word' id='word_1_767' title='bbox 1090 800 1114 815; x_wconf 91' lang='lat' dir='ltr'>v.</span> <span class='ocrx_word' id='word_1_768' title='bbox 1134 789 1275 826; x_wconf 76' lang='lat' dir='ltr'>Deperditi</span> <span class='ocrx_word' id='word_1_769' title='bbox 1296 795 1321 816; x_wconf 82' lang='lat' dir='ltr'>et</span> <span class='ocrx_word' id='word_1_770' title='bbox 1340 792 1447 817; x_wconf 87' lang='lat' dir='ltr'>nimium</span> <span class='ocrx_word' id='word_1_771' title='bbox 1471 792 1558 818; x_wconf 78' lang='lat' dir='ltr'>securi</span> <span class='ocrx_word' id='word_1_772' title='bbox 1577 791 1703 823; x_wconf 82' lang='lat' dir='ltr'>hominis,</span> <span class='ocrx_word' id='word_1_773' title='bbox 1727 793 1878 827; x_wconf 78' lang='lat' dir='ltr'>ignorantia.</span> <span class='ocrx_word' id='word_1_774' title='bbox 1899 792 1929 819; x_wconf 82' lang='lat' dir='ltr'>fr.</span> 
     </span>
     <span class='ocr_line' id='line_1_81' title="bbox 1092 832 1929 867; baseline 0.005 -10"><span class='ocrx_word' id='word_1_775' title='bbox 1092 834 1130 858; x_wconf 89' lang='lat'>15.</span> <span class='ocrx_word' id='word_1_776' title='bbox 1152 833 1172 865; x_wconf 90' lang='lat'>5.</span> <span class='ocrx_word' id='word_1_777' title='bbox 1195 834 1216 858; x_wconf 95' lang='lat'>1.</span> <span class='ocrx_word' id='word_1_778' title='bbox 1238 832 1269 858; x_wconf 82' lang='lat' dir='ltr'>de</span> <span class='ocrx_word' id='word_1_779' title='bbox 1290 838 1372 859; x_wconf 88' lang='lat' dir='ltr'>contr.</span> <span class='ocrx_word' id='word_1_780' title='bbox 1393 838 1453 860; x_wconf 83' lang='lat' dir='ltr'>emt.</span> <span class='ocrx_word' id='word_1_781' title='bbox 1476 836 1515 861; x_wconf 73' lang='grc'>18.</span> <span class='ocrx_word' id='word_1_782' title='bbox 1537 837 1558 860; x_wconf 93' lang='lat'>1.</span> <span class='ocrx_word' id='word_1_783' title='bbox 1579 834 1608 860; x_wconf 88' lang='lat' dir='ltr'>sr.</span> <span class='ocrx_word' id='word_1_784' title='bbox 1627 836 1651 860; x_wconf 88' lang='lat'>3.</span> <span class='ocrx_word' id='word_1_785' title='bbox 1672 834 1731 867; x_wconf 96' lang='lat'>5.1.</span> <span class='ocrx_word' id='word_1_786' title='bbox 1751 834 1780 861; x_wconf 90' lang='lat' dir='ltr'>fr.</span> <span class='ocrx_word' id='word_1_787' title='bbox 1793 836 1816 861; x_wconf 89' lang='grc'>6.</span> <span class='ocrx_word' id='word_1_788' title='bbox 1837 835 1929 862; x_wconf 82' lang='lat' dir='ltr'>deiur.</span> 
     </span>
     <span class='ocr_line' id='line_1_82' title="bbox 1091 874 1929 915; baseline 0.005 -15"><span class='ocrx_word' id='word_1_789' title='bbox 1091 880 1117 901; x_wconf 81' lang='lat' dir='ltr'>et</span> <span class='ocrx_word' id='word_1_790' title='bbox 1136 874 1198 901; x_wconf 82' lang='lat' dir='ltr'>sacti</span> <span class='ocrx_word' id='word_1_791' title='bbox 1218 876 1268 911; x_wconf 74' lang='lat' dir='ltr'>ign.</span> <span class='ocrx_word' id='word_1_792' title='bbox 1288 878 1329 902; x_wconf 90' lang='lat'>22.</span> <span class='ocrx_word' id='word_1_793' title='bbox 1350 878 1373 902; x_wconf 88' lang='grc'>6.</span> <span class='ocrx_word' id='word_1_794' title='bbox 1411 876 1492 907; x_wconf 77' lang='lat' dir='ltr'>Iuris,</span> <span class='ocrx_word' id='word_1_795' title='bbox 1511 892 1544 896; x_wconf 91' lang='lat'><strong>—</strong></span> <span class='ocrx_word' id='word_1_796' title='bbox 1564 876 1648 909; x_wconf 85' lang='lat' dir='ltr'>Facti,</span> <span class='ocrx_word' id='word_1_797' title='bbox 1672 878 1722 913; x_wconf 83' lang='lat' dir='ltr'>ign.</span> <span class='ocrx_word' id='word_1_798' title='bbox 1748 876 1778 904; x_wconf 80' lang='lat' dir='ltr'>fr.</span> <span class='ocrx_word' id='word_1_799' title='bbox 1799 879 1820 904; x_wconf 97' lang='lat' dir='ltr'>l.</span> <span class='ocrx_word' id='word_1_800' title='bbox 1840 888 1879 915; x_wconf 87' lang='lat' dir='ltr'>pr.</span> <span class='ocrx_word' id='word_1_801' title='bbox 1898 877 1929 904; x_wconf 81' lang='lat' dir='ltr'>fr.</span> 
     </span>
     <span class='ocr_line' id='line_1_83' title="bbox 1089 917 1929 957; baseline 0.005 -14"><span class='ocrx_word' id='word_1_802' title='bbox 1089 919 1113 944; x_wconf 84' lang='lat'>2.</span> <span class='ocrx_word' id='word_1_803' title='bbox 1135 917 1164 944; x_wconf 89' lang='lat' dir='ltr'>fr.</span> <span class='ocrx_word' id='word_1_804' title='bbox 1185 919 1208 944; x_wconf 87' lang='lat'>4.</span> <span class='ocrx_word' id='word_1_805' title='bbox 1235 918 1265 944; x_wconf 79' lang='lat' dir='ltr'>sr.</span> <span class='ocrx_word' id='word_1_806' title='bbox 1286 920 1309 944; x_wconf 84' lang='lat'>7.</span> <span class='ocrx_word' id='word_1_807' title='bbox 1330 928 1388 955; x_wconf 84' lang='lat' dir='ltr'>sqq.</span> <span class='ocrx_word' id='word_1_808' title='bbox 1413 919 1448 945; x_wconf 91' lang='lat' dir='ltr'>ib.</span> <span class='ocrx_word' id='word_1_809' title='bbox 1467 922 1508 946; x_wconf 86' lang='lat'>22.</span> <span class='ocrx_word' id='word_1_810' title='bbox 1528 921 1550 946; x_wconf 86' lang='lat'>6.</span> <span class='ocrx_word' id='word_1_811' title='bbox 1575 920 1605 947; x_wconf 80' lang='lat' dir='ltr'>fr.</span> <span class='ocrx_word' id='word_1_812' title='bbox 1627 922 1666 946; x_wconf 89' lang='lat'>11.</span> <span class='ocrx_word' id='word_1_813' title='bbox 1692 920 1714 953; x_wconf 87' lang='lat'>5.</span> <span class='ocrx_word' id='word_1_814' title='bbox 1737 921 1761 946; x_wconf 87' lang='lat'>4.</span> <span class='ocrx_word' id='word_1_815' title='bbox 1786 919 1819 946; x_wconf 88' lang='lat' dir='ltr'>de</span> <span class='ocrx_word' id='word_1_816' title='bbox 1842 920 1865 946; x_wconf 86' lang='lat' dir='ltr'>h.</span> <span class='ocrx_word' id='word_1_817' title='bbox 1886 930 1929 957; x_wconf 86' lang='lat' dir='ltr'>qu.</span> 
     </span>
     <span class='ocr_line' id='line_1_84' title="bbox 1089 959 1929 998; baseline 0.006 -13"><span class='ocrx_word' id='word_1_818' title='bbox 1089 965 1144 986; x_wconf 85' lang='lat' dir='ltr'>not.</span> <span class='ocrx_word' id='word_1_819' title='bbox 1164 959 1250 986; x_wconf 79' lang='lat' dir='ltr'>insam.</span> <span class='ocrx_word' id='word_1_820' title='bbox 1270 962 1294 986; x_wconf 97' lang='lat'>3.</span> <span class='ocrx_word' id='word_1_821' title='bbox 1314 963 1338 987; x_wconf 81' lang='lat'>2.</span> <span class='ocrx_word' id='word_1_822' title='bbox 1376 960 1478 991; x_wconf 77' lang='lat' dir='ltr'>Sciens,</span> <span class='ocrx_word' id='word_1_823' title='bbox 1498 967 1526 988; x_wconf 84' lang='lat' dir='ltr'>ut</span> <span class='ocrx_word' id='word_1_824' title='bbox 1545 963 1715 998; x_wconf 75' lang='lat' dir='ltr'>ignorantiam</span> <span class='ocrx_word' id='word_1_825' title='bbox 1735 962 1857 989; x_wconf 80' lang='lat' dir='ltr'>simulare</span> <span class='ocrx_word' id='word_1_826' title='bbox 1876 973 1929 990; x_wconf 88' lang='lat' dir='ltr'>non</span> 
     </span>
     <span class='ocr_line' id='line_1_85' title="bbox 1089 1002 1929 1041; baseline 0.005 -13"><span class='ocrx_word' id='word_1_827' title='bbox 1089 1003 1184 1039; x_wconf 82' lang='lat' dir='ltr'>possit.</span> <span class='ocrx_word' id='word_1_828' title='bbox 1204 1013 1226 1029; x_wconf 90' lang='lat' dir='ltr'>c.</span> <span class='ocrx_word' id='word_1_829' title='bbox 1248 1005 1286 1029; x_wconf 76' lang='grc'>17.</span> <span class='ocrx_word' id='word_1_830' title='bbox 1308 1002 1339 1029; x_wconf 81' lang='lat' dir='ltr'>ad</span> <span class='ocrx_word' id='word_1_831' title='bbox 1358 1003 1387 1029; x_wconf 90' lang='lat' dir='ltr'>L.</span> <span class='ocrx_word' id='word_1_832' title='bbox 1407 1003 1454 1030; x_wconf 95' lang='lat' dir='ltr'>Iul.</span> <span class='ocrx_word' id='word_1_833' title='bbox 1479 1004 1511 1030; x_wconf 78' lang='grc'>(16</span> <span class='ocrx_word' id='word_1_834' title='bbox 1535 1005 1613 1031; x_wconf 85' lang='lat' dir='ltr'>adult.</span> <span class='ocrx_word' id='word_1_835' title='bbox 1634 1007 1657 1032; x_wconf 86' lang='lat'>9.</span> <span class='ocrx_word' id='word_1_836' title='bbox 1678 1007 1701 1031; x_wconf 84' lang='lat'>9.</span> <span class='ocrx_word' id='word_1_837' title='bbox 1739 1005 1791 1031; x_wconf 83' lang='lat' dir='ltr'>Per</span> <span class='ocrx_word' id='word_1_838' title='bbox 1809 1007 1929 1041; x_wconf 80' lang='lat' dir='ltr'>ignoran-</span> 
     </span>
     <span class='ocr_line' id='line_1_86' title="bbox 1090 1045 1929 1081; baseline 0.006 -10"><span class='ocrx_word' id='word_1_839' title='bbox 1090 1047 1164 1078; x_wconf 75' lang='lat' dir='ltr'>tiam,</span> <span class='ocrx_word' id='word_1_840' title='bbox 1190 1056 1248 1072; x_wconf 86' lang='lat' dir='ltr'>cum</span> <span class='ocrx_word' id='word_1_841' title='bbox 1272 1045 1391 1072; x_wconf 72' lang='lat' dir='ltr'>crederet</span> <span class='ocrx_word' id='word_1_842' title='bbox 1415 1048 1487 1079; x_wconf 75' lang='lat' dir='ltr'>(eam</span> <span class='ocrx_word' id='word_1_843' title='bbox 1508 1049 1589 1074; x_wconf 83' lang='lat' dir='ltr'>civem</span> <span class='ocrx_word' id='word_1_844' title='bbox 1613 1048 1644 1074; x_wconf 81' lang='lat' dir='ltr'>R.</span> <span class='ocrx_word' id='word_1_845' title='bbox 1664 1049 1748 1081; x_wconf 81' lang='lat' dir='ltr'>esse.)</span> <span class='ocrx_word' id='word_1_846' title='bbox 1773 1048 1830 1075; x_wconf 83' lang='lat' dir='ltr'>Gai.</span> <span class='ocrx_word' id='word_1_847' title='bbox 1849 1048 1868 1075; x_wconf 91' lang='grc' dir='ltr'>Ι.</span> <span class='ocrx_word' id='word_1_848' title='bbox 1887 1050 1929 1076; x_wconf 86' lang='lat'>67.</span> 
     </span>
     <span class='ocr_line' id='line_1_87' title="bbox 1065 1088 1927 1127; baseline 0.005 -13"><span class='ocrx_word' id='word_1_849' title='bbox 1065 1110 1067 1113; x_wconf 94' lang='lat'>.</span> <span class='ocrx_word' id='word_1_850' title='bbox 1090 1088 1157 1115; x_wconf 86' lang='lat' dir='ltr'>Cum</span> <span class='ocrx_word' id='word_1_851' title='bbox 1177 1094 1262 1114; x_wconf 84' lang='lat' dir='ltr'>metus</span> <span class='ocrx_word' id='word_1_852' title='bbox 1282 1088 1375 1114; x_wconf 68' lang='lat' dir='ltr'>lrabeat</span> <span class='ocrx_word' id='word_1_853' title='bbox 1394 1090 1420 1115; x_wconf 94' lang='lat' dir='ltr'>in</span> <span class='ocrx_word' id='word_1_854' title='bbox 1440 1099 1468 1115; x_wconf 88' lang='lat' dir='ltr'>se</span> <span class='ocrx_word' id='word_1_855' title='bbox 1487 1091 1666 1126; x_wconf 74' lang='lat' dir='ltr'>ignorantiam.</span> <span class='ocrx_word' id='word_1_856' title='bbox 1686 1090 1716 1117; x_wconf 84' lang='lat' dir='ltr'>fr.</span> <span class='ocrx_word' id='word_1_857' title='bbox 1738 1093 1777 1118; x_wconf 88' lang='lat'>14.</span> <span class='ocrx_word' id='word_1_858' title='bbox 1791 1091 1812 1124; x_wconf 88' lang='lat'>5.</span> <span class='ocrx_word' id='word_1_859' title='bbox 1826 1093 1850 1118; x_wconf 87' lang='grc'>3.</span> <span class='ocrx_word' id='word_1_860' title='bbox 1875 1091 1927 1127; x_wconf 81' lang='lat' dir='ltr'>Qu.</span> 
     </span>
     <span class='ocr_line' id='line_1_88' title="bbox 1064 1131 1929 1169; baseline 0.003 -12"><span class='ocrx_word' id='word_1_861' title='bbox 1064 1135 1066 1147; x_wconf 76' lang='lat'><strong>⁴</strong></span> <span class='ocrx_word' id='word_1_862' title='bbox 1089 1137 1148 1158; x_wconf 74' lang='lat' dir='ltr'>met.</span> <span class='ocrx_word' id='word_1_863' title='bbox 1174 1142 1195 1157; x_wconf 89' lang='lat' dir='ltr'>c.</span> <span class='ocrx_word' id='word_1_864' title='bbox 1220 1133 1244 1157; x_wconf 84' lang='lat'>4.</span> <span class='ocrx_word' id='word_1_865' title='bbox 1268 1134 1292 1158; x_wconf 86' lang='grc'>2.</span> <span class='ocrx_word' id='word_1_866' title='bbox 1331 1131 1489 1163; x_wconf 78' lang='lat' dir='ltr'>Tenebitur,</span> <span class='ocrx_word' id='word_1_867' title='bbox 1510 1148 1541 1152; x_wconf 78' lang='lat'>—-</span> <span class='ocrx_word' id='word_1_868' title='bbox 1561 1143 1609 1159; x_wconf 81' lang='lat' dir='ltr'>nec</span> <span class='ocrx_word' id='word_1_869' title='bbox 1633 1135 1778 1169; x_wconf 78' lang='lat' dir='ltr'>ignorantia</span> <span class='ocrx_word' id='word_1_870' title='bbox 1803 1135 1858 1160; x_wconf 83' lang='lat' dir='ltr'>cius</span> <span class='ocrx_word' id='word_1_871' title='bbox 1878 1135 1929 1160; x_wconf 82' lang='lat' dir='ltr'>erit</span> 
     </span>
     <span class='ocr_line' id='line_1_89' title="bbox 1064 1173 1927 1213; baseline 0.003 -13"><span class='ocrx_word' id='word_1_872' title='bbox 1064 1181 1065 1186; x_wconf 66' lang='lat'>¹</span> <span class='ocrx_word' id='word_1_873' title='bbox 1091 1179 1222 1200; x_wconf 78' lang='lat' dir='ltr'>excusata.</span> <span class='ocrx_word' id='word_1_874' title='bbox 1247 1173 1277 1200; x_wconf 86' lang='lat' dir='ltr'>fr.</span> <span class='ocrx_word' id='word_1_875' title='bbox 1303 1175 1342 1200; x_wconf 91' lang='lat'>19.</span> <span class='ocrx_word' id='word_1_876' title='bbox 1368 1173 1436 1208; x_wconf 94' lang='lat'>5.1.</span> <span class='ocrx_word' id='word_1_877' title='bbox 1461 1175 1537 1201; x_wconf 80' lang='lat' dir='ltr'>locat.</span> <span class='ocrx_word' id='word_1_878' title='bbox 1560 1178 1598 1202; x_wconf 83' lang='grc'>19.</span> <span class='ocrx_word' id='word_1_879' title='bbox 1618 1178 1642 1202; x_wconf 86' lang='grc'>2.</span> <span class='ocrx_word' id='word_1_880' title='bbox 1681 1176 1791 1203; x_wconf 84' lang='lat' dir='ltr'>Causari</span> <span class='ocrx_word' id='word_1_881' title='bbox 1810 1178 1927 1213; x_wconf 74' lang='lat' dir='ltr'>ignoran-</span> 
     </span>
     <span class='ocr_line' id='line_1_90' title="bbox 1087 1216 1927 1252; baseline 0.005 -10"><span class='ocrx_word' id='word_1_882' title='bbox 1087 1219 1148 1243; x_wconf 84' lang='lat' dir='ltr'>tiam</span> <span class='ocrx_word' id='word_1_883' title='bbox 1168 1217 1321 1243; x_wconf 75' lang='lat' dir='ltr'>litterarum.</span> <span class='ocrx_word' id='word_1_884' title='bbox 1348 1216 1379 1243; x_wconf 88' lang='lat' dir='ltr'>fr.</span> <span class='ocrx_word' id='word_1_885' title='bbox 1402 1219 1440 1244; x_wconf 93' lang='lat' dir='ltr'>ll.</span> <span class='ocrx_word' id='word_1_886' title='bbox 1467 1219 1487 1252; x_wconf 90' lang='lat'>5.</span> <span class='ocrx_word' id='word_1_887' title='bbox 1507 1218 1589 1245; x_wconf 79' lang='grc'>3.(16</span> <span class='ocrx_word' id='word_1_888' title='bbox 1608 1220 1668 1245; x_wconf 87' lang='lat' dir='ltr'>inst.</span> <span class='ocrx_word' id='word_1_889' title='bbox 1689 1224 1736 1245; x_wconf 85' lang='lat' dir='ltr'>act.</span> <span class='ocrx_word' id='word_1_890' title='bbox 1758 1221 1798 1245; x_wconf 88' lang='lat'>14.</span> <span class='ocrx_word' id='word_1_891' title='bbox 1817 1222 1841 1246; x_wconf 89' lang='lat'>3.</span> <span class='ocrx_word' id='word_1_892' title='bbox 1878 1219 1927 1246; x_wconf 85' lang='lat' dir='ltr'>Fo-</span> 
     </span>
     <span class='ocr_line' id='line_1_91' title="bbox 1084 1259 1566 1297; baseline 0.002 -11"><span class='ocrx_word' id='word_1_893' title='bbox 1084 1262 1200 1286; x_wconf 85' lang='lat' dir='ltr'>rensium</span> <span class='ocrx_word' id='word_1_894' title='bbox 1220 1270 1306 1286; x_wconf 86' lang='lat' dir='ltr'>rernm</span> <span class='ocrx_word' id='word_1_895' title='bbox 1326 1260 1376 1295; x_wconf 74' lang='lat' dir='ltr'>ign.</span> <span class='ocrx_word' id='word_1_896' title='bbox 1396 1259 1458 1297; x_wconf 78' lang='lat' dir='ltr'>le.</span> <span class='ocrx_word' id='word_1_897' title='bbox 1477 1261 1521 1287; x_wconf 81' lang='lat' dir='ltr'>XI.</span> <span class='ocrx_word' id='word_1_898' title='bbox 1543 1263 1566 1287; x_wconf 96' lang='lat'>1.</span> 
     </span>
    </p>

    <p class='ocr_par' dir='ltr' id='par_1_28' title="bbox 1081 1302 1926 1470">
     <span class='ocr_line' id='line_1_92' title="bbox 1119 1302 1926 1340; baseline 0.002 -10"><span class='ocrx_word' id='word_1_899' title='bbox 1119 1305 1319 1337; x_wconf 70' lang='lat' dir='ltr'>Ignorare·</span> <span class='ocrx_word' id='word_1_900' title='bbox 1348 1302 1392 1335; x_wconf 80' lang='lat' dir='ltr'>(cf.</span> <span class='ocrx_word' id='word_1_901' title='bbox 1413 1313 1437 1329; x_wconf 97' lang='lat' dir='ltr'>v.</span> <span class='ocrx_word' id='word_1_902' title='bbox 1458 1303 1605 1339; x_wconf 73' lang='lat' dir='ltr'>Ignorans.)</span> <span class='ocrx_word' id='word_1_903' title='bbox 1635 1306 1780 1338; x_wconf 73' lang='lat' dir='ltr'>Nescire,</span> <span class='ocrx_word' id='word_1_904' title='bbox 1806 1307 1926 1340; x_wconf 77' lang='lat' dir='ltr'>Cogni-</span> 
     </span>
     <span class='ocr_line' id='line_1_93' title="bbox 1082 1345 1925 1384; baseline 0.005 -13"><span class='ocrx_word' id='word_1_905' title='bbox 1082 1352 1147 1372; x_wconf 79' lang='lat' dir='ltr'>tum</span> <span class='ocrx_word' id='word_1_906' title='bbox 1170 1356 1231 1372; x_wconf 76' lang='lat' dir='ltr'>non</span> <span class='ocrx_word' id='word_1_907' title='bbox 1255 1347 1374 1372; x_wconf 73' lang='lat' dir='ltr'>habere.</span> <span class='ocrx_word' id='word_1_908' title='bbox 1412 1345 1430 1372; x_wconf 96' lang='lat' dir='ltr'>I.</span> <span class='ocrx_word' id='word_1_909' title='bbox 1455 1350 1517 1381; x_wconf 63' lang='lat' dir='ltr'>Sy.</span> <span class='ocrx_word' id='word_1_910' title='bbox 1542 1347 1672 1374; x_wconf 87' lang='lat' dir='ltr'>Inccrtum</span> <span class='ocrx_word' id='word_1_911' title='bbox 1697 1358 1764 1375; x_wconf 83' lang='lat' dir='ltr'>esse.</span> <span class='ocrx_word' id='word_1_912' title='bbox 1800 1348 1925 1384; x_wconf 81' lang='lat' dir='ltr'>Ignorari.</span> 
     </span>
     <span class='ocr_line' id='line_1_94' title="bbox 1082 1387 1924 1424; baseline 0.006 -11"><span class='ocrx_word' id='word_1_913' title='bbox 1082 1388 1112 1414; x_wconf 86' lang='lat' dir='ltr'>fr.</span> <span class='ocrx_word' id='word_1_914' title='bbox 1123 1390 1165 1414; x_wconf 84' lang='lat'>39.</span> <span class='ocrx_word' id='word_1_915' title='bbox 1185 1387 1205 1420; x_wconf 81' lang='lat'>5.</span> <span class='ocrx_word' id='word_1_916' title='bbox 1218 1389 1240 1414; x_wconf 87' lang='lat'>3.</span> <span class='ocrx_word' id='word_1_917' title='bbox 1262 1387 1294 1414; x_wconf 77' lang='lat' dir='ltr'>de</span> <span class='ocrx_word' id='word_1_918' title='bbox 1305 1387 1335 1414; x_wconf 91' lang='lat' dir='ltr'>V.</span> <span class='ocrx_word' id='word_1_919' title='bbox 1348 1388 1375 1415; x_wconf 90' lang='lat' dir='ltr'>S.</span> <span class='ocrx_word' id='word_1_920' title='bbox 1396 1391 1437 1416; x_wconf 85' lang='lat'>50.</span> <span class='ocrx_word' id='word_1_921' title='bbox 1451 1391 1490 1416; x_wconf 86' lang='grc'>16.</span> <span class='ocrx_word' id='word_1_922' title='bbox 1504 1389 1611 1424; x_wconf 62' lang='lat'>1101).</span> <span class='ocrx_word' id='word_1_923' title='bbox 1622 1390 1720 1417; x_wconf 71' lang='lat' dir='ltr'>Notum</span> <span class='ocrx_word' id='word_1_924' title='bbox 1740 1391 1843 1418; x_wconf 85' lang='lat' dir='ltr'>habere.</span> <span class='ocrx_word' id='word_1_925' title='bbox 1857 1391 1888 1418; x_wconf 83' lang='lat' dir='ltr'>fr.</span> <span class='ocrx_word' id='word_1_926' title='bbox 1902 1393 1924 1417; x_wconf 92' lang='lat'>1.</span> 
     </span>
     <span class='ocr_line' id='line_1_95' title="bbox 1081 1430 1924 1470; baseline 0.006 -14"><span class='ocrx_word' id='word_1_927' title='bbox 1081 1432 1101 1465; x_wconf 82' lang='lat'>5.</span> <span class='ocrx_word' id='word_1_928' title='bbox 1113 1433 1136 1457; x_wconf 88' lang='grc'>2.</span> <span class='ocrx_word' id='word_1_929' title='bbox 1159 1431 1191 1456; x_wconf 86' lang='lat' dir='ltr'>de</span> <span class='ocrx_word' id='word_1_930' title='bbox 1201 1430 1287 1457; x_wconf 71' lang='lat' dir='ltr'>Aedil.</span> <span class='ocrx_word' id='word_1_931' title='bbox 1308 1431 1384 1458; x_wconf 84' lang='lat' dir='ltr'>edict.</span> <span class='ocrx_word' id='word_1_932' title='bbox 1405 1434 1483 1458; x_wconf 88' lang='grc'>21.1.</span> <span class='ocrx_word' id='word_1_933' title='bbox 1522 1432 1604 1465; x_wconf 73' lang='lat' dir='ltr'>Scire.</span> <span class='ocrx_word' id='word_1_934' title='bbox 1624 1443 1648 1459; x_wconf 85' lang='lat' dir='ltr'>v.</span> <span class='ocrx_word' id='word_1_935' title='bbox 1670 1433 1846 1470; x_wconf 75' lang='lat' dir='ltr'>Cognoscere.</span> <span class='ocrx_word' id='word_1_936' title='bbox 1867 1433 1924 1461; x_wconf 86' lang='lat' dir='ltr'>Gai.</span> 
     </span>
    </p>

    <p class='ocr_par' dir='ltr' id='par_1_29' title="bbox 1057 1473 1924 1554">
     <span class='ocr_line' id='line_1_96' title="bbox 1080 1473 1923 1513; baseline 0.006 -14"><span class='ocrx_word' id='word_1_937' title='bbox 1080 1474 1110 1500; x_wconf 94' lang='lat' dir='ltr'>II.</span> <span class='ocrx_word' id='word_1_938' title='bbox 1132 1475 1188 1500; x_wconf 84' lang='lat'>195.</span> <span class='ocrx_word' id='word_1_939' title='bbox 1208 1473 1270 1510; x_wconf 83' lang='lat' dir='ltr'>le.</span> <span class='ocrx_word' id='word_1_940' title='bbox 1290 1474 1373 1500; x_wconf 73' lang='lat' dir='ltr'>XXII.</span> <span class='ocrx_word' id='word_1_941' title='bbox 1393 1476 1434 1501; x_wconf 87' lang='grc'>32.</span> <span class='ocrx_word' id='word_1_942' title='bbox 1455 1475 1484 1501; x_wconf 82' lang='lat' dir='ltr'>fr.</span> <span class='ocrx_word' id='word_1_943' title='bbox 1504 1477 1545 1502; x_wconf 86' lang='lat'>35.</span> <span class='ocrx_word' id='word_1_944' title='bbox 1566 1476 1598 1502; x_wconf 75' lang='lat' dir='ltr'>de</span> <span class='ocrx_word' id='word_1_945' title='bbox 1618 1481 1685 1513; x_wconf 85' lang='lat' dir='ltr'>pact.</span> <span class='ocrx_word' id='word_1_946' title='bbox 1705 1479 1783 1504; x_wconf 74' lang='grc'>214.</span> <span class='ocrx_word' id='word_1_947' title='bbox 1804 1477 1834 1504; x_wconf 81' lang='lat' dir='ltr'>fr.</span> <span class='ocrx_word' id='word_1_948' title='bbox 1848 1479 1871 1504; x_wconf 80' lang='lat'>8.</span> <span class='ocrx_word' id='word_1_949' title='bbox 1892 1477 1923 1504; x_wconf 87' lang='lat' dir='ltr'>fr.</span> 
     </span>
     <span class='ocr_line' id='line_1_97' title="bbox 1057 1510 1924 1554; baseline 0.007 -13"><span class='ocrx_word' id='word_1_950' title='bbox 1057 1510 1058 1542; x_wconf 82' lang='lat' dir='ltr'>l</span> <span class='ocrx_word' id='word_1_951' title='bbox 1081 1518 1120 1542; x_wconf 82' lang='lat'>13.</span> <span class='ocrx_word' id='word_1_952' title='bbox 1141 1527 1178 1553; x_wconf 71' lang='lat' dir='ltr'>pr,</span> <span class='ocrx_word' id='word_1_953' title='bbox 1200 1516 1232 1542; x_wconf 78' lang='lat' dir='ltr'>(le</span> <span class='ocrx_word' id='word_1_954' title='bbox 1252 1516 1276 1542; x_wconf 90' lang='lat' dir='ltr'>h.</span> <span class='ocrx_word' id='word_1_955' title='bbox 1297 1527 1339 1553; x_wconf 89' lang='lat' dir='ltr'>qu.</span> <span class='ocrx_word' id='word_1_956' title='bbox 1361 1522 1414 1544; x_wconf 90' lang='lat' dir='ltr'>not.</span> <span class='ocrx_word' id='word_1_957' title='bbox 1439 1518 1527 1545; x_wconf 78' lang='lat' dir='ltr'>infam.</span> <span class='ocrx_word' id='word_1_958' title='bbox 1551 1521 1575 1544; x_wconf 80' lang='lat'>3.</span> <span class='ocrx_word' id='word_1_959' title='bbox 1594 1520 1618 1545; x_wconf 85' lang='lat'>2.</span> <span class='ocrx_word' id='word_1_960' title='bbox 1649 1519 1678 1545; x_wconf 81' lang='lat' dir='ltr'>fr.</span> <span class='ocrx_word' id='word_1_961' title='bbox 1702 1521 1744 1546; x_wconf 89' lang='grc'>42.</span> <span class='ocrx_word' id='word_1_962' title='bbox 1769 1520 1799 1546; x_wconf 84' lang='lat' dir='ltr'>fr.</span> <span class='ocrx_word' id='word_1_963' title='bbox 1825 1522 1881 1546; x_wconf 86' lang='lat'>112.</span> <span class='ocrx_word' id='word_1_964' title='bbox 1901 1520 1924 1554; x_wconf 76' lang='lat'>5.</span> 
     </span>
    </p>

    <p class='ocr_par' dir='ltr' id='par_1_30' title="bbox 1055 1559 1923 1725">
     <span class='ocr_line' id='line_1_98' title="bbox 1081 1559 1923 1599; baseline 0.006 -15"><span class='ocrx_word' id='word_1_965' title='bbox 1081 1561 1102 1585; x_wconf 89' lang='grc'>1,</span> <span class='ocrx_word' id='word_1_966' title='bbox 1123 1559 1155 1585; x_wconf 76' lang='lat' dir='ltr'>(le</span> <span class='ocrx_word' id='word_1_967' title='bbox 1175 1559 1251 1595; x_wconf 67' lang='lat' dir='ltr'>legat.</span> <span class='ocrx_word' id='word_1_968' title='bbox 1272 1559 1289 1585; x_wconf 94' lang='lat' dir='ltr'>I.</span> <span class='ocrx_word' id='word_1_969' title='bbox 1311 1560 1379 1593; x_wconf 73' lang='lat'>(530.)</span> <span class='ocrx_word' id='word_1_970' title='bbox 1402 1560 1444 1586; x_wconf 87' lang='lat' dir='ltr'>III.</span> <span class='ocrx_word' id='word_1_971' title='bbox 1458 1563 1523 1588; x_wconf 70' lang='grc' dir='ltr'>(7η.</span> <span class='ocrx_word' id='word_1_972' title='bbox 1544 1561 1598 1587; x_wconf 65' lang='lat' dir='ltr'>Nee</span> <span class='ocrx_word' id='word_1_973' title='bbox 1618 1563 1738 1598; x_wconf 72' lang='lat' dir='ltr'>ignorare</span> <span class='ocrx_word' id='word_1_974' title='bbox 1758 1572 1923 1599; x_wconf 85' lang='lat' dir='ltr'>quemquam,</span> 
     </span>
     <span class='ocr_line' id='line_1_99' title="bbox 1056 1602 1922 1642; baseline 0.003 -13"><span class='ocrx_word' id='word_1_975' title='bbox 1056 1610 1057 1630; x_wconf 67' lang='lat'>1</span> <span class='ocrx_word' id='word_1_976' title='bbox 1079 1613 1127 1628; x_wconf 84' lang='lat' dir='ltr'>nec</span> <span class='ocrx_word' id='word_1_977' title='bbox 1147 1602 1315 1629; x_wconf 80' lang='lat' dir='ltr'>dissimulare</span> <span class='ocrx_word' id='word_1_978' title='bbox 1333 1605 1518 1639; x_wconf 79' lang='lat' dir='ltr'>permittimus.</span> <span class='ocrx_word' id='word_1_979' title='bbox 1539 1615 1560 1631; x_wconf 91' lang='lat' dir='ltr'>c.</span> <span class='ocrx_word' id='word_1_980' title='bbox 1578 1607 1616 1631; x_wconf 81' lang='lat'>12.</span> <span class='ocrx_word' id='word_1_981' title='bbox 1638 1605 1670 1631; x_wconf 79' lang='lat' dir='ltr'>de</span> <span class='ocrx_word' id='word_1_982' title='bbox 1689 1606 1736 1632; x_wconf 87' lang='lat' dir='ltr'>iur.</span> <span class='ocrx_word' id='word_1_983' title='bbox 1752 1611 1777 1631; x_wconf 81' lang='lat' dir='ltr'>et</span> <span class='ocrx_word' id='word_1_984' title='bbox 1796 1606 1857 1632; x_wconf 84' lang='lat' dir='ltr'>facti</span> <span class='ocrx_word' id='word_1_985' title='bbox 1871 1607 1922 1642; x_wconf 80' lang='lat' dir='ltr'>ign.</span> 
     </span>
     <span class='ocr_line' id='line_1_100' title="bbox 1056 1639 1922 1683; baseline 0.005 -13"><span class='ocrx_word' id='word_1_986' title='bbox 1056 1639 1058 1683; x_wconf 60' lang='lat' dir='ltr'>l</span> <span class='ocrx_word' id='word_1_987' title='bbox 1080 1647 1102 1671; x_wconf 96' lang='lat'>1.</span> <span class='ocrx_word' id='word_1_988' title='bbox 1124 1646 1163 1671; x_wconf 76' lang='lat'>18.</span> <span class='ocrx_word' id='word_1_989' title='bbox 1202 1645 1232 1671; x_wconf 93' lang='lat' dir='ltr'>Si</span> <span class='ocrx_word' id='word_1_990' title='bbox 1252 1646 1311 1681; x_wconf 87' lang='lat' dir='ltr'>quis</span> <span class='ocrx_word' id='word_1_991' title='bbox 1332 1646 1402 1672; x_wconf 84' lang='lat' dir='ltr'>dicat</span> <span class='ocrx_word' id='word_1_992' title='bbox 1420 1647 1555 1682; x_wconf 69' lang='lat' dir='ltr'>ignorasse</span> <span class='ocrx_word' id='word_1_993' title='bbox 1575 1658 1604 1673; x_wconf 84' lang='lat' dir='ltr'>se</span> <span class='ocrx_word' id='word_1_994' title='bbox 1623 1647 1734 1677; x_wconf 73' lang='lat' dir='ltr'>litteras.</span> <span class='ocrx_word' id='word_1_995' title='bbox 1753 1648 1796 1674; x_wconf 82' lang='lat' dir='ltr'>vel</span> <span class='ocrx_word' id='word_1_996' title='bbox 1810 1658 1863 1674; x_wconf 89' lang='lat' dir='ltr'>non</span> <span class='ocrx_word' id='word_1_997' title='bbox 1877 1647 1922 1674; x_wconf 91' lang='lat' dir='ltr'>ob-</span> 
     </span>
     <span class='ocr_line' id='line_1_101' title="bbox 1055 1686 1922 1725; baseline 0.005 -12"><span class='ocrx_word' id='word_1_998' title='bbox 1055 1686 1057 1710; x_wconf 66' lang='grc' dir='ltr'><strong>Ᾰ</strong></span> <span class='ocrx_word' id='word_1_999' title='bbox 1079 1698 1200 1714; x_wconf 83' lang='lat' dir='ltr'>servasse</span> <span class='ocrx_word' id='word_1_1000' title='bbox 1226 1688 1313 1724; x_wconf 85' lang='lat' dir='ltr'>(quod</span> <span class='ocrx_word' id='word_1_1001' title='bbox 1338 1691 1504 1725; x_wconf 78' lang='lat' dir='ltr'>propositum</span> <span class='ocrx_word' id='word_1_1002' title='bbox 1529 1692 1610 1721; x_wconf 68' lang='lat' dir='ltr'>erat.)</span> <span class='ocrx_word' id='word_1_1003' title='bbox 1635 1690 1668 1716; x_wconf 84' lang='lat' dir='ltr'>fr.</span> <span class='ocrx_word' id='word_1_1004' title='bbox 1689 1693 1729 1717; x_wconf 90' lang='lat'>11.</span> <span class='ocrx_word' id='word_1_1005' title='bbox 1749 1692 1770 1724; x_wconf 86' lang='lat'>5.</span> <span class='ocrx_word' id='word_1_1006' title='bbox 1789 1692 1814 1717; x_wconf 83' lang='lat'>3.</span> <span class='ocrx_word' id='word_1_1007' title='bbox 1834 1690 1866 1717; x_wconf 83' lang='grc'>(16</span> <span class='ocrx_word' id='word_1_1008' title='bbox 1884 1690 1922 1717; x_wconf 87' lang='lat' dir='ltr'>in-</span> 
     </span>
    </p>

    <p class='ocr_par' dir='ltr' id='par_1_31' title="bbox 1052 1732 1921 2098">
     <span class='ocr_line' id='line_1_102' title="bbox 1079 1732 1920 1767; baseline 0.005 -11"><span class='ocrx_word' id='word_1_1009' title='bbox 1079 1732 1132 1756; x_wconf 85' lang='lat' dir='ltr'>stit.</span> <span class='ocrx_word' id='word_1_1010' title='bbox 1154 1735 1201 1756; x_wconf 79' lang='lat' dir='ltr'>act.</span> <span class='ocrx_word' id='word_1_1011' title='bbox 1224 1732 1263 1756; x_wconf 85' lang='lat'>14.</span> <span class='ocrx_word' id='word_1_1012' title='bbox 1283 1733 1307 1757; x_wconf 89' lang='lat'>3.</span> <span class='ocrx_word' id='word_1_1013' title='bbox 1346 1732 1399 1766; x_wconf 76' lang='lat' dir='ltr'>Qui</span> <span class='ocrx_word' id='word_1_1014' title='bbox 1424 1732 1551 1767; x_wconf 70' lang='lat' dir='ltr'>ignoravit</span> <span class='ocrx_word' id='word_1_1015' title='bbox 1573 1743 1628 1759; x_wconf 86' lang='lat' dir='ltr'>eam</span> <span class='ocrx_word' id='word_1_1016' title='bbox 1649 1744 1702 1759; x_wconf 80' lang='lat' dir='ltr'>rem</span> <span class='ocrx_word' id='word_1_1017' title='bbox 1722 1733 1833 1760; x_wconf 81' lang='lat' dir='ltr'>alienam</span> <span class='ocrx_word' id='word_1_1018' title='bbox 1853 1743 1920 1765; x_wconf 80' lang='lat' dir='ltr'>esse,</span> 
     </span>
     <span class='ocr_line' id='line_1_103' title="bbox 1055 1766 1921 1809; baseline 0.006 -11"><span class='ocrx_word' id='word_1_1019' title='bbox 1055 1766 1056 1790; x_wconf 71' lang='lat' dir='ltr'>l</span> <span class='ocrx_word' id='word_1_1020' title='bbox 1078 1778 1122 1799; x_wconf 84' lang='lat' dir='ltr'>aut</span> <span class='ocrx_word' id='word_1_1021' title='bbox 1145 1773 1248 1809; x_wconf 78' lang='lat' dir='ltr'>putavit</span> <span class='ocrx_word' id='word_1_1022' title='bbox 1272 1777 1321 1798; x_wconf 86' lang='lat' dir='ltr'>etc.</span> <span class='ocrx_word' id='word_1_1023' title='bbox 1353 1773 1382 1800; x_wconf 87' lang='lat' dir='ltr'>sr.</span> <span class='ocrx_word' id='word_1_1024' title='bbox 1410 1776 1466 1800; x_wconf 79' lang='lat'>109.</span> <span class='ocrx_word' id='word_1_1025' title='bbox 1491 1774 1523 1801; x_wconf 81' lang='lat' dir='ltr'>(le</span> <span class='ocrx_word' id='word_1_1026' title='bbox 1548 1775 1579 1802; x_wconf 86' lang='lat' dir='ltr'>V.</span> <span class='ocrx_word' id='word_1_1027' title='bbox 1605 1775 1631 1801; x_wconf 89' lang='lat' dir='ltr'>S.</span> <span class='ocrx_word' id='word_1_1028' title='bbox 1657 1778 1698 1802; x_wconf 82' lang='lat'>50.</span> <span class='ocrx_word' id='word_1_1029' title='bbox 1724 1778 1764 1802; x_wconf 83' lang='lat'>16.</span> <span class='ocrx_word' id='word_1_1030' title='bbox 1809 1777 1921 1803; x_wconf 85' lang='lat' dir='ltr'>Etiamsi</span> 
     </span>
     <span class='ocr_line' id='line_1_104' title="bbox 1078 1816 1921 1852; baseline 0.006 -12"><span class='ocrx_word' id='word_1_1031' title='bbox 1078 1816 1208 1851; x_wconf 75' lang='lat' dir='ltr'>ignoravit</span> <span class='ocrx_word' id='word_1_1032' title='bbox 1232 1826 1278 1847; x_wconf 69' lang='lat' dir='ltr'>ea,</span> <span class='ocrx_word' id='word_1_1033' title='bbox 1299 1831 1331 1834; x_wconf 91' lang='lat'>——</span> <span class='ocrx_word' id='word_1_1034' title='bbox 1351 1820 1437 1842; x_wconf 76' lang='lat' dir='ltr'>tamen</span> <span class='ocrx_word' id='word_1_1035' title='bbox 1461 1819 1545 1844; x_wconf 67' lang='lat' dir='ltr'>teneri</span> <span class='ocrx_word' id='word_1_1036' title='bbox 1570 1818 1674 1845; x_wconf 74' lang='lat' dir='ltr'>debere.</span> <span class='ocrx_word' id='word_1_1037' title='bbox 1700 1818 1730 1845; x_wconf 85' lang='lat' dir='ltr'>fr.</span> <span class='ocrx_word' id='word_1_1038' title='bbox 1756 1821 1778 1845; x_wconf 82' lang='lat' dir='ltr'>l.</span> <span class='ocrx_word' id='word_1_1039' title='bbox 1803 1819 1824 1852; x_wconf 92' lang='lat'>5.</span> <span class='ocrx_word' id='word_1_1040' title='bbox 1843 1821 1868 1845; x_wconf 84' lang='grc'>2.</span> <span class='ocrx_word' id='word_1_1041' title='bbox 1888 1818 1921 1845; x_wconf 85' lang='grc'>(16</span> 
     </span>
     <span class='ocr_line' id='line_1_105' title="bbox 1077 1857 1920 1899; baseline 0.006 -16"><span class='ocrx_word' id='word_1_1042' title='bbox 1077 1857 1164 1884; x_wconf 83' lang='lat' dir='ltr'>Aedil.</span> <span class='ocrx_word' id='word_1_1043' title='bbox 1185 1857 1262 1884; x_wconf 88' lang='lat' dir='ltr'>edict.</span> <span class='ocrx_word' id='word_1_1044' title='bbox 1282 1860 1323 1884; x_wconf 82' lang='lat'>21.</span> <span class='ocrx_word' id='word_1_1045' title='bbox 1344 1860 1367 1884; x_wconf 94' lang='lat'>1.</span> <span class='ocrx_word' id='word_1_1046' title='bbox 1404 1859 1478 1894; x_wconf 78' lang='lat' dir='ltr'>Quae</span> <span class='ocrx_word' id='word_1_1047' title='bbox 1498 1861 1547 1892; x_wconf 85' lang='lat' dir='ltr'>(sc.</span> <span class='ocrx_word' id='word_1_1048' title='bbox 1568 1862 1694 1897; x_wconf 78' lang='lat' dir='ltr'>persona)</span> <span class='ocrx_word' id='word_1_1049' title='bbox 1714 1862 1841 1897; x_wconf 71' lang='lat' dir='ltr'>ignorare,</span> <span class='ocrx_word' id='word_1_1050' title='bbox 1860 1871 1920 1899; x_wconf 82' lang='lat' dir='ltr'>pro-</span> 
     </span>
     <span class='ocr_line' id='line_1_106' title="bbox 1077 1901 1920 1940; baseline 0.007 -15"><span class='ocrx_word' id='word_1_1051' title='bbox 1077 1905 1136 1937; x_wconf 82' lang='lat' dir='ltr'>pter</span> <span class='ocrx_word' id='word_1_1052' title='bbox 1160 1901 1334 1927; x_wconf 79' lang='lat' dir='ltr'>rusticitatem</span> <span class='ocrx_word' id='word_1_1053' title='bbox 1357 1901 1400 1928; x_wconf 79' lang='lat' dir='ltr'>vel</span> <span class='ocrx_word' id='word_1_1054' title='bbox 1428 1908 1538 1940; x_wconf 76' lang='lat' dir='ltr'>propter</span> <span class='ocrx_word' id='word_1_1055' title='bbox 1565 1914 1657 1930; x_wconf 83' lang='lat' dir='ltr'>sexum</span> <span class='ocrx_word' id='word_1_1056' title='bbox 1685 1904 1850 1936; x_wconf 78' lang='lat' dir='ltr'>femininum,</span> <span class='ocrx_word' id='word_1_1057' title='bbox 1878 1905 1920 1931; x_wconf 87' lang='lat' dir='ltr'>ius</span> 
     </span>
     <span class='ocr_line' id='line_1_107' title="bbox 1077 1944 1919 1980; baseline 0.007 -12"><span class='ocrx_word' id='word_1_1058' title='bbox 1077 1953 1153 1969; x_wconf 90' lang='lat' dir='ltr'>suum</span> <span class='ocrx_word' id='word_1_1059' title='bbox 1172 1944 1267 1980; x_wconf 86' lang='lat' dir='ltr'>possit.</span> <span class='ocrx_word' id='word_1_1060' title='bbox 1294 1944 1324 1969; x_wconf 88' lang='lat' dir='ltr'>fr.</span> <span class='ocrx_word' id='word_1_1061' title='bbox 1343 1946 1367 1970; x_wconf 86' lang='lat'>2.</span> <span class='ocrx_word' id='word_1_1062' title='bbox 1392 1945 1413 1978; x_wconf 91' lang='lat'>5.</span> <span class='ocrx_word' id='word_1_1063' title='bbox 1435 1946 1457 1971; x_wconf 78' lang='lat'>7.</span> <span class='ocrx_word' id='word_1_1064' title='bbox 1485 1945 1517 1972; x_wconf 85' lang='grc'>(16</span> <span class='ocrx_word' id='word_1_1065' title='bbox 1537 1947 1593 1973; x_wconf 83' lang='lat' dir='ltr'>iure</span> <span class='ocrx_word' id='word_1_1066' title='bbox 1611 1947 1676 1973; x_wconf 85' lang='lat' dir='ltr'>fisci.</span> <span class='ocrx_word' id='word_1_1067' title='bbox 1696 1948 1737 1973; x_wconf 85' lang='lat'>49.</span> <span class='ocrx_word' id='word_1_1068' title='bbox 1759 1949 1798 1973; x_wconf 88' lang='lat'>14.</span> <span class='ocrx_word' id='word_1_1069' title='bbox 1835 1947 1864 1974; x_wconf 81' lang='lat' dir='ltr'>Si</span> <span class='ocrx_word' id='word_1_1070' title='bbox 1883 1948 1919 1974; x_wconf 75' lang='lat' dir='ltr'>ita</span> 
     </span>
     <span class='ocr_line' id='line_1_108' title="bbox 1076 1986 1919 2022; baseline 0.007 -11"><span class='ocrx_word' id='word_1_1071' title='bbox 1076 1991 1150 2022; x_wconf 84' lang='lat' dir='ltr'>pater</span> <span class='ocrx_word' id='word_1_1072' title='bbox 1168 1986 1250 2017; x_wconf 78' lang='lat' dir='ltr'>absit,</span> <span class='ocrx_word' id='word_1_1073' title='bbox 1276 1991 1305 2012; x_wconf 81' lang='lat' dir='ltr'>ut</span> <span class='ocrx_word' id='word_1_1074' title='bbox 1328 1987 1463 2022; x_wconf 77' lang='lat' dir='ltr'>ignoretur</span> <span class='ocrx_word' id='word_1_1075' title='bbox 1485 1988 1530 2014; x_wconf 91' lang='lat' dir='ltr'>ubi</span> <span class='ocrx_word' id='word_1_1076' title='bbox 1554 1990 1597 2021; x_wconf 76' lang='lat' dir='ltr'>sit,</span> <span class='ocrx_word' id='word_1_1077' title='bbox 1618 1994 1644 2016; x_wconf 83' lang='lat' dir='ltr'>et</span> <span class='ocrx_word' id='word_1_1078' title='bbox 1662 2000 1694 2016; x_wconf 87' lang='lat' dir='ltr'>an</span> <span class='ocrx_word' id='word_1_1079' title='bbox 1713 1991 1755 2016; x_wconf 80' lang='lat' dir='ltr'>sit.</span> <span class='ocrx_word' id='word_1_1080' title='bbox 1775 1990 1805 2017; x_wconf 83' lang='lat' dir='ltr'>fr.</span> <span class='ocrx_word' id='word_1_1081' title='bbox 1825 1992 1865 2017; x_wconf 88' lang='grc'>10.</span> <span class='ocrx_word' id='word_1_1082' title='bbox 1886 1990 1919 2017; x_wconf 85' lang='lat' dir='ltr'>de</span> 
     </span>
     <span class='ocr_line' id='line_1_109' title="bbox 1075 2028 1918 2067; baseline 0.007 -13"><span class='ocrx_word' id='word_1_1083' title='bbox 1075 2028 1106 2055; x_wconf 85' lang='lat' dir='ltr'>R.</span> <span class='ocrx_word' id='word_1_1084' title='bbox 1127 2028 1158 2055; x_wconf 83' lang='lat' dir='ltr'>N.</span> <span class='ocrx_word' id='word_1_1085' title='bbox 1177 2030 1219 2055; x_wconf 88' lang='lat'>23.</span> <span class='ocrx_word' id='word_1_1086' title='bbox 1239 2031 1263 2055; x_wconf 89' lang='grc'>2.</span> <span class='ocrx_word' id='word_1_1087' title='bbox 1300 2029 1474 2065; x_wconf 76' lang='lat' dir='ltr'>Ignorandum</span> <span class='ocrx_word' id='word_1_1088' title='bbox 1497 2041 1550 2058; x_wconf 88' lang='lat' dir='ltr'>non</span> <span class='ocrx_word' id='word_1_1089' title='bbox 1575 2038 1616 2059; x_wconf 80' lang='lat' dir='ltr'>est</span> <span class='ocrx_word' id='word_1_1090' title='bbox 1640 2038 1687 2059; x_wconf 88' lang='lat' dir='ltr'>etc.</span> <span class='ocrx_word' id='word_1_1091' title='bbox 1707 2032 1737 2059; x_wconf 86' lang='lat' dir='ltr'>fr.</span> <span class='ocrx_word' id='word_1_1092' title='bbox 1758 2035 1780 2059; x_wconf 87' lang='grc'>1.</span> <span class='ocrx_word' id='word_1_1093' title='bbox 1800 2034 1821 2067; x_wconf 90' lang='lat'>5.</span> <span class='ocrx_word' id='word_1_1094' title='bbox 1840 2035 1864 2059; x_wconf 88' lang='grc'>2.</span> <span class='ocrx_word' id='word_1_1095' title='bbox 1885 2032 1918 2059; x_wconf 82' lang='lat' dir='ltr'>de</span> 
     </span>
     <span class='ocr_line' id='line_1_110' title="bbox 1052 2073 1348 2098; baseline 0.003 -1"><span class='ocrx_word' id='word_1_1096' title='bbox 1052 2075 1053 2089; x_wconf 62' lang='lat'>³</span> <span class='ocrx_word' id='word_1_1097' title='bbox 1075 2076 1176 2098; x_wconf 85' lang='lat' dir='ltr'>testam.</span> <span class='ocrx_word' id='word_1_1098' title='bbox 1196 2076 1244 2098; x_wconf 84' lang='lat' dir='ltr'>tut.</span> <span class='ocrx_word' id='word_1_1099' title='bbox 1263 2073 1304 2098; x_wconf 81' lang='lat'>26.</span> <span class='ocrx_word' id='word_1_1100' title='bbox 1324 2074 1348 2098; x_wconf 88' lang='grc'>2.</span> 
     </span>
    </p>

    <p class='ocr_par' dir='ltr' id='par_1_32' title="bbox 1048 2115 1915 2535">
     <span class='ocr_line' id='line_1_111' title="bbox 1109 2115 1915 2154; baseline 0.006 -14"><span class='ocrx_word' id='word_1_1101' title='bbox 1109 2115 1319 2149; x_wconf 76' lang='lat' dir='ltr'>Ignoratio.</span> <span class='ocrx_word' id='word_1_1102' title='bbox 1357 2117 1508 2143; x_wconf 75' lang='lat' dir='ltr'>Inscitia.</span> <span class='ocrx_word' id='word_1_1103' title='bbox 1529 2117 1547 2144; x_wconf 85' lang='lat' dir='ltr'>l.</span> <span class='ocrx_word' id='word_1_1104' title='bbox 1573 2119 1634 2153; x_wconf 78' lang='lat' dir='ltr'>Sy.</span> <span class='ocrx_word' id='word_1_1105' title='bbox 1654 2118 1809 2154; x_wconf 79' lang='lat' dir='ltr'>Ignorantia.</span> <span class='ocrx_word' id='word_1_1106' title='bbox 1829 2118 1859 2145; x_wconf 89' lang='lat' dir='ltr'>fr.</span> <span class='ocrx_word' id='word_1_1107' title='bbox 1875 2120 1915 2145; x_wconf 89' lang='lat'>15.</span> 
     </span>
     <span class='ocr_line' id='line_1_112' title="bbox 1073 2156 1914 2190; baseline 0.008 -8"><span class='ocrx_word' id='word_1_1108' title='bbox 1073 2157 1094 2190; x_wconf 90' lang='lat'>5.</span> <span class='ocrx_word' id='word_1_1109' title='bbox 1116 2159 1138 2183; x_wconf 96' lang='lat'>1.</span> <span class='ocrx_word' id='word_1_1110' title='bbox 1158 2156 1191 2183; x_wconf 87' lang='lat' dir='ltr'>de</span> <span class='ocrx_word' id='word_1_1111' title='bbox 1210 2162 1293 2183; x_wconf 90' lang='lat' dir='ltr'>contr.</span> <span class='ocrx_word' id='word_1_1112' title='bbox 1314 2162 1373 2184; x_wconf 73' lang='lat' dir='ltr'>emt.</span> <span class='ocrx_word' id='word_1_1113' title='bbox 1395 2160 1433 2184; x_wconf 69' lang='lat' dir='ltr'>ls.</span> <span class='ocrx_word' id='word_1_1114' title='bbox 1455 2161 1477 2185; x_wconf 96' lang='lat'>1.</span> <span class='ocrx_word' id='word_1_1115' title='bbox 1502 2160 1531 2186; x_wconf 86' lang='lat' dir='ltr'>fr.</span> <span class='ocrx_word' id='word_1_1116' title='bbox 1552 2163 1593 2187; x_wconf 76' lang='lat'>55.</span> <span class='ocrx_word' id='word_1_1117' title='bbox 1620 2161 1651 2187; x_wconf 75' lang='grc'>(16</span> <span class='ocrx_word' id='word_1_1118' title='bbox 1671 2161 1756 2188; x_wconf 78' lang='lat' dir='ltr'>Aedil.</span> <span class='ocrx_word' id='word_1_1119' title='bbox 1777 2161 1853 2188; x_wconf 75' lang='lat' dir='ltr'>edict.</span> <span class='ocrx_word' id='word_1_1120' title='bbox 1873 2164 1914 2188; x_wconf 88' lang='lat'>21.</span> 
     </span>
     <span class='ocr_line' id='line_1_113' title="bbox 1048 2199 1913 2237; baseline 0.006 -12"><span class='ocrx_word' id='word_1_1121' title='bbox 1048 2215 1050 2230; x_wconf 45' lang='grc' dir='ltr'>ς</span> <span class='ocrx_word' id='word_1_1122' title='bbox 1073 2202 1095 2226; x_wconf 93' lang='lat'>1.</span> <span class='ocrx_word' id='word_1_1123' title='bbox 1132 2199 1163 2226; x_wconf 90' lang='lat' dir='ltr'>II.</span> <span class='ocrx_word' id='word_1_1124' title='bbox 1183 2201 1250 2233; x_wconf 82' lang='lat' dir='ltr'>Op.</span> <span class='ocrx_word' id='word_1_1125' title='bbox 1274 2200 1419 2237; x_wconf 78' lang='lat' dir='ltr'>Ignoratio,</span> <span class='ocrx_word' id='word_1_1126' title='bbox 1444 2207 1488 2228; x_wconf 86' lang='lat' dir='ltr'>aut</span> <span class='ocrx_word' id='word_1_1127' title='bbox 1510 2202 1617 2230; x_wconf 78' lang='lat' dir='ltr'>oblivio.</span> <span class='ocrx_word' id='word_1_1128' title='bbox 1638 2220 1670 2223; x_wconf 97' lang='lat'><strong>—</strong></span> <span class='ocrx_word' id='word_1_1129' title='bbox 1689 2204 1812 2232; x_wconf 75' lang='lat' dir='ltr'>Memoria</span> <span class='ocrx_word' id='word_1_1130' title='bbox 1831 2205 1913 2231; x_wconf 86' lang='lat' dir='ltr'>firma.</span> 
     </span>
     <span class='ocr_line' id='line_1_114' title="bbox 1073 2242 1911 2278; baseline 0.005 -10"><span class='ocrx_word' id='word_1_1131' title='bbox 1073 2242 1121 2269; x_wconf 89' lang='lat' dir='ltr'>Th.</span> <span class='ocrx_word' id='word_1_1132' title='bbox 1142 2242 1172 2269; x_wconf 87' lang='lat' dir='ltr'>C.</span> <span class='ocrx_word' id='word_1_1133' title='bbox 1192 2242 1236 2269; x_wconf 80' lang='lat' dir='ltr'>IV.</span> <span class='ocrx_word' id='word_1_1134' title='bbox 1256 2244 1279 2269; x_wconf 85' lang='grc'>8.</span> <span class='ocrx_word' id='word_1_1135' title='bbox 1300 2254 1321 2269; x_wconf 92' lang='lat' dir='ltr'>c.</span> <span class='ocrx_word' id='word_1_1136' title='bbox 1335 2245 1358 2270; x_wconf 86' lang='grc'>6.</span> <span class='ocrx_word' id='word_1_1137' title='bbox 1378 2244 1400 2277; x_wconf 91' lang='lat'>5.</span> <span class='ocrx_word' id='word_1_1138' title='bbox 1414 2246 1437 2270; x_wconf 89' lang='lat'>3.</span> <span class='ocrx_word' id='word_1_1139' title='bbox 1458 2244 1562 2278; x_wconf 88' lang='lat' dir='ltr'>(ch.)</span> <span class='ocrx_word' id='word_1_1140' title='bbox 1583 2246 1615 2272; x_wconf 78' lang='lat' dir='ltr'>[le</span> <span class='ocrx_word' id='word_1_1141' title='bbox 1634 2246 1736 2273; x_wconf 81' lang='lat' dir='ltr'>liberali</span> <span class='ocrx_word' id='word_1_1142' title='bbox 1756 2258 1776 2273; x_wconf 90' lang='lat' dir='ltr'>c.</span> <span class='ocrx_word' id='word_1_1143' title='bbox 1797 2247 1911 2274; x_wconf 57' lang='grc'><strong>1111311.</strong></span> 
     </span>
     <span class='ocr_line' id='line_1_115' title="bbox 1072 2285 1910 2326; baseline 0.004 -15"><span class='ocrx_word' id='word_1_1144' title='bbox 1072 2285 1139 2312; x_wconf 86' lang='lat' dir='ltr'>Iuris</span> <span class='ocrx_word' id='word_1_1145' title='bbox 1159 2287 1323 2322; x_wconf 76' lang='lat' dir='ltr'>ignoratione</span> <span class='ocrx_word' id='word_1_1146' title='bbox 1341 2286 1441 2323; x_wconf 85' lang='lat' dir='ltr'>lapsus.</span> <span class='ocrx_word' id='word_1_1147' title='bbox 1455 2304 1487 2306; x_wconf 97' lang='lat'><strong>—</strong></span> <span class='ocrx_word' id='word_1_1148' title='bbox 1507 2288 1643 2326; x_wconf 67' lang='lat' dir='ltr'>Deceptus</span> <span class='ocrx_word' id='word_1_1149' title='bbox 1663 2291 1824 2326; x_wconf 73' lang='lat' dir='ltr'>ignoratione</span> <span class='ocrx_word' id='word_1_1150' title='bbox 1843 2289 1910 2315; x_wconf 78' lang='lat' dir='ltr'>facti.</span> 
     </span>
     <span class='ocr_line' id='line_1_116' title="bbox 1072 2328 1910 2368; baseline 0.004 -14"><span class='ocrx_word' id='word_1_1151' title='bbox 1072 2328 1102 2354; x_wconf 82' lang='lat' dir='ltr'>fr.</span> <span class='ocrx_word' id='word_1_1152' title='bbox 1122 2330 1162 2354; x_wconf 77' lang='lat'>79.</span> <span class='ocrx_word' id='word_1_1153' title='bbox 1184 2328 1215 2354; x_wconf 88' lang='lat' dir='ltr'>de</span> <span class='ocrx_word' id='word_1_1154' title='bbox 1239 2328 1315 2364; x_wconf 72' lang='lat' dir='ltr'>legat.</span> <span class='ocrx_word' id='word_1_1155' title='bbox 1341 2328 1372 2354; x_wconf 93' lang='lat' dir='ltr'>II.</span> <span class='ocrx_word' id='word_1_1156' title='bbox 1396 2330 1472 2361; x_wconf 83' lang='lat'>(31.)</span> <span class='ocrx_word' id='word_1_1157' title='bbox 1497 2330 1527 2357; x_wconf 89' lang='lat' dir='ltr'>fr.</span> <span class='ocrx_word' id='word_1_1158' title='bbox 1549 2333 1588 2357; x_wconf 84' lang='lat'>17.</span> <span class='ocrx_word' id='word_1_1159' title='bbox 1609 2332 1641 2358; x_wconf 82' lang='lat' dir='ltr'>de</span> <span class='ocrx_word' id='word_1_1160' title='bbox 1661 2332 1684 2359; x_wconf 75' lang='lat' dir='ltr'>h.</span> <span class='ocrx_word' id='word_1_1161' title='bbox 1705 2343 1747 2368; x_wconf 89' lang='lat' dir='ltr'>qu.</span> <span class='ocrx_word' id='word_1_1162' title='bbox 1768 2337 1794 2358; x_wconf 88' lang='lat' dir='ltr'>ut</span> <span class='ocrx_word' id='word_1_1163' title='bbox 1813 2331 1910 2367; x_wconf 76' lang='lat' dir='ltr'>indign.</span> 
     </span>
     <span class='ocr_line' id='line_1_117' title="bbox 1070 2370 1911 2410; baseline 0.005 -13"><span class='ocrx_word' id='word_1_1164' title='bbox 1070 2373 1112 2397; x_wconf 79' lang='lat'>34.</span> <span class='ocrx_word' id='word_1_1165' title='bbox 1131 2373 1155 2397; x_wconf 88' lang='grc'>9.</span> <span class='ocrx_word' id='word_1_1166' title='bbox 1193 2370 1252 2396; x_wconf 69' lang='lat' dir='ltr'>Non</span> <span class='ocrx_word' id='word_1_1167' title='bbox 1277 2382 1308 2398; x_wconf 78' lang='lat' dir='ltr'>ex</span> <span class='ocrx_word' id='word_1_1168' title='bbox 1333 2373 1492 2398; x_wconf 66' lang='lat' dir='ltr'>remissioris</span> <span class='ocrx_word' id='word_1_1169' title='bbox 1516 2374 1688 2410; x_wconf 72' lang='lat' dir='ltr'>negligentiae</span> <span class='ocrx_word' id='word_1_1170' title='bbox 1712 2376 1788 2406; x_wconf 72' lang='lat' dir='ltr'>vitio.</span> <span class='ocrx_word' id='word_1_1171' title='bbox 1807 2374 1855 2400; x_wconf 80' lang='lat' dir='ltr'>sed</span> <span class='ocrx_word' id='word_1_1172' title='bbox 1873 2375 1911 2400; x_wconf 85' lang='lat' dir='ltr'>iu-</span> 
     </span>
     <span class='ocr_line' id='line_1_118' title="bbox 1071 2415 1909 2454; baseline 0.005 -15"><span class='ocrx_word' id='word_1_1173' title='bbox 1071 2419 1127 2440; x_wconf 83' lang='lat' dir='ltr'>stae</span> <span class='ocrx_word' id='word_1_1174' title='bbox 1146 2415 1318 2449; x_wconf 75' lang='lat' dir='ltr'>ignorationis</span> <span class='ocrx_word' id='word_1_1175' title='bbox 1346 2415 1454 2441; x_wconf 66' lang='lat' dir='ltr'>ratione.</span> <span class='ocrx_word' id='word_1_1176' title='bbox 1481 2427 1501 2442; x_wconf 89' lang='lat' dir='ltr'>c.</span> <span class='ocrx_word' id='word_1_1177' title='bbox 1525 2419 1547 2442; x_wconf 89' lang='lat'>5.</span> <span class='ocrx_word' id='word_1_1178' title='bbox 1574 2417 1606 2443; x_wconf 79' lang='grc'>(16</span> <span class='ocrx_word' id='word_1_1179' title='bbox 1629 2419 1707 2454; x_wconf 76' lang='lat' dir='ltr'>peric.</span> <span class='ocrx_word' id='word_1_1180' title='bbox 1728 2422 1804 2443; x_wconf 80' lang='lat' dir='ltr'>tutor.</span> <span class='ocrx_word' id='word_1_1181' title='bbox 1825 2420 1849 2444; x_wconf 91' lang='lat'>5.</span> <span class='ocrx_word' id='word_1_1182' title='bbox 1867 2418 1909 2443; x_wconf 84' lang='grc'>38.</span> 
     </span>
     <span class='ocr_line' id='line_1_119' title="bbox 1071 2456 1910 2492; baseline 0.005 -10"><span class='ocrx_word' id='word_1_1183' title='bbox 1071 2456 1149 2482; x_wconf 65' lang='lat' dir='ltr'>Nulla</span> <span class='ocrx_word' id='word_1_1184' title='bbox 1169 2466 1197 2482; x_wconf 92' lang='lat' dir='ltr'>se</span> <span class='ocrx_word' id='word_1_1185' title='bbox 1217 2457 1380 2492; x_wconf 76' lang='lat' dir='ltr'>ignoratione</span> <span class='ocrx_word' id='word_1_1186' title='bbox 1404 2457 1534 2485; x_wconf 81' lang='lat' dir='ltr'>defendat.</span> <span class='ocrx_word' id='word_1_1187' title='bbox 1561 2459 1609 2486; x_wconf 81' lang='lat' dir='ltr'>Th.</span> <span class='ocrx_word' id='word_1_1188' title='bbox 1630 2460 1659 2486; x_wconf 88' lang='lat' dir='ltr'>C.</span> <span class='ocrx_word' id='word_1_1189' title='bbox 1681 2459 1722 2485; x_wconf 64' lang='lat' dir='ltr'>YI.</span> <span class='ocrx_word' id='word_1_1190' title='bbox 1748 2461 1771 2484; x_wconf 83' lang='grc'>5.</span> <span class='ocrx_word' id='word_1_1191' title='bbox 1797 2469 1817 2485; x_wconf 90' lang='lat' dir='ltr'>c.</span> <span class='ocrx_word' id='word_1_1192' title='bbox 1837 2462 1860 2486; x_wconf 88' lang='grc'>2.</span> <span class='ocrx_word' id='word_1_1193' title='bbox 1881 2465 1910 2486; x_wconf 82' lang='lat' dir='ltr'>ut</span> 
     </span>
     <span class='ocr_line' id='line_1_120' title="bbox 1071 2499 1335 2535; baseline 0 -10"><span class='ocrx_word' id='word_1_1194' title='bbox 1071 2499 1161 2535; x_wconf 80' lang='lat' dir='ltr'>dignit.</span> <span class='ocrx_word' id='word_1_1195' title='bbox 1182 2499 1247 2525; x_wconf 89' lang='lat' dir='ltr'>ordo</span> <span class='ocrx_word' id='word_1_1196' title='bbox 1267 2509 1335 2526; x_wconf 79' lang='lat' dir='ltr'>serv.</span> 
     </span>
    </p>

    <p class='ocr_par' dir='ltr' id='par_1_33' title="bbox 1066 2544 1906 2792">
     <span class='ocr_line' id='line_1_121' title="bbox 1105 2544 1906 2581; baseline 0.006 -13"><span class='ocrx_word' id='word_1_1197' title='bbox 1105 2544 1324 2576; x_wconf 74' lang='lat' dir='ltr'>Ignoscere.</span> <span class='ocrx_word' id='word_1_1198' title='bbox 1348 2544 1531 2576; x_wconf 67' lang='lat' dir='ltr'>Excusare,</span> <span class='ocrx_word' id='word_1_1199' title='bbox 1555 2546 1685 2571; x_wconf 78' lang='lat' dir='ltr'>l&#39;enz&#39;um</span> <span class='ocrx_word' id='word_1_1200' title='bbox 1705 2547 1789 2571; x_wconf 80' lang='lat' dir='ltr'>dare.</span> <span class='ocrx_word' id='word_1_1201' title='bbox 1810 2545 1829 2572; x_wconf 90' lang='lat' dir='ltr'>I.</span> <span class='ocrx_word' id='word_1_1202' title='bbox 1845 2547 1906 2581; x_wconf 74' lang='lat' dir='ltr'>Sy.</span> 
     </span>
     <span class='ocr_line' id='line_1_122' title="bbox 1068 2583 1905 2622; baseline 0.007 -12"><span class='ocrx_word' id='word_1_1203' title='bbox 1068 2584 1209 2610; x_wconf 74' lang='lat' dir='ltr'>Excusare.</span> <span class='ocrx_word' id='word_1_1204' title='bbox 1234 2583 1264 2610; x_wconf 78' lang='lat' dir='ltr'>fr.</span> <span class='ocrx_word' id='word_1_1205' title='bbox 1288 2586 1312 2610; x_wconf 91' lang='grc'>2.</span> <span class='ocrx_word' id='word_1_1206' title='bbox 1337 2585 1358 2618; x_wconf 91' lang='lat'>5.</span> <span class='ocrx_word' id='word_1_1207' title='bbox 1385 2588 1407 2612; x_wconf 95' lang='lat' dir='ltr'>l.</span> <span class='ocrx_word' id='word_1_1208' title='bbox 1432 2586 1464 2613; x_wconf 78' lang='lat' dir='ltr'>(lo</span> <span class='ocrx_word' id='word_1_1209' title='bbox 1489 2597 1547 2613; x_wconf 80' lang='lat' dir='ltr'>nox.</span> <span class='ocrx_word' id='word_1_1210' title='bbox 1573 2591 1620 2612; x_wconf 85' lang='lat' dir='ltr'>act.</span> <span class='ocrx_word' id='word_1_1211' title='bbox 1641 2587 1663 2612; x_wconf 89' lang='grc'>9.</span> <span class='ocrx_word' id='word_1_1212' title='bbox 1684 2588 1707 2612; x_wconf 87' lang='lat'>4.</span> <span class='ocrx_word' id='word_1_1213' title='bbox 1732 2587 1762 2613; x_wconf 90' lang='lat' dir='ltr'>fr.</span> <span class='ocrx_word' id='word_1_1214' title='bbox 1782 2589 1805 2614; x_wconf 78' lang='lat'>5.</span> <span class='ocrx_word' id='word_1_1215' title='bbox 1826 2588 1862 2622; x_wconf 86' lang='lat'>55.</span> <span class='ocrx_word' id='word_1_1216' title='bbox 1882 2590 1905 2616; x_wconf 88' lang='lat'>9.</span> 
     </span>
     <span class='ocr_line' id='line_1_123' title="bbox 1069 2626 1906 2668; baseline 0.007 -16"><span class='ocrx_word' id='word_1_1217' title='bbox 1069 2628 1108 2652; x_wconf 83' lang='lat'>13.</span> <span class='ocrx_word' id='word_1_1218' title='bbox 1129 2626 1162 2652; x_wconf 86' lang='lat' dir='ltr'>de.</span> <span class='ocrx_word' id='word_1_1219' title='bbox 1180 2626 1204 2652; x_wconf 90' lang='lat' dir='ltr'>h.</span> <span class='ocrx_word' id='word_1_1220' title='bbox 1225 2637 1267 2662; x_wconf 91' lang='lat' dir='ltr'>qu.</span> <span class='ocrx_word' id='word_1_1221' title='bbox 1289 2632 1317 2654; x_wconf 92' lang='lat' dir='ltr'>ut</span> <span class='ocrx_word' id='word_1_1222' title='bbox 1335 2628 1432 2665; x_wconf 74' lang='lat' dir='ltr'>indign.</span> <span class='ocrx_word' id='word_1_1223' title='bbox 1452 2631 1492 2656; x_wconf 83' lang='lat'>34.</span> <span class='ocrx_word' id='word_1_1224' title='bbox 1513 2631 1535 2655; x_wconf 80' lang='lat'>9.</span> <span class='ocrx_word' id='word_1_1225' title='bbox 1566 2628 1698 2654; x_wconf 88' lang='lat' dir='ltr'>Adiuvare</span> <span class='ocrx_word' id='word_1_1226' title='bbox 1717 2630 1906 2668; x_wconf 74' lang='lat' dir='ltr'>(exceptione.)</span> 
     </span>
     <span class='ocr_line' id='line_1_124' title="bbox 1068 2668 1904 2710; baseline 0.006 -15"><span class='ocrx_word' id='word_1_1227' title='bbox 1068 2668 1236 2702; x_wconf 84' lang='lat' dir='ltr'>Succurrere,</span> <span class='ocrx_word' id='word_1_1228' title='bbox 1257 2669 1411 2697; x_wconf 73' lang='lat' dir='ltr'>Subvenire.</span> <span class='ocrx_word' id='word_1_1229' title='bbox 1432 2672 1461 2697; x_wconf 88' lang='lat' dir='ltr'>sr.</span> <span class='ocrx_word' id='word_1_1230' title='bbox 1481 2674 1504 2697; x_wconf 90' lang='grc'>2.</span> <span class='ocrx_word' id='word_1_1231' title='bbox 1525 2671 1561 2704; x_wconf 85' lang='lat'>55</span> <span class='ocrx_word' id='word_1_1232' title='bbox 1575 2674 1598 2697; x_wconf 88' lang='lat'>2.</span> <span class='ocrx_word' id='word_1_1233' title='bbox 1619 2681 1658 2707; x_wconf 87' lang='lat' dir='ltr'>sq.</span> <span class='ocrx_word' id='word_1_1234' title='bbox 1679 2673 1701 2698; x_wconf 84' lang='lat'>6.</span> <span class='ocrx_word' id='word_1_1235' title='bbox 1721 2672 1751 2699; x_wconf 87' lang='lat' dir='ltr'>fr.</span> <span class='ocrx_word' id='word_1_1236' title='bbox 1771 2674 1794 2699; x_wconf 87' lang='lat'>4.</span> <span class='ocrx_word' id='word_1_1237' title='bbox 1814 2683 1852 2710; x_wconf 86' lang='lat' dir='ltr'>pr.</span> <span class='ocrx_word' id='word_1_1238' title='bbox 1867 2675 1904 2708; x_wconf 86' lang='lat'>55.</span> 
     </span>
     <span class='ocr_line' id='line_1_125' title="bbox 1068 2713 1902 2751; baseline 0.006 -14"><span class='ocrx_word' id='word_1_1239' title='bbox 1068 2714 1090 2738; x_wconf 95' lang='lat'>1.</span> <span class='ocrx_word' id='word_1_1240' title='bbox 1109 2713 1133 2737; x_wconf 85' lang='lat'>3.</span> <span class='ocrx_word' id='word_1_1241' title='bbox 1154 2713 1177 2738; x_wconf 85' lang='lat' dir='ltr'>si</span> <span class='ocrx_word' id='word_1_1242' title='bbox 1197 2722 1239 2748; x_wconf 93' lang='lat' dir='ltr'>qu.</span> <span class='ocrx_word' id='word_1_1243' title='bbox 1260 2718 1337 2740; x_wconf 82' lang='lat' dir='ltr'>cautt.</span> <span class='ocrx_word' id='word_1_1244' title='bbox 1362 2716 1385 2740; x_wconf 90' lang='grc'>2.</span> <span class='ocrx_word' id='word_1_1245' title='bbox 1412 2716 1451 2739; x_wconf 93' lang='lat'>11.</span> <span class='ocrx_word' id='word_1_1246' title='bbox 1488 2713 1518 2739; x_wconf 88' lang='lat' dir='ltr'>II.</span> <span class='ocrx_word' id='word_1_1247' title='bbox 1546 2715 1613 2747; x_wconf 80' lang='lat' dir='ltr'>Op.</span> <span class='ocrx_word' id='word_1_1248' title='bbox 1637 2713 1779 2751; x_wconf 71' lang='lat' dir='ltr'>Imputare,</span> <span class='ocrx_word' id='word_1_1249' title='bbox 1799 2715 1902 2742; x_wconf 82' lang='lat' dir='ltr'>Punire.</span> 
     </span>
     <span class='ocr_line' id='line_1_126' title="bbox 1066 2754 1902 2792; baseline 0.004 -12"><span class='ocrx_word' id='word_1_1250' title='bbox 1066 2754 1095 2780; x_wconf 82' lang='lat' dir='ltr'>fr.</span> <span class='ocrx_word' id='word_1_1251' title='bbox 1115 2756 1138 2780; x_wconf 83' lang='grc'>2.</span> <span class='ocrx_word' id='word_1_1252' title='bbox 1160 2755 1196 2788; x_wconf 84' lang='lat'>55.</span> <span class='ocrx_word' id='word_1_1253' title='bbox 1215 2757 1256 2782; x_wconf 84' lang='lat'>36.</span> <span class='ocrx_word' id='word_1_1254' title='bbox 1277 2766 1315 2792; x_wconf 80' lang='lat' dir='ltr'>sq.</span> <span class='ocrx_word' id='word_1_1255' title='bbox 1336 2758 1377 2782; x_wconf 82' lang='lat'>44.</span> <span class='ocrx_word' id='word_1_1256' title='bbox 1398 2756 1429 2781; x_wconf 86' lang='lat' dir='ltr'>ad</span> <span class='ocrx_word' id='word_1_1257' title='bbox 1449 2755 1475 2781; x_wconf 88' lang='lat' dir='ltr'>S.</span> <span class='ocrx_word' id='word_1_1258' title='bbox 1496 2755 1526 2782; x_wconf 86' lang='lat' dir='ltr'>C.</span> <span class='ocrx_word' id='word_1_1259' title='bbox 1548 2756 1658 2783; x_wconf 82' lang='lat' dir='ltr'>Tertull.</span> <span class='ocrx_word' id='word_1_1260' title='bbox 1677 2758 1770 2784; x_wconf 79' lang='lat'>38.17.</span> <span class='ocrx_word' id='word_1_1261' title='bbox 1787 2757 1902 2785; x_wconf 70' lang='lat' dir='ltr'>mvn.</span> 
     </span>
    </p>
   </div>
   <div class='ocr_carea' id='block_1_23' title="bbox 1042 2796 1901 2837">
    <p class='ocr_par' dir='ltr' id='par_1_34' title="bbox 1042 2796 1901 2837">
     <span class='ocr_line' id='line_1_127' title="bbox 1042 2796 1901 2837; baseline 0.003 -15"><span class='ocrx_word' id='word_1_1262' title='bbox 1042 2812 1044 2822; x_wconf 46' lang='lat' dir='ltr'>x</span> <span class='ocrx_word' id='word_1_1263' title='bbox 1065 2796 1205 2833; x_wconf 78' lang='lat' dir='ltr'>Ignoscite,</span> <span class='ocrx_word' id='word_1_1264' title='bbox 1225 2809 1283 2824; x_wconf 89' lang='lat' dir='ltr'>nam</span> <span class='ocrx_word' id='word_1_1265' title='bbox 1302 2803 1438 2835; x_wconf 79' lang='lat' dir='ltr'>potueram</span> <span class='ocrx_word' id='word_1_1266' title='bbox 1457 2798 1533 2825; x_wconf 82' lang='lat' dir='ltr'>vobis</span> <span class='ocrx_word' id='word_1_1267' title='bbox 1547 2799 1658 2836; x_wconf 84' lang='lat' dir='ltr'>amplius</span> <span class='ocrx_word' id='word_1_1268' title='bbox 1676 2799 1832 2837; x_wconf 77' lang='lat' dir='ltr'>relinquere,</span> <span class='ocrx_word' id='word_1_1269' title='bbox 1852 2800 1901 2826; x_wconf 81' lang='lat' dir='ltr'>nisi</span> 
     </span>
    </p>
   </div>
   <div class='ocr_carea' id='block_1_24' title="bbox 1060 594 1074 1507">
    <p class='ocr_par' dir='ltr' id='par_1_35' title="bbox 1060 594 1074 1507">
     <span class='ocr_line' id='line_1_128' title="bbox 1060 594 1074 1507; baseline 0 0"><span class='ocrx_word' id='word_1_1270' title='bbox 1060 594 1074 1507; x_wconf 95' lang='lat' dir='ltr'> </span> 
     </span>
    </p>
   </div>
   <div class='ocr_carea' id='block_1_25' title="bbox 1042 1856 1057 2866">
    <p class='ocr_par' dir='ltr' id='par_1_36' title="bbox 1042 1856 1057 2866">
     <span class='ocr_line' id='line_1_129' title="bbox 1042 1856 1057 2866; baseline 0 0"><span class='ocrx_word' id='word_1_1271' title='bbox 1042 1856 1057 2866; x_wconf 95' lang='lat' dir='ltr'> </span> 
     </span>
    </p>
   </div>
  </div>
 </body>
</html>
