2197 3121
1022 164 1122 196 DED.

215 248 329 274 dedecus
349 258 405 274 eum
425 248 543 279 moverit,
564 256 609 273 seu
630 255 764 272 commune
784 245 872 272 odium
886 245 1049 272 delictorum.

215 290 252 317 lb.
272 290 315 317 [Χ.
335 292 377 317 24.
398 301 418 317 c.
432 292 456 317 3.
477 290 508 317 de
527 295 602 327 raptu
621 290 701 325 virgg.
739 289 767 315 Si
787 293 838 315 tam
852 289 1050 325 ignominiosam

215 333 320 360 duxerit
339 343 446 360 uxorem
465 332 544 363 filius.
565 337 592 358 ut
611 331 733 358 dedecori
752 333 787 358 sit
810 337 862 358 tam
885 333 948 369 ipsi.
974 342 1050 368 quam

214 377 295 413 patri,
315 376 450 402 mulierem
470 375 547 401 talem
566 374 669 401 habere.
699 374 728 401 fr.
747 378 771 401 ’3.
791 376 813 408 9.
833 376 856 400 5.
877 374 910 400 (18
928 375 958 401 Β.
979 374 1006 401 P.
1028 385 1049 401 c.

213 424 232 445 t.
251 420 292 445 37.
313 420 336 444 4.
373 418 437 445 Sine
456 418 584 444 dedecore
604 419 629 444 in
648 418 755 455 publico
774 427 865 455 parere
889 427 941 444 non
960 427 1049 454 posse.

214 461 244 488 fr.
266 463 304 487 lo.
325 472 357 488 ex
377 472 418 498 qu.
439 472 459 488 c.
479 461 536 487 mai.
556 462 579 486 4.
599 462 623 486 6.

248 505 409 531 Dedere.
449 505 604 535 Tradere,
625 505 840 530 committere.
872 501 890 528 1.
904 503 966 536 Sy.
986 501 1049 528 Tra-

213 546 275 573 dere
295 548 412 579 (noxae).
439 545 470 572 sr.
491 547 513 572 1.
533 546 554 580 9.
577 547 615 572 14.
635 547 658 572 si
677 545 803 582 quadrup.
823 546 847 571 9.
868 547 890 571 1.
929 544 1048 571 Subdere

213 590 393 622 (tormentis).
426 588 476 615 Th.
496 588 526 615 C.
546 588 590 615 IX.
613 590 652 614 15.
677 598 697 614 c.
718 590 740 614 1.
760 597 799 624 pr.
823 587 855 613 ad
873 586 903 614 L.
923 587 970 614 Iul.
990 588 1047 614 mai.

213 632 257 659 IX.
278 634 318 658 40.
339 642 360 658 c.
381 633 403 657 1.
423 630 455 657 de
469 641 547 668 poen.
584 632 723 662 Damnare,
741 630 881 661 Addicere,
900 630 1047 667 Adsignare

212 674 381 711 (ergastulis,
404 673 446 700 vel
469 675 616 711 pistrinis).
648 674 685 701 Ib.
710 673 726 700 l.
751 673 768 700 l.
792 683 813 699 c.
837 675 861 700 3.
892 684 913 699 c.
939 676 963 700 5,
987 683 1046 710 sqq.

211 717 255 744 ΙΙΙ,
275 720 339 746 Gn.
368 717 420 752 Qui
440 716 471 742 ab
492 717 613 744 hostibus
633 718 782 754 capiuntur,
802 715 844 742 vel
863 716 985 743 hostibus
1005 716 1048 743 de-

211 760 316 787 duntur.
340 759 370 786 sr.
391 761 413 787 4.
439 759 471 786 de
491 761 584 797 captiv.
605 762 645 787 49.
667 762 706 786 15.
747 759 801 794 Qui
824 760 902 785 armis
921 761 984 786 victi
1003 759 1047 786 ho-

210 803 296 829 stibus
315 812 343 829 58
362 802 497 830 dederunt.
519 803 562 836 [al.
583 802 759 836 dediderunt}
779 801 810 828 fr.
829 803 868 828 17.
888 802 923 828 ib.
943 803 984 828 49.
1006 804 1045 828 15.

212 845 269 872 Gai.
290 845 307 872 l.
334 847 373 871 13.
393 855 432 882 sq.
480 846 565 881 Quem
589 845 670 872 semel
692 844 808 882 populus
830 845 954 871 iussisset
977 844 1045 872 dedi.

210 888 241 915 sr.
263 890 302 914 17.
323 887 355 914 de
374 888 495 924 legation.
515 891 555 915 50.
576 891 598 915 7.
635 887 681 915 Vti
701 888 793 914 liceret
810 889 877 925 patri
897 888 1045 920 dominove,

209 936 253 957 aut
273 930 327 957 litis
347 932 552 958 aestimationem
571 932 689 963 sufferre,
709 936 753 958 aut
766 941 850 957 noxae
864 931 967 958 dedere.
988 931 1045 958 Gai.

208 973 253 1000 IV.
274 975 314 999 75.
333 974 374 1000 81.
399 973 470 1000 Paul.
489 974 507 1000 I.
529 976 569 1000 15.
588 975 610 1008 9.
631 976 653 1000 1.
691 973 727 1000 Vt
746 974 779 1000 de
796 973 900 1011 peculio
920 975 989 1001 servi
1008 975 1045 1001 tui

209 1017 242 1043 ad
260 1027 354 1043 noxam
374 1016 469 1043 dedere
491 1017 616 1043 vicarium
641 1016 781 1044 damneris.
810 1016 841 1043 fr.
863 1018 902 1043 19.
922 1017 944 1050 9.
964 1018 988 1043 2.
1013 1016 1045 1043 de

208 1070 269 1087 nox.
289 1065 338 1086 act.
357 1062 381 1086 9.
400 1061 424 1086 4.
462 1059 594 1095 Quamdiu
612 1061 682 1086 servi
702 1059 815 1086 dedendi
834 1059 984 1086 facultatem
1002 1059 1045 1086 ha-

208 1103 307 1130 bemus.
332 1102 362 1129 fr.
382 1104 424 1129 42.
444 1103 465 1136 9.
485 1105 509 1129 2.
530 1103 564 1129 ib.
584 1104 608 1129 9.
628 1105 652 1129 4.
673 1103 722 1135 (cf.
742 1113 767 1130 v.
787 1103 928 1137 Deditus.)

242 1146 441 1173 Dedieare·
469 1146 500 1179 δ.
515 1147 549 1172 l.
576 1147 780 1173 Censet-rare.
817 1145 835 1173 I.
850 1148 911 1181 Sy.
936 1146 1045 1173 Publice

209 1199 371 1215 consecrare.
397 1188 428 1214 sr.
448 1189 472 1214 6.
492 1189 513 1222 9.
532 1191 557 1215 3.
582 1188 612 1215 fr.
633 1190 656 1215 9.
675 1199 715 1226 pr.
735 1189 757 1222 9.
778 1190 800 1215 l.
821 1188 853 1215 de
872 1189 902 1216 R.
923 1189 957 1215 D.
978 1191 1000 1216 1.
1019 1191 1044 1215 8.

206 1231 249 1258 III.
271 1233 337 1259 Gn.
374 1230 474 1258 Locum
497 1231 633 1268 publicum
656 1236 718 1258 tunc
742 1241 844 1257 sacrum
871 1231 928 1258 sieri
955 1242 1044 1269 posse,

207 1285 265 1301 cum
284 1274 411 1311 Princeps
435 1284 493 1301 eum
517 1274 660 1307 dedicavit,
684 1274 726 1301 vel
751 1273 889 1301 dedicandi
908 1275 980 1301 dedit
999 1285 1044 1312 po-

205 1322 333 1345 testatem.
365 1317 395 1344 fr.
415 1319 440 1344 9.
464 1317 485 1351 9.
507 1319 529 1343 1.
556 1316 572 1343 l.
594 1319 616 1343 l.
636 1318 659 1343 8.
690 1317 720 1344 fr.
740 1319 781 1344 61.
810 1317 842 1344 de
866 1323 933 1355 pact.
956 1320 981 1344 2.
1003 1320 1042 1344 14.

205 1360 234 1387 lu
252 1371 354 1387 sacrum
373 1360 432 1387 ded.
453 1360 550 1394 (rem).
591 1360 620 1386 In
643 1360 721 1387 funus
745 1361 800 1387 eius
820 1360 951 1387 dedicavit
970 1362 1042 1395 (eam

204 1404 312 1440 togam).
331 1403 361 1429 fr.
375 1405 399 1430 3.
420 1403 452 1429 de
470 1402 577 1439 litigios.
597 1404 638 1430 44.
653 1404 676 1430 6.
696 1403 726 1430 fr.
742 1405 782 1430 19.
803 1403 835 1430 (18
854 1405 880 1430 in
900 1414 953 1430 rem
973 1414 1041 1430 vers.

206 1448 245 1473 l5.
265 1448 289 1472 3.
310 1462 342 1465 -
361 1447 393 1480 §.
412 1447 447 1473 2.
476 1448 633 1473 Addicere
652 1449 683 1473 in
699 1453 905 1481 perpetuam,
930 1450 1041 1474 Adtri-

203 1491 302 1516 haere.
342 1488 362 1515 Ι.
382 1490 443 1523 Sy.
475 1489 617 1515 Destinare
640 1488 791 1522 (ecclesiis,
816 1500 839 1516 v.
865 1491 1040 1520 monasteriis,

203 1541 239 1558 sc.
260 1531 395 1565 clericos).
433 1531 482 1558 Th.
507 1531 538 1558 C.
558 1531 589 1558 V.
609 1533 633 1559 3.
654 1542 675 1558 c.
697 1533 719 1558 1.
740 1532 772 1559 de
791 1532 851 1560 bon.
873 1533 960 1560 cleric.
997 1533 1039 1560 111.

204 1576 269 1603 Gn·
307 1575 360 1610 Qui
379 1574 492 1601 diversis
511 1574 606 1601 officiis
626 1574 748 1607 dedicati,
768 1586 814 1602 seu
834 1578 878 1613 qui
898 1587 1041 1603 sacramen-

204 1619 238 1644 tis
256 1617 412 1644 militaribus
432 1619 572 1655 mancipati
595 1623 664 1644 suut.
698 1618 735 1645 lb.
755 1619 812 1645 XII.
838 1621 859 1646 l.
884 1630 905 1647 c.
927 1622 984 1646 113.
1008 1620 1041 1646 de

204 1659 336 1686 decurion.
381 1660 410 1687 Si
434 1671 499 1697 qnae
523 1671 552 1687 se
571 1671 660 1687 sacrae
678 1660 744 1698 legis
764 1662 892 1699 obsequio
912 1668 1039 1701 perpetuo

204 1702 364 1729 dedicarunt.
396 1703 433 1730 lb.
452 1703 521 1730 XIII.
542 1706 581 1730 10.
601 1714 622 1730 8.
642 1705 665 1730 6.
686 1704 718 1731 (18
737 1715 818 1731 censu
836 1716 857 1732 s,
877 1706 961 1733 adscr.
980 1706 1039 1733 XV.

203 1746 227 1771 8.
247 1756 268 1771 c.
289 1747 311 1772 1.
336 1745 368 1772 de
386 1746 473 1774 lenon.
511 1746 650 1782 Quantitas
674 1747 707 1773 ad
731 1749 905 1775 coemtionem
929 1749 1040 1775 frumen-

203 1789 294 1815 tariam
312 1794 440 1826 perpetuo
459 1789 585 1816 dedicata.
614 1790 651 1816 lb.
670 1789 741 1817 XIV.
762 1792 802 1817 16.
822 1801 843 1817 c.
863 1793 887 1817 3.
913 1791 945 1817 de
964 1791 1038 1818 frum.

204 1830 260 1857 urb.
281 1830 374 1857 Const.

235 1874 458 1908 Dedignari.
496 1875 526 1908 §.
546 1877 581 1902 1.
612 1877 830 1908 Contemnere,
851 1878 1038 1904 Adversari.

201 1915 244 1942 III.
261 1918 327 1943 Gn.
349 1916 392 1942 Ins
412 1917 489 1944 nobis
509 1928 566 1944 eum
586 1919 695 1955 privatis
716 1928 768 1944 non
792 1918 962 1955 dedignamur
980 1930 1039 1946 esse

201 1968 345 1985 commune.
378 1958 427 1985 Th.
448 1960 479 1986 C.
498 1960 543 1986 XI.
562 1963 604 1987 30.
626 1971 646 1986 c.
667 1961 708 1987 68.
733 1961 766 1987 de
785 1971 844 1998 app.
864 1967 890 1988 et
909 1972 985 1999 poen.
1006 1979 1038 1982 —

199 2002 231 2035 ἕ.
249 2003 284 2028 2.
310 2003 511 2029 Detrectare.
549 2003 591 2029 Ill.
613 2005 678 2031 Gn.
698 2003 748 2030 Pro
768 2004 864 2040 quibus
884 2005 932 2038 (sc.
947 2006 1038 2037 terris)

199 2044 325 2070 tributum
338 2044 442 2071 solvere
455 2045 634 2082 dedignantur.
654 2046 691 2072 lb.
705 2046 750 2073 XI.
766 2049 788 2073 l.
803 2057 824 2073 c.
835 2048 877 2073 28.
897 2047 929 2073 de
943 2058 1036 2075 annon.

200 2091 226 2112 et
243 2087 332 2113 tribut.
374 2087 442 2114 Cum
466 2104 499 2108 ———
524 2098 629 2115 servum
653 2089 714 2115 dare
737 2089 861 2126 legatario
881 2090 1036 2127 dedignatus

202 2134 248 2156 est.
274 2140 294 2156 c.
316 2132 355 2156 17.
375 2130 407 2157 (18
426 2131 511 2158 fideic.
530 2131 594 2158 libb.
615 2133 637 2158 7.
658 2134 681 2159 4.

235 2173 451 2201 nediseere.
508 2175 690 2207 oblivioni,
728 2177 775 2201 vel
809 2177 1035 2209 desuetudini,

201 2217 406 2243 committere.
455 2216 497 2243 ΙΙΙ.
527 2218 593 2245 (711-
626 2216 709 2244 Vsum
739 2228 869 2244 armorum
900 2218 1036 2246 dediscere

202 2256 398 2293 compelluntur.
435 2258 501 2286 Nov.
527 2259 576 2287 Th.
600 2259 631 2286 Il.
656 2270 688 2286 ne
712 2260 814 2287 duciani
839 2271 862 2287 v.
888 2261 940 2288 lim.
970 2262 987 2288 I.
1011 2265 1034 2288 2.

202 2308 223 2324 c.
246 2300 268 2324 l.
288 2309 326 2335 pr.

234 2341 454 2372 Dedissciuu.
496 2346 671 2372 Deditione
698 2348 936 2373 interveniente
963 2350 1034 2374 sub-

199 2385 304 2409 iectus
328 2386 460 2418 imperio
484 2390 516 2415 P.
536 2390 582 2421 It,
608 2391 655 2415 nel
677 2391 717 2415 acl
738 2391 911 2424 imaginem
937 2392 1033 2417 illius

199 2427 409 2461 efformatus.
444 2428 462 2455 Ι.
477 2430 537 2464 Sy.
562 2430 616 2466 Qui
634 2431 697 2458 victi
717 2441 745 2458 se
764 2431 929 2459 dediderunt.
958 2432 1033 2460 Pere-

199 2468 266 2503 grini
286 2467 410 2495 dediticii.
439 2470 495 2498 Gai.
513 2472 532 2499 1.
552 2475 592 2499 13.
612 2483 652 2510 sq.
671 2476 713 2501 25.
750 2474 780 2501 ΙΙ.
800 2476 867 2509 011.
892 2474 973 2502 Cives
992 2486 1032 2502 ro-

198 2511 275 2537 mani.
295 2527 328 2530 —
345 2510 440 2538 Latini.
460 2528 492 2532 —
510 2513 649 2549 Dediticii,
670 2526 690 2543 s.
711 2517 765 2553 Qui
784 2517 968 2544 dediticiorum
987 2528 1032 2545 nu-

198 2563 270 2579 mero
290 2558 358 2580 sunt.
388 2554 445 2581 Gai.
465 2554 482 2581 I.
504 2557 543 2582 15.
561 2559 602 2584 67.
621 2569 660 2595 sq.
689 2559 751 2597 le.
772 2560 789 2586 I.
809 2562 832 2586 5.
853 2560 908 2587 VII.
928 2562 952 2587 4.
970 2561 1029 2588 XX.

199 2598 239 2622 14.
259 2596 342 2628 XXII.
362 2598 385 2622 2.
405 2607 444 2634 sq.
481 2597 523 2624 III.
538 2600 603 2626 οη.
626 2601 765 2629 Foederati
785 2608 811 2629 et
829 2602 954 2630 dediticii.
980 2603 1029 2630 Th.

198 2638 229 2665 C,
249 2638 304 2664 Vll.
326 2640 365 2665 13.
386 2649 406 2665 c.
428 2641 466 2666 16.
487 2639 520 2666 de
539 2642 615 2668 tiron.
644 2644 719 2679 Quos
738 2645 781 2672 lex
794 2645 869 2672 Aelia
883 2645 973 2672 Sentia
987 2646 1030 2673 de-

197 2681 348 2708 diticiorum
368 2691 474 2709 numero
487 2682 555 2710 facit.
576 2683 631 2711 Gai.
645 2685 687 2713 111.
701 2689 741 2715 74.
762 2689 793 2715 cf.
813 2688 831 2715 Ι.
846 2690 885 2715 15.
917 2688 1028 2715 Servum

196 2723 336 2750 vinciendo
356 2723 508 2752 dediticium
530 2725 616 2753 facere
640 2737 691 2754 non
713 2740 801 2766 posse,
830 2730 902 2758 Paul.
922 2731 966 2758 IV.
987 2733 1027 2758 12.

197 2767 219 2800 9.
239 2768 262 2793 6.
283 2777 322 2803 sq.
365 2767 490 2794 Conditio
513 2767 642 2796 dediticia.
673 2780 694 2796 c.
714 2773 737 2798 l.
760 2773 792 2800 de
812 2773 917 2801 deditio.
937 2774 983 2801 lib.
1003 2777 1026 2801 7.

196 2811 220 2835 5.
253 2809 354 2837 Liberti
372 2810 497 2838 dediticii.
525 2822 546 2838 c.
568 2814 590 2839 1.
609 2822 648 2850 pr.
668 2812 701 2840 de
719 2813 775 2842 Lat.
794 2815 880 2844 libert.
901 2819 923 2844 7.
943 2818 966 2844 6.

1870 168 1933 199 253

1130 247 1294 274 Dedlth).
1332 250 1432 275 Actus
1458 251 1596 276 dedendi.
1636 250 1796 276 Traditio.
1833 249 1851 275 l.
1872 250 1932 284 Sy.

1095 289 1221 316 Iudicium
1241 300 1299 316 cum
1318 300 1402 317 noxae
1416 291 1557 319 deditione.
1594 291 1695 318 Noxale
1709 292 1839 318 iudicium.
1866 291 1923 319 sr.2

1095 333 1116 365 9.
1140 335 1161 359 1.
1182 334 1204 359 si
1224 343 1256 359 ex
1275 343 1335 359 nox.
1361 344 1381 359 c.
1402 336 1425 360 2.
1445 336 1469 360 9.
1499 334 1530 361 fr.
1552 337 1574 362 1.
1598 335 1663 369 9.1.
1688 346 1720 361 ne
1744 345 1786 372 qn.
1811 345 1868 361 eum
1888 345 1930 371 qu.

1095 376 1120 401 in
1140 376 1189 402 ius.
1208 378 1232 402 2.
1253 377 1276 402 7.
1296 375 1326 401 sr.
1346 378 1369 402 5.
1390 386 1428 412 pr.
1449 376 1480 403 cf.
1501 377 1530 404 fr.
1554 379 1592 404 16.
1612 377 1644 404 de
1663 388 1723 405 nox.
1743 383 1791 404 act.
1811 379 1834 404 9.
1855 379 1878 404 4.
1899 378 1929 404 fr.

1094 420 1117 444 5.
1142 419 1162 452 9
1183 420 1207 445 3.
1236 418 1268 444 de
1292 428 1369 445 servo
1392 429 1458 445 corr.
1486 421 1524 446 11.
1548 422 1572 447 3.
1622 420 1665 447 ΙΙΙ.
1693 422 1758 449 (In.
1789 420 1931 447 Deditione

1093 461 1177 497 ipsius
1197 462 1329 498 corporis,
1354 461 1425 498 quod
1445 461 1598 499 deliquerit.
1624 465 1721 490 evitare
1740 463 1793 490 litis
1813 464 1930 489 aestima-

1093 504 1197 530 tionem.
1227 503 1256 530 sr.
1278 505 1299 531 1.
1324 504 1357 530 (18
1380 514 1441 531 nox.
1461 510 1509 531 act.
1536 508 1558 532 9.
1578 508 1602 532 4.
1631 506 1661 532 fr.
1681 508 1723 533 37.
1749 507 1770 540 9.
1796 508 1818 532 1.
1847 505 1880 532 ad
1898 505 1928 532 L.

1092 546 1160 582 Aqu.
1180 548 1203 573 9.
1223 548 1247 573 2.
1284 546 1334 573 Vel
1348 547 1464 573 deierare
1477 547 1582 580 iubebo,
1603 564 1635 568 ——
1654 549 1696 575 vel
1716 549 1840 576 iudicium
1859 549 1928 575 dabo

1092 589 1149 614 sine
1168 598 1251 615 noxae
1274 589 1416 616 deditione.
1449 589 1478 616 fr.
1498 592 1539 616 21.
1564 591 1585 624 9.
1605 593 1629 617 2.
1654 592 1687 618 de
1706 602 1767 619 nox.
1786 597 1835 619 act.
1860 593 1884 618 9.
1904 593 1927 617 4.

1092 631 1197 666 Quoive
1210 631 1241 657 ab
1256 642 1295 663 eo,
1309 632 1438 658 heredeve
1452 633 1516 663 eius,
1537 633 1559 659 is
1574 643 1640 669 ager.
1660 634 1744 667 locus,
1763 639 1928 665 testamento,

1091 673 1237 706 hereditati,
1258 674 1419 701 deditionive
1438 675 1554 705 obvenit.
1574 676 1753 708 obveneritve.
1773 679 1844 709 emit,
1863 688 1928 703 eme-

1091 718 1165 743 ritve.
1194 716 1236 744 Fr.
1255 717 1320 754 legis
1340 717 1462 744 Thuriae.
1504 718 1558 754 Qui
1581 734 1614 738 —-
1643 729 1672 745 se
1696 721 1782 746 curiae
1804 736 1836 739 —
1855 719 1929 746 obtu-

1091 759 1182 791 lerint,
1206 775 1238 779 -
1263 761 1404 797 posteritas
1429 776 1462 780 —-
1488 766 1548 798 post
1575 761 1654 788 talem
1683 762 1842 789 deditionem
1870 773 1928 800 pro-

1091 802 1202 828 creanda
1222 807 1271 829 etc.
1303 812 1324 828 e.
1345 804 1380 829 4:2-
1389 802 1422 829 (18
1442 803 1466 830 h.
1487 814 1529 840 qu.
1549 814 1589 842 sp.
1609 805 1671 842 pub.
1691 815 1760 832 mun.
1782 807 1821 832 10.
1840 807 1881 831 44.

1124 845 1297 872 meditus.
1326 845 1447 879 (Partic.)
1476 847 1507 880 ξ.
1522 848 1556 873 l.
1584 849 1755 880 Traditus,
1776 850 1926 875 Commis-

1089 898 1149 914 sus.
1195 887 1237 914 III.
1259 889 1324 915 Cn.
1353 889 1420 924 Qui,
1444 888 1566 916 hostibus
1591 889 1711 923 deditus,
1734 901 1857 918 reversus
1881 901 1929 917 nec

1089 942 1102 957 a
1123 931 1200 957 nobis
1219 935 1349 968 receptus.
1379 931 1408 958 sr.
1429 933 1452 958 4.
1473 932 1505 958 de
1525 934 1619 970 captiv.
1638 935 1680 960 49.
1701 935 1741 960 15.
1778 933 1820 960 Sit
1838 933 1928 960 eculeo

1090 973 1203 1000 deditus
1232 972 1283 1000 Th.
1302 973 1334 1000 C.
1353 973 1397 1000 IX.
1425 975 1464 1001 16.
1489 985 1510 1001 c.
1530 977 1553 1002 6.
1581 976 1614 1003 de
1632 976 1742 1003 maletic.
1775 993 1807 996 —
1838 977 1868 1009 §.
1892 977 1927 1003 2.

1091 1018 1271 1048 obnoxius,
1303 1018 1467 1044 Addimus.
1514 1017 1531 1044 1.
1554 1020 1615 1053 Sy.
1648 1019 1817 1052 Destinatus,
1845 1019 1928 1045 Inser-

1088 1060 1172 1085 viens.
1196 1059 1233 1085 lb.
1255 1058 1322 1086 V111.
1342 1061 1365 1086 5.
1387 1070 1408 1086 c.
1430 1061 1451 1086 l.
1473 1060 1505 1086 de
1524 1071 1602 1088 cursu
1620 1062 1683 1099 pub.
1720 1062 1761 1089 111.
1777 1063 1843 1090 Gn·
1862 1060 1928 1087 Sim-

1088 1102 1206 1139 plicitate
1225 1101 1351 1138 gaudens,
1372 1107 1398 1128 et
1417 1102 1533 1129 desidiae
1553 1103 1665 1130 deditus.
1694 1104 1723 1131 fr⁴
1743 1107 1785 1132 25.
1805 1106 1826 1139 9.
1848 1106 1870 1130 l.
1895 1103 1928 1130 de

1088 1145 1192 1182 probat.
1211 1147 1253 1171 22.
1272 1147 1296 1171 3.
1334 1145 1387 1181 Qui
1407 1155 1486 1172 servo
1505 1147 1655 1184 persuadet,
1676 1164 1707 1166 —
1727 1153 1756 1175 ut
1774 1153 1872 1174 amator
1885 1157 1927 1174 ex—

1088 1190 1208 1219 sisteret,
1227 1188 1269 1215 vel
1289 1198 1362 1220 erro⁷
1387 1188 1429 1215 vel
1448 1188 1524 1215 malis
1544 1189 1644 1216 artibus
1663 1196 1734 1217 esset
1753 1190 1857 1217 deditus
1877 1195 1925 1216 etc.

1088 1231 1119 1258 fr.
1140 1234 1162 1258 1.
1183 1232 1205 1265 9.
1225 1233 1248 1258 5.
1270 1230 1302 1258 de
1321 1241 1398 1258 servo
1419 1242 1485 1258 corr.
1507 1234 1546 1258 ll.
1566 1234 1590 1258 3.

1122 1276 1336 1302 Βθᾱιιθθῐθ·
1372 1275 1404 1308 §.
1424 1276 1459 1302 1·
1488 1276 1626 1307 Ducere,
1646 1277 1799 1302 Educ-ere.
1830 1275 1925 1309 LSy.

1087 1318 1192 1344 Ducere
1212 1317 1356 1351 (coloniam,
1376 1328 1396 1344 s.
1417 1317 1548 1351 colonos).
1575 1318 1606 1345 l'r.
1625 1320 1684 1345 239.
1703 1320 1725 1353 9.
1745 1321 1769 1345 5.
1794 1318 1826 1345 de
1846 1317 1877 1344 V.
1897 1318 1924 1344 S.

1086 1363 1128 1387 50.
1144 1362 1184 1387 16.
1221 1360 1395 1387 ministerium
1414 1360 1499 1387 facere
1518 1360 1650 1395 (lectulo).
1679 1362 1747 1388 Ded.
1761 1361 1926 1395 (mortuum).

1086 1403 1179 1429 Iuliani
1198 1404 1259 1440 epit.
1274 1413 1334 1430 nov.
1355 1414 1375 1430 c.
1390 1406 1432 1431 53.
1451 1404 1473 1438 9.
1488 1406 1545 1431 195.
1582 1404 1676 1431 Accire
1695 1406 1740 1438 (ex
1759 1404 1925 1441 longinquo).

1086 1446 1136 1472 Th.
1157 1446 1187 1473 C.
1206 1446 1251 1473 IX.
1270 1448 1294 1473 2.
1315 1457 1336 1473 c.
1355 1449 1380 1473 3.
1401 1447 1433 1473 de.
1452 1447 1511 1474 exh.
1531 1457 1554 1474 v.
1575 1452 1682 1474 transm.
1719 1447 1762 1474 III.
1782 1449 1848 1475 Cn.
1876 1446 1925 1473 Ve-

1086 1499 1134 1515 nae
1157 1489 1268 1521 nobilis,
1295 1494 1320 1516 et
1339 1500 1405 1527 quae
1428 1490 1504 1517 facile
1527 1490 1672 1517 deducatur
1694 1490 1798 1527 ignibus
1825 1500 1871 1517 seu
1896 1490 1925 1516 li-

1086 1536 1202 1568 quescat,
1223 1531 1297 1565 (ferri
1317 1534 1460 1565 materies).
1489 1533 1526 1559 lb.
1540 1533 1572 1559 X.
1592 1535 1634 1559 22.
1654 1543 1675 1559 c.
1690 1536 1713 1560 2.
1734 1533 1766 1559 de
1785 1533 1923 1559 fabricens.

1085 1576 1114 1601 Si
1134 1576 1278 1601 iumentum
1302 1585 1331 1602 ea
1356 1577 1410 1609 (sc.
1430 1576 1489 1609 via)
1516 1575 1611 1602 deduci
1634 1576 1745 1613 poterit,
1769 1586 1822 1602 non
1847 1577 1924 1602 etiam

1084 1618 1241 1644 vehiculum.
1271 1617 1302 1644 fr.
1323 1620 1363 1645 13.
1389 1618 1421 1645 de
1439 1620 1529 1646 servit.
1554 1620 1577 1645 8.
1600 1620 1622 1645 1.
1660 1619 1721 1655 Quo
1741 1623 1859 1656 tempore
1878 1629 1924 1655 po-

1061 1654 1063 1665 *
1084 1661 1163 1698 pulus
1182 1661 1213 1687 R.
1233 1662 1260 1687 in
1279 1661 1372 1688 latinas
1396 1663 1516 1698 regiones
1540 1661 1658 1688 colonias
1683 1661 1836 1688 deducebat.
1865 1661 1922 1688 Gai.

1084 1704 1102 1730 Ι.
1125 1706 1181 1730 131.
1203 1703 1234 1730 cl‘.
1255 1703 1285 1730 sr.
1306 1706 1329 1730 1.
1349 1705 1385 1738 99.
1407 1706 1429 1730 7.
1449 1715 1489 1741 sq.
1510 1704 1542 1731 de
1562 1704 1660 1730 censib.
1680 1707 1721 1731 50.
1742 1706 1781 1731 15.
1818 1705 1923 1731 Exerci-

1084 1752 1127 1773 tus
1147 1748 1173 1773 in
1192 1746 1302 1772 insidias
1321 1746 1459 1779 deductus,
1479 1747 1634 1773 hostibusve
1652 1747 1782 1784 proditus.
1802 1747 1874 1774 Paul.
1890 1747 1921 1774 V.

1083 1791 1124 1816 29.
1145 1790 1210 1823 9.1.
1236 1789 1266 1815 l'r.
1286 1790 1309 1815 4,
1329 1799 1368 1826 pr.
1389 1789 1420 1815 ad
1439 1789 1469 1816 L.
1489 1790 1536 1816 Iul.
1557 1791 1614 1816 mai.
1633 1792 1674 1816 48.
1689 1791 1712 1816 4.
1750 1789 1860 1822 Fallere,
1880 1800 1922 1817 eo—

1085 1842 1136 1868 que
1154 1831 1232 1857 modo
1252 1832 1278 1858 in
1296 1831 1442 1869 pericnlum
1461 1832 1591 1859 deducere
1610 1833 1803 1868 (navigantes).
1828 1834 1859 1860 fr.
1881 1835 1920 1860 10.

1084 1875 1117 1901 de
1135 1874 1238 1901 incend.
1258 1876 1339 1901 ruina.
1359 1877 1400 1902 47.
1414 1877 1438 1902 9.
1476 1875 1543 1902 Cum
1563 1881 1632 1902 certa
1652 1875 1694 1901 die
1713 1881 1825 1913 nuptura
1841 1882 1920 1909 esset,

1083 1923 1221 1955 antequam
1241 1917 1346 1944 domum
1366 1918 1540 1945 deduceretur
1558 1923 1607 1945 etc.
1631 1918 1662 1945 fr.
1682 1920 1723 1945 66.
1742 1930 1782 1956 pr.
1801 1920 1823 1953 9.
1844 1921 1867 1946 l.
1887 1920 1919 1946 ef.

1084 1961 1113 1987 fr.
1133 1962 1174 1987 69.
1195 1962 1216 1995 9.
1236 1962 1259 1987 3.
1280 1961 1313 1987 (18
1332 1961 1392 1987 don.
1413 1962 1458 1988 int.
1479 1961 1510 1988 V.
1530 1963 1571 1987 24.
1593 1963 1615 1988 l.
1642 1962 1672 1988 l'r.
1694 1964 1732 1989 13.
1753 1963 1774 1996 9.
1794 1964 1818 1989 ὃ,
1839 1962 1871 1988 ad
1889 1962 1918 1989 L.

1082 2004 1128 2030 Iul.
1150 2003 1182 2030 de
1206 2003 1286 2030 adult.
1313 2006 1355 2030 48.
1376 2006 1399 2031 5.
1448 2004 1477 2031 Si
1501 2000 1586 2031 minor
1608 2006 1682 2031 annis
1707 2005 1763 2032 XII.
1788 2011 1816 2032 ut
1838 2007 1920 2032 maior

1082 2046 1193 2073 deducta
1213 2048 1254 2073 sit.
1280 2046 1310 2074 fr.
1330 2049 1370 2074 68.
1392 2047 1424 2074 de
1442 2048 1498 2074 iure
1518 2047 1571 2074 dot.
1590 2049 1632 2074 23.
1645 2050 1669 2074 3.
1706 2048 1735 2074 In
1754 2048 1858 2075 vincula
1877 2048 1919 2075 de-

1082 2089 1150 2116 duci.
1174 2089 1204 2115 fr.
1224 2092 1248 2116 2.
1268 2090 1289 2124 9.
1309 2093 1333 2116 5.
1353 2090 1386 2116 (18
1405 2091 1460 2116 iure
1479 2091 1545 2117 fisci.
1566 2092 1661 2117 4914.
1698 2091 1787 2118 Vincti
1801 2108 1832 2111 ——
1847 2102 1859 2117 a
1874 2091 1919 2117 do—

1058 2129 1059 2136 *
1081 2134 1158 2159 minis
1178 2132 1347 2159 deducantur.
1379 2132 1428 2159 Th.
1445 2133 1476 2160 C.
1496 2133 1539 2160 1V.
1559 2135 1582 2160 8.
1603 2144 1623 2160 c.
1637 2136 1661 2161 5.
1674 2145 1714 2172 pr.
1734 2135 1793 2168 9.1.
1813 2134 1918 2168 (ch.)

1082 2175 1113 2201 de
1133 2175 1235 2201 liberali
1256 2186 1277 2202 c.
1315 2175 1357 2202 Ad
1376 2176 1536 2213 supplicium
1555 2176 1658 2204 deduci.
1682 2178 1712 2204 sr.
1734 2179 1773 2204 19.
1794 2177 1826 2204 de
1839 2187 1914 2214 poen.

1081 2220 1122 2245 48.
1144 2220 1183 2245 19.
1216 2234 1248 2237 —
1280 2219 1311 2252 ᾖ.
1336 2220 1370 2245 2.
1400 2221 1595 2252 Produc-ere,
1621 2221 1773 2256 Deferre,
1796 2223 1914 2247 Trans-

1075 2263 1175 2298 ferre.
1221 2260 1238 2287 I.
1268 2262 1330 2296 Sy.
1367 2261 1514 2288 Perducere
1542 2263 1585 2296 (in
1604 2263 1752 2296 iudicium).
1786 2262 1826 2290 Cf.
1846 2263 1870 2289 h.
1890 2272 1913 2287 v.

1080 2304 1190 2331 Deserre
1209 2304 1254 2337 (de
1273 2305 1401 2337 crimine).
1438 2304 1539 2331 Deduc.
1559 2306 1585 2331 in
1605 2307 1829 2339 (accusationem).
1849 2316 1869 2331 c.
1889 2306 1913 2331 9.

1079 2348 1111 2374 (18
1130 2357 1215 2374 accus.
1234 2349 1258 2374 9.
1277 2349 1302 2373 2.
1338 2346 1444 2379 Venire,
1464 2348 1567 2374 Deduci
1587 2349 1625 2381 (in
1645 2350 1784 2380 actionem,
1803 2359 1826 2374 v.
1846 2358 1914 2374 com-

1078 2390 1281 2427 pensationem).
1306 2389 1337 2416 fr.
1356 2392 1397 2416 24.
1418 2391 1439 2424 9.
1459 2393 1482 2416 2.
1502 2390 1535 2417 de
1554 2390 1584 2417 R.
1604 2390 1636 2417 V.
1655 2393 1679 2418 6.
1700 2394 1721 2418 l.
1748 2391 1777 2417 fr.
1794 2392 1815 2416 7.
1835 2391 1856 2424 9.
1874 2392 1912 2416 14.

1078 2433 1110 2460 de
1126 2433 1190 2460 Pub.
1211 2434 1234 2460 6.
1248 2435 1272 2459 2.
1292 2433 1322 2459 fr.
1336 2434 1360 2460 6.
1380 2432 1410 2459 fr.
1424 2436 1448 2460 8.
1468 2434 1500 2460 fr.
1517 2436 1556 2460 14.
1570 2444 1610 2471 sq.
1629 2433 1659 2460 fr.
1674 2435 1713 2459 17.
1733 2433 1765 2458 de
1779 2443 1912 2470 compens.

1080 2478 1119 2502 16.
1139 2478 1162 2503 2.
1200 2475 1243 2502 III.
1261 2477 1326 2504 Cn.
1345 2475 1497 2503 Necessitas
1517 2479 1574 2514 ipsa
1593 2487 1680 2504 curam
1699 2477 1762 2512 reip.
1782 2476 1814 2503 ad
1833 2476 1912 2503 Sena·

1076 2524 1131 2545 tum
1155 2518 1272 2545 deduxit.
1307 2518 1338 2545 sr.
1357 2520 1382 2545 2.
1407 2519 1428 2553 9.
1449 2521 1472 2546 9.
1500 2519 1533 2546 (18
1552 2520 1584 2546 O.
1604 2520 1622 2546 I.
1647 2522 1668 2545 1.
1688 2521 1712 2545 2.
1752 2519 1780 2546 In
1804 2530 1911 2547 censum

1076 2561 1134 2589 ded.
1163 2562 1194 2588 fr.
1214 2563 1255 2588 64.
1275 2561 1308 2588 de
1326 2562 1359 2588 A.
1378 2561 1409 2588 R.
1429 2562 1463 2589 D.
1483 2564 1524 2589 41.
1546 2565 1567 2589 l.
1608 2562 1649 2588 Ad
1668 2561 1837 2589 licitationem
1856 2574 1910 2590 rem

1075 2604 1134 2631 ded.
1163 2604 1193 2631 fr.
1213 2606 1236 2631 6.
1257 2604 1316 2632 sam.
1336 2606 1426 2632 ercisc.
1448 2607 1487 2632 10.
1500 2608 1523 2632 2.
1560 2605 1588 2631 In
1607 2604 1801 2641 obligationem,
1820 2617 1843 2633 v.
1864 2608 1909 2633 sti-

1073 2647 1247 2684 pulationem,
1272 2658 1296 2674 v.
1317 2649 1476 2677 cautionem.
1496 2648 1552 2674 ded.
1582 2647 1637 2674 Gai.
1657 2647 1699 2674 111.
1721 2650 1776 2675 124.
1797 2651 1854 2676 170.
1877 2649 1908 2676 fr.

1074 2692 1114 2716 75.
1134 2691 1171 2724 §§.
1192 2692 1215 2717 1.
1234 2692 1258 2717 8.
1278 2691 1308 2718 fr.
1328 2692 1369 2718 81.
1389 2692 1410 2725 ς’.
1432 2693 1453 2717 1.
1473 2690 1503 2716 fr.
1524 2692 1580 2716 109.
1601 2690 1633 2716 de
1652 2690 1683 2717 V.
1704 2690 1736 2717 0.
1755 2693 1797 2718 45.
1818 2694 1840 2719 l.
1878 2692 1908 2719 Si

1073 2732 1206 2769 quaelihet
1225 2743 1301 2760 causa
1320 2734 1347 2760 in
1366 2733 1515 2759 conditione
1534 2733 1701 2760 iurisiurandi
1719 2733 1831 2761 deducta
1855 2735 1907 2761 fue-

1072 2776 1114 2802 rit.
1144 2775 1174 2802 fr.
1193 2777 1235 2802 39.
1259 2776 1292 2802 de
1310 2777 1415 2802 iureiur.
1442 2777 1480 2801 12.
1500 2777 1523 2801 2.
1565 2775 1594 2802 In
1619 2779 1824 2804 controversiam
1847 2777 1905 2804 ded.

1071 2818 1102 2846 fr.
1123 2820 1163 2845 17.
1182 2829 1222 2856 pr.
1242 2819 1332 2856 depos.
1354 2820 1393 2845 16.
1412 2819 1436 2844 3.
1473 2817 1503 2844 In
1521 2819 1674 2855 petitionem
1688 2820 1746 2847 ded.
1766 2820 1796 2847 fr.
1812 2823 1834 2847 7.
1848 2822 1869 2855 9
1880 2823 1904 2846 5.
