2197 3121
1025 144 1102 175 INS.

205 229 311 264 (verbis
330 228 506 262 testamenti.)
525 227 557 254 fr.
578 229 600 254 l.
623 227 646 261 ξ.
666 228 689 253 l.
709 231 811 253 testam.
832 226 950 263 quemad.
971 237 1040 264 aper.
1064 227 1065 233 ¹

203 276 245 300 29.
265 276 290 300 3.
328 272 357 299 Si
375 282 430 299 rem
449 271 498 298 tibi
517 269 705 308 inspiciendam
725 270 793 296 dedi.
813 269 841 297 fr.
863 272 902 296 17.
925 270 947 304 ᾗ.
966 271 990 296 2.
1010 269 1042 296 de
1063 293 1064 296 ,

202 326 318 353 praescr.
337 326 379 342 vv.
401 317 440 342 19.
459 317 483 340 5.
504 314 535 340 cl'.
555 313 586 340 fr.
605 314 628 339 9,
649 312 681 339 de
700 314 780 350 peric.
801 318 827 340 et
845 322 937 339 comm.
958 314 997 339 18.
1017 314 1041 339 6.

204 358 363 385 Tabularum
382 357 545 395 publicarum
564 355 787 393 inspiciendarum
800 356 1041 382 describendarum·
1062 365 1063 370 ¹

203 411 255 438 que
274 406 431 438 potestatem
450 400 542 426 facere.
564 399 593 425 fr.
613 400 636 425 9.
656 399 678 432 ξ
692 401 716 425 5.
736 398 768 425 ad
786 398 814 425 L.
833 398 880 424 Iul.
899 398 984 435 pecul.
998 400 1039 425 48.
1061 426 1063 439 ἢ

204 446 244 471 13.
266 443 298 470 cf.
325 444 355 471 fr.
376 446 415 470 lo.
439 444 461 477 §
480 444 504 469 2.
529 442 562 468 de
586 441 678 468 edend.
697 444 721 468 2.
742 443 781 468 13.
806 440 836 467 fr.
857 442 878 468 l.
903 451 942 478 pr.
965 441 995 468 fr.
1014 444 1038 468 2.

202 486 239 521 ἒξ.
260 487 284 513 4,
304 488 327 513 6.
348 496 405 523 sqq.
430 485 461 512 fr.
481 487 503 512 7.
528 489 629 511 testam.
650 484 767 521 quemad.
787 494 857 521 aper.
876 485 918 511 29.
937 485 961 510 3.
998 484 1040 510 De
1060 511 1062 518 y

201 529 367 567 inspiciendo
385 534 490 560 ventre,
509 527 736 564 custodiendoque
753 531 838 564 partu,
858 527 913 558 (sic
931 526 1040 554 Praetor

201 573 264 605 ait.)
289 572 319 598 fr.
340 573 362 598 l.
389 572 411 606 §.
432 573 472 598 10.
497 571 528 598 cf.
548 581 588 608 pr.
612 570 649 604 ἕξ.
668 571 692 596 6.
713 572 734 597 7.
759 569 788 596 l'r.
808 571 833 596 2.
858 580 896 606 pr.
921 569 942 603 ξ.
963 571 985 596 l.
1006 569 1038 596 de

201 615 295 652 inspic.
314 619 384 641 vent.
402 617 444 641 25.
464 615 488 640 4.
508 613 581 640 Paul.
599 613 630 639 11.
649 614 690 639 24.
714 613 751 646 §§.
771 614 794 638 5.
814 622 873 648 sqq.
894 628 925 632 —
945 613 976 646 ἕ.
1000 614 1037 639 3.

200 659 389 692 Respicere.
419 659 583 691 Spectare.
625 655 643 682 I.
663 657 725 690 Sy.
757 654 863 681 Videre.
895 655 925 682 fr.
947 657 968 682 l.
997 666 1036 693 pr.

200 699 234 726 de
253 699 276 726 d.
296 710 328 726 m.
349 710 404 726 exc.
423 702 465 726 44.
479 701 504 727 4.
532 699 665 736 Spectare.
685 698 715 724 fr.
734 699 758 724 3.
778 698 815 732 §§.
836 700 859 724 1.
880 707 920 734 sq.
941 697 973 724 de
992 699 1038 724 mi-

199 752 256 769 nor.
275 745 299 769 4.
313 744 337 769 4.
358 742 388 769 sr.
399 745 440 768 55.
455 753 495 779 sq.
515 742 547 768 ad
566 741 596 768 L.
616 741 685 767 Falc.
704 742 745 767 35.
762 742 787 767 2.
807 740 839 767 fr.
852 742 893 767 23.
915 741 966 776 Qu.
981 741 1037 767 dies

198 785 275 821 legat.
293 787 335 812 36.
354 787 378 812 2.
416 785 457 812 ΠΙ.
485 787 550 813 Gn.
583 784 612 811 Si
637 793 688 810 non
707 782 843 820 adpareat,
873 799 902 803 —
933 784 983 810 erit
1001 785 1037 810 in-

197 827 363 865 spiciendum
383 828 528 864 (antiquius
548 826 684 859 debitum.)
704 825 733 852 sr.
747 829 788 853 24.
809 826 841 853 de
860 826 939 853 solut.
958 828 999 853 46.
1013 828 1036 854 3.

197 869 278 897 Plura
296 870 378 907 legata
399 880 458 897 esse
475 870 574 908 placet.
599 874 624 896 et
645 879 693 906 per
716 869 818 906 singula
836 869 920 906 legata
938 870 979 896 ius
999 880 1038 896 ca-
1059 893 1060 906 2

196 913 287 950 piendi
311 914 472 950 inspicietur.
498 913 528 940 sr.
550 914 588 938 ll.
615 912 648 939 de
671 922 729 938 ann.
753 912 828 949 legat.
851 914 893 939 33
914 914 936 939 1.
977 912 1037 939 Non

196 955 321 982 sufficere
339 956 425 982 solum
444 960 621 992 argumentum
635 956 765 987 emtionis.
781 955 828 982 sed
845 955 1037 992 inspiciendum
1058 979 1060 994 s

197 1015 229 1019 —
249 1009 281 1024 an
302 1004 350 1025 etc.
370 998 400 1025 fr.
420 1000 461 1025 91.
481 999 502 1032 ξ.
521 1000 545 1024 3.
565 997 598 1025 de
616 998 692 1034 legat.
712 997 752 1024 Ill.
768 998 834 1031 (32.)
860 998 952 1034 Neque
971 998 1037 1025 illud
1058 998 1059 1032 ]

196 1042 346 1078 inquiritur,
364 1059 393 1062 -
414 1042 504 1078 opinio
524 1042 591 1067 enim
607 1058 636 1061 —
652 1042 799 1078 insp1citur.
819 1052 872 1067 non
890 1041 1036 1067 substantia
1057 1039 1059 1079 J

196 1083 358 1111 hereditatis.
378 1083 408 1110 fr.
428 1085 451 1110 4.
472 1083 504 1110 ad
524 1083 551 1110 S.
566 1083 596 1110 C.
611 1083 692 1110 Treh.
710 1085 751 1110 36.
772 1086 794 1110 l.
825 1084 981 1110 Reti-orsum
1000 1086 1037 1110 in-
1057 1082 1059 1106 1

195 1127 314 1163 spicitur,
334 1127 437 1163 (quanti
456 1126 563 1164 plurimi
582 1126 651 1160 fuit.)
670 1126 700 1153 fr.
720 1128 762 1153 23.
781 1127 803 1160 ξ.
823 1129 846 1153 2.
867 1126 899 1153 ad
916 1126 946 1153 L.
966 1127 1035 1164 Aqu.

195 1170 219 1196 9.
238 1171 262 1195 2.
296 1168 451 1201 Videamus.
472 1171 547 1196 cuius
567 1180 637 1196 mors
656 1171 751 1207 inspici
771 1169 872 1196 debeat.
892 1169 922 1196 fr.
942 1171 983 1196 44.
1004 1169 1036 1196 de
1057 1178 1058 1203 ξ

194 1221 227 1239 m.
247 1222 268 1238 c.
289 1211 376 1238 donat.
392 1214 432 1239 39.
447 1214 471 1239 6.
503 1212 627 1239 Naturale
646 1214 686 1239 ius
707 1217 732 1239 ct
750 1212 837 1249 pudor
855 1213 1036 1250 inspiciendus

194 1259 244 1281 est.
264 1254 294 1282 sr.
315 1257 355 1281 14.
376 1255 397 1289 §.
417 1257 441 1282 2.
462 1255 493 1283 de
512 1255 542 1282 R.
563 1254 595 1281 N.
614 1256 655 1281 23.
675 1257 699 1281 2.
729 1254 758 1281 Si
776 1260 928 1291 quaeratur,
949 1273 979 1277 —
999 1257 1036 1282 in-

192 1298 262 1335 spici
286 1298 395 1325 debebit
419 1303 467 1325 etc.
493 1298 524 1324 fr.
548 1300 589 1324 31.
614 1298 636 1332 §.
658 1299 680 1324 l.
700 1297 733 1324 de
752 1304 879 1325 excusatt.
899 1300 940 1325 27.
961 1301 983 1325 l.
1004 1299 1034 1326 cf.

193 1340 224 1367 fr.
244 1342 286 1367 43.
311 1341 333 1375 ξ.
355 1343 377 1366 1.
402 1340 434 1367 de
452 1351 557 1378 procur.
576 1342 600 1367 3.
620 1342 644 1367 3.
681 1339 749 1367 Illud
772 1340 967 1378 inspiciendum
986 1346 1034 1373 est,
1056 1331 1057 1346 l

193 1393 225 1410 an
245 1388 293 1410 etc.
331 1384 400 1410 Ante
426 1385 512 1410 omnia
536 1383 728 1420 inspiciendum
752 1389 800 1410 est.
824 1383 855 1410 sr.
876 1386 898 1410 7.
919 1385 940 1418 ξ.
962 1386 983 1411 l.
1002 1384 1034 1411 de

192 1426 268 1453 distr.
290 1428 359 1463 pigri.
373 1428 415 1453 20.
435 1429 458 1453 5.
478 1427 509 1453 sr.
529 1428 570 1452 22.
590 1436 629 1463 pr.
649 1425 682 1452 de
701 1425 768 1452 alim.
788 1437 812 1453 v.
834 1427 883 1453 cib.
899 1428 975 1454 34.l.
995 1427 1034 1453 In-

192 1474 286 1506 specto
300 1470 384 1497 initio.
398 1471 547 1506 putavimus
562 1473 610 1495 etc.
630 1468 660 1495 fr.
674 1471 697 1495 3.
719 1469 740 1502 ξ.
753 1471 777 1495 2.
798 1469 831 1496 de
849 1471 942 1496 minor.
954 1472 976 1496 4.
991 1472 1015 1497 4.

227 1513 437 1539 Instabilis.
459 1511 596 1545 (Adiect.)
633 1513 809 1547 Infirmus,
830 1514 967 1540 Irritus.
1002 1513 1032 1540 ll.

193 1556 261 1589 Op·
281 1555 369 1585 Stans.
391 1554 475 1581 Firma
491 1554 631 1588 (donatio.)
652 1553 701 1580 Th.
714 1554 744 1581 C.
756 1554 823 1581 VIII.
838 1557 878 1582 12.
898 1557 955 1582 c.3.
976 1566 996 1582 c.
1008 1557 1031 1583 8.

193 1596 225 1624 de.
244 1597 331 1624 donat.
351 1597 418 1624 VIII.
440 1599 479 1623 13.
500 1607 521 1624 c.
540 1600 563 1623 5.
584 1597 616 1623 de
635 1607 722 1623 revoc.
741 1597 829 1625 donat.

228 1642 395 1667 lustaus.
425 1639 555 1672 (Partic.)
593 1642 762 1671 Praesens,
787 1642 970 1669 Immineus.
1001 1642 1031 1669 II.

194 1683 261 1716 ΟΡ.
290 1682 379 1711 Prior.
400 1682 562 1709 Praecedens
580 1683 694 1715 (annus.
712 1693 736 1709 v.
755 1684 867 1717 aestas.)
888 1684 917 1711 fr.
929 1687 951 1711 7.
972 1686 993 1719 §.
1009 1687 1031 1712 l.

193 1724 243 1750 sol.
262 1726 372 1751 matrim.
386 1726 427 1751 24.
446 1727 470 1751 3.
491 1725 520 1752 fr.
542 1727 564 1751 l.
584 1726 605 1759 §
619 1727 642 1752 8.
663 1736 696 1753 ne
715 1737 757 1763 qu.
777 1728 803 1752 in
822 1727 892 1754 ssum.
912 1728 974 1765 pub.
990 1730 1031 1754 43.

194 1768 233 1793 13.
270 1767 396 1794 Futurum
421 1767 609 1805 (periculum.)
635 1768 666 1794 fr.
688 1770 710 1794 1.
749 1769 800 1804 Qu.
828 1775 888 1796 met.
914 1781 934 1796 c.
959 1773 982 1797 4.
1007 1773 1032 1797 2.

192 1809 235 1835 III.
256 1810 322 1837 Cn.
342 1809 377 1836 Vt
396 1810 426 1836 ab
446 1812 560 1836 instante
579 1815 669 1836 octava
684 1811 827 1838 indictione
846 1813 911 1843 (non
930 1818 1033 1839 sumant

192 1857 252 1879 ante
265 1853 432 1889 principium,
447 1863 484 1879 sc.
498 1853 711 1890 descriptiones.)
726 1853 775 1880 Th.
787 1853 818 1880 C.
828 1854 885 1880 XII.
901 1856 922 1881 1.
943 1866 964 1882 c.
975 1857 1031 1882 173.

191 1905 231 1932 pr.
252 1894 284 1921 de
305 1895 437 1922 decurion.

226 1939 435 1965 Instanter.
478 1938 600 1971 (Advb.)
646 1940 855 1965 Vehementer.
898 1939 940 1966 III.
966 1942 1032 1968 Cn.

192 1980 331 2008 lnstanter.
352 1986 377 2007 et
396 1982 501 2018 saepius
521 1982 644 2017 (petere.)
665 1981 694 2007 fr.
716 1983 737 2007 l.
759 1982 780 2015 ξ.
798 1984 823 2008 2.
844 1982 876 2008 de
895 1982 976 2009 libell.
997 1983 1033 2009 di—
1054 1997 1055 2004 κ

191 2024 263 2050 miss.
284 2025 325 2050 49.
346 2025 369 2050 6.
401 2023 437 2050 Yt
456 2024 541 2060 aliqua
566 2023 598 2049 de
618 2034 693 2050 causa
713 2025 853 2051 instantius
872 2026 909 2051 ire.
928 2026 1033 2052 iubean-

191 2070 241 2092 tur.
273 2066 323 2093 Th.
343 2066 373 2092 C.
394 2065 461 2093 VIII.
481 2068 504 2093 5.
526 2076 546 2092 c.
566 2068 608 2092 35.
629 2067 650 2100 ξ.
669 2069 690 2093 1.
711 2067 743 2093 de
763 2078 841 2094 cursu
860 2068 921 2105 pub.
942 2068 1032 2095 Perse-

193 2110 238 2144 qui
257 2110 405 2135 instantius.
427 2120 447 2135 c.
464 2111 491 2135 3.
512 2108 544 2135 de
563 2110 643 2146 episc.
663 2109 720 2136 aud.
742 2112 764 2136 1.
783 2113 807 2137 4.

228 2152 432 2179 luctantia.
469 2153 500 2186 ᾖ.
520 2153 555 2185 1.
586 2154 767 2185 Sedulitas,
793 2155 958 2181 Continuaez
984 2157 1031 2181 di-

195 2194 337 2228 ligentia
364 2197 546 2230 (exigentis
572 2197 727 2230 aliquid.)
761 2196 779 2222 I.
803 2197 865 2231 Sy.
902 2196 1032 2224 Instanter

194 2239 292 2272 petere.
326 2236 450 2263 Instantia
475 2238 627 2274 repetentis.
659 2238 689 2264 fr.
716 2240 738 2264 l.
769 2239 791 2272 ξ.
810 2241 835 2265 2.
864 2239 881 2265 l.
905 2239 921 2266 l.
946 2242 987 2266 49.
1007 2242 1030 2266 6.
1052 2262 1054 2278 ¹.

195 2277 237 2303 ΠΙ.
259 2278 324 2304 Gn.
351 2278 409 2305 Non
429 2281 550 2307 acerbum
570 2290 599 2306 se
617 2286 775 2312 exactorem.
795 2291 843 2307 nec
863 2283 1032 2309 contumelio·
1053 2284 1054 2301 ³

196 2329 253 2346 sum
272 2320 406 2356 praebeat,
430 2323 478 2349 sed
497 2322 673 2355 moderatum,
698 2329 723 2349 et
747 2334 804 2350 cum
827 2324 941 2352 efficacia
960 2325 1032 2352 beni-

195 2372 287 2398 gnum,
313 2367 338 2388 et
358 2373 415 2389 cum
432 2365 554 2392 instantia
573 2366 720 2392 humanum.
741 2366 770 2392 fr.
790 2368 831 2393 33.
850 2378 888 2404 pr.
909 2368 942 2394 de
961 2378 1030 2395 usur.

195 2407 236 2431 22.
258 2407 280 2430 l.
318 2404 444 2440 Diligenti
463 2408 550 2434 studio
570 2409 744 2445 instantiaque
764 2409 895 2447 complere
919 2411 1031 2448 (opera.)

197 2458 217 2473 c.
237 2448 278 2473 22.
303 2447 335 2473 de
355 2457 415 2484 opp.
434 2449 495 2484 pub.
514 2452 538 2476 8.
559 2453 598 2477 12.
628 2451 675 2477 Iul.
697 2462 736 2488 ep.
756 2462 816 2479 nov.
841 2463 862 2479 c.
881 2455 922 2479 21.
947 2454 968 2487 ξ.
989 2455 1029 2480 69.

196 2489 291 2515 Totius
311 2491 455 2516 exactionis
474 2492 621 2520 instantiam
640 2499 717 2530 atque
735 2495 880 2532 periculum
896 2495 941 2527 (ad
960 2506 1031 2522 suani
1053 2505 1055 2530 J

197 2542 284 2558 curam
304 2532 559 2570 sollicitudinemque
571 2538 714 2570 revocare.)
734 2537 784 2564 Th.
799 2538 829 2565 C.
843 2538 914 2565 XIV.
928 2539 951 2564 4.
972 2549 993 2565 c.
1007 2541 1031 2565 3.

196 2574 229 2600 de
249 2584 316 2600 suar.
337 2574 368 2600 cs.
389 2574 444 2602 VH.
465 2578 504 2602 17.
525 2586 546 2602 c.
568 2579 587 2603 l.
608 2578 640 2605 de
658 2579 738 2607 lusor.
773 2581 877 2607 Danub.
904 2581 959 2607 Tua
973 2592 1032 2618 pro-

196 2616 295 2643 videbit
322 2618 452 2644 instantia.
490 2618 526 2644 lb.
550 2619 606 2646 XII.
632 2623 671 2648 ll.
700 2633 720 2649 c.
744 2625 768 2650 2.
797 2624 829 2650 de
854 2634 906 2650 cur.
932 2624 1031 2651 calend.

197 2659 370 2686 Contcntiosa
397 2659 553 2696 litigantium
585 2663 707 2691 instantia
731 2668 907 2704 compescitur
931 2669 1032 2699 (sacra-

196 2703 277 2729 menti
297 2703 415 2732 timore.)
442 2712 460 2729 c.
484 2706 507 2730 l.
530 2714 570 2741 pr.
594 2704 626 2731 de
646 2706 749 2735 iureiur.
768 2719 807 2746 pr.
828 2709 875 2736 cal.
894 2711 918 2736 2.
938 2711 979 2736 59.
1001 2709 1031 2736 cs.

196 2744 264 2771 Nov.
283 2746 324 2771 35.
352 2755 372 2771 c.
393 2747 415 2771 l.
454 2744 580 2773 Centurio
606 2747 695 2774 culeos
714 2750 745 2776 ad
767 2762 894 2779 annonam
917 2753 1032 2785 sustulit.

198 2792 289 2822 postea
312 2788 435 2814 instantia
461 2787 490 2814 C.
512 2788 566 2815 Seii
591 2790 730 2817 creditoris
754 2795 891 2831 reciperati
910 2801 978 2822 sunt.
1002 2796 1032 2822 sr.

1864 148 1925 178 481

1087 229 1128 254 43.
1148 227 1169 261 ξ.
1192 228 1212 253 1.
1233 226 1265 253 de
1283 228 1352 264 pign.
1373 231 1420 253 act.
1441 228 1481 253 13.
1496 228 1518 253 7.
1540 243 1570 246 —
1592 226 1622 259 ξ.
1644 227 1678 252 2.
1700 228 1857 254 Praesens
1875 230 1922 255 itc-

1085 272 1221 302 dicium,
1245 280 1350 298 coram
1374 276 1463 297 certo
1487 271 1596 296 iudice
1613 271 1843 296 celebrandum.
1879 270 1922 300 ΙΙΙ,

1086 314 1152 340 Gn.
1171 312 1321 344 Videamus,
1338 329 1369 332 —
1389 323 1421 338 an
1440 311 1510 338 salva
1531 311 1635 348 quidem
1655 311 1687 338 lis
1707 317 1760 344 est,
1778 323 1869 339 verum
1887 314 1923 339 in-

1084 357 1179 382 stantia
1199 360 1298 382 tantum
1318 355 1397 382 edicti
1416 355 1510 392 periit?
1529 354 1559 381 [ι’.
1575 356 1614 381 78.
1635 355 1655 388 ξ.
1669 357 1692 381 2.
1713 355 1745 381 de
1763 355 1841 382 iudic.
1860 357 1884 382 5.
1899 357 1922 382 l.

1084 398 1183 425 Putans
1202 409 1231 425 se
1250 399 1318 425 bona
1342 399 1464 424 instantia
1484 398 1533 429 uti,
1559 397 1590 423 ad
1615 397 1846 425 contradicendum
1865 408 1922 436 pcr-

1061 449 1062 460 ¹
1084 443 1163 468 venit.
1183 442 1205 475 §.
1228 443 1249 468 l.
1270 441 1287 468 I.
1309 441 1341 468 de
1360 451 1444 478 poena
1463 445 1522 466 tem.
1542 439 1606 475 litig.
1626 443 1650 467 4.
1672 442 1711 467 16.

1123 486 1266 511 Instar.
1315 486 1522 517 Exemplum,
1561 482 1763 510 Similitudo.
1809 483 1827 509 I.
1859 484 1921 518 Sy·

1061 521 1062 524 ¹
1082 526 1247 564 Exemplum.
1268 526 1309 554 Cf.
1328 526 1353 553 h.
1372 536 1396 552 v.
1416 526 1438 559 ξ
1458 528 1482 551 2.
1520 525 1620 552 Forma.
1641 537 1661 553 c.
1677 528 1699 552 l.
1720 537 1740 553 c.
1758 528 1783 553 4.
1803 536 1824 552 c.
1838 527 1861 552 8.
1881 536 1920 563 pr.

1083 568 1115 595 (le
1134 570 1206 596 inoff.
1226 569 1313 596 donat.
1332 570 1356 595 3.
1376 569 1417 595 29.
1454 567 1614 595 Similitudo.
1635 579 1655 595 c.
1674 571 1698 595 2.
1719 579 1739 596 c.
1759 571 1783 596 8.
1801 579 1841 606 pr.
1862 579 1883 595 c.
1896 570 1920 595 9.

1082 611 1098 638 l.
1117 611 1133 638 l.
1157 614 1181 638 3.
1200 614 1241 639 29.
1267 623 1287 639 c.
1308 614 1331 639 4.
1356 622 1377 638 c.
1397 612 1421 637 6.
1446 611 1478 637 de
1502 612 1561 638 inst.
1586 616 1634 638 act.
1658 614 1684 639 4.
1707 614 1748 638 25.
1786 611 1829 638 ΠΙ.
1853 613 1920 639 Gn.

1082 654 1111 681 Si
1124 660 1287 692 proponatur
1304 656 1386 682 instar
1399 653 1539 691 quoddam,
1559 659 1584 680 ct
1602 655 1678 691 quasi
1696 654 1775 681 facies
1795 654 1920 691 quaedam

1082 697 1147 723 sacta
1168 697 1211 731 [al.
1232 698 1304 732 sacti]
1325 698 1420 735 operis.
1441 696 1471 724 fr.
1490 699 1531 724 21.
1551 697 1573 731 §.
1593 698 1617 723 3.
1638 696 1670 723 dc
1689 696 1722 723 Ο.
1739 697 1770 723 ΙΝ.
1784 697 1816 724 N.
1835 698 1876 724 39.
1896 699 1919 724 l.

1082 740 1130 766 Est
1149 741 1232 767 instar
1251 741 1403 774 (sceleris.)
1423 739 1453 767 fr.
1474 741 1514 767 16.
1534 749 1572 777 pr.
1593 739 1626 766 de
1644 749 1720 776 poen.
1740 741 1781 766 48.
1802 742 1841 767 19.
1872 739 1921 767 Ha-

1083 783 1145 809 bere
1164 784 1247 810 instar
1266 783 1386 817 (iudicii.
1405 793 1430 810 v.
1450 784 1582 809 actionum
1600 782 1668 815 etc.)
1686 782 1716 809 fr.
1736 784 1778 809 26.
1803 783 1824 816 §.
1843 785 1868 810 2.
1888 782 1921 810 de

1081 826 1186 852 iureiur.
1208 828 1247 852 12.
1266 828 1290 852 2.
1316 826 1346 853 l'r.
1368 828 1407 852 10.
1434 826 1456 860 ξ.
1475 827 1499 852 3.
1525 825 1557 852 de
1576 835 1710 862 compens.
1730 826 1770 851 16.
1790 827 1813 851 2.
1845 825 1920 852 Obti-

1080 879 1152 901 nere,
1172 879 1195 895 v.
1216 868 1355 901 Exhibere,
1376 870 1458 895 instar
1472 873 1520 895 etc.
1540 868 1570 895 fr.
1584 870 1624 894 17.
1644 868 1677 894 dc
1695 878 1728 894 m.
1743 878 1763 894 c.
1778 867 1865 895 donat.
1877 870 1919 895 39.

1081 913 1105 938 6.
1125 912 1156 938 fr.
1175 913 1216 938 37.
1236 921 1275 948 pr.
1296 911 1328 937 de
1348 911 1381 938 Ο.
1402 916 1427 938 et
1445 911 1476 938 A.
1497 913 1537 938 44.
1558 913 1582 938 7.
1619 910 1669 937 Th.
1686 910 1717 937 C.
1737 910 1780 937 ΙΙΙ.
1800 912 1840 937 13.
1861 921 1881 937 c.
1894 913 1918 938 3.

1081 954 1103 988 ξ.
1124 956 1146 980 1.
1172 954 1205 980 de
1229 954 1310 980 dotib.
1329 953 1374 980 IX.
1396 956 1434 980 17.
1460 964 1480 980 c.
1500 955 1523 980 6.
1550 953 1583 980 de
1606 953 1705 990 sepulc.
1729 953 1791 980 viol.
1827 953 1920 990 Redigi

1081 996 1113 1023 ad
1132 998 1215 1023 instar
1233 998 1282 1030 (m.
1302 1006 1323 1022 c.
1343 995 1519 1029 donationis.)
1538 995 1622 1023 Vatic.
1646 997 1667 1030 §.
1687 998 1746 1023 274.
1776 996 1920 1034 Respicere

1081 1039 1113 1066 ad
1126 1041 1208 1066 instar
1220 1040 1424 1077 (proprietatis.)
1439 1039 1469 1065 fr.
1482 1040 1505 1065 7.
1524 1039 1545 1072 ξ.
1558 1040 1581 1065 6.
1601 1039 1633 1065 de
1643 1038 1708 1066 Pub.
1723 1040 1748 1065 in
1758 1038 1789 1066 R.
1800 1039 1831 1065 A.
1843 1040 1866 1066 6.
1878 1041 1902 1066 2.

1115 1084 1280 1110 Instare.
1322 1083 1505 1113 Imminere,
1541 1083 1666 1117 Vrgere.
1712 1081 1755 1108 III.
1782 1083 1847 1110 Gn.
1880 1082 1919 1109 In-

1080 1126 1159 1151 stitor
1178 1125 1324 1163 adpellatus
1345 1129 1385 1150 est
1404 1134 1436 1150 ex
1456 1134 1504 1155 eo,
1528 1123 1598 1160 quod
1621 1125 1725 1160 negotio
1749 1124 1864 1161 gerendo
1882 1126 1919 1151 in-

1080 1173 1140 1194 stet.
1160 1168 1190 1195 fr.
1209 1170 1234 1195 3.
1254 1168 1287 1195 de
1306 1168 1388 1194 instit.
1409 1172 1457 1193 act.
1478 1168 1518 1193 14.
1541 1168 1564 1193 3.
1600 1167 1650 1195 Ea.
1671 1177 1736 1203 quae
1756 1167 1853 1203 agenda
1873 1177 1919 1205 pu·

1080 1216 1128 1239 tas,
1148 1221 1202 1247 age,
1222 1216 1248 1238 et
1266 1212 1335 1237 insta
1354 1214 1382 1237 ut
1401 1215 1450 1236 etc.
1475 1220 1496 1236 e.
1518 1211 1540 1235 l.
1560 1209 1592 1236 de
1612 1209 1677 1236 adm.
1698 1215 1745 1236 tut.
1765 1212 1788 1236 5.
1807 1212 1850 1236 37.
1880 1210 1919 1236 [11-

1079 1254 1201 1280 standum
1220 1255 1310 1286 actori.
1331 1258 1360 1280 ut
1374 1268 1407 1272 —
1425 1252 1587 1290 comprobet.
1607 1252 1636 1279 fr.
1653 1254 1692 1279 18.
1711 1253 1733 1286 §.
1747 1255 1771 1279 2.
1791 1252 1823 1279 de
1842 1263 1919 1289 quae-

1079 1298 1158 1323 stion.
1177 1298 1219 1324 48.
1241 1298 1281 1323 18.
1319 1296 1433 1328 Omnes‚
1458 1296 1576 1322 certatim
1600 1295 1666 1321 facta
1686 1306 1822 1332 operarum
1842 1296 1919 1322 colla-

1078 1341 1165 1372 tione,
1187 1341 1285 1366 instare
1309 1339 1414 1366 debent.
1452 1338 1502 1365 Th.
1523 1337 1553 1365 C.
1573 1337 1631 1364 XV.
1653 1339 1675 1364 l.
1700 1348 1721 1365 c.
1740 1340 1781 1365 23.
1806 1338 1838 1365 de
1857 1349 1918 1376 opp.

1078 1383 1140 1420 pub.
1177 1382 1206 1409 Si
1226 1382 1372 1409 creditores
1392 1382 1502 1413 instent,
1527 1380 1569 1407 vel
1589 1381 1634 1417 qui
1657 1386 1746 1418 sperat
1769 1391 1797 1408 se
1816 1391 1919 1408 succes-

1078 1436 1175 1453 surum.
1196 1425 1227 1452 fr.
1247 1427 1269 1452 l.
1289 1426 1311 1460 ᾗ.
1329 1426 1368 1451 18.
1389 1424 1421 1451 de
1439 1429 1530 1450 ventre
1549 1425 1576 1450 in
1594 1434 1667 1461 poss.
1681 1426 1723 1451 37.
1737 1426 1760 1451 9.
1781 1424 1812 1451 cf.
1832 1424 1863 1451 fr.
1876 1426 1918 1451 22.

1078 1468 1111 1496 de
1129 1469 1154 1495 h.
1174 1478 1217 1504 qu.
1238 1473 1266 1494 ut
1285 1468 1383 1504 indign.
1402 1468 1444 1493 34.
1464 1469 1487 1494 9.

1113 1513 1352 1539 Iustam-are.
1373 1511 1404 1544 ξ.
1418 1511 1452 1536 1.
1473 1511 1726 1544 Redintegrare,
1744 1512 1918 1536 Renovare.

1077 1554 1095 1582 I.
1117 1556 1179 1589 Sy.
1202 1554 1361 1581 Restaurare
1380 1553 1600 1587 (matrimonium,
1619 1562 1643 1578 v.
1664 1552 1807 1585 actiones.)
1827 1552 1857 1579 sr.
1876 1554 1917 1579 32.

1077 1599 1099 1632 ᾖ.
1120 1599 1160 1624 11.
1180 1597 1210 1624 fr.
1230 1598 1270 1624 62.
1295 1598 1316 1631 ξ.
1338 1599 1360 1623 l.
1386 1596 1418 1622 de
1437 1595 1498 1622 don.
1518 1596 1564 1621 int.
1584 1594 1615 1621 V.
1635 1596 1676 1621 24.
1697 1596 1718 1620 l.
1744 1594 1774 1621 fr.
1795 1597 1834 1621 14.
1866 1595 1917 1631 Qu.

1078 1642 1104 1668 in
1124 1640 1155 1667 fr.
1181 1640 1250 1668 cred.
1270 1642 1311 1667 42.
1331 1641 1353 1666 8.
1390 1638 1433 1665 ΙΙΙ.
1460 1639 1526 1666 Gn.
1562 1637 1685 1664 Divortio
1710 1636 1790 1670 sacto,
1816 1648 1864 1664 nec
1881 1639 1919 1664 in-

1077 1688 1193 1710 staurato
1213 1683 1386 1709 matrimonio.
1407 1681 1437 1707 fr.
1457 1682 1498 1707 62.
1517 1681 1538 1714 ξ,
1560 1682 1581 1706 l.
1601 1680 1617 1706 l.
1637 1680 1654 1706 l.
1674 1681 1715 1706 24.
1730 1682 1753 1706 l.
1778 1680 1919 1716 Querelam

1077 1725 1158 1753 semel
1177 1726 1308 1756 omissam,
1327 1735 1351 1751 v.
1369 1723 1559 1750 Transactione
1578 1722 1660 1754 finita,
1680 1723 1832 1749 instaurare.
1853 1733 1874 1749 c.
1894 1724 1918 1749 6.

1077 1779 1098 1795 c.
1120 1770 1160 1794 13.
1186 1778 1207 1794 c.
1227 1770 1268 1794 30.
1289 1767 1321 1794 de
1339 1771 1462 1793 transact.
1481 1768 1505 1792 2.
1525 1767 1549 1791 4.
1575 1775 1596 1792 c.
1616 1767 1640 1792 5.
1660 1765 1692 1792 de
1712 1775 1740 1791 re
1758 1764 1811 1791 iud.
1832 1767 1857 1792 7.
1876 1767 1917 1791 52.

1076 1811 1210 1837 Materiam
1229 1809 1284 1836 litis
1303 1809 1486 1836 instaurandae
1505 1808 1574 1834 dare.
1599 1807 1629 1834 fr.
1649 1810 1690 1834 20.
1714 1818 1753 1845 pr.
1774 1807 1806 1834 de
1826 1812 1872 1834 tut.
1893 1813 1918 1835 et

1077 1858 1124 1880 rat.
1143 1855 1184 1879 27.
1203 1854 1228 1880 3.
1260 1853 1409 1880 Mandatum
1427 1852 1582 1878 instauravit
1601 1851 1731 1877 dominus.
1750 1849 1780 1877 fr.
1796 1852 1837 1876 56.
1857 1852 1878 1885 §.
1893 1853 1917 1877 2.

1077 1896 1162 1923 mand.
1183 1898 1224 1922 17.
1243 1898 1266 1922 1.
1295 1895 1402 1922 Publica
1422 1894 1501 1932 opera
1519 1895 1672 1920 instaurare.
1701 1892 1750 1919 Th.
1766 1892 1796 1919 C.
1815 1893 1874 1920 XV.
1895 1895 1916 1919 l.

1078 1950 1099 1966 c.
1118 1941 1142 1966 2.
1163 1950 1183 1965 c.
1200 1941 1238 1965 ll.
1259 1938 1292 1965 de
1311 1948 1372 1975 opp.
1392 1938 1453 1974 pub.
1468 1953 1499 1956 —
1519 1938 1550 1971 §.
1565 1938 1600 1970 ².-
1619 1938 1823 1968 munnere,
1844 1938 1917 1963 Sar-

1077 1984 1150 2009 cire.
1194 1981 1236 2008 III.
1263 1983 1329 2009 Cn.
1361 1980 1420 2018 lpse
1439 1980 1471 2007 de
1490 1981 1605 2017 propriis
1619 1979 1698 2006 rebus
1712 1980 1847 2011 instauret⁷
1867 1980 1916 2012 (sc.

1077 2024 1204 2062 quidquid
1218 2024 1263 2051 ille
1273 2024 1448 2061 dilapidavit.)
1468 2022 1693 2060 compellaturque
1707 2022 1827 2048 damnum
1841 2032 1917 2048 omne

1076 2069 1180 2095 sarcire.
1200 2067 1237 2094 lb.
1256 2067 1314 2094 XII.
1333 2070 1356 2094 6.
1377 2077 1398 2093 c.
1416 2068 1437 2093 l.
1459 2066 1490 2093 de
1510 2070 1657 2102 susceptor.
1679 2075 1768 2102 praep.

1116 2111 1364 2138 Instauratio.
1418 2111 1620 2144 Reparasto,
1657 2110 1852 2135 Renovatio.
1898 2107 1916 2133 Ι.

1053 2132 1054 2163 l
1076 2155 1138 2188 sy.
1165 2148 1324 2185 Renovatio.
1348 2153 1497 2190 Reparatio.
1531 2151 1580 2178 Th.
1602 2150 1632 2177 C.
1652 2150 1708 2177 VII.
1730 2152 1769 2176 17.
1795 2160 1816 2176 c.
1838 2152 1859 2176 l.
1885 2150 1916 2176 de

1075 2197 1156 2223 lusor.
1180 2196 1283 2223 Danub.
1304 2196 1349 2223 XJ.
1368 2198 1409 2223 31.
1439 2206 1459 2222 c.
1480 2197 1502 2221 7.
1528 2194 1560 2221 de
1579 2203 1662 2230 repar.
1681 2203 1745 2230 app.
1783 2192 1826 2219 111.
1850 2194 1914 2220 Cn..

1075 2239 1117 2266 Ad
1141 2244 1233 2276 portus
1258 2244 1284 2265 et
1313 2239 1490 2275 aquaeductus
1514 2237 1729 2264 instaurationem
1755 2251 1786 2255 -—
1810 2237 1913 2261 instare.

1076 2282 1112 2308 lb.
1132 2282 1190 2308 XV.
1213 2284 1236 2308 l.
1261 2292 1281 2308 c.
1300 2284 1342 2308 23.
1367 2282 1399 2308 de
1422 2292 1482 2319 opp.
1502 2280 1563 2317 pub.
1600 2279 1642 2305 Ex
1666 2279 1852 2305 instauratione
1871 2287 1914 2303 ue-

1076 2326 1138 2361 gotii
1160 2325 1255 2351 tributa
1275 2326 1385 2351 actione.
1406 2335 1426 2351 c.
1446 2327 1469 2350 2.
1491 2325 1513 2349 si
1533 2322 1590 2349 adv.
1609 2326 1731 2348 transact.
1745 2323 1767 2346 2.
1781 2322 1822 2346 32.
1850 2319 1914 2345 Eius

1077 2378 1169 2394 causae
1189 2369 1343 2394 instauratio
1364 2369 1419 2394 iure
1439 2367 1598 2403 deposcitur.
1624 2365 1694 2391 Paul.
1710 2364 1740 2390 V.
1759 2362 1816 2388 5A.
1837 2363 1857 2396 ξ.
1873 2364 1912 2388 10.

1077 2410 1108 2436 cf.
1129 2421 1149 2436 c.
1169 2413 1193 2436 2.
1220 2420 1251 2436 ex
1271 2420 1313 2446 qu.
1339 2421 1359 2436 c.
1380 2411 1437 2436 mai.
1461 2412 1486 2436 2.
1505 2410 1546 2435 54.
1571 2419 1592 2435 c.
1611 2410 1652 2434 20.
1677 2407 1709 2433 dc
1733 2406 1808 2431 evict.
1828 2406 1851 2430 S.
1871 2406 1912 2431 45.

1080 2453 1270 2479 Instauratioue
1289 2453 1414 2479 solidiora
1428 2451 1570 2479 reddantur
1583 2449 1756 2484 (constituta.)
1775 2447 1841 2474 Nov.
1854 2447 1912 2475 Val.

1053 2490 1054 2501 ¹
1076 2496 1118 2522 Ill.
1139 2496 1171 2522 de
1191 2496 1307 2522 confirm.
1328 2496 1352 2522 li.
1372 2496 1402 2522 ll.
1421 2497 1463 2522 32.
1484 2506 1504 2521 c.
1526 2497 1547 2521 l.
1567 2504 1604 2531 pr.

1114 2540 1348 2566 luston-naere-
1398 2542 1653 2573 Supersteruere.
1696 2533 1714 2560 I.
1743 2535 1805 2568 Sy.
1842 2534 1912 2560 Ster-

1077 2592 1146 2608 nere.
1172 2581 1243 2607 Paul.
1263 2581 1305 2608 III.
1325 2582 1348 2608 6.
1368 2582 1389 2615 ξ.
1410 2584 1451 2608 79.
1471 2581 1501 2607 fr.
1520 2581 1560 2605 23.
1580 2579 1602 2611 ξ.
1623 2579 1645 2603 l.
1666 2576 1698 2603 de
1717 2587 1779 2603 auro
1799 2587 1850 2613 arg.
1869 2578 1910 2603 34.

1076 2628 1099 2650 2.
1120 2640 1151 2643 —
1172 2624 1213 2650 III.
1227 2625 1292 2651 Gn.
1312 2624 1386 2660 Quae
1405 2622 1537 2652 induendi,
1556 2619 1749 2657 praecingendi,
1766 2619 1910 2651 amiciendi.

1077 2666 1248 2699 insterncndi,
1268 2667 1409 2699 iniiciendi,
1428 2663 1601 2692 incubandive
1620 2672 1696 2689 causa
1716 2664 1816 2700 (parata
1829 2664 1910 2694 suut.)

1077 2709 1107 2736 fr.
1127 2711 1170 2736 23.
1190 2710 1211 2743 ξ.
1232 2711 1254 2736 1.
1274 2709 1291 2736 l.
1310 2712 1351 2736 34,
1371 2712 1394 2735 2.
1433 2708 1506 2742 Quae
1526 2706 1578 2739 (sc.
1598 2705 1728 2741 stragulae
1742 2706 1808 2738 etc.)
1828 2706 1909 2741 equiS.

1077 2763 1101 2779 v.
1122 2752 1217 2789 quibus
1237 2752 1370 2783 subsellia,
1391 2750 1500 2777 insterni
1518 2748 1613 2775 solent.
1632 2748 1663 2775 fr.
1681 2750 1723 2775 25.
1743 2749 1764 2782 ξ
1777 2749 1801 2774 3.
1822 2747 1855 2773 ib.
1868 2748 1907 2771 34⁴

1076 2798 1100 2822 2.
1121 2796 1153 2822 ct.
1174 2795 1204 2822 fr.
1223 2797 1247 2821 5.
1267 2805 1305 2832 pr.
1326 2794 1358 2820 de
1377 2792 1471 2830 supell.
1491 2791 1539 2827 leg.
1558 2793 1659 2818 33.10.

1436 2837 1468 2861 61
1583 2841 1584 2844 ’
