2197 3121
248 190 290 221 40

249 272 267 299 1.
284 273 346 306 Sy.
376 270 466 297 Adstr.
486 280 515 296 se
534 269 719 303 (muneribus).
757 268 900 306 Adplicarc
918 278 947 295 se.
967 268 999 295 ad
1019 268 1092 301 (mu-

250 316 337 347 nera).
368 314 397 340 fr.
417 316 440 340 2.
460 324 498 350 pr.
525 313 557 339 de
582 315 637 339 iure
656 314 724 339 imm.
749 314 789 338 50.
810 314 833 338 6.
871 312 988 339 Debere.
1013 311 1092 337 Com-

249 358 325 396 pelli.
347 357 490 391 Adstringi.
515 356 545 382 l'r.
559 357 599 382 49.
620 355 676 381 l'am.
694 356 784 381 ercisc.
800 357 840 381 10.
853 357 878 381 ⁴2.
914 354 1005 381 Fidem
1019 364 1093 380 suam

249 401 330 428 adstr.
369 399 509 425 Yineulnm
533 399 702 433 obligationis
727 399 871 435 suscipere.
909 397 1035 432 Obligare.
1054 406 1092 424 se.

250 445 280 471 l'r.
300 445 340 470 67.
362 443 394 469 de
412 453 484 480 proc.
503 444 527 468 3.
547 443 570 467 3.
591 452 612 467 c.
626 442 649 467 6.
670 442 746 467 (210.
766 441 850 468 mand.
871 442 894 467 4.
908 442 949 466 35.
979 439 1009 465 ll.
1026 441 1092 473 Op.

250 487 387 521 Adstringi
407 485 526 521 (laqueis
546 484 737 517 necessitatis).
769 500 801 503 —
824 483 928 510 Evolvi.
966 481 1050 508 Vatic.
1071 482 1093 515 §.

249 532 309 557 248.
346 529 388 555 111.
405 530 469 556 sn.
499 529 574 562 Quos
595 531 681 553 reatus
701 526 849 561 adstringit,
870 535 958 552 career
977 524 1093 551 inclusit.

250 573 300 600 Th.
321 573 352 599 C.
373 572 417 598 lX.
437 573 478 597 3⁸.
504 580 524 596 c.
544 572 568 596 3.
593 569 626 595 de
645 569 744 605 indulg.
765 571 836 596 crim.
874 569 975 595 Meritis
994 567 1093 594 liberos

249 617 344 652 magis.
369 625 444 651 quam
469 612 636 649 pactionibus
661 612 788 648 adstringi
813 612 919 649 placuit.
955 610 1028 637 Paul.
1048 610 1093 637 IV.

249 662 273 686 5.
294 660 316 692 ξ.
337 662 361 684 ὃ.
400 655 480 683 Aliud
499 660 538 681 est
559 666 590 682 ex
611 666 722 692 persona
741 655 846 682 heredis
860 655 1003 685 conveniri,
1024 653 1094 680 aliud

250 703 357 740 proprio
378 700 483 726 nomine
503 698 620 725 defuncti
638 698 762 736 precibus
782 697 916 733 adstringi.
937 697 966 723 sr.
981 699 1022 723 55.
1037 697 1093 730 §.2

250 745 281 771 ad
310 744 336 770 S.
357 742 388 769 C.
409 741 488 768 Treb.
513 743 554 768 36.
576 744 597 768 1.
641 741 774 777 Obligati«)
800 746 840 767 est
864 741 928 767 iuris
951 739 1093 771 vinculum,

249 798 301 824 quo
333 786 490 812 necessitate
519 784 704 821 adstringimur
732 784 841 810 alicuius
873 783 1016 809 solvendae
1047 783 1093 809 rei.

249 830 291 857 Pr.
311 829 328 855 1.
354 829 386 855 (18
406 827 523 863 obligatt.
552 829 576 853 3.
598 830 636 854 13.
679 828 801 853 Amissae
825 828 863 853 rei
891 825 1039 864 periculum
1068 830 1094 851 te

249 884 301 900 nou
322 872 468 907 adstringit.
493 882 514 896 e.
528 872 570 896 23.
592 870 624 896 de
637 870 740 907 probat.
760 871 784 896 4.
800 872 840 896 19.
877 870 961 896 Actor
974 885 1007 888 —
1021 878 1093 895 reum

248 917 406 943 necessitate
419 913 581 940 monstrandi
596 914 754 939 contrarium
768 923 819 939 non
834 912 980 949 adstringit.
995 922 1015 938 c.
1023 913 1064 938 23.
1076 911 1093 938 l.

250 976 282 980 ·—
306 960 337 993 ξ.
358 960 393 985 2.
425 958 584 987 Onerore,
606 958 762 983 Graeare.
799 955 842 982 III.
864 957 930 984 Cn.
955 955 1094 992 Quidquid

249 1000 450 1037 adstringendum»
470 999 637 1035 obligationis
658 1004 706 1030 est,
727 998 762 1030 id,
782 1000 832 1025 nisi
847 998 933 1036 palam
947 999 1036 1025 verbis
1050 1009 1093 1025 ex-

248 1046 372 1083 primitur
390 1048 437 1070 ete.
458 1042 487 1069 sr.
502 1044 542 1069 99.
557 1052 596 1079 pr.
617 1041 649 1068 (18
668 1041 700 1068 Υ.
715 1042 748 1068 Ο.
768 1044 809 1068 45.
831 1044 852 1068 l.
874 1058 906 1061 —
925 1042 956 1075 ξ.
972 1043 1009 1069 3.
1030 1043 1094 1068 Διί·

243 1091 395 1125 firmare.
442 1086 460 1112 I.
485 1087 546 1120 Sy.
584 1085 756 1111 Adseverare.
792 1084 948 1112 Adfirmare.
986 1084 1036 1112 Th.
1062 1084 1092 1112 C.

248 1131 318 1158 Xlll.
339 1133 362 1156 5.
383 1140 403 1156 e.
424 1131 464 1155 13.
485 1129 517 1155 de
537 1127 677 1155 navicular.

284 1175 505 1201 Adstruere.
543 1174 717 1207 Adlegare,
738 1172 888 1198 Probare.
917 1170 935 1198 l.
950 1172 1012 1205 Sy.
1032 1170 1095 1198 Per-

248 1217 341 1244 bibere
359 1216 546 1242 testimonium.
576 1214 624 1241 Th.
646 1214 676 1241 C.
696 1213 740 1240 IV.
760 1215 784 1241 4.
805 1225 826 1241 c.
846 1216 870 1240 5.
895 1214 928 1241 de
948 1219 1048 1241 testam.
1069 1219 1095 1241 et

249 1260 333 1287 codic.
371 1257 529 1285 Ostendere.
558 1258 755 1284 Demonstrare.
786 1256 823 1283 lb.
838 1256 883 1283 XI.
896 1258 938 1284 39.
953 1267 974 1283 c.
989 1258 1013 1284 4.
1034 1267 1054 1283 c.
1069 1258 1093 1284 6.

248 1314 289 1340 sq.
320 1302 352 1329 de
376 1301 429 1328 fide
453 1306 512 1327 test.
550 1301 593 1327 Ill.
613 1302 678 1328 Cn.
712 1299 782 1326 Haec
808 1310 914 1337 quoque
937 1300 1094 1337 prudentius

249 1348 318 1374 inter
337 1345 532 1372 eonsentientes
552 1344 732 1375 adstruentur3
753 1343 870 1380 alioquin
889 1345 912 1370 si
931 1353 984 1369 non
1002 1354 1095 1370 conve-

249 1392 305 1417 niat
329 1395 377 1415 ete.
408 1388 437 1414 l'r.
457 1389 480 1414 3.
501 1398 540 1425 pr.
564 1392 611 1414 rat.
631 1397 686 1413 rem
705 1386 763 1413 hab.
794 1388 836 1413 46.
855 1388 879 1413 8.
921 1386 951 1413 Si
974 1397 1027 1413 non
1049 1397 1095 1424 po-

249 1434 348 1461 tuerint
367 1430 520 1462 ostendere.
546 1430 616 1467 quod
641 1430 833 1457 adstruxerunt.
877 1429 926 1456 Th.
949 1429 980 1456 C.
999 1430 1032 1456 X.
1054 1433 1094 1456 10.

251 1488 272 1504 c.
293 1480 317 1503 8.
339 1475 370 1502 de
390 1475 465 1512 petit.
487 1479 511 1500 et
531 1473 599 1500 ultro
620 1473 671 1500 dat.
710 1473 768 1500 Nisi
782 1474 834 1510 ipsi
854 1472 1035 1500 adstruxerint
1053 1483 1096 1500 ve.-

250 1521 360 1548 ritatem.
382 1529 402 1544 c.
422 1519 463 1543 24.
485 1517 517 1543 de
537 1517 640 1555 probat.
660 1518 683 1543 4.
705 1518 746 1544 19.

285 1561 516 1590 Adsuetudo.
555 1562 769 1587 Consuetudo.
796 1559 839 1586 III.
855 1560 921 1587 Cn.
951 1558 1012 1586 Nou
1025 1564 1095 1586 statu

250 1607 340 1644 priore.
362 1614 509 1642 perpenso,
535 1614 588 1630 non
613 1602 786 1629 adsuetudine
811 1604 1018 1635 coniunctionis.
1043 1613 1095 1629 non

251 1648 390 1677 dulcedine
405 1647 519 1673 liliorum
533 1652 581 1673 ete.
611 1646 678 1673 Nor.
694 1645 751 1673 Yal.
771 1645 813 1672 III.
834 1645 867 1673 de
886 1646 972 1673 colon.
992 1656 1048 1683 vag.
1063 1646 1094 1673 Π.

250 1694 292 1719 31.
314 1703 334 1718 c.
358 1693 379 1717 l.
401 1691 422 1724 ξ.
443 1692 467 1716 5.

285 1736 486 1762 Adsuetus,
515 1732 646 1766 (partie.)
685 1734 876 1760 Constrictus.
913 1732 944 1759 II.
965 1734 1033 1767 Op.
1065 1732 1094 1760 Si

251 1778 316 1805 nihil
337 1782 408 1803 extra
428 1776 645 1802 consuetudinem
664 1775 796 1802 acciderit.
816 1792 849 1796 —
868 1776 928 1802 Non
948 1775 1093 1803 adsuetum.

251 1821 282 1848 fr.
304 1823 343 1846 15.
364 1821 385 1854 ξ.
405 1822 429 1846 2.
449 1819 525 1845 locat.
548 1820 587 1845 19.
605 1821 629 1845 2.
669 1819 710 1845 111.
732 1820 798 1846 Cn.
826 1818 867 1845 Ne
887 1820 960 1856 quis⁷
981 1819 1093 1846 desertis

252 1864 369 1891 adsuetis
389 1862 498 1892 officiis,
519 1861 550 1887 ad
569 1861 683 1898 palatina
703 1873 816 1899 unquam
835 1867 995 1889 sacramenta
1008 1862 1094 1901 adspi-

251 1912 299 1934 ret.
329 1905 378 1932 Th.
400 1905 430 1931 C.
450 1904 517 1930 YllI.
538 1906 561 1931 4.
582 1915 603 1930 c.
623 1907 665 1931 21.
686 1905 718 1931 de
738 1905 864 1931 cohortal.

287 1951 509 1977 Adsumere.
538 1948 569 1981 ᾖ.
583 1949 617 1974 1.
642 1950 813 1979 Adhibere,
834 1958 855 1974 r.
876 1950 1018 1981 Sumere,
1035 1959 1094 1983 per

252 1994 476 2021 accessionem.
513 1990 532 2016 I.
553 1992 614 2025 Sy.
644 1991 811 2027 Coniungere
830 1991 881 2017 sibi
900 1991 987 2017 alium.
1028 1991 1093 2018 Ads.

252 2037 366 2062 tertium.
396 2034 426 2061 sr.
448 2035 488 2060 17.
513 2034 535 2067 ξ.
555 2035 578 2059 5.
604 2033 634 2060 fr.
657 2035 699 2060 32.
726 2034 747 2067 ξ.
770 2035 809 2060 17.
839 2033 871 2060 dc
895 2044 947 2061 rec.
972 2045 1015 2071 qu.
1039 2034 1093 2061 arb.

252 2081 276 2105 4.
296 2082 320 2104 ὅ.
357 2077 493 2108 Α(Ιίἰε81“8.
518 2076 665 2103 Admitterc
695 2077 898 2110 (fideiussores,
922 2087 946 2103 v.
966 2078 1093 2111 socium).

252 2123 275 2156 ς’.
297 2124 319 2148 1.
339 2121 357 2147 l.
383 2120 414 2146 de
435 2120 552 2146 fideiuSS.
571 2122 596 2146 3.
615 2122 656 2146 20.
686 2119 716 2147 sr.
736 2122 778 2147 21.
799 2130 838 2157 sq.
862 2131 911 2157 pro
930 2131 984 2147 soc.
1011 2122 1050 2147 17.
1069 2122 1094 2147 2.

251 2165 348 2192 Postea
372 2163 510 2200 adquirere
535 2164 749 2200 (possessionem
769 2164 847 2197 eta).
877 2163 908 2190 t'r.
932 2166 973 2190 41.
997 2174 1036 2201 pr.
1062 2163 1094 2190 (18

254 2207 343 2235 hored.
355 2212 408 2244 pet.
422 2210 446 2233 5.
458 2208 482 2232 3.
511 2206 553 2232 llI.
567 2208 631 2234 Cn.
652 2206 680 2233 Si
691 2206 773 2242 legata
784 2207 921 2233 adsumant
932 2206 1093 2233 dodrantem.

254 2251 285 2278 fr.
304 2252 328 2277 6.
348 2260 387 2287 pr.
408 2251 430 2276 si
451 2260 492 2285 qu.
514 2260 564 2275 om.
584 2260 605 2275 c.
626 2254 685 2275 test.
705 2251 747 2276 29.
761 2252 785 2276 4.
822 2250 943 2287 Spatium
962 2249 1093 2286 quoddam

255 2295 381 2331 temporis
401 2292 553 2319 adsumitur.
574 2291 604 2318 sr.
625 2294 665 2318 13.
685 2292 717 2319 dc
737 2293 816 2319 solut.
837 2295 877 2319 46.
897 2295 921 2320 3.
959 2293 988 2319 Si
1008 2298 1093 2319 autem

254 2348 306 2364 non
326 2336 406 2368 addit.
427 2335 522 2372 quibus
541 2336 590 2367 (sc.
611 2334 758 2369 Calendis).
778 2353 810 2356 —
831 2337 920 2373 utique
939 2336 990 2363 hoc
1009 2338 1094 2374 sequi-

254 2391 319 2410 mur.
339 2380 410 2417 quod
429 2384 513 2406 actum
533 2383 585 2406 est.
611 2388 707 2414 easque
732 2379 907 2407 adsumemus.
936 2379 966 2406 l'r.
987 2381 1028 2406 41.
1053 2390 1092 2417 pr.

254 2424 287 2451 de
306 2424 337 2451 Y.
359 2424 391 2450 O.
417 2425 458 2449 45.
480 2423 501 2448 l.
539 2422 621 2447 Suum
645 2432 762 2449 servum.
787 2433 819 2449 an
843 2422 955 2450 alienum
979 2428 1094 2450 tutorem

254 2468 400 2503 scripserit.
421 2476 478 2492 cum
498 2480 530 2484 —-
549 2464 667 2491 adsumta
688 2464 794 2492 libertas
815 2467 849 2492 sit
862 2467 887 2492 in
900 2476 1015 2503 persona
1028 2467 1092 2493 eius.

255 2509 285 2536 sr.
307 2512 345 2535 10.
365 2510 386 2542 ξ.
407 2511 430 2535 4.
451 2508 483 2535 de
503 2512 562 2534 test.
585 2512 630 2533 tut.
650 2509 691 2533 26.
711 2510 735 2534 2.
756 2524 787 2528 —
808 2509 838 2542 §.
860 2510 895 2536 2.
920 2511 1092 2544 Adhgere,

254 2554 457 2580 Arist-tibere.
492 2551 510 2577 1.
525 2552 586 2585 Sy.
616 2550 753 2587 Adlegere.
783 2552 823 2578 Cl'.
844 2552 868 2578 l1.
883 2562 906 2578 v.
921 2552 1035 2589 Cingere
1054 2553 1093 2586 (in

255 2594 368 2627 militia).
389 2594 418 2620 l'r.
438 2596 479 2621 313.
499 2595 521 2628 §.
543 2596 565 2621 l.
585 2593 618 2621 dc
636 2599 738 2621 testam.
757 2594 832 2620 milit.
851 2596 893 2621 29.
915 2597 938 2621 l.
969 2595 1011 2622 111.
1027 2597 1093 2624 Cn.

255 2637 283 2663 In
304 2637 442 2663 eonsilium
462 2636 612 2675 Principum
631 2637 743 2664 adsnmti
763 2638 914 2674 iurisperiti.
943 2637 973 2664 sr.
992 2640 1034 2664 30.
1054 2648 1093 2675 pr.

256 2680 288 2707 de
308 2685 422 2706 excusat.
442 2681 483 2706 27.
501 2682 521 2706 1.
559 2680 587 2707 ln
602 2681 697 2718 quibus
718 2681 767 2713 (sc.
787 2680 905 2716 collegiis
924 2680 966 2707 vel
980 2682 1095 2718 corpori-

256 2723 324 2755 bus)
349 2723 452 2749 artilicii
476 2724 515 2748 sni
541 2733 616 2750 eausa
637 2725 818 2760 unusquisque
837 2723 990 2750 adsumitur.
1019 2724 1049 2750 l'r.
1069 2726 1093 2750 5.

256 2767 278 2800 §.
300 2767 339 2791 12.
364 2765 395 2791 cl'.
415 2765 437 2799 ξ.
458 2767 480 2791 7.
506 2765 538 2792 de
558 2767 613 2793 iure
632 2768 700 2794 imm.
726 2769 767 2793 50.
787 2768 810 2792 6.
852 2766 881 2793 ln
906 2766 992 2792 locum
1016 2766 1094 2792 admi-

257 2809 406 2835 nistratoris
427 2824 457 2827 -
478 2807 556 2834 alium
576 2810 677 2836 interim
697 2809 892 2836 adsumendum.
917 2809 947 2836 fr.
966 2811 1007 2835 21.
1027 2810 1049 2843 ς’.
1068 2811 1093 2835 2.

258 2851 290 2877 de
313 2851 408 2888 appell.
429 2856 454 2877 ct
474 2851 545 2877 relat.
569 2854 610 2879 49.
632 2855 653 2879 1.
686 2869 718 2873 -
748 2853 779 2887 §.
799 2854 836 2880 3.
868 2855 1093 2885 Frumentum-e,

1137 2854 1179 2879 23.
1197 2853 1222 2879 3.

975 186 1060 218 ADS
1084 204 1123 210 —
1146 186 1247 217 ADT.

1136 270 1323 306 Adfectare.
1351 268 1394 295 III.
1411 269 1476 297 Cn.
1505 270 1579 306 Quid
1596 275 1690 298 tamen.
1711 272 1734 298 si
1754 276 1779 298 ct
1798 271 1848 299 hoc
1867 273 1918 300 sibi
1936 273 1980 300 ad-

1137 312 1292 343 sumserint,
1312 316 1340 338 ut
1360 311 1517 340 defendant?
1536 313 1566 340 fr.
1586 316 1610 340 5.
1630 314 1652 348 §.
1672 316 1696 341 6.
1716 314 1821 342 iudicat.
1840 316 1917 343 solvi.
1936 318 1979 343 46.

1137 356 1160 381 7.
1199 355 1250 389 Qui
1271 355 1330 381 anni
1349 356 1512 382 vacationem
1536 356 1662 384 arbitratu
1686 359 1794 395 proprio
1818 374 1851 378 ——-
1877 358 1980 385 adsum-

1137 398 1209 423 serit.
1246 397 1296 424 Th.
1316 397 1347 424 C.
1368 397 1424 424 VII.
1445 399 1485 425 12.
1506 409 1528 425 c.
1547 402 1571 426 2.
1596 399 1628 426 de
1648 405 1782 427 commeat.
1820 401 1906 437 Quam
1925 402 1979 435 (sc.

1137 441 1280 466 maiestatis
1301 442 1501 477 quaestionem)
1527 444 1549 469 si
1573 445 1632 480 quis
1652 442 1779 479 sacrilego
1799 445 1884 470 animo
1904 444 1980 471 adsu-

1137 485 1191 509 mit.
1222 483 1260 509 Ib.
1279 483 1324 510 IX.
1343 485 1384 510 42.
1405 495 1426 510 c.
1447 485 1471 510 6.
1492 484 1525 511 (18
1543 484 1604 512 bon.
1624 496 1726 523 proscr.

1171 527 1379 554 Adsumtio.
1417 528 1449 561 δ.
1469 528 1503 554 1.
1535 529 1700 555 Adiectio.
1737 528 1780 555 ΙΙΙ.
1802 531 1868 557 Cn.
1899 529 1929 556 Si
1952 531 1981 557 in

1137 574 1224 606 patre.
1247 569 1290 595 vel
1313 571 1410 607 patria,
1435 570 1477 596 vel
1501 568 1653 598 alia'simili
1677 571 1856 601 adsumtione.
1885 572 2000 603 salsum,

1138 613 1265 649 scriptum
1290 618 1338 639 est.
1367 612 1398 639 fr.
1417 614 1458 639 48.
1483 614 1504 647 ξ.
1525 614 1548 639 3.
1574 613 1606 640 (18
1629 614 1718 641 hered.
1744 616 1804 641 inst.
1828 618 1870 642 28.
1890 617 1914 642 5.
1946 631 1979 635 —

1138 656 1168 689 ξ.
1189 657 1225 682 2.
1254 658 1464 692 Adfectatio,
1488 658 1677 691 L'snrpatio.
1713 657 1755 684 Ill.
1772 659 1837 686 (711.
1857 658 1979 685 Adsumt.

1139 699 1260 735 originiS.
1282 709 1347 735 quae
1367 709 1419 725 non
1439 704 1486 725 est.
1512 698 1541 727 l'r.
1562 701 1585 726 6.
1605 710 1644 733 pr.
1665 700 1697 727 ad
1715 702 1810 727 munic.
1830 703 1871 727 50.
1887 703 1910 728 l.
1938 701 1980 728 Illi

1138 741 1295 768 sacerdotali
1319 742 1484 768 adsumtione
1511 743 1697 780 episcoporum
1724 754 1818 771 nomen
1846 744 1979 771 infamant.

1139 785 1188 812 Th.
1209 785 1240 812 C.
1259 784 1330 811 XVI.
1350 787 1373 811 5.
1394 796 1415 811 8.
1436 787 1460 811 5.
1481 785 1513 811 (18
1532 786 1630 813 haeret.
1670 785 1782 814 Palatini
1805 789 1919 814 nominis
1938 787 1982 814 ad-

1138 833 1215 855 sumt.
1246 827 1283 854 sb.
1304 827 1349 855 IX.
1369 829 1410 854 35.
1432 838 1453 854 c.
1474 830 1497 855 1.
1517 828 1549 855 (18
1570 830 1717 866 quaestion.

1172 873 1368 898 Adtactus.
1398 871 1569 905 (Substant.)
1611 874 1739 899 Tactus.
1775 872 1817 900 ΠΙ.
1833 874 1899 901 (7η.
1927 872 1981 899 Ad-

1138 919 1208 941 tactn
1222 915 1430 940 conversationis
1444 913 1571 941 humanae
1584 915 1717 952 piaculum
1731 915 1882 943 admittitur.
1907 915 1980 943 Paul.

1138 958 1155 985 I.
1175 960 1218 984 21.
1239 967 1260 983 c.
1281 959 1321 984 12.
1342 956 1374 983 cs.
1395 957 1425 983 fr.
1446 959 1486 984 12.
1507 957 1528 991 ξ.
1550 959 1573 984 1.
1594 957 1626 984 de
1646 958 1761 995 religios.
1783 960 1823 985 11.
1843 961 1866 986 7.

1171 1000 1434 1028 Adtaminare.
1473 1002 1719 1034 Contaminare,
1738 1004 1901 1029 Polluere.
1936 1001 1980 1029 III.

1139 1045 1204 1072 (711.
1240 1044 1281 1070 Ex
1301 1043 1444 1070 christiano
1470 1043 1580 1070 iudaicis
1604 1045 1774 1071 sacramentis
1797 1044 1891 1072 adtam.
1911 1045 1981 1080 (ser-

1138 1087 1224 1121 vum).
1263 1086 1313 1114 Th.
1334 1086 1364 1113 C.
1385 1086 1427 1113 III.
1449 1089 1472 1113 1.
1493 1097 1514 1113 c.
1534 1089 1558 1113 5.
1578 1087 1610 1113 de
1630 1093 1713 1114 contr.
1734 1092 1793 1114 emt.

1171 1130 1447 1164 Adtemperies.
1492 1131 1805 1164 Temperunzentnm.
1847 1129 1890 1156 111.
1915 1131 1981 1158 Gn·

1138 1173 1175 1201 Vt
1194 1173 1325 1200 iudicibus
1345 1172 1484 1199 immodice
1503 1173 1683 1200 saevientibus
1708 1173 1774 1200 freni
1794 1173 1921 1210 quaedam
1939 1173 1982 1199 ad-

1139 1217 1279 1254 temperies
1299 1216 1414 1243 adhibita
1432 1216 1560 1242 videatur.
1588 1216 1626 1242 lb.
1640 1216 1685 1243 IX.
1705 1218 1730 1243 3.
1751 1227 1772 1243 c.
1785 1218 1810 1243 2.
1831 1216 1863 1243 de
1878 1215 1981 1243 custod.

1139 1270 1205 1287 reor.

1172 1304 1442 1337 Adtemptare‚
1464 1313 1488 1329 v.
1507 1303 1732 1330 Adtentare.
1770 1305 1983 1336 Permutat-e)

1139 1348 1203 1373 Ado
1213 1348 1285 1373 riri.
1326 1346 1344 1373 Ι,
1365 1348 1426 1381 Sy.
1459 1346 1573 1373 Tentare
1598 1346 1795 1383 (pudicitiam).
1826 1345 1857 1373 fr.
1878 1348 1918 1373 15.
1943 1346 1981 1380 §§.

1138 1391 1179 1416 20.
1199 1400 1239 1426 sq.
1260 1389 1292 1416 de
1311 1390 1387 1416 iniur.
1408 1391 1448 1415 47.
1470 1391 1509 1415 10.
1547 1389 1689 1427 Adpetere,
1709 1389 1854 1427 Adspirarc
1873 1389 1906 1416 ad
1924 1389 1983 1423 (mi-

1139 1432 1221 1459 litiam
1241 1433 1316 1466 etc.).
1354 1432 1404 1459 Th.
1425 1432 1456 1459 C.
1476 1431 1543 1459 1111,
1570 1434 1594 1459 4.
1621 1443 1642 1459 e.
1661 1435 1703 1459 21.
1729 1443 1768 1469 sq.
1798 1432 1830 1459 de
1854 1432 1981 1460 cohortal.

1138 1475 1209 1502 Xt'l.
1230 1478 1253 1502 8.
1275 1486 1296 1502 c.
1315 1477 1357 1502 24.
1378 1475 1411 1502 dc
1429 1475 1484 1502 Iud.
1528 1475 1570 1502 III.
1590 1477 1657 1503 Cn.
1686 1475 1821 1513 Adtempt.
1842 1481 1867 1503 et
1885 1486 1982 1503 vexare

1140 1529 1275 1546 annonam.
1295 1518 1325 1546 fr.
1340 1520 1363 1546 6.
1383 1529 1422 1557 pr.
1443 1518 1476 1545 de
1495 1524 1560 1545 extr.
1581 1520 1652 1545 erim.
1671 1520 1712 1545 47.
1728 1521 1768 1546 ll.
1806 1519 1836 1546 Si
1854 1519 1982 1546 honorem

1140 1567 1344 1599 ornamentaque
1363 1561 1513 1600 petulanter
1536 1561 1743 1599 adtemptantem
1762 1562 1901 1596 (servum)
1927 1572 1983 1589 cae-

1140 1606 1241 1633 ciderit.
1267 1605 1297 1632 fr.
1318 1608 1358 1632 15.
1379 1606 1400 1640 ς’.
1420 1607 1461 1632 39.
1487 1605 1519 1632 de
1538 1606 1613 1631 iniur.
1639 1607 1681 1632 47.
1702 1607 1742 1631 10.
1785 1605 1853 1632 Cum
1873 1605 1905 1632 (18
1923 1615 1982 1632 scn—

1140 1651 1220 1676 tentia
1239 1649 1398 1681 indubitata,
1423 1659 1488 1686 quae
1507 1648 1580 1675 nullo
1600 1648 1716 1675 remedio
1735 1648 1864 1675 adtentari
1882 1653 1981 1686 potest,

1139 1693 1300 1729 transigitur.
1330 1691 1360 1718 fr.
1380 1693 1421 1718 23.
1447 1692 1468 1726 ξ.
1490 1694 1512 1718 l.
1538 1691 1569 1718 de
1594 1691 1669 1718 cond.
1689 1691 1776 1718 indcb.
1801 1693 1841 1718 12.
1861 1693 1885 1718 6.
1929 1691 1981 1719 Cui

1139 1736 1188 1767 rei.
1214 1745 1246 1761 ne
1271 1734 1382 1761 ulterius
1406 1734 1569 1763 adtentetur.
1593 1734 1737 1761 remedium
1756 1751 1788 1754 -
1808 1735 1979 1761 offerendum.

1139 1778 1206 1805 Nov.
1227 1778 1276 1804 Th.
1295 1778 1326 1804 11.
1347 1778 1379 1804 (18
1398 1778 1572 1815 patrinmnial.
1592 1778 1611 1804 I.
1630 1779 1654 1804 3.
1675 1788 1696 1804 c.
1716 1780 1740 1804 2.
1754 1788 1793 1815 pr.
1831 1777 1878 1804 Sin
1895 1783 1981 1805 autem

1138 1821 1237 1858 aliquid
1251 1831 1357 1858 quoquo
1371 1821 1458 1849 modo.
1478 1821 1520 1847 vel
1535 1820 1645 1857 quadam
1664 1820 1864 1853 machinatione,
1884 1820 1981 1848 factum

1138 1864 1179 1891 vel
1198 1864 1359 1891 adtentatnm
1378 1864 1464 1891 fuerit.
1485 1875 1506 1890 c.
1526 1866 1549 1890 8.
1570 1863 1602 1890 (18
1621 1864 1719 1901 postul.
1743 1866 1768 1890 2.
1789 1865 1813 1890 6.

1171 1909 1402 1936 Adtendere.
1451 1909 1624 1934 Intendere
1654 1909 1809 1939 animum,
1840 1908 1980 1941 Prospi-

1137 1962 1212 1979 cere.
1249 1950 1292 1977 III.
1313 1952 1378 1979 Gn.
1407 1950 1493 1977 Debet
1513 1949 1592 1976 iudex
1612 1949 1766 1981 adtendere,
1786 1954 1814 1976 ut
1834 1954 1882 1975 etc.
1920 1949 1978 1976 Gai.

1137 1994 1180 2021 lV.
1205 1996 1246 2020 52.
1284 1993 1320 2020 Vt
1343 1993 1482 2020 Praesides
1507 1993 1662 2020 adtendant.
1687 2002 1718 2018 ne
1742 1997 1790 2018 etc.
1822 1991 1852 2018 sr.
1875 1994 1917 2018 25.
1947 1992 1980 2019 de.

1138 2037 1225 2064 testib.
1245 2038 1287 2062 22.
1306 2039 1330 2062 5.
1367 2036 1413 2063 Hi.
1434 2037 1478 2072 qni
1498 2036 1577 2062 rebus
1597 2036 1696 2061 nostris
1716 2035 1874 2062 adtendunt.
1895 2036 1980 2062 scient

1138 2085 1186 2107 etc.
1211 2080 1233 2114 ξ
1254 2081 1277 2106 l.
1297 2078 1315 2105 I.
1336 2078 1368 2105 de.
1388 2089 1417 2104 eo
1439 2080 1479 2105 eui
1499 2078 1585 2105 libert.
1606 2088 1627 2104 c.
1647 2080 1670 2104 3.
1691 2080 1730 2104 11.
1769 2078 1902 2105 Adtendat
1921 2079 1980 2116 ipsc

1138 2123 1222 2159 leges.
1252 2127 1278 2148 et
1305 2132 1357 2148 non
1384 2123 1475 2148 timeat
1503 2127 1552 2148 etc.
1593 2121 1683 2147 Iulian.
1710 2122 1772 2158 cpit.
1798 2131 1857 2148 nov.
1891 2132 1911 2148 c.
1936 2123 1979 2148 22.

1138 2167 1159 2201 ξ.
1179 2167 1220 2192 57.

1172 2208 1405 2236 Adtentatio.
1429 2209 1596 2240 Teutana,
1618 2209 1836 2235 Machinatio.
1856 2207 1979 2236 mvn.

1138 2252 1217 2278 Omni
1231 2252 1359 2278 venientis
1374 2252 1538 2277 extrinsecus
1558 2256 1635 2287 atque
1655 2250 1773 2277 occultae
1792 2249 1977 2277 conductionis

1137 2295 1316 2322 adtentatione
1336 2294 1464 2321 submota.
1503 2293 1552 2320 Th.
1573 2293 1603 2320 C.
1623 2294 1656 2320 Χ,
1676 2295 1700 2320 3.
1721 2304 1742 2320 c.
1762 2295 1785 2319 5.
1806 2293 1838 2319 de
1858 2293 1908 2320 loc.
1928 2295 1978 2320 iur.

1137 2338 1222 2375 emph.
1260 2337 1366 2364 Nullius
1386 2337 1571 2363 adtentationis
1590 2336 1738 2363 molestiam
1761 2337 1901 2363 sustinere.
1938 2336 1976 2363 lb.

1136 2381 1207 2409 XVI.
1226 2383 1250 2407 2.
1272 2391 1292 2407 c.
1312 2382 1354 2407 26.
1376 2380 1407 2407 dc
1427 2381 1507 2417 episc.
1528 2379 1621 2406 eccles.

1171 2425 1346 2451 Adtento.
1368 2423 1480 2456 (Advb.)
1500 2425 1673 2455 Asturam,
1695 2424 1840 2449 Curione.
1860 2421 1976 2450 mon.

1137 2467 1263 2504 Requirat
1282 2466 1393 2493 adtente.
1432 2466 1481 2492 Th.
1502 2466 1532 2492 C.
1552 2466 1571 2492 I.
1592 2468 1631 2493 15.
1652 2476 1673 2492 c.
1693 2466 1716 2492 6.
1737 2464 1854 2499 (wok.)
1879 2464 1912 2491 de
1931 2465 1976 2492 off.

1137 2510 1223 2537 Viear.

1171 2552 1362 2580 Adtenfio·
1399 2553 1547 2579 Intentio
1576 2553 1685 2579 animi.
1727 2551 1769 2578 ΙΙΙ.
1794 2551 1859 2578 Gn.
1889 2550 1978 2577 Vitan-

1138 2596 1185 2623 dae
1204 2600 1278 2627 sunt,
1298 2599 1322 2621 et
1343 2595 1423 2630 magis
1443 2594 1639 2621 adtentionibus
1659 2593 1832 2621 transeundae
1851 2593 1977 2621 humanae

1138 2638 1288 2676 cupiditatis
1307 2637 1454 2664 illecebrae.
1484 2637 1550 2665 Nov.
1565 2638 1697 2665 Maiorian.
1712 2637 1744 2664 de
1757 2638 1919 2664 sanctimon.
1930 2635 1975 2663 IV.

1137 2684 1160 2708 6.
1181 2692 1201 2708 c.
1223 2683 1245 2707 1.
1264 2691 1304 2718 pr.

1171 2725 1369 2752 Adtcrere.
1406 2724 1437 2758 ᾖ.
1458 2725 1493 2751 l·
1525 2726 1715 2756 conterere,
1739 2726 1858 2751 Vtendo
1876 2723 1976 2749 vilio-

1138 2777 1200 2794 rem
1213 2768 1327 2803 faeere
1346 2776 1415 2793 rem.
1453 2766 1494 2793 Ill.
1510 2768 1576 2795 Gn.
1601 2767 1630 2793 Si
1650 2767 1783 2793 aestimata
1802 2767 1862 2797 sint,
1883 2769 1907 2790 et
1921 2775 1976 2791 eam

1138 2810 1192 2843 (sc.
1213 2809 1330 2842 vestem)
1350 2809 1444 2836 mulier
1463 2809 1577 2836 adtrivit.
1606 2809 1636 2836 fr.
1657 2811 1697 2835 10.
1716 2820 1756 2847 pr.
1787 2809 1820 2835 (18
1842 2809 1897 2834 iure.
1921 2807 1974 2834 dot.

1266 2852 1294 2878 Si
1320 2862 1376 2879 cain
1401 2853 1458 2879 sine
1482 2852 1506 2879 d.
1526 2863 1559 2880 m.
1580 2852 1700 2879 adtritam
1723 2851 1873 2879 reddiderit.
1901 2850 1930 2877 fr.
1950 2851 1975 2877 9.

1952 2893 1974 2927 §.
