2197 3121
268 188 328 218 112

303 270 461 302 snpere-
497 268 528 301 §-
548 268 583 294 1.
616 268 770 294 Manibus
798 272 1020 297 contrectare,
1051 265 1132 304 005

266 322 391 347 cnparc.
430 311 447 336 1.
468 312 530 344 Sy.
562 308 777 347 Adprehcndcrc.
813 308 891 336 Manu
915 318 1016 345 capere.
1050 307 1108 333 Gai.
1130 337 1131 341 Ἰ

267 355 285 381 1.
308 356 363 381 119.
386 356 442 379 121.
480 354 626 390 Occupare.
651 352 682 378 fr.
703 354 724 378 1.
745 352 767 386 3.
788 353 810 378 l.
830 351 860 378 fr.
875 353 899 378 3.
918 361 958 388 pr.
978 350 1010 377 de
1030 350 1062 376 A.
1077 349 1108 376 R.
1130 349 1131 353 ¹

268 398 301 424 D.
322 399 362 424 41.
386 399 406 422 1.
443 396 486 422 111.
502 397 567 423 (Ἶι.
587 394 720 427 ΛΜαΙιιιιι,
741 399 854 432 captum,
874 399 1001 426 coactum,
1022 394 1110 420 couci·

268 441 370 467 liatum.
391 449 544 465 aversomve
564 439 622 463 siet.
652 436 693 463 Fr.
714 437 779 473 legis
800 437 936 464 Serviliae.
962 447 983 463 c.
1004 438 1027 463 l.
1057 437 1110 472 Qui

268 494 300 510 ex
320 482 467 519 naufragio.
492 480 533 506 vel
559 479 694 509 incendio,
720 481 823 518 cepisse
849 480 890 506 vel
914 481 941 505 iu
965 479 1006 506 his
1031 479 1110 506 rebus

267 527 353 553 damni
373 525 436 562 quid
456 523 563 550 ‹le—«lisso
583 522 689 549 dicitur.
715 534 735 549 c.
759 526 797 550 1⁸.
818 523 850 549 de
871 523 931 549 furt.
951 524 975 548 6.
993 524 1018 548 2.
1057 522 1111 558 Qui
1131 533 1133 554 3

267 569 298 595 ab
318 568 440 595 hostibus
460 567 606 604 capiuntur.
625 565 667 592 vel
688 566 810 593 hostibus
831 566 970 592 deduntur.
989 565 1020 591 fr.
1034 566 1058 591 4.
1079 564 1111 591 de

268 613 362 649 captiv.
383 613 423 637 49.
447 612 485 636 15.
524 609 553 635 Si
573 610 600 635 in
619 608 690 635 bello
711 603 817 646 captu8‚
837 619 901 646 pace
921 609 986 635 tacta
1006 608 1111 634 domum
1132 605 1133 613 ¹

267 654 368 689 refugit.
403 653 432 679 sr.
452 654 493 679 2³.
519 652 553 678 ib.
578 653 619 679 49.
641 653 680 678 15.
719 652 849 689 Mancipia
874 651 956 683 dicta,
985 651 1056 688 quod
1080 651 1111 677 ab

268 697 390 724 hostibus
411 706 487 722 manu
507 696 651 732 capiantur.
676 695 707 721 fr.
728 697 751 721 4.
773 696 794 729 3.
814 696 838 721 3.
859 694 891 721 de
910 699 980 721 statu
998 694 1068 721 hom.
1089 696 1111 720 1.

267 743 291 767 5.
329 740 404 775 Quae
423 749 455 766 ex
475 738 596 765 hostibus
617 739 762 775 capiuntur.
800 738 856 764 Gai.
877 737 907 764 II.
932 739 974 764 69.
999 737 1043 764 IV.
1072 738 1112 763 16.

267 786 343 819 Quae
363 788 445 813 terra,
469 783 546 808 mari.
572 781 644 807 caelo
671 782 818 818 capiuntur.
848 780 884 807 lb.
905 780 935 806 Il.
956 782 997 807 66.
1017 790 1057 817 sq.
1082 780 1111 806 sr.

269 829 292 853 1.
312 827 333 860 3.
356 828 378 852 l.
398 825 430 852 de
450 825 480 851 Α.
502 835 525 850 v.
545 824 576 850 A.
598 823 627 849 P.
652 825 693 851 41.
713 826 737 850 2.
775 824 804 850 Si
823 825 849 850 in
869 825 910 850 ins
928 828 1018 856 vocat,
1037 824 1064 849 ni
1083 824 1111 850 it.

267 873 423 895 antestator:
451 868 530 904 igitur
549 877 588 893 cm
609 868 704 904 capito.
736 866 765 893 L.
790 866 847 893 XII.
875 866 958 893 Tabb.
984 866 1002 892 l.
1024 868 1046 892 l.
1083 865 1112 892 Si

268 912 386 939 flamines
410 910 501 937 Diales
526 911 726 945 inaugurentur3
751 926 784 929 —
810 911 832 936 si
855 911 970 946 virgines
990 908 1112 935 Vestales

268 956 410 993 capiantur.
440 954 496 979 Gai.
517 953 535 979 1.
558 954 614 978 130.
643 952 704 989 le.
724 952 758 979 X.
778 954 801 979 5.
823 969 855 972 —
880 954 910 986 ξ.
931 954 967 979 2.
997 953 1111 979 Findi-

267 1009 354 1028 ναι-ε,
381 998 529 1032 Auferre.
568 995 611 1022 III.
636 997 701 1024 sn.
731 994 829 1031 Pignus
849 995 990 1033 capiendo.
1016 1004 1112 1032 corpus

268 1039 419 1068 retinendo.
447 1038 571 1065 mulctam
599 1038 720 1065 dicendo.
752 1038 782 1065 sr.
807 1040 830 1065 9.
856 1039 878 1072 3.
899 1040 922 1065 6.
952 1038 984 1065 ad
1012 1037 1042 1064 L.
1063 1037 1110 1063 lul.
1134 1051 1135 1054 ¹

268 1083 352 1122 pecul.
374 1085 415 1109 45.
430 1084 470 1108 13.
502 1081 609 1113 Eorum.
630 1083 674 1118 qui
690 1081 777 1107 debita
792 1081 907 1108 confessi
921 1086 990 1108 sunt.
1004 1082 1112 1118 pignora

268 1128 325 1164 capi
346 1131 369 1152 ct
390 1124 500 1152 distrahi
520 1129 641 1162 possunt.
671 1124 743 1151 Paul.
764 1124 795 1151 V.
823 1127 846 1151 5.
872 1125 903 1151 A.
928 1125 950 1159 3.
971 1127 995 1151 4.
1020 1124 1050 1151 fr.
1072 1126 1112 1150 15.
1133 1139 1135 1149 ι

268 1171 290 1204 3.
305 1172 327 1196 7.
349 1169 381 1195 dc
400 1178 428 1194 re
441 1167 495 1194 iud.
515 1170 556 1194 42.
574 1169 595 1193 1.
626 1167 706 1202 Quod
725 1177 787 1193 vero
809 1178 857 1194 nec
877 1177 943 1194 uxor
962 1177 1009 1193 nec
1029 1177 1113 1193 eman-

268 1213 348 1250 cipati
366 1211 443 1238 liberi
462 1211 597 1248 potuerint
617 1210 763 1242 vindicare.
789 1215 893 1247 captum
918 1215 943 1237 et
962 1211 1113 1247 incorpora·
1134 1227 1135 1243 3

269 1262 324 1282 tum
343 1257 377 1282 ita
397 1254 429 1280 ad
448 1264 489 1280 me
508 1254 598 1280 referri
620 1258 667 1280 etc.
703 1253 752 1280 Th.
773 1252 803 1279 C.
824 1253 868 1280 IX.
888 1255 930 1280 42.
955 1264 976 1280 c.
998 1256 1020 1280 1.
1044 1254 1066 1288 3.
1086 1255 1110 1280 2.
1133 1284 1134 1292 ἵ

269 1299 302 1326 de.
321 1299 382 1324 bon.
402 1307 504 1335 proscr.
542 1297 581 1323 Ex
602 1296 724 1322 omnibus
744 1301 829 1322 autem
848 1297 907 1322 istis
928 1298 1014 1323 causis
1033 1298 1112 1323 certis

268 1342 357 1369 verbis
376 1342 471 1378 pignus
492 1339 650 1377 capiebatur.
677 1339 734 1365 Gai.
755 1338 798 1365 11⁷.
813 1340 855 1366 29.
875 1339 906 1366 cs.
921 1341 962 1366 27.
975 1342 1018 1366 32.
1049 1339 1111 1373 Res.
1133 1358 1134 1375 χ

269 1396 336 1422 quae
354 1384 473 1422 pignoris
493 1385 549 1409 iure
569 1387 659 1419 captae
678 1387 747 1408 suut.
768 1382 799 1408 fr.
816 1384 854 1408 15.
875 1382 896 1416 3.
917 1384 940 1408 4.
961 1382 994 1409 de
1012 1393 1040 1409 re
1059 1383 1111 1409 iud.
1133 1393 1135 1425 ἲ

268 1430 310 1455 42.
332 1431 353 1454 1.
375 1443 406 1447 ——
427 1427 457 1461 ξ.
479 1428 516 1453 3.
546 1428 727 1460 :idquit-ere
751 1435 818 1451 cum
837 1427 976 1462 effectu.
1014 1428 1113 1453 Bono·
1134 1431 1135 1434 ’

267 1482 335 1499 rum
360 1480 488 1498 anorum
508 1471 637 1506 farere,
660 1471 753 1503 pleno
778 1471 951 1495 ᾱιιηιιιιιιιι
976 1471 1056 1496 iure.
1092 1469 1111 1496 1.
1133 1454 1134 1471 ¹

269 1516 331 1549 Sy.
368 1513 515 1550 percipere.
549 1512 579 1538 sr.
602 1513 641 1538 11.
662 1522 702 1548 sq.
727 1511 759 1537 de
779 1511 847 1537 alim.
867 1521 891 1537 v.
913 1511 991 1538 cibar.
1021 1513 1063 1538 34.
1089 1514 1111 1538 1.
1133 1540 1134 1548 ἵ

269 1558 290 1591 ς,
310 1560 334 1583 ·.›.
355 1556 373 1583 1.
394 1556 426 1582 ὼ·
446 1556 475 1582 Β.
496 1555 523 1582 ι».
543 1557 567 1581 3.
587 1557 610 1581 9.
648 1555 786 1592 Accipere.
815 1554 877 1591 ηρ.
896 1554 955 1580 xv.
977 1556 999 1581 1.
1024 1554 1109 1582 vatic.
1133 1549 1134 1552 ’

270 1600 307 1634 33.
327 1601 387 1625 307.
407 1600 465 1625 309.
492 1599 521 1625 i'r.
544 1600 565 1624 1.
587 1608 624 1635 pr.
645 1598 666 1632 ξ.
681 1599 704 1623 4.
726 1597 756 1623 sr.
772 1600 796 1623 2.
817 1597 849 1623 de
869 1597 979 1623 calumn.
999 1599 1023 1624 3.
1037 1599 1061 1624 6.
1081 1598 1111 1624 fr.
1134 1603 1135 1619 ἲ

268 1645 310 1669 20.
331 1642 368 1676 33.
389 1643 411 1668 4.
433 1652 472 1678 sq.
493 1641 526 1667 de
545 1641 576 1667 A.
597 1651 620 1667 v.
642 1641 674 1667 Ο.
694 1640 725 1666 11.
745 1642 786 1667 29.
806 1642 830 1666 2.
851 1640 881 1666 sr.
898 1642 937 1666 13.
958 1640 988 1666 fr.
1006 1643 1061 1667 115.
1072 1652 1112 1678 pr.
1134 1651 1135 1678 j

269 1686 291 1720 3.
314 1687 334 1711 1.
356 1685 388 1711 de.
408 1684 438 1711 R.
453 1684 471 1710 l.
493 1686 533 1710 50.
550 1686 589 1710 17.
628 1684 680 1719 Qui
701 1683 778 1709 heres
797 1684 908 1710 institui.
929 1688 954 1709 et
973 1685 1014 1710 cui
1034 1683 1112 1720 legari
1134 1688 1135 1715 l

270 1733 368 1766 potest.
407 1727 459 1763 Qui
481 1726 563 1763 legata
582 1726 797 1762 hereditatcsquc
817 1736 910 1763 capere
929 1731 1026 1763 potest.
1054 1727 1110 1753 Gai.

269 1771 299 1798 11.
319 1772 378 1797 2³36.
398 1781 438 1807 sq.
475 1770 518 1796 111.
540 1771 605 1797 Cn·
636 1769 748 1805 Quoties
775 1769 808 1795 dc
832 1770 887 1795 iure
913 1770 1046 1807 capiendi,
1070 1770 1111 1797 vel

270 1814 303 1840 dc
322 1815 377 1840 iure
396 1813 513 1839 dominii.
532 1812 575 1839 vel
595 1813 627 1839 de.
647 1813 733 1849 aliqua
753 1822 830 1839 causa
845 1812 932 1839 simili.
953 1823 980 1839 rc
1000 1823 1112 1839 numma-
1134 1807 1135 1810 Ἴ

270 1858 306 1884 ria
331 1861 476 1893 quaeratur.
508 1857 537 1882 fr.
558 1859 581 1882 2.
602 1857 623 1890 3.
643 1858 667 1882 2.
693 1856 725 1882 de
745 1857 800 1882 iure
820 1856 885 1881 fisci.
910 1857 951 1882 49.
973 1857 1012 1882 14.
1050 1856 1113 1882 Vbi-

272 1910 374 1936 cunque
394 1899 449 1925 lex.
473 1898 515 1924 w}
535 1899 662 1925 Senatus,
688 1898 730 1924 vcl
756 1899 909 1924 constitutio
930 1909 1022 1935 capere
1040 1899 1113 1926 here-

271 1942 379 1969 ditatem
399 1941 530 1979 prohibet.
557 1941 587 1967 fr.
610 1943 649 1967 12.
670 1941 691 1974 3.
714 1943 734 1967 l.
760 1941 792 1967 de
812 1941 841 1967 B.
863 1941 890 1967 1).
909 1943 951 1967 37.
973 1944 994 1967 1.
1022 1942 1051 1968 fr.
1070 1944 1111 1968 35.

271 1996 310 2023 pr.
331 1985 363 2011 de
383 1995 415 2011 ιιι.
437 1993 464 2011 c:
479 1985 565 2011 donat.
585 1986 627 2010 39.
645 1986 669 2010 6.
707 1983 736 2010 Si
757 1985 815 2020 quis
835 1984 949 2010 solidum
968 1995 982 2010 a
1000 1984 1056 2020 lege
1075 1996 1113 2011 ca—

271 2039 334 2065 pere
355 2038 407 2054 non
427 2028 521 2064 possit.
543 2027 572 2053 l'r.
589 2029 629 2053 72.
650 2027 681 2053 de
702 2027 790 2053 hei-vd.
805 2029 865 2053 inst.
885 2030 926 2053 28.
941 2029 964 2053 5.
1002 2027 1113 2063 Cognati
1134 2027 1135 2030 ¹

273 2072 481 2098 manumissoris.
503 2070 598 2107 quihus
617 2080 664 2107 per
683 2069 765 2105 legem
786 2070 888 2096 Furiam
908 2070 968 2107 plus
987 2069 1020 2096 M.
1040 2081 1113 2097 asses

273 2125 365 2151 capere
391 2114 459 2140 licet.
495 2113 555 2150 111).
580 2112 700 2139 XXYIH.
726 2115 748 2139 7.
781 2112 811 2139 rs.
837 2113 854 2140 1.
875 2116 899 2139 2.
929 2113 985 2140 Gai.
1006 2113 1035 2140 11.
1054 2116 1112 2140 225.
1134 2119 1135 2125 ¹

272 2167 313 2193 sq.
352 2156 432 2192 Quod
451 2156 563 2193 amplius
582 2167 630 2193 per
648 2156 732 2192 legem
752 2156 895 2195 Falcidiam¹
913 2158 1018 2193 ceperit.
1039 2156 1069 2183 [Γ.
1089 2160 1112 2183 8.

272 2200 294 2234 3.
316 2201 338 2225 4.
370 2201 420 2234 Qu.
442 2199 532 2225 satisd.
559 2210 613 2235 cog.
638 2202 662 2225 2.
682 2203 706 2225 ὃ.
737 2199 766 2225 sr.
789 2202 810 2225 1.
836 2200 857 2233 3
879 2201 918 2226 12.
943 2199 975 2225 ad
994 2199 1023 2226 L.
1043 2199 1112 2226 Falc.
1134 2195 1136 2222 s

272 2244 314 2269 35.
334 2245 358 2268 2.

274 2286 348 2312 cuius
369 2285 487 2321 capiendi
508 2286 611 2311 occasio
637 2285 756 2315 obvenit}
784 2287 902 2323 exceptis
927 2285 968 2312 his
994 2286 1112 2323 capiendi

397 2242 487 2268 Mortis
507 2253 583 2268 causa
603 2243 717 2279 capitur.
738 2252 795 2268 cum
815 2248 923 2280 propter
941 2248 1050 2269 mortem
1070 2242 1114 2269 ali·
1134 2234 1136 2252 s

274 2329 379 2363 tiguriS.
405 2337 470 2363 quau·
496 2329 603 2364 proprio
629 2329 733 2354 nomine
759 2328 931 2365 adpellautur.
963 2328 992 2355 sr.
1011 2331 1053 2355 31.
1073 2339 1111 2365 pr.
1134 2332 1135 2351 ἓ

274 2370 306 2397 de
326 2381 358 2396 m.
380 2381 401 2396 c.
422 2370 508 2396 dunat.
535 2373 576 2396 39.
596 2372 619 2396 6.
658 2371 703 2397 Eis
727 2372 849 2397 omnibus
873 2372 940 2398 inter
959 2382 988 2397 se
1007 2372 1111 2401 donare.
1134 2366 1135 2380 ¹

275 2424 367 2450 capere.
388 2412 473 2439 liceto.
503 2411 585 2438 Vatic.
607 2414 627 2446 3.
648 2416 706 2440 298.
737 2414 767 2440 cs.
789 2414 810 2448 3.
830 2416 889 2440 259.
932 2414 982 2441 Per
1000 2415 1113 2441 vindica·
1134 2397 1135 2432 1

276 2457 372 2482 tionem
393 2455 434 2482 his
453 2455 540 2481 verbis
561 2455 687 2489 legamus:
718 2457 758 2482 Do
784 2456 856 2491 lugu.
882 2459 982 2494 capito,
1008 2459 1112 2490 sumito,
1134 2486 1135 2496 ἵ

277 2499 327 2524 sibi
349 2498 451 2525 habeto.
480 2497 541 2535 le.
560 2497 657 2524 Lux.
677 2500 700 2524 3
726 2500 782 2526 Gai.
803 2499 832 2526 11.
856 2502 912 2526 193.
931 2503 990 2527 221.
1022 2500 1113 2527 Testa·
1134 2510 1136 2550 k

276 2546 390 2567 mentum
411 2541 494 2567 facere
513 2551 605 2578 posse.
631 2546 655 2567 et
682 2552 713 2567 ex
734 2547 889 2569 testamento
909 2554 1010 2580 capere.
1040 2543 1112 2570 Paul.
1134 2551 1136 2571 t

277 2583 318 2609 111.
340 2586 361 2609 4.
382 2585 412 2610 A.
432 2584 454 2618 3.
469 2586 491 2611 9.
530 2583 565 2610 Vt
584 2583 614 2610 ab
635 2594 674 2615 eu,
696 2585 768 2611 cuius
788 2587 813 2611 in
834 2587 962 2623 mancipio
983 2591 1052 2618 sunt,
1071 2597 1113 2613 ne-
1134 2574 1135 2615 l

276 2636 327 2662 que
346 2626 516 2653 hereditatem
536 2638 620 2664 neque
641 2627 723 2663 legata
741 2627 815 2654 aliter
835 2639 927 2665 capere
941 2630 1045 2666 possint
1063 2634 1112 2655 etc.
1134 2619 1136 2649 l

276 2669 333 2695 (1³1.
354 2668 370 2694 1.
394 2671 448 2695 12³3.
470 2670 500 2696 vs.
515 2672 555 2696 23.
571 2681 610 2707 sq.
631 2670 660 2697 11.
678 2672 734 2696 ιιι»,
749 2681 788 2706 sq.
802 2672 860 2697 ’.τῇ
875 2673 933 2698 286,
954 2671 1015 2709 ΠΡ.
1029 2672 1111 2698 XXII.
1134 2663 1135 2705 I

275 2712 299 2737 3.
319 2712 342 2737 8.
369 2711 452 2737 xxi.
474 2714 495 2738 Τ.
534 2714 586 2748 Qui
607 2718 790 2740 testamentum
810 2712 932 2742 facin-bat.
952 2716 987 2746 ei.
1008 2716 1052 2751 qui
1072 2725 1113 2741 us-

276 2764 326 2790 que
346 2753 376 2779 atl
397 2759 495 2780 certum
514 2756 619 2782 mudum
640 2766 732 2793 capere
751 2760 880 2793 potuerat.
901 2756 995 2791 legavit
1016 2757 1111 2784 licitam

276 2797 454 2833 quantitatem.
480 2797 508 2823 l'r.
528 2800 569 2824 27.
591 2799 623 2825 tle
642 2799 743 2836 probat.
762 2800 803 2825 22.
823 2800 847 2825 3.
885 2798 965 2834 Quod
984 2801 1042 2835 quis
1061 2800 1111 2826 sibi
1133 2803 1135 2833 l

277 2844 431 2865 testamento
457 2839 586 2866 relictum.
613 2842 646 2867 ita
673 2846 699 2867 ut
725 2843 780 2867 iure
803 2841 873 2868 civili
898 2852 990 2878 capere
1017 2844 1111 2879 possit.
1133 2836 1134 2883 l

1134 723 1135 727 Ἰ
1157 694 1214 730 capi
1234 703 1322 731 posse.
1343 693 1374 720 fr.
1393 696 1434 720 26.
1456 693 1489 720 de
1507 694 1539 720 A.
1558 704 1582 720 V.
1602 694 1634 720 A.
1649 693 1676 721 P.
1696 697 1737 721 41.
1751 697 1776 721 2.

1135 2288 1180 2313 Ὶ4.
1202 2287 1225 2312 4.

1134 2460 1135 2483 ἰ
1158 2459 1281 2494 municip.
1301 2460 1342 2484 50.
1365 2459 1386 2483 1.
1416 2467 1437 2483 r.
1456 2458 1480 2482 3.
1510 2456 1562 2491 Qui
1587 2455 1648 2481 dare
1672 2460 1718 2481 tut.
1745 2457 1768 2481 5.
1791 2456 1833 2481 34.

1087 181 1178 214 cu).

1155 263 1242 301 aliqua
1261 273 1294 290 ex
1315 273 1392 290 causa
1416 273 1469 291 nou
1489 266 1595 303 ceperit.
1624 264 1688 303 le.
1707 265 1791 293 XHI.
1811 268 1834 293 1.
1857 266 1952 294 XVIII.
1973 269 1995 294 1.

1154 308 1208 343 Qui
1232 308 1337 333 tacitam
1361 306 1441 333 tidem
1467 308 1724 341 accommodaverat,
1750 314 1779 335 ut
1802 319 1855 336 non
1883 311 1996 347 capienti

1155 355 1255 387 partem
1275 366 1307 369 -
1327 349 1408 376 daret.
1439 349 1470 376 fr.
1489 352 1530 377 43.
1549 351 1571 385 3.
1592 353 1616 378 3.
1642 351 1675 378 de
1694 351 1764 388 vulg.
1784 357 1810 378 et
1828 362 1891 389 pup.
1909 354 1952 379 28.
1972 354 1996 379 6.

1154 393 1184 419 fr.
1205 394 1228 419 Τ.
1249 392 1281 419 (lc
1301 391 1377 418 cond.
1397 392 1458 419 inst.
1478 394 1520 419 28.
1540 395 1563 420 7.
1583 394 1743 429 sr.59.3.1.
1763 394 1795 421 ad
1814 394 1845 421 L.
1865 394 1934 422 Falc.
1953 397 1996 422 35.

1153 438 1177 463 2.
1216 435 1256 462 Ne
1280 436 1339 472 quis
1363 434 1517 462 Praesidum
1540 446 1648 465 munus.
1678 437 1776 464 donum
1802 442 1920 475 caperet,
1946 438 1997 464 nisi

1131 483 1133 500 2
1155 483 1203 505 etc.
1235 478 1264 505 fr.
1290 480 1331 505 18.
1356 478 1388 504 de
1413 479 1456 505 off.
1476 478 1564 506 Praes.
1590 481 1612 506 1.
1634 481 1674 506 18.
1704 480 1734 507 sr.
1755 482 1778 507 6.
1803 481 1826 514 3.
1845 482 1870 506 3.
1895 479 1928 506 de
1953 480 1997 507 off.

1155 521 1230 548 Proc.
1250 526 1276 547 et
1294 520 1356 557 Leg.
1382 523 1404 547 1.
1426 523 1466 548 16.
1509 521 1608 557 Quive,
1632 523 1665 549 ob
1691 528 1767 561 caput
1793 524 1859 550 civis
1882 522 1914 549 R.
1933 522 1999 550 refe-

1132 570 1133 604 }
1155 563 1280 591 rumlum.
1300 566 1450 601 pecuniam.
1469 566 1625 601 praemium,
1645 566 1750 593 aliudve
1769 566 1841 603 quid,
1861 566 1939 603 cepit,
1959 576 1999 592 ce-

1155 608 1232 644 perit.
1270 606 1335 633 Tab.
1356 607 1458 634 Heracl.
1480 607 1524 633 lin.
1543 610 1585 634 48.
1610 619 1660 635 aer.
1680 609 1762 647 Neap.
1799 610 1834 636 Et
1855 609 1998 646 possideri,

1156 655 1181 677 et
1199 660 1248 687 per
1266 649 1370 686 longam
1388 651 1589 687 possessionem
1609 653 1674 689 capi.
1702 668 1735 671 —
1764 653 1822 679 Nec
1841 651 1924 683 tradi,
1949 662 1998 678 nec

1808 694 1859 721 Per
1871 694 1999 721 diutinam

1156 737 1355 773 possessionem
1379 746 1480 774 capere.
1513 736 1544 763 sr.
1568 738 1610 763 36.
1640 737 1674 763 ib.
1699 739 1740 764 41.
1764 740 1788 764 2.
1831 737 1999 764 possidendo

1157 779 1301 806 dominium
1321 789 1376 816 cap.
1402 779 1432 805 sr.
1452 780 1494 805 44.
1514 779 1580 813 3.1.
1600 779 1633 806 de
1653 779 1737 806 damn.
1756 780 1801 807 inf.
1821 782 1862 807 39.
1877 783 1901 807 2.
1933 780 1999 818 Cap.

1157 832 1213 849 usu.
1245 822 1288 849 Cf.
1307 833 1331 848 v.
1352 822 1510 859 Vsucaperc.
1531 837 1562 842 —
1592 823 1622 856 §-
1643 824 1682 850 4.
1713 825 1885 858 C'ouseqni,
1906 825 2000 850 Acci.

1155 876 1235 900 pere.
1273 865 1292 891 1.
1316 866 1378 900 Sy.
1410 864 1518 892 Lucrari
1543 866 1687 902 (partem).
1725 865 1790 904 Cap.
1818 866 1950 899 (lucrum,
1974 876 1998 892 v.

1157 908 1222 934 lucri
1242 909 1363 945 partem).
1393 907 1450 934 Gai.
1470 908 1512 934 111.
1534 910 1590 935 149.
1628 908 1768 946 Percipere
1787 909 1954 942 (mercedem.
1974 918 1999 935 v.

1157 951 1271 978 fructum
1295 951 1371 984 etc.).
1406 950 1443 977 Ib.
1468 950 1512 977 111.
1532 953 1591 978 206.
1623 952 1653 978 fr.
1673 954 1714 978 31.
1740 951 1773 978 de
1791 951 1824 978 V.
1844 952 1871 979 S.
1895 954 1937 978 50.
1958 953 1999 978 16.

1158 994 1288 1031 Accipere
1314 993 1458 1027 (iudicem.
1482 1005 1506 1020 v.
1527 994 1725 1027 fideiussores).
1755 994 1812 1021 Gai.
1831 994 1876 1022 IV.
1897 997 1937 1021 15.
1958 997 1998 1022 15.

1158 1037 1187 1063 sr.
1208 1039 1249 1063 41.
1275 1037 1306 1063 fr.
1326 1038 1368 1063 44.
1394 1036 1426 1063 de
1445 1037 1563 1064 fideiuss.
1588 1039 1630 1064 46.
1651 1040 1673 1064 l.
1710 1037 1833 1075 Adipisci
1851 1039 2000 1074 (magistra-

1133 1086 1134 1103 ἰ
1156 1085 1211 1106 tum
1231 1080 1302 1113 etc.).
1323 1079 1353 1106 fr.
1373 1081 1397 1106 6.
1417 1090 1457 1117 pr.
1477 1080 1509 1106 de
1528 1091 1597 1107 mun.
1618 1086 1643 1107 et
1663 1080 1723 1107 hon.
1743 1083 1785 1106 50.
1805 1082 1828 1107 4.
1866 1080 1908 1107 Ill.
1933 1081 2000 1109 Gn·

1157 1122 1197 1149 Ne
1223 1124 1282 1159 quis
1308 1133 1397 1149 eorum
1421 1139 1454 1142 —
1477 1124 1657 1160 magistratum
1684 1125 1782 1161 petito,
1809 1134 1875 1150 neve
1900 1124 2000 1161 capito,

1158 1176 1223 1192 neve
1247 1167 1344 1202 gerim,
1369 1176 1435 1192 neve
1458 1165 1568 1198 habeto.
1593 1177 1659 1194 neve
1682 1167 1719 1193 ibi
1746 1171 1853 1193 senator
1876 1183 1909 1186 —
1934 1172 1999 1194 esto.

1157 1208 1222 1235 Tab.
1244 1208 1346 1235 liei-acl.
1365 1209 1410 1235 lin.
1437 1211 1478 1236 21.
1503 1220 1542 1246 sq.
1573 1219 1623 1236 aer.
1643 1209 1726 1247 Neap.
1771 1209 1919 1247 Municipes
1939 1209 2000 1241 dici,

1158 1251 1229 1288 quod
1248 1262 1355 1278 munera
1375 1252 1462 1279 civilia
1483 1254 1593 1289 capiant.
1624 1252 1655 1279 fr.
1676 1255 1716 1279 15.
1741 1252 1774 1279 de
1793 1251 1825 1279 V.
1846 1252 1873 1279 S.
1896 1255 1938 1279 5⁰.
1959 1254 1999 1280 16.

1134 1321 1135 1324 ,
1156 1295 1291 1322 Dii-cctam
1314 1295 1463 1322 libertatem
1486 1296 1542 1322 iure
1570 1295 1678 1322 militiae
1702 1296 1813 1333 cepisse.
1844 1294 1875 1321 fr.
1901 1296 1942 1322 49.
1967 1295 2000 1323 de

1156 1348 1267 1365 manum.
1289 1343 1390 1365 testam.
1410 1340 1451 1365 40.
1466 1340 1490 1364 4.
1519 1338 1559 1365 Ex
1574 1338 1670 1375 quibus
1689 1338 1801 1375 vectigal
1819 1338 1902 1365 fiscus
1921 1339 1999 1375 capit.

1157 1382 1187 1409 fr.
1209 1383 1248 1408 17.
1273 1382 1339 1416 3.1.
1367 1381 1399 1408 de
1418 1381 1450 1408 V.
1471 1380 1498 1407 S.
1522 1383 1563 1408 50.
1585 1383 1624 1408 16.
1665 1381 1782 1408 Mutuam
1800 1382 1938 1418 pecunIam
1958 1381 2001 1408 de-

1158 1425 1209 1457 dit,
1231 1430 1256 1451 et
1275 1434 1368 1451 usuras
1388 1435 1492 1462 semper
1512 1426 1595 1461 cepit.
1615 1429 1641 1451 et
1659 1425 1832 1451 instrumenta
1851 1424 2001 1452 debitorum

1157 1484 1188 1487 ——
1209 1469 1316 1504 recepit.
1346 1467 1377 1494 sr.
1397 1469 1439 1494 35.
1459 1468 1481 1502 3.
1501 1469 1525 1494 2.
1551 1467 1583 1494 de
1603 1467 1690 1494 donat..
1714 1469 1756 1494 39.
1777 1469 1800 1494 5.
1837 1467 1879 1494 Ex
1903 1468 2000 1505 quibus

1157 1512 1225 1547 agris
1244 1510 1379 1548 paterfam.
1399 1510 1500 1537 fructus
1520 1516 1633 1548 caperet,
1653 1510 1750 1547 quibus
1769 1520 1798 1537 se.
1816 1510 1949 1538 toleraret.
1968 1510 2000 1538 fr.

1134 1562 1135 1574 ³
1156 1557 1215 1581 203.
1236 1554 1268 1581 (le
1287 1553 1319 1580 Y.
1341 1554 1368 1580 S.
1388 1556 1430 1580 50.
1451 1555 1492 1580 16.
1530 1553 1626 1580 Postea
1645 1558 1736 1591 captos
1755 1553 1866 1586 fructus,
1885 1559 2000 1591 partum-

1158 1609 1208 1635 que
1229 1597 1341 1624 editum.
1361 1598 1465 1624 restitui
1485 1602 1617 1634 oportere.
1637 1596 1668 1623 fr.
1686 1598 1711 1624 2.
1731 1596 1763 1623 fr.
1776 1599 1800 1623 4.
1814 1607 1854 1634 pr.
1875 1597 1907 1624 de
1926 1607 1998 1624 usur.

1156 1644 1236 1668 221.
1258 1657 1290 1660 —
1309 1642 1340 1674 ξ.
1356 1642 1393 1667 5.
1415 1642 1543 1671 Subito,
1564 1642 1739 1674 Excipere,
1760 1641 1848 1666 Pati.
1885 1639 1916 1666 II.
1931 1641 1999 1674 Op.

1158 1685 1260 1722 Capere.
1280 1683 1450 1710 intellectum.
1471 1699 1504 1702 -
1524 1682 1611 1720 Captu
1631 1693 1726 1709 carere.
1755 1682 1828 1709 Paul.
1842 1681 1873 1709 V.
1894 1684 1917 1708 4.
1937 1682 1959 1716 3.
1974 1684 1998 1709 2.

1158 1728 1186 1754 fr.
1209 1730 1230 1754 l.
1255 1728 1277 1761 3.
1299 1728 1323 1752 3.
1349 1726 1382 1752 de
1405 1726 1436 1752 A.
1456 1736 1480 1752 v.
1500 1726 1532 1753 A.
1552 1726 1581 1752 P.
1606 1728 1647 1752 41.
1666 1728 1690 1752 2.
1732 1725 1775 1752 Ill.
1799 1727 1865 1753 Cn·
1900 1724 1929 1751 Si
1953 1735 2000 1751 vas

1157 1770 1264 1807 aliquod
1283 1769 1347 1796 mihi
1366 1768 1526 1796 vendideris.
1547 1774 1572 1795 et
1591 1769 1703 1795 dixeris:
1723 1773 1838 1801 ..certam
1852 1778 2001 1795 mensuram

1157 1824 1263 1851 capere.
1283 1812 1325 1839 vel
1346 1816 1445 1838 certum
1464 1812 1569 1849 pondus
1589 1811 1716 1838 habere:-
1736 1812 1766 1838 fr.
1786 1813 1810 1838 6.
1830 1812 1851 1846 3.
1870 1813 1895 1838 4.
1915 1811 1957 1850 de*
1966 1811 1998 1838 A.

1156 1858 1186 1884 E.
1207 1856 1238 1883 Y.
1261 1858 1301 1882 19.
1323 1857 1345 1881 1.
1384 1855 1534 1881 Dummodo
1555 1856 1611 1881 eius
1631 1856 1722 1881 aetatis
1741 1856 1784 1887 sit.
1804 1859 1833 1881 ut
1851 1853 1942 1881 dolum
1961 1864 2000 1880 ca-

1134 1934 1135 1938 *
1157 1901 1219 1938 piat.
1239 1899 1269 1926 fr.
1292 1901 1331 1925 15.
1356 1898 1389 1925 de.
1413 1898 1515 1925 liberali
1535 1910 1556 1925 c.
1586 1900 1627 1924 40.
1649 1900 1688 1924 12.
1721 1897 1753 1925 cs.
1778 1897 1807 1924 fr.
1827 1898 1851 1923 3.
1876 1897 1898 1931 3.
1917 1898 1942 1922 2.
1967 1895 1999 1922 de

1157 1943 1247 1969 tribut.
1267 1947 1316 1968 act..
1338 1944 1377 1968 14.
1397 1943 1421 1968 4.
1460 1942 1535 1977 Quae
1559 1952 1649 1967 omnes
1674 1942 1729 1974 (sc.
1750 1939 1937 1976 exceptiones)
1956 1938 1999 1965 vel

1134 1973 1135 2015 l
1158 1997 1189 2013 ex
1209 1986 1324 2021 legibus.
1345 1984 1386 2011 vcl
1407 1995 1439 2011 ex
1458 1984 1499 2011 his
1521 1995 1587 2021 quae
1606 1983 1670 2019 legis
1688 1984 1772 2009 vicem
1790 1982 1919 2008 obtinent.
1939 1981 1999 2007 sub-

1158 2030 1279 2055 stantiam
1299 2029 1412 2064 capiunt.
1437 2027 1494 2054 Gai.
1508 2027 1552 2053 IV.
1569 2029 1625 2052 118.
1663 2026 1766 2052 Omnia.
1787 2035 1852 2061 quae
1871 2035 1903 2051 ex
1921 2029 1999 2051 testa-

1157 2076 1245 2098 mento
1269 2071 1487 2108 proficiscuntur.
1516 2072 1551 2096 ita
1575 2075 1670 2096 statum
1695 2073 1804 2095 eventus
1829 2069 1948 2105 capiunt,
1976 2068 1999 2094 si

1158 2115 1259 2140 initium
1280 2123 1385 2150 quoque
1405 2114 1461 2139 sine
1480 2114 1545 2139 vitio
1565 2114 1690 2150 ceperint.
1720 2111 1750 2138 fr.
1769 2113 1828 2137 2301.
1854 2111 1886 2137 cf.
1906 2110 1936 2137 fr.
1956 2111 1998 2137 85.

1157 2158 1178 2192 3.
1202 2160 1223 2183 l.
1244 2157 1275 2183 d·-
1294 2156 1326 2182 11.
1346 2155 1364 2182 I.
1389 2158 1430 2183 50.
1452 2158 1492 2182 17.
1534 2156 1580 2182 Est
1603 2157 1658 2181 eius
1682 2156 1718 2181 rei
1738 2154 1886 2191 exemplum
1906 2163 1999 2190 capere

1159 2211 1189 2227 ex
1211 2200 1357 2236 (rescripto
1378 2199 1411 2226 1).
1431 2199 1492 2231 Ρ11).
1513 2199 1542 2225 sr.
1566 2201 1603 2225 ll.
1623 2199 1645 2232 3.
1665 2200 1689 2224 2.
1709 2197 1741 2223 ad
1761 2197 1788 2224 S.
1809 2197 1840 2224 C.
1862 2196 1941 2223 Treb.
1955 2197 1997 2223 36.

1159 2246 1180 2270 1.
1218 2243 1271 2269 Res
1291 2252 1339 2268 nec
1359 2244 1427 2279 capit
1447 2243 1649 2268 restitutionem.
1674 2241 1702 2267 sr.
1722 2242 1746 2267 9.
1767 2241 1788 2274 3
1808 2242 1832 2266 4.
1853 2239 1884 2266 do
1903 2240 1996 2266 minor.

1271 2286 1299 2311 Si
1327 2295 1405 2311 servo
1433 2286 1522 2311 occiso
1551 2284 1611 2322 plus
1639 2284 1761 2310 dominus
1790 2284 1875 2320 capiat
1902 2282 1997 2311 damni.

1158 2339 1234 2366 quam
1254 2329 1367 2365 pretium
1386 2329 1463 2354 servi.
1497 2329 1553 2355 Gai.
1574 2327 1616 2353 111.
1635 2329 1694 2353 212.
1719 2343 1752 2346 —
1781 2327 1811 2359 §-
1832 2327 1870 2353 6.
1902 2327 1997 2360 Capi,

1158 2382 1220 2409 pro:
1252 2373 1386 2397 Orburi.
1412 2372 1573 2397 vestitui.
1610 2370 1627 2396 1.
1650 2373 1710 2404 Sy.
1739 2369 1870 2396 orbatus.
1895 2367 1997 2404 Captus

1158 2415 1344 2449 (luminibus).
1365 2414 1395 2440 fr.
1417 2416 1439 2440 1.
1459 2414 1480 2447 3.
1500 2415 1523 2439 5.
1544 2412 1576 2439 (lc
1596 2412 1692 2449 postul.
1712 2414 1736 2438 3.
1758 2413 1780 2438 1.
1799 2411 1829 2438 fr.
1852 2412 1890 2437 17.
1910 2420 1949 2447 pr.
1965 2410 1998 2437 ad

1878 2453 1996 2490 Compos

1158 2511 1209 2526 non
1230 2510 1288 2526 csse
1308 2500 1436 2533 (mentis).
1473 2499 1575 2536 Captus
1595 2508 1654 2525 csse
1673 2497 1801 2531 (mente).
1821 2507 1842 2523 c.
1861 2499 1885 2523 2.
1905 2507 1944 2533 sq.
1964 2496 1997 2523 de

1157 2554 1210 2570 cur.
1236 2543 1285 2570 sur.
1309 2545 1332 2569 5.
1354 2544 1393 2568 70.
1423 2541 1454 2568 cf.
1475 2542 1505 2568 fr.
1527 2543 1566 2567 17.
1599 2542 1650 2577 Qu.
1671 2546 1773 2567 testam.
1794 2539 1841 2566 sac.
1861 2550 1886 2576 p.
1909 2541 1952 2565 28.
1973 2540 1994 2564 1.

1157 2603 1188 2606 -
1210 2587 1240 2619 §-
1262 2587 1293 2613 7.
1320 2586 1415 2619 Capi,
1435 2594 1496 2621 pro:
1518 2586 1697 2619 Implicari.
1729 2583 1771 2610 111.
1787 2584 1851 2610 Cn.
1873 2582 1995 2619 Captum-

1157 2639 1207 2665 que
1227 2638 1313 2655 amore
1332 2628 1449 2663 virginis,
1470 2638 1545 2654 omne
1565 2627 1603 2654 sas
1622 2638 1651 2653 ac
1670 2626 1742 2653 nefas
1761 2627 1906 2653 miscuisse.
1926 2623 1957 2650 fr.
1969 2626 1993 2650 2.

1158 2673 1178 2706 3.
1200 2673 1241 2698 24.
1262 2671 1294 2698 de
1314 2672 1346 2697 0.
1367 2670 1385 2696 1.
1408 2672 1429 2696 l.
1448 2672 1471 2696 2.
1502 2669 1652 2706 fungantur
1671 2669 1766 2696 officiis
1787 2668 1941 2698 curialibus,
1965 2678 1994 2693 ac

1156 2714 1352 2751 umnicipalium
1370 2723 1506 2740 munerum
1527 2723 1587 2739 cura
1608 2728 1639 2732 —-
1659 2713 1802 2749 capiantur.
1822 2710 1871 2737 Th.
1886 2710 1916 2736 C.
1936 2710 1994 2737 ΧΠ.

1158 2760 1180 2784 1,
1200 2767 1221 2784 c.
1241 2759 1282 2783 42.
1303 2767 1342 2793 pr.
1362 2756 1394 2782 dc
1414 2756 1546 2782 decurion.
1567 2771 1599 2775 ——
1618 2755 1649 2788 ᾖ.
1670 2756 1706 2782 S.
1738 2755 1834 2788 Capi,
1852 2762 1913 2789 pro:
1934 2754 1994 2779 De-

1155 2802 1236 2834 cipi,
1266 2801 1446 2826 Frandari.
1484 2798 1526 2825 111.
1554 2800 1619 2826 Cn·
1650 2797 1683 2823 Et
1707 2798 1729 2823 si
1754 2795 1816 2833 quid
1839 2795 1901 2821 dolo
1925 2795 1994 2821 malo

1156 2843 1254 2870 domiui
1275 2847 1367 2879 captus
1387 2841 1574 2877 sraudatusquc
1593 2845 1666 2867 actor
1685 2844 1732 2866 cst.
1753 2838 1783 2865 [Γ.
1801 2840 1843 2865 36.
1864 2838 1895 2865 de
1908 2838 1993 2875 pecul.

1953 2883 1992 2907 15.
