2197 3121
942 138 1015 168 IUL
1042 157 1079 162 —
1104 139 1195 169 IUM.

191 219 225 246 X.
246 220 285 244 10.
311 228 331 244 c.
353 220 394 245 25.
419 217 452 244 de
474 218 547 255 petit.
574 222 600 244 et
623 217 691 243 ultro
712 216 762 243 dat.
800 217 889 254 Iugum
909 218 1032 245 natalium
1053 220 1055 224 '

193 261 354 288 declinantes
379 261 542 297 (originarii,
567 259 609 286 vel
632 260 726 292 servi.)
765 259 831 287 Nov.
856 260 912 287 Val.
932 260 974 287 III.
1000 260 1032 287 de

193 305 274 341 episc.
294 303 372 330 iudic.
393 303 423 330 ll.
449 305 490 330 35.
515 313 537 329 c.
558 305 579 329 1.
605 303 627 336 ξ
647 304 670 328 6.
708 302 856 329 Durissima
881 303 1032 340 captivitate

193 351 219 372 et
237 347 297 383 iugo
316 346 451 372 barbarico
475 345 620 379 (liberati.)
647 356 667 371 c.
690 346 711 371 1.
731 355 770 382 pr.
795 345 827 371 de
851 345 894 371 oss‘.
915 345 967 372 Prf.
988 345 1030 372 Pr.

192 388 248 415 Asr.
270 391 291 416 1.
311 391 352 415 27.

228 431 343 458 Iulia.
379 432 496 458 Nomen
520 432 610 466 legis.
652 431 682 463 §.
705 431 740 457 l.
765 431 863 465 Legis
887 432 920 456 de
943 440 1031 464 repe-

192 476 366 500 tundarum
388 480 416 500 et
433 475 607 508 peculatus
626 474 769 499 crimine.
805 471 848 498 111.
869 473 934 499 Gn.
965 472 1030 498 Iulia

193 516 236 543 lex
257 532 286 536 —-
307 516 522 553 repetundarum,
547 520 572 542 et
595 515 740 552 peculatus.
769 513 798 541 fr.
821 516 859 541 13.
885 514 918 541 de
942 514 1029 541 testib.

191 561 233 585 22.
253 561 277 585 5.
298 559 327 585 l'r.
350 561 371 585 l.
391 558 423 584 de
442 557 503 595 pub.
523 557 601 584 indic.
621 559 661 584 48.
683 560 705 584 1.
741 556 770 583 L.
789 556 854 582 iulia
874 557 1029 594 repetunda·
1051 575 1052 578 ,

193 611 258 633 rum,
278 612 298 628 s.
319 601 351 627 de
370 600 536 638 repetundis,
557 601 688 637 (pertinet
706 599 738 626 ad
757 609 800 625 eas
819 601 944 636 pecunias
963 601 1030 633 etc.)

192 644 223 670 sr.
245 646 267 670 1.
287 643 317 670 fr.
329 645 352 670 3.
373 644 402 670 l'r.
414 645 438 670 6.
458 644 479 678 §.
499 645 523 669 2.
548 642 578 669 fr.
599 644 620 670 7.
641 651 679 679 pr.
699 642 720 676 §.
740 644 763 668 2.
783 641 814 668 sr.
834 645 857 668 8.
877 643 898 676 ξ.
912 645 935 669 1.
955 643 987 669 ad
999 642 1029 669 L.

192 686 239 713 lul.
258 690 339 724 repet.
359 688 452 712 4811.
477 685 547 722 Lege
562 685 626 712 Iulia
645 684 677 711 de
696 683 809 710 residuis
821 686 939 718 (teneri.)
959 685 990 711 fr.
1005 688 1029 711 2.

192 729 222 756 fr.
235 731 258 755 4.
272 729 293 763 §.
305 730 329 755 3.
343 727 373 755 sr.
385 729 409 755 9.
422 729 443 762 ξ.
455 729 478 754 6.
491 728 523 754 ad
534 727 563 755 L.
575 728 621 754 Iul.
634 727 719 765 pecul.
731 728 771 753 48.
785 729 863 754 13.—
878 728 952 761 §.2-
974 729 1031 754 Le·

188 781 264 808 gum
288 773 322 797 de
340 773 371 798 vi
386 772 550 805 (publica,
566 772 769 805 privatave.)
807 769 850 796 III.
872 772 937 798 Gn.
960 769 1030 806 Lege

192 814 256 841 Iulia
276 813 308 840 de
328 814 353 840 vi
372 813 477 851 publiea
497 814 587 840 teneri.
602 829 631 834 —-
652 812 739 838 Poena
758 812 836 849 Legis
855 812 936 839 Iuliae
955 812 987 839 de
1005 814 1030 839 vi

190 858 299 894 privata.
318 856 391 883 Paul.
412 856 443 883 V.
463 857 504 883 26.
524 856 561 890 ἕξ.
581 857 604 881 1.
624 864 682 891 sqq.
703 855 733 881 fr.
752 857 773 881 l.
794 855 824 882 l'r.
840 857 862 882 7.
882 865 922 892 sq.
943 855 973 882 fr.
990 857 1028 892 12.

190 899 223 925 ad
241 898 271 925 L.
291 899 338 925 Iul.
358 899 392 925 de
410 900 435 926 vi
455 899 516 936 pub.
535 899 576 924 48.
596 899 618 924 6.
638 897 668 923 l'r.
691 899 712 923 l.
733 898 755 931 ξ.
772 900 793 924 l.
813 898 844 924 l'r.
859 900 882 924 4.
903 908 942 935 pr.
963 897 1028 924 sr.6.

191 942 224 968 ad
242 941 272 968 L.
288 941 336 968 Iul.
357 941 389 968 de
408 943 434 968 vi
453 942 518 979 priv.
530 941 571 966 48.
592 941 614 966 7.
651 940 680 966 lu
699 940 790 967 Iuliam
809 941 841 967 de
860 942 884 967 vi
904 941 1028 968 incidere.

190 985 221 1011 l'r.
243 987 282 1011 12.
302 985 323 1019 ᾗ.
343 987 367 1011 2.
389 984 439 1020 Qu.
460 988 519 1010 met.
539 993 560 1009 c.
580 984 604 1009 4.
623 984 647 1009 2.

189 1027 239 1054 XII
259 1027 342 1054 Tabb.
368 1027 476 1063 usucapi
494 1025 631 1062 prohibet,
655 1027 681 1053 vi
700 1036 853 1063 possessam
871 1026 900 1053 L.
920 1026 984 1053 Iulia
1004 1031 1029 1053 et

190 1070 300 1097 Plautia.
327 1069 383 1096 Gai.
404 1069 432 1095 11.
458 1070 499 1094 45.
518 1083 552 1088 —
576 1070 607 1103 §.
628 1071 664 1096 3.
697 1071 794 1104 Legis
818 1071 1028 1096 annonariae.

189 1113 233 1140 lIl.
248 1114 313 1141 Gn.
332 1112 402 1148 Lege
420 1110 483 1137 Iulia
504 1111 536 1137 de
555 1122 656 1138 annona
677 1113 777 1149 (poena
798 1113 921 1139 statuitur
939 1112 1029 1139 adver—

189 1166 236 1183 sus
255 1166 313 1182 eum
333 1156 395 1188 etc.)
415 1154 445 1180 ir.
458 1156 482 1180 2.
495 1164 537 1191 pr.
555 1154 588 1181 de
606 1154 635 1181 L.
656 1154 702 1181 Iul.
723 1165 780 1181 ann.
795 1157 835 1181 48.
851 1157 891 1182 12.
908 1154 939 1182 cf.
960 1155 989 1182 fr.
1005 1157 1028 1181 1.

190 1198 222 1226 de
240 1198 302 1236 pub.
322 1197 399 1224 iudic.
419 1198 460 1224 48.
483 1199 505 1223 l.
525 1213 558 1216 —
595 1198 627 1231 ξ.
653 1199 692 1225 4.
717 1200 815 1234 Legis
839 1201 872 1224 de
895 1200 1029 1225 crimine

188 1243 336 1269 ambitus.
372 1239 415 1266 111.
437 1241 502 1268 Cn.
528 1239 577 1266 Per
601 1240 683 1276 legem
703 1240 793 1267 Iuliam
817 1240 977 1267 iudiciariam
1002 1241 1028 1267 in

187 1284 272 1320 Iegem
291 1283 403 1310 ambitus
424 1283 569 1309 committit.
590 1282 619 1309 fr.
642 1285 664 1309 l.
684 1284 705 1317 §.
725 1286 750 1310 4.
770 1283 800 1310 cf.
820 1294 859 1320 pr.
879 1284 917 1317 ἓξ.
932 1286 954 1310 1.
969 1294 1027 1320 sqq.

188 1326 221 1353 de
239 1325 268 1353 L.
289 1326 336 1352 lul.
357 1325 423 1352 amb.
443 1328 484 1352 48.
506 1327 545 1351 14.
566 1325 597 1352 cf.
620 1325 649 1352 l'r.
671 1328 693 1353 1.
713 1326 745 1352 de
763 1326 826 1363 pub.
845 1326 923 1353 indic.
942 1328 984 1354 48.
1005 1329 1029 1353 l.

187 1385 220 1390 —
240 1370 271 1403 ξ.
286 1371 323 1397 5.
344 1371 443 1404 Legis
462 1371 496 1395 tle
514 1370 651 1395 crimine
667 1371 869 1396 maiestatis.
907 1368 1028 1397 [lton.

187 1411 217 1439 L.
237 1411 302 1438 Iulia
321 1412 481 1443 maiestatis⁷
506 1421 527 1437 s.
546 1411 602 1438 Lex
626 1412 782 1443 maiestatis,
805 1413 947 1449 (praecipit
966 1412 1027 1445 etc.)

187 1454 219 1482 fr.
237 1456 261 1482 3.
282 1454 312 1481 fr.
332 1457 356 1481 6.
376 1454 406 1481 fr.
427 1456 466 1480 ll.
492 1453 524 1480 ad
542 1453 571 1481 L.
591 1454 638 1481 Iul.
658 1455 715 1481 mai.
735 1455 775 1480 48.
796 1456 819 1480 4.
843 1454 915 1481 Paul.
932 1454 963 1481 V.
983 1457 1025 1481 29.

187 1499 210 1532 §.
230 1499 254 1524 1.
280 1514 309 1518 -
335 1498 366 1531 ἓ.
391 1498 428 1524 6.
458 1499 577 1532 Legum
601 1500 691 1524 varii
715 1500 914 1532 argumenti,
939 1500 973 1524 de
997 1509 1027 1524 re

187 1542 381 1567 iudiciaria.
419 1539 437 1566 1.
458 1541 519 1574 Sy.
543 1539 599 1566 Lex
623 1540 803 1577 publicorum,
828 1541 890 1566 item
914 1541 1027 1577 privato-

187 1593 245 1609 rum
264 1582 464 1617 (iudiciorum.)
502 1582 576 1609 Duae
596 1583 675 1609 Iuliae
694 1583 808 1619 (leges.)
839 1582 955 1619 Vtraque
975 1583 1025 1610 lex.

187 1625 272 1652 Vatic.
292 1627 329 1659 §§.
351 1627 407 1652 197.
428 1635 467 1661 sq.
498 1624 555 1652 Gai.
574 1625 618 1652 IV.
638 1628 679 1652 30.
700 1625 731 1651 cl'.
760 1625 790 1651 fr.
812 1627 834 1652 1.
859 1626 880 1660 ξ.
899 1628 923 1652 2.
949 1625 982 1653 de
1001 1627 1026 1653 vi

189 1674 215 1694 et
234 1669 259 1694 vi
278 1679 339 1694 arm.
359 1670 399 1694 43.
421 1670 461 1694 16.
486 1667 515 1694 fr.
535 1668 634 1695 32.(18
656 1678 732 1706 poen.
753 1669 794 1694 48.
815 1670 855 1694 19.
891 1668 934 1695 111.
959 1671 1025 1697 Gn.

188 1710 240 1737 Per
257 1710 339 1747 legem
352 1711 492 1737 Aebutiam
512 1715 535 1736 et
553 1710 615 1738 duas
632 1711 711 1737 Iulias
731 1711 861 1744 (sublatae
880 1717 942 1738 sunt
960 1713 1026 1738 istae

188 1753 254 1789 legis
274 1755 410 1786 actiones.)
434 1753 490 1779 Gai.
511 1753 527 1779 1.
546 1753 563 1779 1.
588 1753 618 1780 L.
638 1753 702 1780 Iulia
722 1754 877 1781 iudiciorum
897 1755 938 1780 ait.
959 1754 988 1780 l'r.
1001 1758 1024 1780 2.

188 1798 211 1831 ᾗ.
233 1798 255 1823 l.
275 1795 307 1822 de
326 1795 403 1822 iudic.
423 1798 447 1822 5.
470 1798 491 1822 l.
511 1795 543 1822 cl'.
564 1796 593 1822 sr.
613 1799 637 1823 9.
664 1797 685 1830 ξ
705 1799 728 1823 2.
749 1797 779 1823 fr.
800 1799 840 1823 41.
861 1797 893 1823 de
911 1807 962 1823 rec.
983 1807 1024 1833 qu.

189 1839 243 1867 arb,
265 1841 289 1865 4.
309 1840 332 1865 8.
374 1838 443 1874 Lege
466 1838 530 1864 lulia
554 1839 686 1865 iudiciaria
711 1840 840 1875 (legitima
864 1838 959 1865 iudicia
984 1850 1025 1866 ex-

188 1882 314 1920 spirant.)
337 1881 366 1908 L.
384 1881 449 1907 Iulia
468 1881 624 1908 iudiciorum
642 1881 816 1919 publicorum.
839 1882 869 1908 l'r.
889 1883 913 1907 4.
939 1881 970 1908 de
990 1887 1026 1908 te-

188 1925 251 1952 stib.
269 1927 309 1950 22.
330 1927 353 1951 5.
380 1924 411 1950 cf.
436 1924 465 1950 l'r.
485 1925 598 1958 3.§.1.
620 1924 652 1950 de
671 1926 812 1961 praevaric.
832 1927 873 1951 47.
894 1926 933 1950 15.
972 1924 1024 1960 Qui

188 1978 221 1995 ex
239 1967 296 2003 lege
315 1967 379 1993 Iulia
398 1967 474 1993 bonis
495 1967 597 1993 cedunt.
618 1966 674 1993 Gai.
688 1967 731 1994 IlI.
751 1969 791 1994 78.
812 1978 833 1994 c.
848 1970 871 1993 4.
892 1967 945 2002 Qui
964 1968 1024 1994 bon.

190 2010 245 2037 ced.
265 2021 290 2047 p.
312 2012 334 2036 7.
356 2012 395 2037 71.
418 2027 446 2030 —
469 2011 499 2044 δ.
518 2012 550 2037 7.
570 2011 667 2045 Legis
687 2013 719 2036 de
738 2012 927 2042 adulteriis,
945 2017 972 2037 et
993 2013 1025 2037 de

183 2056 288 2090 fundo
312 2055 425 2079 dotali.
462 2053 504 2079 Ill.
526 2054 591 2080 Cn.
617 2052 645 2079 L.
666 2053 729 2079 Iulia
749 2053 780 2079 de
799 2052 934 2079 adulteriis
954 2057 1025 2079 co'er-

190 2096 287 2123 eendis.
325 2095 394 2122 Coll.
414 2095 466 2122 LL.
487 2095 520 2122 M.
540 2095 610 2122 XIV.
629 2098 653 2122 3.
674 2096 703 2122 l'r.
723 2098 746 2122 5.
767 2095 797 2122 fr.
816 2098 856 2122 42.
877 2096 909 2122 ad
927 2095 956 2123 L.
977 2096 1023 2122 Iul.

190 2138 223 2164 (18
246 2139 324 2165 adult.
348 2140 389 2165 48.
409 2140 433 2165 5.
470 2137 557 2164 Valer.
577 2137 655 2164 Prob.
682 2138 714 2165 de
738 2144 791 2165 not.
816 2138 843 2165 P.
863 2138 894 2165 R.
914 2149 937 2165 v.
957 2138 986 2165 L.
1006 2139 1022 2166 l.

190 2181 224 2207 D.
242 2181 273 2207 A.
287 2181 318 2207 C.
354 2181 410 2208 Lex
429 2180 493 2207 Iulia
512 2181 544 2207 de
563 2180 698 2218 pudicitia.
720 2192 741 2207 c.
761 2185 785 2208 8.
805 2191 844 2217 sq.
866 2181 922 2208 eod.
943 2183 980 2207 tit.
1001 2184 1024 2208 9.

190 2225 214 2250 9.
250 2223 361 2250 Poenam
379 2224 500 2250 adulterii
520 2224 576 2260 lege
594 2223 659 2249 Iulia
678 2225 738 2260 pati.
764 2224 835 2250 Paul.
855 2224 885 2250 11.
906 2226 946 2251 19.
966 2225 986 2258 ξ.
1001 2227 1024 2250 5.

191 2265 261 2302 Lege
285 2265 361 2298 Iulia,
385 2277 450 2303 quae
474 2267 506 2293 de
530 2266 611 2293 dotali
635 2266 741 2303 praedio
765 2268 915 2303 prospexit,
944 2278 976 2293 ne
998 2269 1024 2294 id

191 2309 283 2335 marito
303 2308 379 2334 liceat
397 2310 520 2345 obligare,
540 2315 584 2336 aut
602 2309 721 2335 alienare.
746 2309 776 2335 fr.
797 2312 820 2335 4.
841 2310 871 2335 ef.
892 2310 921 2336 fr.
943 2312 964 2336 l.
984 2321 1023 2347 pr.

191 2352 223 2378 l'r.
244 2353 283 2377 13.
303 2361 341 2387 pr.
361 2350 391 2377 fr.
412 2354 450 2378 16.
470 2352 501 2379 de
521 2352 592 2379 sund.
612 2352 665 2378 (lot.
684 2353 725 2378 23.
740 2354 762 2378 5.
783 2352 839 2378 Gai.
851 2352 880 2378 ll.
895 2354 935 2378 63.
954 2352 1023 2389 Lege

192 2393 255 2420 Iulia
275 2393 306 2419 de
325 2393 458 2419 adulteriis
478 2400 590 2427 cavetur,
610 2406 642 2421 ne.
662 2394 748 2421 dotale
766 2395 900 2431 praedium
916 2396 1024 2422 maritus

193 2437 273 2463 invita
293 2446 373 2462 uxore
392 2436 492 2463 alienet.
512 2437 582 2464 Paul.
602 2438 631 2464 11.
650 2437 720 2464 2113.
740 2438 761 2471 §.
775 2440 798 2463 2.
816 2452 844 2456 —-
865 2438 895 2470 ξ.
911 2439 947 2465 S.
967 2440 1023 2464 Le-

191 2489 265 2514 gum
289 2481 378 2505 varii
402 2483 599 2513 argumenti,
624 2484 657 2508 de
681 2483 881 2508 maritandis
900 2483 1023 2507 ordini-

193 2525 254 2548 bus.
291 2520 333 2546 Ill.
349 2522 413 2548 Gn.
433 2520 502 2556 Lege
520 2521 583 2548 Iulia
602 2523 634 2549 de
652 2524 803 2550 maritandis
817 2523 953 2550 ordinibus
972 2524 1023 2555 (ca-

193 2568 277 2594 vetur.
296 2573 320 2589 v.
341 2564 518 2600 permittitur.)
538 2563 620 2591 Vatic.
639 2566 738 2599 §.197.
767 2566 822 2593 Gai.
843 2566 860 2592 1.
878 2567 933 2591 178.
965 2565 1023 2603 le.
1043 2583 1046 2594 ι

193 2606 238 2633 XI.
258 2609 299 2632 20.
319 2606 349 2632 l'r.
369 2607 393 2632 6.
412 2607 432 2639 ξ.
453 2608 476 2632 4.
496 2605 528 2632 de
546 2606 602 2633 iure
625 2613 726 2644 patron.
745 2611 785 2635 37.
807 2611 846 2635 l4.
866 2608 896 2635 l'r.
917 2610 939 2634 l.
959 2609 979 2642 ξ.
1002 2611 1022 2635 l.

194 2648 264 2676 unde
283 2647 313 2674 V.
335 2653 360 2674 ct
378 2647 410 2674 U.
425 2649 466 2674 38.
488 2650 526 2674 11.
563 2648 618 2675 Lex
635 2649 711 2683 Iulia,
735 2652 854 2689 Papiave.
876 2668 905 2672 --
926 2650 1023 2678 Neutra

194 2692 246 2718 lex.
279 2691 362 2718 Vatic.
387 2691 424 2724 ἐξ.
451 2693 508 2717 158.
531 2692 589 2717 214.
614 2700 672 2728 sqq.
702 2693 762 2731 le.
781 2694 850 2721 XVI.
875 2697 899 2720 2.
919 2704 958 2731 sq.
996 2694 1024 2721 Si

196 2739 285 2761 contra
305 2734 387 2769 legem
399 2732 489 2759 Iuliam
501 2733 659 2771 Papiamque
671 2733 817 2772 Poppaeam
836 2738 1025 2770 (contraxerint
1046 2767 1047 2776 ἵ

197 2777 411 2809 matrimonium.)
443 2775 478 2802 ld.
503 2776 520 2802 1.
539 2776 555 2802 l.
575 2776 607 2803 cs.
625 2776 693 2804 XIII.
715 2780 736 2804 l.
773 2779 922 2806 Secundum
944 2780 1025 2816 legem
1046 2777 1047 2797 l

686 982 819 1010 furtivam
839 986 889 1017 (sc.
908 987 975 1017 rem)
997 983 1027 1010 L.
1050 981 1052 988 '

1852 146 1915 176 513

1075 220 1165 247 Iuliam
1184 220 1323 257 Papiamve
1342 223 1453 258 quaesiti
1473 222 1522 255 (sc.
1542 222 1621 254 filius,
1641 222 1714 254 filia.)
1735 223 1806 250 Paul.
1826 225 1870 252 IV.
1890 230 1914 252 8.

1075 264 1096 296 ς’.
1117 266 1140 290 4.
1177 264 1217 290 Ex
1237 263 1293 300 lege
1313 264 1375 291 Iulia
1396 270 1421 291 et
1440 264 1518 302 Papia
1539 264 1621 302 Popp.
1647 266 1702 291 iure
1722 266 1865 294 liberorum
1885 272 1914 302 (a

1076 306 1156 332 tutela
1175 306 1320 333 liberantur
1338 307 1474 339 feminae.)
1501 307 1557 334 Gai.
1578 308 1595 334 1.
1617 309 1674 334 145.
1712 308 1850 342 caelibes,
1870 312 1915 347 qni

1074 358 1122 385 per
1147 348 1230 384 legem
1255 348 1345 375 Iuliam
1369 349 1527 376 hereditates
1551 350 1687 387 legataque
1712 362 1804 388 capere
1827 354 1915 390 prohi-

1075 391 1176 418 bentur.
1197 407 1229 411 —
1256 391 1320 418 Item
1340 392 1410 424 orbi,
1435 394 1479 429 qui
1504 402 1550 430 per
1573 393 1656 429 legem
1674 393 1788 431 Papiam.
1825 395 1862 422 ld.
1882 396 1913 422 Il.

1074 434 1132 460 286.
1155 434 1186 460 cl'.
1212 436 1268 460 111.
1294 436 1350 462 144.
1382 434 1442 471 le.
1463 435 1546 462 XXII.
1565 438 1589 462 3.
1627 436 1728 474 Populo
1753 437 1821 463 bona
1845 437 1914 465 defe-

1075 481 1168 502 runtur
1187 488 1218 503 ex
1238 476 1294 513 lege
1314 477 1376 504 Iulia
1398 477 1540 505 caducaria.
1560 478 1596 504 lb.
1613 479 1734 507 XXVIII.
1755 483 1778 507 7.
1799 480 1830 507 cf.
1857 481 1913 508 Gai.

1074 518 1104 545 11.
1126 521 1182 545 150.
1212 520 1241 546 l'r.
1261 521 1302 546 96.
1328 520 1349 554 ξ.
1372 522 1393 547 l.
1414 520 1446 547 de
1466 520 1540 556 legat.
1561 520 1579 547 l.
1600 522 1676 555 (30.)
1712 522 1769 550 Lex
1786 523 1851 550 Iulia
1869 526 1914 550 mi-

1074 561 1154 587 scella
1175 562 1249 588 cedat
1277 573 1335 589 cum
1354 562 1471 590 Muciana
1491 564 1617 590 cautione.
1637 575 1658 591 c.
1677 567 1700 591 2.
1713 576 1753 602 sq.
1773 565 1805 593 de
1823 566 1912 593 indict.

1075 603 1166 631 viduit.
1190 606 1213 631 6.
1242 607 1278 632 10.
1305 605 1352 631 Iul.
1373 615 1412 642 ep.
1433 615 1493 632 nov.
1518 616 1540 631 c.
1560 607 1601 633 36.
1626 607 1647 640 ξ.
1670 609 1726 634 160.
1755 625 1784 629 --
1822 610 1854 643 5.
1874 611 1912 636 9.

1074 648 1175 682 Legis
1203 651 1237 674 de
1264 650 1431 675 tutoribux
1459 659 1475 675 a
1504 651 1758 683 magistratibus
1789 654 1912 679 dandis.

1074 689 1116 715 111.
1132 691 1198 717 Gn.
1224 690 1253 716 Si
1273 690 1361 717 nullus
1382 691 1486 716 omnino
1506 694 1578 717 tutor
1596 692 1643 723 sit,
1668 693 1690 719 ei
1710 693 1785 720 datur
1803 695 1830 720 in
1849 694 1914 721 urbe

1074 731 1156 758 Roma
1176 743 1207 759 ex
1227 732 1284 769 lege
1302 733 1392 765 Atilia,
1412 749 1444 752 —
1464 734 1490 759 in
1509 734 1653 770 provinciis
1672 745 1735 762 vero
1754 747 1767 762 a
1786 736 1914 764 Praesidi-

1075 774 1124 801 bus
1150 777 1344 812 provinciarum
1368 787 1400 803 ex
1424 775 1481 811 lege
1499 775 1562 802 Iulia
1586 781 1612 803 et
1631 776 1708 804 Titia.
1741 778 1795 806 Gai.
1816 779 1834 806 1.
1856 782 1912 807 185.

1076 818 1134 844 195.
1155 817 1214 855 ΠΡ.
1235 818 1279 845 XI.
1301 820 1340 845 18.
1361 834 1392 838 —
1419 819 1450 852 ξ.
1471 820 1533 845 10.
1558 820 1656 854 Logia
1675 823 1709 847 de
1728 832 1759 848 re
1778 825 1912 850 munici-

1071 862 1146 893 pali
1164 862 1376 896 singularum
1396 863 1578 888 civitatum.
1607 861 1650 889 Ill.
1666 864 1731 890 Cn.
1752 865 1913 899 Quatuorvir

1073 902 1208 929 aediliciae
1227 905 1367 940 potestatis
1387 915 1400 930 e
1414 903 1470 940 lege
1482 903 1547 930 Iulia
1561 905 1719 942 municipali.
1741 905 1781 933 Cf.
1796 907 1911 935 Fahretti

1073 956 1099 982 p.
1118 947 1177 972 485.
1197 956 1239 972 no.
1260 947 1317 973 160.
1338 946 1431 973 Orelli.
1452 957 1493 973 no.
1512 948 1589 973 3676.

1108 989 1224 1015 Iulia.
1263 990 1418 1015 Mulieris
1438 1000 1553 1016 nornen.
1592 989 1632 1017 Οἳ.
1653 1000 1677 1017 v.
1698 990 1820 1019 Catilina.

1108 1031 1297 1058 IulianuS·
1339 1034 1459 1058 Nomen
1488 1034 1509 1058 1.
1523 1034 1576 1059 cti
1604 1035 1818 1067 celeberrimi,

1074 1075 1179 1100 rentis
1204 1076 1403 1108 temporibus
1427 1076 1601 1101 Hadriani.
1638 1075 1681 1102 111.
1703 1078 1768 1104 Cn.
1794 1077 1912 1106 Plurium

1073 1117 1148 1143 etiam
1169 1117 1233 1143 iuris
1252 1121 1395 1148 auctorum,
1415 1117 1463 1143 sed
1483 1122 1508 1143 et
1521 1117 1603 1144 Salvii
1616 1118 1718 1150 Iuliani,
1737 1121 1811 1147 amici
1828 1123 1912 1148 nostri

1073 1158 1114 1185 Cl.
1134 1158 1175 1191 V..
1195 1159 1261 1186 hanc
1281 1161 1436 1186 sententiam
1455 1159 1544 1186 fuisse.
1570 1160 1601 1186 l'r.
1623 1163 1661 1187 17.
1680 1171 1719 1198 pr.
1744 1163 1776 1189 de
1795 1165 1850 1191 iure
1869 1174 1912 1201 pa-

1072 1206 1140 1227 tron.
1153 1203 1195 1228 37.
1217 1204 1257 1228 14.
1272 1202 1303 1229 cl'.
1324 1212 1346 1229 c.
1361 1205 1385 1229 5.
1405 1202 1437 1229 de
1457 1202 1517 1229 bon.
1538 1212 1580 1239 qu.
1601 1202 1645 1229 lib.
1666 1205 1689 1230 6.
1709 1205 1749 1231 61.
1786 1206 1841 1242 Ego
1861 1208 1911 1240 (sc.

1072 1244 1217 1278 Iulianus,)
1243 1255 1302 1272 cum
1324 1246 1519 1277 meminissem,
1542 1245 1693 1272 lavolenum
1715 1253 1912 1285 praeceptorem

1841 1037 1911 1072 flo-

1072 1297 1156 1313 meum
1181 1292 1228 1314 etc.
1255 1305 1285 1309 —
1316 1288 1465 1325 exemplum
1489 1289 1545 1315 eius
1571 1293 1678 1316 secutus
1703 1295 1751 1316 etc.
1776 1290 1806 1317 fr.
1830 1293 1854 1318 5.
1880 1292 1912 1318 de

1072 1340 1181 1356 manum.
1202 1330 1272 1357 vind.
1288 1332 1328 1357 40.
1342 1333 1366 1357 2.
1395 1331 1470 1358 Adeo
1490 1336 1519 1358 ut
1538 1331 1652 1358 Sabinus
1672 1333 1867 1360 existimaverit.
1880 1351 1911 1355 —

1072 1372 1126 1399 Sed
1149 1372 1248 1400 Iuliano
1274 1378 1300 1400 et
1323 1373 1405 1400 Sexto
1430 1374 1529 1411 placuit
1553 1379 1601 1401 etc.
1639 1374 1696 1402 Gai.
1715 1375 1746 1402 ll.
1769 1377 1828 1403 218.
1852 1379 1910 1404 280.

1072 1415 1224 1442 Sententiae
1236 1416 1454 1443 sublimissimum
1468 1422 1562 1444 testem
1575 1417 1681 1444 adducit
1691 1418 1762 1445 Salv.
1775 1418 1911 1453 Iulianum,

1072 1468 1186 1485 summae
1206 1460 1368 1485 auctoritatis
1387 1459 1532 1492 hominem,
1553 1465 1578 1486 et
1597 1461 1721 1497 praetorii
1740 1461 1818 1488 edicti
1838 1465 1911 1500 (per-

1071 1502 1160 1538 petui)
1180 1501 1364 1529 ordinatorem.
1385 1513 1405 1529 c.
1422 1504 1461 1529 10.
1482 1502 1513 1528 de
1527 1502 1601 1528 cond.
1616 1502 1703 1529 indeb.
1718 1505 1742 1530 4.
1756 1506 1780 1531 5.
1800 1504 1912 1542 Propter

1071 1543 1098 1570 id
1118 1549 1195 1581 eaput
1214 1544 1305 1575 edicti,
1332 1544 1402 1581 qnod
1426 1556 1439 1571 a
1458 1544 1558 1571 Iuliano
1583 1545 1760 1573 introductum
1780 1552 1832 1579 est,
1853 1550 1868 1574 i.
1889 1559 1910 1574 e.

1071 1597 1103 1613 ex
1122 1597 1189 1613 nova
1209 1587 1332 1613 clausula.
1352 1587 1382 1614 fr.
1402 1589 1426 1614 3.
1447 1587 1479 1614 de
1498 1588 1564 1614 coni.
1585 1598 1606 1613 c.
1627 1598 1723 1615 emanc.
1743 1589 1787 1616 lib.
1806 1593 1848 1617 37.
1868 1592 1892 1617 8.

1107 1630 1241 1657 lulius.
1279 1629 1407 1663 (Adiuet.)
1446 1632 1492 1656 Ad
1511 1637 1635 1665 gentem
1654 1633 1749 1658 liuius
1768 1636 1909 1660 nominis

1047 1679 1234 1707 4⁸pectans‚
1254 1675 1302 1698 vel
1320 1675 1570 1699 secundumeam
1589 1676 1845 1708 cognominatus.
1865 1676 1908 1703 ΠΙ.

1071 1716 1136 1742 Gn.
1156 1714 1263 1741 Familia
1282 1714 1354 1741 Iulia.
1374 1714 1405 1741 Τι’.
1427 1716 1483 1741 195.
1503 1715 1525 1749 ξ.
1545 1716 1567 1741 4.
1588 1714 1621 1741 de
1640 1714 1671 1742 V.
1691 1715 1717 1742 S.
1738 1718 1778 1744 50.
1797 1719 1835 1745 16.
1861 1718 1909 1745 Ca-

1070 1757 1162 1783 lendae
1181 1757 1267 1783 Iuliae.
1292 1757 1322 1783 fr.
1342 1759 1383 1783 41.
1402 1767 1441 1794 pr.
1466 1757 1499 1783 de
1523 1762 1605 1784 contr.
1626 1763 1686 1784 emt.
1706 1760 1747 1785 18.
1768 1761 1789 1786 1.
1814 1760 1846 1787 fr.
1866 1763 1908 1788 51.

1070 1800 1091 1833 ᾗ.
1113 1801 1135 1825 1.
1157 1799 1188 1825 (18
1208 1800 1239 1826 Α.
1259 1800 1288 1826 E.
1309 1799 1340 1826 V.
1362 1801 1401 1826 19.
1424 1802 1445 1826 l.
1466 1799 1497 1826 fr.
1519 1802 1557 1826 12.
1577 1810 1617 1837 pr.
1638 1801 1669 1827 de
1688 1811 1786 1838 precar.
1806 1805 1847 1829 43.
1866 1805 1907 1830 26.

1069 1842 1110 1868 Ex
1129 1841 1171 1868 die
1190 1841 1222 1868 V.
1242 1842 1373 1869 Nonarum
1392 1842 1522 1869 Iuliarum.
1545 1842 1594 1869 Th.
1610 1843 1640 1870 C.
1656 1843 1711 1871 Vll.
1730 1847 1771 1871 20.
1792 1856 1812 1872 c.
1834 1848 1857 1873 1.
1876 1846 1908 1873 de

1070 1890 1184 1911 veteran.

1105 1928 1376 1955 lumentarius.
1414 1928 1551 1961 (Adiect.)
1593 1930 1642 1954 Ad
1668 1931 1812 1958 iumenta
1839 1942 1907 1966 spe-

1068 1977 1166 1997 ctans.
1203 1969 1233 1995 11.
1254 1971 1321 2003 Op.
1349 1970 1504 2003 Manuariae,
1526 1988 1555 1991 —
1586 1970 1757 1999 Iumentariae
1781 1974 1906 2008 (molae.)

1070 2013 1099 2039 fr.
1118 2014 1159 2039 26.
1180 2013 1200 2046 ξ.
1222 2014 1243 2038 l.
1264 2012 1296 2039 de
1315 2014 1389 2039 instr.
1409 2013 1457 2049 leg.
1477 2016 1518 2040 33.
1539 2015 1562 2039 7.

1104 2057 1335 2082 Iumentum.
1364 2058 1612 2090 Quadrupedum
1629 2068 1742 2092 genus,
1762 2068 1821 2092 quo
1840 2061 1905 2086 uti-

1070 2109 1136 2125 mur
1156 2101 1196 2125 ad
1210 2101 1381 2133 gerendum
1401 2100 1642 2126 trahendumre.
1678 2099 1708 2125 II.
1729 2101 1794 2133 ΟΡ.
1815 2100 1905 2128 Caete-

1070 2152 1126 2168 rum
1146 2151 1227 2178 pecus
1247 2151 1330 2167 omne.
1359 2141 1414 2167 Gai.
1435 2141 1472 2167 111.
1492 2143 1550 2168 219.
1576 2142 1605 2167 fr.
1625 2144 1666 2168 38.
1691 2142 1727 2176 ἕξ.
1747 2145 1771 2169 4.
1791 2153 1849 2180 sqq.
1873 2144 1904 2170 de

1069 2184 1155 2211 Aedil.
1180 2184 1256 2210 edict.
1276 2186 1317 2210 21.
1339 2186 1361 2210 1.
1398 2184 1536 2212 Armenta.
1556 2199 1587 2202 ——
1607 2183 1729 2210 lumenta.
1756 2185 1784 2212 fr.
1804 2188 1845 2212 43.
1865 2196 1902 2223 pr.

1070 2228 1104 2254 ib.
1123 2230 1165 2253 21.
1181 2229 1203 2253 1.
1228 2227 1257 2253 fr.
1278 2228 1318 2253 89.
1338 2237 1376 2264 pr.
1402 2226 1434 2253 (18
1455 2226 1485 2252 V.
1506 2226 1532 2252 S.
1553 2227 1593 2251 50.
1615 2227 1654 2252 16.
1691 2226 1732 2253 III.
1757 2229 1822 2255 Cn.
1851 2229 1903 2263 Qui

1069 2272 1153 2297 servis
1173 2269 1346 2301 hereditariis,
1366 2270 1496 2299 iumentis⁷
1516 2268 1628 2294 rebusve
1647 2268 1704 2295 aliis
1725 2271 1811 2296 utitur.
1832 2270 1902 2296 Paul.

1068 2312 1112 2339 IV.
1132 2315 1155 2339 8.
1180 2313 1202 2346 ξ.
1222 2314 1255 2338 25
1275 2312 1305 2339 cs.
1332 2312 1363 2338 l'r.
1383 2314 1407 2338 3.
1432 2312 1452 2345 ξ.
1475 2313 1496 2337 l.
1522 2311 1553 2337 de
1578 2311 1658 2338 usufr.
1683 2314 1705 2338 7.
1732 2314 1752 2338 l.
1790 2313 1817 2338 Si
1844 2314 1902 2348 quis

1068 2356 1218 2392 mancipiis,
1242 2354 1283 2381 vel
1302 2356 1438 2385 iumentis,
1463 2354 1637 2391 pecoribusve
1658 2354 1771 2380 emendis
1791 2355 1902 2381 venden.

1068 2398 1142 2425 disve
1162 2398 1328 2435 praepositus
1349 2398 1390 2423 sit.
1415 2396 1444 2422 fr.
1467 2399 1505 2423 17.
1530 2407 1568 2434 pr.
1594 2396 1626 2423 (18
1649 2398 1730 2423 instit.
1750 2401 1798 2422 act.
1818 2398 1858 2423 14.
1877 2399 1900 2424 3.

1067 2441 1167 2472 Bubus.
1187 2441 1355 2471 iumentisw,
1375 2441 1461 2465 iuncta
1481 2439 1622 2477 (plostra.)
1654 2439 1717 2465 Tab.
1737 2438 1837 2465 lleracl.
1856 2440 1900 2467 lin.

1068 2485 1108 2510 66.
1123 2494 1162 2520 sq.
1183 2493 1232 2509 aer.
1252 2482 1295 2508 ΒΓ.
1315 2482 1438 2514 lumenta,
1459 2493 1569 2518 quorum
1589 2481 1693 2517 sequela
1714 2486 1767 2507 crat
1787 2482 1900 2509 eculeus.

1068 2526 1097 2552 fr.
1120 2528 1157 2552 14.
1177 2527 1198 2559 ξ.
1216 2527 1253 2551 15.
1274 2525 1305 2551 de
1324 2524 1383 2551 furt.
1404 2527 1444 2550 47.
1463 2527 1486 2550 2.
1524 2524 1552 2549 Si
1572 2525 1713 2549 iumentum
1733 2534 1760 2549 ea
1781 2526 1829 2557 (sc.
1846 2526 1899 2559 via)

1068 2568 1161 2595 deduci
1180 2568 1290 2604 poterit,
1316 2578 1368 2594 uon
1388 2569 1464 2594 etiam
1483 2565 1637 2592 vehiculum.
1657 2565 1687 2591 fr.
1701 2567 1740 2592 13.
1760 2566 1792 2593 de
1811 2569 1899 2594 servit.

1044 2604 1046 2644 i
1068 2613 1091 2637 8.
1113 2613 1134 2636 l.
1154 2611 1184 2636 fr.
1199 2612 1221 2636 7.
1242 2620 1280 2646 pr.
1301 2610 1332 2636 de
1351 2610 1378 2637 S.
1398 2610 1426 2637 P.
1446 2610 1476 2636 R.
1496 2610 1518 2634 8.
1538 2610 1561 2634 3.
1598 2608 1635 2633 Ea
1655 2618 1759 2645 quoque
1777 2611 1899 2642 iumenta,

1069 2663 1134 2690 quae
1154 2654 1210 2679 sine
1230 2662 1305 2679 causa
1331 2653 1480 2683 turbantur,
1505 2655 1530 2676 et
1553 2651 1693 2690 semetipsa
1714 2653 1840 2689 eripiunt,
1864 2655 1899 2679 vi-

1070 2698 1137 2722 tiosa
1161 2705 1227 2722 esse.
1252 2695 1281 2722 fr.
1301 2698 1342 2722 43.
1362 2706 1399 2733 pr.
1421 2694 1451 2721 cf.
1475 2693 1505 2719 sr.
1524 2693 1567 2719 38.
1585 2704 1624 2730 pr.
1649 2694 1687 2727 §§.
1703 2696 1727 2721 3.
1749 2697 1788 2721 11.
1809 2697 1847 2721 14.
1867 2695 1898 2721 de

1069 2737 1154 2765 Aedil.
1175 2737 1250 2764 edict.
1270 2740 1310 2764 21.
1332 2740 1353 2764 ],
1391 2737 1443 2772 Qui
1466 2735 1611 2762 mercedem
1634 2746 1686 2762 uon
1712 2736 1833 2763 redderet
1851 2747 1896 2774 pro

1071 2791 1101 2807 eo
1121 2782 1244 2811 iumento.
1265 2780 1334 2816 quod
1355 2781 1412 2816 quis
1432 2778 1490 2805 ideo
1510 2778 1624 2805 locasset
1643 2784 1690 2805 etc.
1711 2779 1767 2806 Gai.
1781 2779 1823 2806 lY.
1842 2780 1882 2805 28.

1429 2823 1462 2848 65
