2197 3121
1021 167 1124 199 CON.

241 253 447 282 consensio.
484 253 515 287 ἓ.
537 253 572 279 1.
603 253 704 278 Actus
728 251 927 287 confitendi,
953 251 1048 276 Adse-

204 299 351 329 voratio,
372 297 542 332 Adgnitio.
578 293 596 320 Ι.
617 295 679 328 Sy.
698 292 841 319 Professio.
862 302 882 319 c.
904 294 944 318 15.
965 303 986 319 c.
1006 294 1048 318 22.

205 340 239 367 de
257 339 360 366 liberali
381 350 402 366 c.
423 341 446 365 7.
468 339 507 364 16.
545 336 654 367 Cautio,
679 335 830 373 stipulatio.
859 334 890 361 fr.
915 337 956 361 25.
981 335 1003 369 5.
1023 336 1048 361 4.

205 383 238 410 de
257 383 359 420 probat.
382 383 425 408 22.
444 382 469 407 3.
500 379 530 406 sr.
549 382 590 406 20.
615 379 636 413 5.
659 380 680 404 l.
706 378 738 405 de
757 378 844 405 donat.
874 379 917 405 39.
937 379 962 404 5.
1004 377 1048 403 III.

208 426 273 453 Gn.
303 424 371 451 Cum
395 439 428 443 —
448 422 580 449 confessio
604 422 724 458 propria.
750 420 793 448 vel
812 420 927 447 dilucida
947 425 972 447 et
990 430 1051 457 pro-

207 468 343 495 batissima
361 467 480 493 veritatis
504 465 623 501 quaestio
648 463 850 501 probationibus
873 468 952 499 atque
979 473 1051 499 argu-

207 512 302 537 mentis
323 509 459 536 detexerit.
493 507 542 534 Th.
564 506 594 534 C.
614 507 659 534 XI.
683 508 725 533 36.
750 517 771 533 c.
792 508 814 532 l.
841 506 925 541 Quor.
945 516 1004 543 app.
1025 516 1049 532 n.

207 563 258 580 rec„
284 552 316 579 cf.
336 552 381 578 ΙΧ.
403 553 443 577 10.
463 561 484 577 c.
504 552 528 576 4.
548 560 587 587 pr.
607 550 639 576 ad
658 549 687 576 L.
708 549 755 576 Iul.
776 548 808 575 de
826 550 852 575 vi
870 548 934 586 pub.
972 548 1051 575 Mani-

208 596 290 622 festae.
310 594 481 632 turpitudinis
500 598 526 620 et
539 593 715 619 consessionis
729 596 777 623 est,
797 591 881 625 (nolle
894 602 943 618 nec
956 592 1050 623 iurare,
1072 588 1074 600 ¹

207 649 257 665 nec
280 637 459 665 iusiurandum
484 636 612 669 referre).
644 636 673 662 l'r.
697 637 739 661 35.
769 634 801 661 de
827 635 932 661 iureiur.
964 636 1004 660 12.
1025 636 1050 660 2.

208 682 278 717 Quia
309 680 389 707 salsae
417 679 598 706 consessiones
626 677 789 705 naturalibus
811 678 952 704 convenire
975 677 1051 703 debe-

207 729 275 750 rent„
304 723 334 750 fr.
354 725 394 749 13.
414 733 453 760 pr.
480 722 512 749 de
531 723 621 748 interr.
641 722 668 747 in
686 722 750 747 iure.
777 722 816 747 ll.
839 723 861 746 l.
899 720 1052 747 Confessio-

209 777 268 793 nem
286 776 359 793 suam
379 775 511 792 revocare..
540 765 563 791 A
584 764 751 790 confessione.
770 773 816 789 sua
835 764 975 789 restituere
994 764 1053 795 (mi-

210 810 325 842 norem).
354 807 426 835 Paul.
447 807 478 834 V.
499 809 523 834 5.
549 807 580 833 A.
600 807 622 840 5.
642 808 666 832 5.
697 806 727 832 fr.
747 807 772 832 6.
796 806 818 840 5.
838 808 861 832 5.
886 805 919 832 de
938 805 1051 832 consess.

209 854 251 878 42.
271 853 295 877 2.
321 867 353 870 —
385 851 416 884 §0
437 852 473 877 2.
502 851 674 886 Professio
719 848 762 875 III.
779 850 845 876 Cu.
873 849 1008 885 Augurum
1027 853 1053 875 et

209 899 297 920 vatiun
317 904 396 931 prava
417 893 548 919 confessio
569 893 736 918 conticescat.
766 891 815 918 Th.
831 891 861 918 C.
875 891 920 918 IX.
936 893 976 918 16.
992 902 1012 918 c.
1027 893 1051 918 4.

209 936 242 963 de
260 936 347 963 males.
368 941 393 962 et
418 935 496 962 math.

209 979 386 1006 confessionis
405 980 432 1004 in
450 978 501 1004 hoc
515 977 607 1003 eodem
620 977 691 1003 cultu
705 977 841 1004 inhaerere
858 979 1052 1015 perspexerint.

210 1022 248 1048 lb.
268 1021 339 1048 XVI.
359 1025 382 1048 8.
404 1031 424 1047 c.
444 1022 485 1046 23.
506 1019 538 1046 de
558 1019 612 1046 Iud.

247 1064 518 1092 Conse-sotius.
548 1062 686 1096 (Adieet.)
725 1064 755 1096 ς’.
781 1064 816 1090 1.
846 1065 895 1090 Ex
925 1065 1052 1099 coufes-

209 1110 300 1134 sione
318 1109 366 1133 rei
382 1108 563 1143 profectus.
601 1105 618 1132 I.
645 1107 707 1140 Sy.
733 1106 808 1141 Quae
827 1105 954 1132 adversus
974 1106 1053 1132 confi-

212 1154 309 1176 tentem
329 1149 419 1181 datur,
444 1148 629 1181 Confessoria‚
653 1149 854 1185 lnterrogatoria
876 1149 989 1183 (actio).
1022 1149 1052 1175 fr.

210 1194 252 1219 23.
272 1193 294 1226 5
316 1194 355 1218 ll.
376 1191 407 1218 fr.
426 1193 468 1217 25.
488 1191 525 1225 55.
544 1193 564 1218 l.
585 1202 624 1228 sq.
645 1192 676 1218 ad
696 1191 724 1218 L.
744 1192 813 1228 Aqu.
833 1194 857 1219 9.
871 1194 895 1218 2.
915 1192 945 1218 fr.
959 1193 1001 1218 20.
1013 1202 1052 1229 pr.

211 1235 242 1262 fr.
261 1237 303 1261 22.
323 1234 357 1261 de
376 1235 465 1261 interr.
486 1235 512 1260 in
531 1235 595 1261 iure.
617 1237 656 1261 11.
679 1237 701 1261 l.
721 1251 753 1255 -—
780 1236 810 1269 §-
835 1237 871 1262 ἓ.
900 1236 947 1261 Ad
965 1241 1053 1261 acto-

210 1280 257 1304 ris
288 1279 542 1314 confessionem,
578 1287 596 1304 ε.
632 1280 860 1309 intentionem,
896 1284 1052 1312 spectans.

211 1320 229 1347 I.
254 1321 315 1355 Sy.
343 1321 421 1347 Actio
442 1321 507 1351 eius,
528 1320 572 1356 qui
592 1321 734 1347 servitutes
755 1321 805 1347 sibi
826 1325 975 1358 competere
995 1330 1054 1346 cou-

211 1363 303 1390 tendit.
341 1362 511 1389 confessoria
531 1364 607 1394 actio,
628 1364 707 1400 (quae
725 1363 757 1390 de
771 1365 898 1390 servitute
912 1366 1054 1396 movetur).
1075 1376 1076 1379 ¹

211 1405 242 1432 fr.
262 1408 285 1432 2.
306 1416 344 1443 pr.
370 1406 407 1440 55.
428 1407 451 1432 1.
471 1416 530 1442 sqq.
561 1406 590 1432 fr.
610 1407 636 1432 4.
660 1407 681 1440 5.
700 1409 724 1433 2.
749 1408 772 1433 si
792 1408 881 1433 servit.
907 1410 930 1433 8.
951 1408 975 1432 5.
1023 1406 1054 1432 II.

213 1450 280 1483 Op.
306 1448 454 1485 Negatoria,
474 1459 495 1475 s.
515 1448 649 1485 Negativa,
670 1451 745 1476 actio.
776 1450 806 1476 fr.
826 1452 850 1476 2.
870 1460 910 1487 pr.
931 1449 965 1476 ib.
985 1451 1010 1476 8.
1029 1451 1053 1476 5.
1076 1456 1077 1463 ¹

212 1491 242 1518 fr.
262 1494 285 1518 5.
306 1502 345 1529 pr.
366 1493 388 1518 si
409 1491 490 1518 usust'.
511 1496 563 1528 pet.
585 1494 608 1518 7.
627 1494 651 1519 6.

248 1536 461 1562 Confessus.
481 1533 602 1568 (Partic.)
632 1536 662 1568 §-
682 1537 716 1562 1.
747 1537 963 1571 Confessione
977 1545 1054 1570 prv-

213 1580 303 1610 bans,
324 1589 345 1604 υ.
362 1579 528 1612 probatus.
566 1577 596 1604 Π.
618 1579 684 1611 011.
713 1577 873 1604 Confessum
892 1588 995 1605 nomen.
1022 1594 1054 1598 —

213 1619 243 1647 Si
262 1625 382 1656 negetur,
406 1630 430 1646 v.
450 1625 528 1656 neget
547 1621 619 1657 quiS‚
639 1630 668 1646 se
687 1620 791 1647 debere.
821 1621 850 1647 l'r.
871 1623 912 1647 15.
932 1622 953 1655 5.
974 1623 997 1648 9.
1023 1621 1055 1648 de

214 1672 242 1689 re
260 1663 312 1690 iud.
332 1665 373 1690 42.
394 1665 417 1690 1.
453 1663 578 1691 111011.
605 1663 683 1689 Aeris
704 1664 828 1695 confessi,
848 1664 980 1700 rebusque
999 1666 1056 1691 iure

214 1705 344 1738 iudicatis,
362 1706 440 1732 XXX
459 1706 516 1733 dies
534 1707 597 1732 iusti
616 1711 703 1733 sunto.
731 1706 761 1733 L.
781 1707 839 1734 XII.
865 1707 949 1734 Tabb.
968 1707 1011 1734 ΙΙΙ.
1032 1710 1054 1734 1.

217 1748 271 1784 Qui
290 1754 370 1775 artem
389 1749 515 1775 ludicram
534 1749 645 1781 faciunt.
665 1749 772 1776 iudicati
792 1751 868 1776 etiam
888 1755 914 1776 et
933 1750 1055 1777 confessi.
1077 1752 1079 1763 '

216 1790 288 1817 Paul.
308 1791 340 1818 V.
358 1794 399 1817 26.
420 1792 442 1825 5
461 1794 485 1818 2.
523 1792 577 1827 Qui
597 1792 747 1819 confessum
767 1794 793 1819 in
812 1793 910 1819 iudicio
930 1803 1011 1825 reum,
1032 1798 1057 1819 et

216 1839 325 1871 propter
343 1834 394 1860 hoc
413 1835 438 1860 in
458 1834 561 1860 vincula
581 1832 736 1863 coniectum.
757 1837 882 1862 emiserit.
901 1835 970 1869 1134.
990 1837 1012 1870 5.
1034 1838 1055 1862 l.

216 1876 248 1903 ad
266 1876 295 1903 L.
317 1876 363 1903 lul.
384 1878 441 1903 mai.
460 1878 501 1903 46.
516 1878 540 1903 4.
578 1877 727 1904 Confessus
747 1883 772 1905 et
791 1879 936 1904 convictus.
958 1878 1007 1905 Th.
1025 1878 1056 1905 C.

216 1919 261 1946 XI.
286 1921 328 1945 36.
354 1930 374 1945 c.
396 1922 418 1946 7.
448 1930 469 1946 c.
489 1921 531 1946 31.
557 1920 640 1956 Quor.
665 1931 724 1958 app.
751 1932 774 1948 n.
799 1932 851 1948 rec.

218 1973 266 2000 pro
286 1962 399 1989 iudicato
419 1973 487 1994 esse..
506 1973 530 1989 v.
551 1963 649 1990 haberi.
681 1965 710 1991 sr.
732 1966 753 1991 1.
778 1964 808 1991 fr.
828 1966 852 1990 3.
872 1964 902 1991 fr.
923 1966 946 1991 6.
965 1975 1005 2002 pr.
1025 1964 1058 1991 de

217 2006 331 2033 consess
350 2008 392 2032 42.
412 2008 436 2032 2.
464 2005 536 2032 Paul.
557 2005 588 2032 V.
608 2008 632 2032 5.
657 2007 688 2033 A.
709 2008 730 2041 5.
750 2009 774 2033 2.
807 2023 838 2026 —
871 2007 901 2040 ἓ.
925 2009 961 2034 2.
992 2010 1057 2035 Ex-

215 2051 377 2083 ploratus.
415 2048 446 2075 II.
462 2050 528 2083 Op.
548 2048 604 2075 Hoc
619 2049 724 2085 quidem
737 2060 820 2087 paene
832 2051 883 2076 iam
901 2050 985 2077 fuerat
998 2061 1058 2077 con·
1079 2069 1080 2076 η

217 2091 324 2118 fessum.
344 2108 377 2111 —-
396 2092 529 2118 lncrebuit
542 2092 678 2118 dubitatio.
700 2103 720 2119 c.
734 2095 776 2119 22.
790 2103 829 2130 pr.
850 2093 882 2119 de
896 2093 955 2119 furt.
975 2095 998 2120 6.
1015 2096 1039 2120 2.
1079 2099 1081 2124 ¹,

253 2135 470 2162 Confestim.
501 2134 623 2168 (Advb.)
662 2137 839 2168 Continuo,
859 2138 1057 2171 Propediem.
1079 2135 1081 2156 l

220 2178 237 2204 I.
257 2179 318 2213 Sy.
351 2179 390 2204 Ex
416 2179 568 2204 continenti.
596 2178 627 2204 fr.
646 2180 688 2205 37.
717 2179 750 2206 de
773 2179 859 2206 fideic.
879 2178 943 2206 libb.
972 2182 1013 2206 40,
1033 2183 1057 2206 5.

220 2220 250 2247 fr.
270 2222 293 2247 3.
313 2222 334 2255 5.
354 2223 378 2247 9.
405 2220 437 2247 dc
455 2222 482 2247 vi
502 2225 527 2247 et
546 2222 571 2248 vi
591 2231 652 2247 arm.
677 2223 718 2248 43.
741 2224 780 2248 16.
821 2222 964 2255 Praesens,
988 2234 1009 2250 s.
1029 2223 1058 2250 In

220 2265 375 2300 praesentia.
407 2264 438 2290 fr.
457 2266 499 2291 21.
519 2275 558 2302 pr.
583 2264 635 2299 Qu.
661 2264 717 2291 dies
737 2265 813 2302 legat.
832 2268 874 2292 36.
893 2269 918 2293 2.
948 2266 979 2293 sr.
1000 2268 1057 2294 137.

222 2307 243 2340 5.
264 2308 287 2332 4.
307 2306 339 2333 de
356 2307 388 2334 V.
403 2307 436 2334 Ο.
457 2309 498 2334 45.
520 2310 542 2334 l.
580 2308 682 2334 Statim.
707 2308 738 2334 fr.
754 2311 793 2335 19.
814 2309 846 2336 de
865 2309 953 2336 hercd.
974 2315 1057 2337 v.act.
1080 2330 1082 2342 Λ

223 2351 262 2375 18.
283 2351 306 2375 4.
326 2349 356 2376 fr.
376 2351 416 2376 98.
436 2361 475 2388 pr.
496 2350 528 2377 de
547 2350 579 2377 V.
599 2351 632 2377 Ο.
652 2353 694 2377 45.
716 2353 737 2378 l.
775 2351 805 2378 II.
826 2354 892 2386 Op.
921 2354 962 2380 Ex
980 2355 1059 2380 inter·

222 2392 300 2418 vallo.
329 2392 359 2418 fr.
378 2394 402 2418 3.
422 2394 443 2427 5.
464 2395 487 2420 9.
508 2394 541 2420 de
559 2395 584 2420 vi
605 2399 631 2421 et
649 2396 674 2420 vi
695 2404 756 2421 arm.
776 2396 817 2421 43.
838 2397 877 2422 16.
914 2396 979 2423 Post
997 2402 1059 2423 tem-

222 2445 280 2472 pus.
301 2444 321 2461 s.
341 2435 479 2463 Interiecto
499 2442 624 2474 tempore.
649 2437 679 2464 fr.
693 2440 734 2464 55.
755 2439 776 2472 5.
790 2441 814 2464 2.
834 2438 866 2465 ad
886 2438 913 2465 S.
934 2439 964 2466 C.
980 2439 1058 2466 Treb.

221 2479 263 2504 36.
286 2480 307 2503 l.
327 2477 357 2504 fr.
378 2480 419 2504 52.
439 2479 460 2512 5.
479 2482 503 2506 2.
523 2480 555 2507 de
574 2480 692 2507 fideiuss.
712 2483 753 2508 46.
775 2483 796 2508 1.
834 2482 875 2508 ΙΙΙ.
899 2483 965 2510 Cn.
990 2482 1060 2509 Con-

224 2521 319 2548 festim.
340 2537 371 2540 —
391 2520 433 2547 vel
453 2527 522 2548 certe
541 2524 608 2550 intra
627 2534 729 2551 annum.
759 2524 828 2551 Coll.
848 2524 900 2551 LL.
921 2525 953 2552 M.
972 2526 1018 2552 XJ.
1037 2529 1059 2553 7.

224 2564 307 2598 Quae.
328 2564 432 2599 qnando
452 2564 526 2590 voles
546 2571 571 2592 et
589 2567 634 2593 ubi
653 2567 737 2599 voles,
756 2568 823 2594 conf.
843 2569 891 2594 tibi
910 2570 1060 2596 numerabo.
1082 2584 1083 2589 =

225 2607 254 2633 fr.
274 2608 315 2633 24.
337 2606 427 2643 depos.
451 2610 488 2633 lo.
510 2610 535 2633 3.
572 2608 625 2635 Vbi
644 2611 682 2636 sic
701 2612 781 2642 venit,
800 2617 829 2638 ut
848 2612 911 2638 conf
934 2612 1060 2639 discedat.

224 2650 254 2676 fr.
277 2651 315 2676 19.
336 2651 357 2683 5.
378 2652 401 2675 2.
428 2650 460 2676 de
480 2650 557 2676 iudic.
582 2653 605 2677 5.
627 2654 649 2678 1.
687 2654 741 2689 Qui
760 2655 794 2680 ita
812 2654 1009 2688 vulnerassent,
1034 2661 1062 2682 ut

225 2693 292 2719 conf.
312 2694 364 2719 vita
383 2694 524 2730 privarent.
546 2694 574 2719 fr.
590 2695 631 2720 51.
644 2705 684 2731 pr.
704 2696 737 2722 ad
748 2696 778 2724 L.
798 2697 866 2734 Aqu.
886 2700 909 2724 9.
928 2700 952 2724 2.
984 2698 1061 2725 Cous.

225 2741 296 2762 recte
315 2736 370 2762 dari
389 2737 464 2773 petit,
483 2737 548 2773 (qui
568 2738 602 2763 ita
623 2739 763 2775 stipulatur
782 2742 856 2775 eta).
884 2741 916 2767 fr.
936 2742 976 2767 56.
997 2742 1017 2776 5
1038 2744 1061 2768 4.

226 2778 259 2805 de
277 2778 308 2805 V.
329 2779 362 2805 O.
382 2781 423 2805 45.
444 2781 467 2805 1.
505 2779 582 2806 Conf.
603 2785 630 2807 ut
650 2782 806 2817 (iuraverit).
834 2784 864 2811 fr.
886 2785 925 2810 13.
945 2785 967 2818 5
986 2786 1010 2811 3.
1031 2785 1063 2811 de

226 2821 342 2848 statulib.
362 2823 403 2847 40.
425 2824 446 2848 7.

534 935 609 970 Quos
635 944 720 971 neque
744 936 890 961 constantia
914 935 1052 971 religiosae
1074 946 1075 951 ¹

898 1921 1057 1948 Confessum
1079 1929 1080 1948 i

1874 172 1936 203 187

1131 250 1340 279 Confi-cere.
1384 252 1415 285 §-
1442 252 1476 279 1.
1518 253 1729 286 componere,
1769 254 1930 289 Efficere.

1070 320 1072 326 ,
1094 293 1111 320 I.
1133 295 1194 329 Sy.
1222 293 1320 320 Fame
1345 294 1503 327 (venenum,
1527 305 1551 321 v.
1576 296 1732 322 vestimenta
1753 297 1827 327 eta).
1859 295 1889 322 fr.
1910 297 1931 322 1.

1094 338 1116 371 5.
1138 339 1161 364 l.
1191 336 1221 363 sr.
1241 338 1266 363 3.
1285 347 1325 374 pr.
1354 337 1385 363 ad
1405 337 1434 364 L.
1455 337 1517 364 Cor.
1543 337 1575 364 de
1594 339 1640 365 sic.
1665 340 1705 364 48.
1725 340 1748 365 8.
1778 338 1828 365 Th.
1849 338 1880 365 C.
1899 339 1931 365 X.

1094 382 1135 406 21.
1156 390 1177 406 c.
1199 382 1221 406 l.
1242 390 1263 406 c.
1282 381 1306 406 3.
1332 379 1364 406 de
1389 385 1456 406 vest.
1477 380 1594 407 holover.
1637 380 1760 409 Condere
1779 383 1933 415 (testamen-

1095 424 1170 455 tum).
1191 422 1220 449 sr.
1234 425 1276 449 45.
1296 422 1317 456 5.
1331 424 1355 449 3.
1376 423 1409 449 de
1428 428 1555 450 excusatt.
1574 426 1616 450 27.
1637 425 1659 450 l.
1680 434 1700 451 c.
1716 426 1738 451 7.
1759 435 1780 451 c.
1793 427 1835 451 27.
1856 435 1876 451 c.
1890 426 1932 451 29.

1095 476 1134 502 sq.
1155 466 1187 492 de
1200 470 1302 492 testam.
1316 470 1342 491 et
1355 465 1474 502 quemad.
1494 467 1518 492 6.
1531 468 1573 492 23.
1594 466 1772 494 Conscribere
1791 468 1894 500 (libros,
1908 477 1932 494 v.

1096 509 1274 541 donationes).
1299 508 1330 535 fr.
1349 510 1373 535 2.
1393 508 1430 542 55
1451 510 1492 535 43.
1513 519 1552 545 sq.
1578 509 1610 535 de.
1630 510 1662 536 Ο.
1682 509 1701 536 I.
1722 511 1745 537 1.
1764 512 1787 536 2.
1809 521 1829 537 c.
1848 513 1890 537 27.
1911 521 1932 537 c.

1072 582 1073 585 Ἴ
1094 554 1135 578 30.
1156 562 1195 588 sq.
1216 552 1248 578 de
1268 551 1367 578 douatt.
1386 555 1410 578 δ.
1430 553 1471 578 54.
1509 551 1550 578 Ill.
1572 554 1637 580 Cu.
1669 552 1697 579 Si
1722 563 1789 580 uxor
1810 553 1867 580 lana
1887 564 1933 580 sua

1096 610 1125 614 —-
1147 596 1302 620 vestimenta
1321 594 1435 621 confecit
1453 594 1597 621 muliebria.
1624 595 1652 621 t'r.
1666 597 1709 622 31.
1723 597 1744 630 5.
1758 598 1780 622 1.
1800 596 1833 623 de
1846 597 1932 623 donat.

1095 639 1141 663 int.
1161 637 1192 664 V.
1212 639 1253 664 24.
1275 640 1297 664 l.
1333 637 1483 674 Adparatus
1508 638 1593 663 omnis
1613 638 1835 666 conficiendorum
1854 639 1934 666 medi-

1096 685 1281 707 camentorum.
1309 679 1382 707 Paul.
1407 679 1450 706 ΙΙΙ.
1474 681 1498 706 6.
1524 680 1545 714 5.
1565 681 1606 706 62.
1645 681 1698 716 Qui
1717 682 1873 709 conficiendi
1892 693 1934 709 na-

1095 734 1141 749 ves
1160 725 1318 760 incognitam
1337 728 1396 749 ante
1415 724 1533 760 peritiam
1553 723 1671 749 barbaris
1685 724 1855 752 tradiderunt.
1884 725 1933 752 Th.

1097 766 1128 792 C.
1148 766 1192 792 IX.
1213 769 1254 792 40.
1275 777 1296 793 c.
1315 768 1357 793 24.
1377 766 1409 793 de
1427 776 1506 803 poen.
1543 766 1671 804 Mancipia
1692 772 1717 793 et
1735 778 1777 794 res
1796 774 1934 801 mercatus,

1073 825 1074 840 χ
1097 810 1239 835 emtionum
1263 810 1436 835 instrumenta
1456 819 1504 835 suo
1523 810 1628 836 nomine
1653 809 1773 836 confecit.
1802 811 1831 837 fr.
1851 813 1892 838 58.
1911 813 1934 845 5.

1095 854 1120 879 2.
1141 852 1173 878 de
1193 852 1253 878 don.
1274 853 1319 878 int.
1334 851 1365 878 V.
1384 854 1465 878 241.
1502 851 1682 885 Nummularii,
1702 854 1771 879 sieut
1789 856 1935 890 argentarii,

1097 896 1212 921 rationes
1232 895 1383 922 conficiunt.
1403 896 1462 931 quia
1483 900 1509 921 et
1527 896 1659 932 accipiunt
1676 897 1812 933 pecuniam
1838 902 1863 923 et
1881 908 1937 924 ero·

1096 943 1157 975 gant
1176 948 1224 975 per
1241 943 1338 975 partes.
1359 938 1389 964 sr.
1403 940 1427 964 9.
1442 939 1463 972 5.
1476 940 1501 964 2.
1522 938 1553 964 de
1573 938 1683 965 edendo.
1702 941 1727 965 2.
1743 941 1782 965 13.
1802 956 1834 959 —
1855 940 1885 973 ξ.
1900 942 1936 968 2.

1099 983 1280 1017 Persic-ere,
1301 983 1480 1007 Absolvere.
1503 981 1522 1008 Ι.
1537 983 1597 1016 Sy.
1618 982 1815 1009 Consummare.
1836 982 1865 1009 fr.
1879 985 1935 1010 137.

1097 1024 1134 1058 55.
1155 1025 1178 1050 2.
1199 1034 1258 1060 sqq.
1279 1024 1311 1050 de
1331 1023 1362 1051 V.
1383 1024 1416 1050 O.
1436 1025 1477 1050 45.
1495 1026 1517 1050 1.
1555 1024 1706 1061 Complere.
1725 1024 1840 1062 Explere
1859 1026 1937 1059 (mili-

1098 1068 1158 1093 tiam
1178 1068 1255 1098 etc..).
1287 1066 1337 1093 Th.
1357 1066 1387 1093 C.
1412 1066 1470 1093 XII.
1491 1069 1513 1093 l.
1543 1077 1564 1093 c.
1584 1068 1625 1093 56.
1651 1078 1672 1093 c.
1693 1070 1734 1094 58.
1754 1078 1794 1105 pr.
1818 1069 1840 1102 5.
1860 1070 1884 1095 2.
1904 1068 1936 1095 de

1098 1109 1231 1136 decurion.
1270 1109 1312 1136 III.
1340 1111 1405 1137 Cn.
1434 1109 1533 1141 Portio,
1554 1120 1620 1146 quae
1639 1110 1812 1137 conficeretur
1831 1122 1862 1138 ex
1880 1111 1937 1149 plu-

1098 1153 1179 1179 ribus.
1205 1152 1235 1179 sr.
1251 1155 1291 1179 11.
1305 1153 1327 1187 5.
1341 1155 1364 1179 7.
1385 1152 1417 1179 ad
1435 1152 1465 1179 L.
1482 1152 1551 1179 Falc.
1570 1155 1612 1179 35.
1631 1155 1655 1179 2.
1694 1153 1799 1188 Quanto
1819 1159 1937 1192 tempore

1098 1196 1210 1232 diligens
1234 1196 1368 1233 patei-fani.
1395 1196 1525 1222 conticere
1545 1197 1643 1233 possit,
1669 1196 1740 1232 quod
1762 1196 1889 1224 facturum
1908 1208 1938 1224 se

1098 1240 1256 1277 promiserit.
1286 1239 1316 1265 sr.
1338 1241 1394 1266 137.
1415 1239 1437 1273 5.
1456 1241 1481 1265 2.
1510 1239 1541 1265 de
1562 1238 1593 1265 V.
1613 1239 1646 1265 O.
1673 1240 1714 1265 45.
1736 1241 1757 1265 l.
1800 1240 1867 1275 Quin
1890 1251 1938 1277 per

1075 1291 1076 1318 ς
1098 1293 1139 1309 me
1158 1282 1321 1308 commodius
1341 1283 1473 1318 negotium
1491 1283 1593 1319 possim
1617 1282 1753 1308 conficere.
1783 1282 1813 1309 fr.
1832 1284 1873 1309 46.
1898 1294 1936 1320 pr.

1099 1325 1132 1352 de
1151 1325 1182 1352 N.
1204 1325 1234 1351 G.
1254 1327 1278 1351 3.
1298 1327 1321 1351 5.
1354 1340 1384 1344 —
1417 1326 1448 1359 ξ.
1470 1326 1507 1352 3.
1539 1327 1779 1360 Exshnguere,
1807 1328 1938 1352 Pessum

1075 1388 1077 1399 .
1099 1372 1183 1396 dare.
1222 1368 1264 1394 Ill.
1286 1370 1352 1396 Cn.
1381 1367 1486 1403 Quodsi
1505 1367 1579 1394 illum
1599 1368 1692 1394 confici
1705 1368 1731 1393 in
1745 1370 1940 1395 concertatione

1099 1422 1238 1450 pugnaque
1258 1413 1405 1448 contigerit.
1435 1411 1485 1438 Th.
1500 1411 1530 1438 C.
1550 1411 1595 1437 IX.
1615 1412 1656 1436 45.
1678 1420 1699 1436 c.
1712 1412 1736 1436 5.
1756 1411 1788 1437 de
1807 1411 1831 1438 h.
1851 1422 1894 1448 qu.
1908 1412 1939 1438 ad

1100 1455 1163 1481 eccl.
1202 1454 1322 1481 Manibus
1342 1456 1434 1481 accitis
1452 1454 1593 1485 ventilare.
1620 1458 1648 1479 ut
1667 1455 1780 1490 quisque
1798 1464 1861 1481 suos
1881 1465 1940 1481 con—

1099 1499 1171 1525 ficiat
1190 1497 1265 1524 malis
1286 1498 1386 1524 artibus
1406 1498 1534 1524 inimicos.
1558 1497 1595 1523 lb.
1609 1496 1654 1523 IX.
1676 1498 1715 1523 16.
1736 1507 1757 1523 c.
1771 1499 1795 1523 5.
1816 1497 1847 1524 cf.
1862 1508 1883 1524 e.
1900 1500 1938 1524 ll.

1100 1541 1132 1568 de
1151 1541 1236 1568 males.

1136 1592 1428 1620 Confidciussor.
1471 1593 1586 1618 Socina
1610 1593 1641 1617 in
1660 1592 1882 1626 fideinbendo.
1920 1591 1938 1617 I.

1100 1637 1161 1670 Sy.
1190 1635 1374 1661 fideiussores
1399 1634 1534 1668 (eiusdem
1554 1634 1733 1670 quantitatis).
1775 1633 1940 1661 Confideius-

1100 1688 1182 1705 sores.
1212 1678 1242 1704 sr.
1264 1680 1302 1703 10.
1323 1688 1361 1715 pr.
1386 1679 1451 1712 5.1.
1482 1677 1511 1704 fr.
1530 1679 1572 1704 39.
1592 1677 1624 1703 de.
1644 1677 1761 1704 fideiuss.
1787 1678 1828 1702 46.
1850 1678 1871 1703 l.
1909 1677 1939 1703 Il.

1102 1724 1169 1756 Op.
1200 1720 1254 1747 Nec
1274 1730 1331 1752 reo,
1357 1731 1404 1747 nec
1429 1719 1682 1746 confideiussoribus
1708 1718 1853 1756 (prodesse
1877 1719 1941 1746 fide-

1077 1779 1079 1803 (
1101 1765 1212 1791 iussoris
1232 1763 1457 1796 conventionem).
1483 1762 1512 1789 fr.
1533 1764 1573 1789 23.
1600 1762 1630 1788 cf.
1651 1762 1681 1789 fr.
1701 1764 1741 1788 25.
1763 1763 1784 1796 5.
1804 1764 1827 1788 2.
1848 1761 1878 1788 fr.
1898 1764 1938 1788 26.

1077 1806 1079 1825 l
1101 1808 1133 1834 de
1152 1812 1219 1844 pact.
1239 1809 1263 1832 2.
1284 1808 1324 1832 14.

1139 1861 1392 1889 Continentia.
1421 1860 1451 1892 §.
1465 1860 1499 1886 l.
1528 1861 1683 1892 Fiducia,
1703 1861 1860 1886 Audacia.
1898 1860 1940 1886 III.

1103 1906 1168 1932 Cn.
1196 1904 1233 1930 Vt
1259 1904 1358 1930 romani
1377 1902 1481 1929 roboris
1501 1902 1660 1928 confidentia
1680 1918 1712 1921 —
1732 1907 1836 1928 utantur
1855 1904 1941 1929 armis.

1079 1952 1080 1959 ¹
1103 1947 1169 1974 Nov.
1190 1947 1292 1974 Valent.
1313 1945 1355 1972 III.
1380 1945 1412 1971 de
1431 1944 1504 1971 redd.
1524 1945 1581 1971 iure
1600 1955 1661 1971 arm.
1681 1944 1711 1971 II.
1735 1947 1759 1972 9.
1788 1956 1809 1971 c.
1831 1947 1852 1972 l.
1890 1945 1941 1972 Pro

1079 2005 1081 2009 ⁴
1104 1996 1153 2017 tam
1173 2000 1262 2027 magna
1284 1990 1324 2015 sui
1344 1987 1515 2019 confidentia,
1539 1988 1565 2014 in
1585 1987 1697 2014 insulam
1716 1987 1849 2025 deportari
1870 1988 1941 2021 (eam

1080 2035 1081 2039 ’
1102 2034 1228 2071 oportet).
1263 2032 1313 2059 Th.
1336 2031 1367 2058 C.
1388 2031 1429 2057 III.
1451 2032 1490 2056 16.
1516 2041 1536 2057 c.
1559 2032 1580 2057 l.
1606 2030 1638 2057 dc
1663 2030 1753 2068 repud.
1786 2047 1817 2050 —
1849 2031 1879 2065 §-
1906 2033 1940 2058 2.

1103 2079 1206 2104 Fides.
1243 2075 1274 2102 II.
1292 2077 1359 2109 ⁰11.
1380 2073 1533 2101 Catholicae
1554 2073 1728 2100 confidentiae
1747 2073 1862 2100 stabilita
1882 2084 1942 2100 con-

1103 2120 1205 2146 stantia.
1232 2134 1264 2138 -—
1289 2118 1488 2144 Donatistarum
1508 2116 1657 2154 desperatio
1677 2121 1702 2143 et
1721 2116 1804 2143 fucata
1823 2116 1940 2154 perfidia.

1103 2163 1138 2189 lb.
1159 2161 1229 2188 XVI.
1251 2164 1274 2188 5.
1296 2172 1317 2187 υ,
1337 2162 1378 2186 37.
1400 2159 1432 2186 de
1451 2159 1574 2186 haeretic.

1080 2210 1081 2278 ἢ
1139 2217 1351 2244 Confidere.
1389 2217 1562 2242 Fiduciam
1581 2216 1702 2240 habere.
1734 2213 1775 2240 III.
1790 2214 1855 2241 Cn.
1875 2213 1941 2239 Cum

1104 2260 1136 2286 de
1155 2259 1346 2287 consuetudine
1366 2259 1479 2285 civitatis
1498 2257 1541 2283 vel
1560 2258 1710 2294 provinciae
1731 2256 1862 2283 confide-re
1882 2256 1940 2291 quis

1104 2303 1216 2335 videtur,
1237 2318 1269 2321 ——
1289 2301 1479 2339 explorandum
1500 2305 1548 2326 etc.
1573 2299 1602 2326 sr.
1622 2301 1663 2326 34.
1685 2299 1717 2326 de
1736 2299 1788 2325 LL.
1811 2300 1830 2324 l.
1851 2299 1874 2324 3.
1912 2297 1941 2323 Si

1105 2347 1164 2382 quis
1184 2345 1307 2373 confidit.
1331 2354 1412 2382 posse
1430 2343 1543 2381 probare.
1563 2348 1611 2369 etc.
1645 2342 1694 2369 Th.
1714 2341 1745 2368 C.
1764 2342 1808 2367 IX,
1830 2342 1850 2366 l.
1876 2350 1896 2366 c.
1916 2341 1940 2366 4,

1081 2395 1082 2398 ’
1105 2389 1136 2415 de
1156 2393 1280 2415 accusatt.

1140 2443 1377 2476 Confingere.
1403 2443 1582 2472 Simulare,
1604 2440 1817 2466 comminisci.
1848 2438 1865 2464 1.
1880 2439 1940 2472 Sy.

1081 2501 1083 2519 i
1106 2486 1223 2517 Mentiri,
1249 2484 1407 2520 Coulingere
1426 2485 1453 2510 in
1472 2494 1513 2515 se,
1543 2483 1653 2510 Temere
1676 2482 1707 2507 de
1726 2490 1755 2506 se
1773 2481 1941 2507 connuinisci.

1106 2529 1135 2556 fr.
1158 2531 1179 2554 l.
1200 2528 1220 2562 5
1241 2529 1282 2553 27.
1308 2526 1340 2553 de
1360 2528 1506 2563 quaestion.
1536 2528 1578 2553 48.
1598 2527 1636 2551 18.
1674 2524 1789 2559 Fingere.
1818 2522 1889 2549 Paul.
1909 2523 1940 2549 V.

1105 2574 1145 2598 :15.
1166 2571 1265 2605 5511.
1286 2580 1325 2606 sq.
1355 2569 1404 2596 Th.
1427 2569 1458 2596 C.
1478 2569 1522 2595 lx.
1544 2571 1565 2594 l.
1587 2579 1606 2594 c.
1629 2569 1666 2592 19.
1688 2566 1719 2592 de
1739 2571 1862 2592 accusatt.
1899 2566 1940 2592 ΙΙΙ,

1083 2640 1084 2646 .
1107 2616 1172 2642 (1η.
1201 2614 1255 2649 Qui
1274 2613 1421 2649 insignibus
1441 2612 1542 2638 altioris
1561 2610 1660 2636 ordinis
1680 2614 1797 2641 utuntur,
1815 2608 1942 2635 militiam-

1083 2656 1084 2674 *
1107 2667 1157 2694 que
1171 2656 1332 2692 confingunt.
1352 2666 1403 2692 quo
1418 2665 1494 2692 quem
1508 2657 1621 2680 terreant
1633 2651 1675 2678 vel
1689 2654 1845 2679 concutiant.
1869 2651 1941 2678 Paul.

1083 2679 1084 2716 l
1106 2700 1123 2726 l.
1142 2699 1160 2726 1.
1199 2699 1252 2735 Qui
1272 2698 1320 2725 sub
1341 2698 1450 2725 obtentu
1469 2702 1494 2723 et
1512 2696 1612 2722 monitu
1632 2694 1739 2722 deorum
1758 2695 1883 2732 quaedam
1900 2695 1942 2721 vel

1107 2743 1270 2774 renunciant.
1292 2741 1335 2775 [al.
1351 2739 1510 2772 enuncianss,
1530 2737 1571 2765 vel
1585 2739 1688 2767 iactant.
1701 2737 1744 2764 vel
1757 2739 1870 2765 scientes
1885 2747 1942 2764 con-

1084 2772 1085 2807 l
1108 2787 1216 2822 tingunt.
1247 2784 1316 2811 Coll.
1330 2783 1383 2810 LL.
1397 2783 1429 2809 M.
1443 2781 1501 2808 XV.
1515 2783 1539 2807 2.
1576 2780 1755 2808 Clandestinis
1775 2792 1803 2807 ac
1822 2781 1942 2807 domesti-

1109 2830 1146 2855 cis
1167 2828 1302 2855 fraudibus
1322 2826 1396 2852 facile
1416 2824 1521 2861 quidvis
1542 2840 1573 2844 ——
1593 2824 1705 2861 contingi
1723 2829 1823 2861 potest..
1847 2822 1888 2849 vel
1907 2822 1940 2848 id.

1084 2853 1086 2875 ³
1440 2868 1498 2893 ⁶24*
