2197 3121
941 144 1023 173 FAB
1049 162 1087 167 -
1113 144 1207 175 FAC.

206 236 256 262 que
275 236 396 253 romanae
416 226 580 263 superfluere
604 236 632 252 ac
651 224 798 251 redundare
818 226 974 252 constiterit.
995 225 1044 252 Th.
1067 241 1068 245 =

206 269 237 296 C.
257 268 327 295 XIV.
348 271 371 296 6.
393 280 414 296 c.
434 271 458 295 4.
479 269 511 296 de
531 268 593 295 calc.
614 273 711 295 coctor.

241 313 496 339 Fam-irensis.
511 314 677 338 Armorum
687 313 805 347 j‘actor
816 317 843 337 et
857 313 1046 347 artifexpu-

205 356 309 381 blicas
328 354 622 383 111.Cn.Numer-urum
633 354 801 381 fabricenses.
813 354 1046 390 1⁴‘abricenses‚qui

205 397 317 424 adaram
330 398 447 424 facienda
458 397 578 427 militant.
590 402 615 423 et
628 396 659 423 de
673 397 780 434 publico
794 396 906 423 aluntur.
922 396 968 422 Iul.
983 398 1045 433 epit.

204 450 264 466 nov.
286 451 306 467 c.
327 442 367 467 79.
388 442 503 474 33.301.
522 442 581 466 303.
619 439 675 466 Hoc
696 445 721 465 et
741 441 766 465 in
787 439 1000 469 calcariensibus.
1021 444 1047 466 et

204 483 406 515 fabricensibus,
427 488 452 510 ct
472 484 624 519 argentariis
646 483 811 509 observetur.
833 482 881 508 Th.
903 482 934 508 C.
953 482 1045 509 X11.l.

1868 150 1931 180 361

1091 225 1216 263 Turpiter
1235 226 1327 253 facere.
1348 227 1379 253 [1·.
1398 229 1422 254 3.
1443 228 1464 261 3.
1485 230 1508 254 3.
1529 227 1561 254 de
1581 227 1691 255 calnmn.
1711 230 1734 255 3.
1759 230 1783 255 6.
1820 229 1879 256 lure
1897 230 1931 256 fe-

1067 277 1068 309 ξ
1091 270 1159 295 cisse
1179 270 1330 296 existimari.
1352 270 1382 296 [ι’.
1402 272 1427 296 3.
1448 270 1480 297 de
1500 270 1517 297 1.
1538 276 1564 297 et
1582 270 1600 297 1.
1622 273 1644 297 l.
1662 273 1681 298 l.
1721 271 1781 308 Ope
1800 272 1883 298 videri
1898 272 1932 299 fe-

206 536 227 552 c.
251 528 292 552 37.
318 526 350 553 de
373 526 506 552 decurion.
545 525 717 552 Consortium
742 525 926 551 t'abricensium
951 525 1047 561 eligere
1068 535 1069 540 ¹

205 568 232 594 in
252 578 280 594 ea
300 568 371 595 urbe.
392 568 428 595 Ib.
447 569 480 594 X.
501 570 542 594 22.
567 579 587 594 c.
609 570 632 594 6.
658 568 689 595 dc
710 567 848 594 subticens.
887 567 994 604 Corpus
1013 568 1047 594 sa-

205 611 372 638 briceusium.
402 611 468 638 Nov.
495 611 544 638 Th.
569 611 597 637 11.
624 611 656 637 de
681 611 741 637 bon.
769 610 906 637 fabriceus:
931 610 949 637 l.
974 612 998 637 4.
1025 621 1046 637 c.

206 656 229 680 1.
254 664 292 691 pr.

240 697 416 724 fabrilis.
458 699 505 723 Ad
524 707 638 731 operas
657 702 808 731 spectans
822 697 997 732 fabrorum
1017 703 1046 723 et

205 741 388 774 artificum.
427 739 457 766 II.
480 742 547 773 0)).
568 739 713 771 Officiales,
728 755 760 758 —
775 738 895 765 fabriles
916 740 1046 776 (operae.)

205 782 235 809 fr.
254 784 295 809 26.
316 782 337 816 3.
360 784 399 808 12.
421 782 452 808 de
473 782 548 808 cond.
569 782 657 808 indeb.
678 784 717 808 12.
738 784 761 808 6.
783 782 813 808 fr.
835 784 859 808 6.
886 782 916 808 fr.
937 784 960 808 9.
981 783 1002 816 3.
1025 784 1046 808 1.

205 824 239 851 de
257 835 328 862 oper.
348 824 434 851 libert.
454 827 495 851 35.
518 828 539 851 1.
577 825 619 851 lII.
641 826 706 852 Cn.
726 824 854 856 Fabriles.
874 824 971 851 aliaeve
992 826 1047 851 eius

204 869 320 904 generiS.
340 882 373 885 —
393 878 455 894 sane
480 869 547 894 enim
572 869 594 894 si
614 869 640 894 in
660 868 772 894 artilicio
792 869 853 894 sint.
881 867 911 894 fr.
931 869 954 894 9.
981 867 1003 902 3
1025 870 1046 894 1.

204 910 221 936 1.
236 910 252 936 l.
272 911 314 936 38.
336 912 358 937 l.
396 911 514 937 fabriles
534 921 636 947 operae,
652 915 822 947 caeteraeque
842 920 908 946 quae
928 912 1002 947 quasi
1022 912 1047 937 iu

204 954 331 990 pecuniae
354 955 531 990 praestatione
556 954 713 979 consistunt.
739 952 768 978 fr.
788 954 812 978 6.
839 953 874 979 ib.
894 955 935 980 38.
958 956 980 979 1.
1018 954 1047 980 Si

204 1006 298 1033 operas
323 1002 434 1033 patrono
463 996 582 1023 exhibuit
602 1012 633 1015 —
654 995 774 1026 fabriles.
799 995 882 1022 veluti
912 998 1046 1033 pictor-ias,

204 1040 248 1066 vel
267 1039 339 1066 alias.
359 1040 389 1066 [Γ.
409 1041 450 1065 26.
470 1040 553 1073 312.
575 1039 606 1065 de
627 1038 702 1065 cond.
722 1038 809 1065 indeb.
831 1041 870 1065 12.
892 1041 915 1066 6.

240 1084 400 1109 Fabula·
443 1082 474 1115 §-
499 1083 534 1108 1.
574 1084 736 1109 Narratio
762 1084 862 1118 ficta.
906 1082 948 1108 ΠΙ.
982 1083 1046 1110 Gn.

204 1125 286 1152 Multa
312 1125 344 1151 de
368 1124 518 1151 huiusmodi
542 1135 570 1151 re
594 1130 644 1151 tam
669 1126 739 1151 varia
766 1129 792 1151 et
810 1125 975 1151 incredibilia
995 1135 1048 1151 cre-

205 1168 316 1199 duntur,
342 1173 370 1194 ut
394 1167 489 1194 fabulis
510 1168 721 1194 adnumerentur.
741 1168 772 1194 [ι’.
792 1169 816 1194 3.
837 1170 860 1194 si
878 1178 939 1205 pars
958 1168 1047 1195 liered.

204 1213 228 1237 5.
249 1212 272 1237 4.
310 1210 449 1237 Nutricum
475 1210 577 1237 fabulae
603 1216 627 1237 et
652 1221 747 1248 pravae
770 1212 918 1237 suasiones.
945 1210 994 1239 Th.
1016 1211 1046 1237 C.

204 1253 250 1280 IX.
279 1255 322 1280 24.
347 1264 368 1280 c.
395 1256 417 1280 1.
437 1255 459 1287 3.
481 1256 503 1279 1.
523 1253 555 1280 de
575 1259 640 1291 rapt.
660 1255 741 1290 virgg.
762 1269 792 1273 —-
814 1254 844 1287 ξ.
866 1255 900 1280 2.
926 1256 1046 1286 Fictio,

208 1298 395 1324 Tractatus
418 1298 598 1323 obscurior.
636 1296 677 1322 III.
705 1298 770 1324 Gn.
802 1296 862 1322 Non
882 1297 913 1323 ab
933 1298 1047 1333 antiquis

204 1339 313 1371 sabulis,
338 1339 386 1366 sed
405 1339 436 1365 ab
456 1339 586 1376 Imperiali
605 1339 748 1376 splendore
771 1338 908 1372 (discere.)
927 1339 1046 1366 Prooem.

204 1382 268 1409 Inst.
288 1383 310 1416 3.
329 1384 353 1409 3.
391 1381 479 1408 Semel
499 1387 566 1413 nata,
586 1387 611 1408 et
630 1393 681 1409 non
695 1383 796 1408 iteratis
817 1382 913 1408 sabulis
928 1388 1043 1409 recreata

205 1428 256 1458 (sc.
276 1426 366 1458 actio.)
386 1436 408 1451 c.
429 1427 451 1451 1.
471 1425 492 1458 3
515 1426 537 1451 1.
558 1424 590 1451 de
609 1435 666 1451 ann.
687 1436 743 1452 exc.
765 1427 789 1451 7.
808 1427 849 1452 40.

240 1470 399 1496 Facere.
437 1468 467 1500 §-
496 1470 530 1495 1.
568 1470 764 1499 Fabricare,
790 1470 869 1495 Arte
891 1475 921 1495 et
940 1471 1048 1503 operis

204 1518 401 1539 construere.
440 1510 457 1537 1.
472 1512 534 1545 Sy.
562 1510 718 1543 Aedificare,
737 1511 882 1538 Exstruere
901 1511 1047 1545 (insulam.)

205 1554 236 1582 fr.
257 1556 296 1581 72,
317 1554 339 1588 3.
358 1556 382 1580 2.
403 1554 433 1580 [ι’.
453 1556 494 1580 64.
515 1554 545 1580 [ι’.
566 1555 624 1580 124.
644 1553 677 1580 de
690 1554 723 1581 V.
737 1554 769 1581 O.
790 1556 830 1581 45.
849 1556 870 1580 1.
900 1553 1047 1580 fabricare.

206 1596 248 1624 Cf.
268 1596 293 1623 h.
313 1607 337 1623 v.
374 1596 404 1623 H.
423 1598 489 1631 Op.
509 1596 626 1629 Factum,
646 1613 677 1616 ——-
698 1597 825 1624 lnsactum
845 1596 889 1631 [al.
909 1596 1047 1631 Infectum]

207 1644 354 1675 argentum,
379 1650 403 1666 v.
423 1640 513 1666 linum.
537 1640 567 1666 [ι’.
588 1642 628 1666 70.
654 1641 737 1674 3.11.
763 1639 794 1666 fr.
816 1641 856 1666 75.
876 1640 897 1674 3.
917 1642 941 1666 4.
962 1640 995 1667 de
1013 1640 1048 1667 le-

207 1687 256 1718 gat.
276 1682 318 1708 111.
339 1683 415 1715 (32.)
436 1682 466 1708 sr.
485 1685 527 1709 27.
551 1693 590 1720 pr.
615 1682 652 1716 33.
674 1684 696 1709 1.
715 1684 739 1709 3.
764 1693 823 1719 sqq.
850 1683 883 1709 de
907 1693 970 1709 auro
995 1693 1046 1719 arg.

207 1727 249 1751 34.
267 1727 292 1751 2.
328 1725 371 1751 111.
395 1727 461 1753 οη.
482 1725 596 1761 Quodve
615 1727 718 1762 siguum
737 1726 912 1752 adulterinum
931 1725 1049 1763 sculpse-

206 1768 250 1798 rit,
270 1767 369 1800 fecerit,
389 1770 558 1805 expresserit,
578 1769 718 1799 amoverit,
737 1769 903 1795 reseraverit.
922 1768 995 1794 Paul.
1015 1767 1047 1795 V.

206 1813 248 1837 25.
269 1811 291 1844 ξ.
312 1812 335 1836 1.

207 1853 314 1880 randam
333 1863 403 1883 rem,
427 1852 470 1879 vel
489 1853 677 1883 renovandam.
700 1853 743 1879 vel
768 1853 918 1880 faciendam.
939 1853 986 1880 lul.
1007 1864 1047 1891 ep.

207 1907 267 1923 (ιον,
289 1907 309 1923 c.
330 1898 371 1923 90.
396 1896 419 1929 3.
439 1897 498 1922 342.
535 1895 618 1922 Locat
641 1895 735 1922 artifex
758 1906 864 1933 operam
888 1907 969 1928 suam,
989 1897 1004 1922 i.
1026 1908 1046 1923 e.

787 1939 863 1966 locat.
890 1941 928 1966 19.
948 1941 972 1965 2.
1019 1939 1048 1965 Si

208 1992 285 2019 quam
304 1992 358 2008 rem
383 1981 459 2007 nobis
486 1982 544 2007 fieri
568 1981 692 2013 velimus,
717 1981 799 2008 veluti
818 1987 930 2008 statuam
949 1987 997 2009 etc.
1017 1982 1047 2009 fr.

207 2028 249 2051 20.
269 2024 301 2051 de
320 2029 403 2051 contr.
429 2029 488 2050 emt.
514 2026 554 2050 ls.
577 2026 598 2050 1.
635 2023 764 2050 Heredem
783 2035 867 2051 meum
886 2025 947 2051 volo
967 2042 999 2045 —
1020 2030 1049 2052 ut

208 2069 235 2094 in
253 2068 362 2104 patriam
380 2078 463 2093 meam
482 2067 558 2093 faciat
576 2068 707 2103 porticum
727 2067 866 2103 publicam.
886 2067 917 2094 fr.
937 2069 960 2094 6.
982 2068 1003 2102 3.
1022 2071 1047 2094 2.

209 2110 241 2136 de
260 2121 321 2137 auro
342 2120 393 2146 arg.
412 2112 453 2136 34.
473 2112 497 2136 2.
536 2110 590 2145 Qui
613 2110 640 2135 in
663 2111 705 2135 via
729 2109 833 2146 publica
859 2110 958 2147 aliquid
978 2110 1047 2138 fecit.

208 1939 320 1966 faciendi
343 1939 536 1965 necessitatem.
561 1938 591 1964 sr.
615 1940 657 1964 22.
691 1939 707 1965 ”.
732 1941 757 1965 2.

210 2205 254 2232 qu.
274 2196 299 2221 in
319 2195 378 2222 loco
397 2195 460 2232 pub.
479 2197 521 2221 43.
535 2198 559 2222 ὅ.
580 2212 610 2215 -
632 2196 662 2228 §-
675 2197 710 2222 ἓ.
730 2198 937 2230 Perpetrare,
959 2198 1047 2224 Com-

210 2240 346 2264 mittere.
382 2238 402 2265 I.
422 2240 483 2272 Sy.
511 2238 659 2269 Adhibere,
685 2238 844 2271 Admittere,
863 2238 962 2265 Inserre
982 2240 1048 2272 (vim
1070 2242 1071 2247 ¹

212 2281 278 2313 ete.)
303 2280 334 2306 cs.
353 2291 377 2307 v.
395 2281 538 2307 Adhibere.
563 2282 584 2315 3.
604 2283 628 2307 2.
667 2280 838 2307 Committere
857 2281 967 2314 (furtum
985 2284 1047 2315 etc.)

212 2323 269 2349 Gai.
288 2322 330 2349 111.
351 2324 407 2349 157.
429 2325 484 2350 182.
505 2326 563 2350 197.
590 2323 621 2350 cf.
646 2323 676 2350 [Γ.
700 2325 759 2350 225.
784 2323 817 2350 de
835 2323 867 2351 V.
888 2324 915 2351 S.
940 2327 981 2351 50.
1008 2327 1047 2352 16.

211 2366 368 2401 Excogitare
387 2364 535 2397 (fraudem.)
560 2366 592 2393 ct'.
611 2366 635 2393 11.
656 2377 679 2392 ν.
717 2366 747 2393 11.
768 2369 835 2401 Op.
854 2367 977 2394 Mandare
996 2368 1047 2395 alii.

213 2408 321 2439 Curare⁷
341 2412 369 2434 ut
388 2408 419 2433 ab
439 2408 489 2434 alio
508 2410 570 2442 (fiat
590 2410 656 2442 etc.)
682 2409 712 2436 [ι’.
734 2411 756 2435 7.
781 2410 802 2443 3.
823 2413 846 2436 5.
867 2410 897 2437 [Γ.
917 2412 940 2437 9.
961 2410 993 2438 dc
1012 2412 1049 2437 iu-

213 2450 275 2477 risd.
296 2452 320 2476 2.
341 2452 364 2476 1.
406 2450 471 2477 Pati.
494 2451 524 2478 fr.
550 2454 606 2478 124.
632 2452 663 2479 de
687 2451 718 2478 V.
746 2451 772 2478 S.
798 2455 839 2479 50.
865 2455 904 2479 16.
929 2452 986 2479 Gai.
1006 2453 1047 2480 111.

212 2494 271 2519 221.
291 2492 406 2519 Pautv.
426 2495 449 2519 4.
469 2493 491 2526 3.
506 2495 527 2520 l.
564 2494 606 2521 111.
623 2496 689 2522 Gn.
708 2494 812 2522 Poenae
830 2495 924 2522 modus
938 2505 970 2521 ex
990 2506 1049 2522 con-

213 2535 312 2562 ditione
331 2545 468 2571 personae,
489 2540 514 2560 et
532 2542 617 2564 mente
636 2538 768 2570 facientis,
792 2540 873 2575 magis
894 2539 974 2565 statui
992 2543 1049 2575 pot-

213 2583 261 2604 est.
282 2577 352 2604 Coll-
370 2577 423 2604 LL.
443 2578 476 2605 Μ.
496 2578 564 2604 XUI.
583 2580 607 2604 3.
644 2580 697 2616 Qui
712 2586 817 2608 vetante
836 2581 959 2608 Praetore
978 2581 1048 2613 fecit,

213 2621 256 2647 hic
276 2621 402 2647 adversus
427 2621 540 2648 edictum
565 2621 659 2648 fecisse
681 2625 787 2661 proprie
811 2624 914 2650 dicitur.
938 2624 969 2650 fr.
990 2626 1047 2651 102.

213 2674 252 2701 pr.
274 2663 306 2690 de
324 2663 355 2690 R.
374 2663 394 2690 1.
413 2665 454 2689 50.
476 2666 516 2690 17.
552 2663 736 2701 Praeterquam
759 2668 782 2693 si
801 2668 861 2703 quis
881 2677 970 2693 eorum
989 2677 1048 2694 con-

213 2711 253 2733 tra
273 2716 331 2733 eum
354 2706 459 2738 fecerit.
484 2708 528 2743 qui
552 2709 611 2744 ipse
635 2717 723 2734 eorum
747 2709 810 2745 quid
833 2709 947 2736 fecisset.
973 2709 1004 2736 fr.
1024 2711 1047 2736 4.

214 2749 267 2785 Qu.
288 2751 374 2786 quisq.
399 2751 447 2775 iur.
470 2751 494 2775 2.
514 2751 537 2776 2.
575 2749 674 2776 Contra
698 2750 857 2779 voluntatem
881 2752 997 2779 defuncti
1015 2752 1050 2779 sa·
1070 2771 1072 2777 ,

215 2801 280 2818 cere.
306 2791 378 2819 Paul.
398 2791 440 2818 111.
459 2793 482 2818 5.
503 2792 524 2826 3.
546 2793 585 2818 13.
611 2792 642 2818 ct'.
662 2792 692 2819 fr.
712 2795 770 2819 202.
796 2794 828 2821 de
847 2794 879 2822 V.
899 2795 926 2821 S.
946 2798 987 2822 50.
1009 2796 1048 2822 16.

377 1810 430 1845 Qui
453 1812 590 1847 pecuniam
614 1815 730 1847 praestat
754 1811 786 1837 ad
809 1811 922 1847 aliquam
947 1821 1048 1848 compa·
1069 1827 1071 1838 ,r

1091 313 1167 339 cisse.
1187 312 1217 338 fr.
1237 314 1278 339 53.
1299 313 1363 345 3.1.
1385 313 1417 339 de
1436 313 1466 339 V.
1489 313 1515 340 S.
1536 316 1577 340 50.
1598 315 1637 340 16.
1658 314 1689 340 cf.
1710 314 1782 340 Paul.
1797 314 1826 341 11.
1846 317 1887 341 31.
1908 316 1929 349 3.

1092 357 1131 382 10.
1170 355 1223 390 Qui
1247 357 1399 381 convocatis
1424 356 1573 383 hominibus
1593 359 1644 383 vim
1664 357 1764 389 fecerit,
1787 360 1851 394 (quo
1872 359 1932 394 quis

1090 398 1252 427 verberetur.
1271 398 1441 435 pulsaretur.)
1461 399 1491 425 [Γ.
1511 402 1534 426 2.
1555 400 1588 426 ad
1600 400 1629 426 L.
1646 400 1693 427 Iul.
1713 400 1745 426 de
1764 402 1790 426 vi
1809 402 1875 437 priv.
1888 402 1931 428 48.

1092 442 1114 466 7.
1153 441 1205 476 Qui
1225 441 1302 467 aedes
1317 440 1414 467 alienas
1435 457 1467 460 —
1488 442 1670 479 expilaverint,
1691 459 1723 463 ——
1742 444 1765 470 si
1785 443 1891 480 quidem
1905 445 1931 470 in

1091 483 1166 509 turba
1187 494 1244 510 cum
1263 483 1316 510 telo
1342 483 1451 510 fecerint
1476 489 1523 511 ete.
1549 486 1577 512 t'r.
1604 488 1643 512 ll.
1668 496 1707 523 pr.
1732 486 1764 512 ad
1782 485 1812 513 L.
1832 486 1879 512 Iul.
1899 487 1932 513 de

1091 527 1117 552 vi
1136 526 1199 562 pub.
1219 530 1260 552 415.
1280 528 1304 552 6.
1342 526 1392 553 Cui
1418 531 1490 552 sort«¹
1514 528 1651 555 obvenerit
1675 530 1793 565 quaestio
1814 529 1846 555 de
1866 531 1930 556 sica-

1091 570 1146 596 riis.
1167 571 1222 596 eius
1242 569 1312 606 quod
1332 570 1358 595 iu
1378 569 1443 595 urbe
1462 568 1544 596 Roma
1564 587 1596 590 —
1616 571 1712 597 sactum
1731 572 1773 598 sit.
1794 571 1864 598 Coll.
1878 571 1931 598 LL.

1092 612 1124 638 Μ.
1145 612 1163 638 1.
1182 615 1206 638 3.
1244 612 1273 638 Si
1292 612 1340 638 tibi
1359 612 1487 643 mandem.
1508 617 1534 638 ut
1549 612 1620 639 Titio
1640 614 1737 640 furtum
1755 619 1799 641 aut
1812 616 1931 641 iniuriam

1069 839 1071 864 ζ
1092 836 1157 852 rere.
1185 826 1214 853 sr.
1237 828 1258 852 1.
1283 826 1313 852 fr.
1335 828 1357 852 9.
1383 826 1419 860 33.
1450 829 1469 853 1.
1489 830 1513 853 ὅ.
1539 827 1590 862 Qu.
1616 832 1675 853 met.
1702 838 1722 853 c.
1743 829 1766 853 4.
1786 830 1810 854 2.

1070 894 1071 899 ,
1093 869 1218 901 (verbis.)
1239 869 1268 895 fr.
1290 870 1330 894 19.
1351 868 1382 895 de
1402 869 1433 895 V.
1454 869 1481 896 S.
1506 872 1547 896 50.
1573 871 1613 896 16.
1651 870 1774 897 Scribere
1794 871 1932 903 (substitu-

1070 905 1071 952 }
1094 913 1190 938 tionem
1211 912 1272 943 etc.)
1298 911 1355 937 Gai.
1375 911 1405 938 ll.
1427 914 1483 938 181.
1505 913 1534 938 fr.
1556 914 1595 939 19.
1618 912 1650 939 de
1671 914 1725 939 iure
1745 913 1827 940 codic.
1847 916 1888 940 29.
1909 916 1931 941 7.

1070 970 1071 975 =
1092 955 1226 981 Emittere.
1248 953 1279 980 cf.
1300 954 1324 980 11.
1344 964 1367 980 v.
1388 955 1410 988 3.
1429 957 1453 980 2.

1068 675 1070 685 ,
1093 654 1179 681 facias.
1200 654 1256 681 Gai.
1277 655 1319 681 III.
1336 657 1392 681 157.
1414 657 1543 681 182221.
1581 656 1737 683 Manifestus
1758 657 1798 684 sur
1818 663 1866 689 est.
1887 659 1932 694 qui

1068 694 1070 738 ζ
1092 698 1117 723 in
1138 698 1256 724 faciendo
1276 697 1458 735 deprehensus
1478 703 1525 724 est.
1546 697 1618 725 Paul.
1630 699 1660 725 11.
1680 702 1721 725 31.
1742 700 1755 730 3
1777 703 1801 726 2.

1759 722 1763 726 .
1838 700 1867 726 Si
1881 711 1932 727 me-

1092 745 1134 766 tus
1154 751 1230 767 causa
1250 746 1275 767 te
1294 741 1402 772 secisse,
1422 740 1464 767 vel
1484 740 1545 767 dolo
1565 741 1646 774 malo,
1673 729 1789 778 arguero
1811 742 1866 770 Gai.
1887 743 1930 770 IV.

1095 785 1150 809 117.
1173 785 1230 810 119.
1251 800 1281 804 -—
1303 784 1333 816 ξ.
1355 785 1391 810 3.
1413 785 1594 817 Celebrare,
1615 787 1726 818 Agere.
1763 785 1781 812 1.
1801 787 1862 820 Sy.
1882 786 1922 813 Ge

1848 829 1932 865 Agere

1490 954 1533 981 III.
1550 957 1615 983 Cn.
1636 955 1780 993 Complura
1798 962 1933 994 praeterea

1093 997 1169 1023 huius
1194 998 1258 1023 iuris
1283 997 1421 1023 ordinandi
1446 999 1525 1033 gratia
1546 1014 1578 1017 —
1597 1004 1708 1035 aguntur
1732 1004 1757 1025 et
1780 999 1855 1026 fiunt.
1875 999 1932 1026 Gai.

1069 1033 1070 1047 l
1092 1040 1110 1067 1.
1132 1043 1189 1066 112.
1228 1039 1344 1066 Tabulas
1364 1041 1513 1066 testamenti
1530 1041 1623 1073 facere7
1644 1043 1753 1078 signare.
1774 1041 1803 1068 fr.
1820 1044 1860 1069 19.
1880 1042 1932 1078 Qu.

1092 1088 1194 1110 testam.
1215 1083 1262 1109 sac.
1282 1093 1307 1120 p.
1327 1084 1368 1109 28.
1387 1085 1406 1109 1.
1445 1082 1500 1109 Nec
1520 1089 1702 1111 testamentum
1723 1085 1808 1111 facere
1826 1086 1932 1122 poterit,

1092 1137 1139 1152 nec
1159 1125 1191 1152 ad
1211 1131 1395 1152 testamentum
1420 1125 1546 1152 adhiberi.
1573 1126 1604 1153 fr.
1626 1130 1664 1154 la.
1691 1128 1712 1161 3
1739 1130 1761 1154 l.
1786 1128 1820 1154 ib.
1843 1130 1884 1154 25.
1910 1130 1932 1155 1.

1093 1169 1160 1195 Cum
1185 1174 1291 1195 matrem
1316 1174 1386 1195 tuam
1410 1168 1561 1196 donationis
1586 1171 1758 1197 instrumenta
1783 1172 1808 1196 in
1828 1175 1933 1208 neptem

1093 1222 1165 1238 suam
1191 1212 1299 1243 secisse⁷
1324 1222 1372 1238 uec
1397 1222 1425 1238 ea
1451 1212 1593 1239 tradidisse
1616 1213 1697 1239 dicas.
1722 1212 1807 1240 vatic.
1833 1214 1854 1247 3.
1873 1215 1932 1240 297.

1093 1255 1217 1287 Nomina,
1242 1265 1308 1291 quae
1332 1260 1406 1292 pater
1431 1256 1517 1281 usuris
1541 1256 1683 1282 maioribus
1706 1255 1775 1282 fecit.
1801 1256 1831 1283 [Γ.
1850 1258 1892 1283 39.
1910 1257 1932 1291 3.

1070 1321 1071 1333 .
1095 1300 1134 1325 14.
1155 1298 1187 1324 de
1207 1298 1273 1324 adm.
1295 1302 1320 1324 et
1345 1299 1426 1334 peric.
1449 1299 1491 1324 26.
1517 1300 1540 1324 7.
1577 1297 1671 1324 Plures
1696 1300 1846 1334 argentarii,
1871 1309 1934 1336 quo-

1093 1351 1150 1367 rum
1169 1342 1273 1367 nomina
1293 1340 1371 1367 simul
1390 1340 1456 1367 facta
1476 1345 1545 1367 sunt.
1566 1340 1595 1367 fr.
1616 1343 1639 1367 9.
1655 1351 1694 1378 pr.
1715 1341 1748 1368 de
1766 1347 1835 1379 pact.
1853 1344 1878 1369 2.
1894 1344 1933 1369 14.

1093 1384 1122 1410 Si
1142 1394 1188 1420 ego
1210 1394 1267 1410 cum
1286 1383 1395 1410 muliere
1414 1383 1445 1410 ab
1466 1385 1540 1410 initio
1555 1385 1738 1416 contraxerim.
1759 1395 1816 1411 cum
1835 1386 1935 1421 ignora—

1093 1437 1147 1453 rem
1168 1427 1209 1453 cui
1228 1426 1293 1453 haec
1317 1426 1413 1453 sactum
1438 1426 1525 1453 vellet.
1551 1426 1581 1453 fr.
1601 1428 1625 1453 4.
1649 1437 1688 1464 pr.
1714 1427 1745 1454 ad
1765 1427 1792 1454 S.
1813 1427 1844 1455 C.
1865 1428 1934 1456 Vell.

1094 1471 1134 1496 16.
1156 1472 1179 1496 l.
1216 1469 1293 1496 Pacta
1319 1474 1460 1501 conventa,
1485 1480 1551 1506 quae
1573 1480 1658 1506 neque
1677 1469 1701 1496 d.
1721 1480 1768 1503 1n.‚
1788 1481 1873 1508 neque
1892 1471 1934 1498 ad-

1093 1523 1186 1539 versus
1207 1512 1277 1548 leges
1299 1528 1328 1533 --
1350 1512 1416 1538 sacta
1436 1517 1519 1539 erunt.
1540 1512 1570 1538 fr.
1591 1514 1614 1538 7.
1634 1513 1655 1546 3.
1672 1514 1694 1539 7.
1714 1513 1746 1540 de
1765 1519 1834 1550 pact.
1853 1516 1877 1541 2.
1893 1516 1933 1541 14.

1092 1556 1166 1583 quta
1187 1556 1248 1582 DD.
1268 1555 1420 1592 Principum
1445 1556 1648 1581 constitutiones
1672 1565 1752 1592 super
1775 1556 1823 1583 hac
1849 1567 1877 1583 re
1900 1557 1934 1583 fa-

1093 1604 1157 1625 ctas.
1178 1598 1262 1625 Vatic.
1282 1598 1304 1632 3.
1315 1600 1374 1624 277.
1412 1597 1572 1624 solemniter
1585 1597 1651 1624 sacta
1665 1600 1857 1632 (contestatio.)
1871 1599 1932 1637 ΠΡ.

1092 1642 1152 1668 XX.
1174 1644 1196 1668 l.
1233 1641 1292 1668 Iure
1316 1640 1383 1667 sacta
1408 1640 1549 1677 (adoptio.)
1579 1641 1608 1667 tr.
1627 1642 1669 1667 38.
1689 1651 1728 1678 sq.
1749 1641 1781 1668 de
1800 1641 1889 1679 adopt.
1911 1644 1932 1669 l.

1093 1687 1115 1712 7.
1154 1685 1219 1711 Dies
1244 1683 1408 1720 complendis
1432 1683 1644 1709 solemnitatibus
1668 1685 1818 1721 praestituti
1841 1685 1874 1712 ad
1899 1685 1952 1712 sa-.

1093 1727 1183 1754 cienda
1203 1727 1275 1753 haec.
1295 1725 1345 1751 Th.
1366 1725 1396 1752 C.
1416 1725 1460 1752 XI.
1485 1727 1526 1752 30.
1552 1736 1573 1752 c.
1598 1727 1639 1753 14.
1665 1726 1698 1753 de
1721 1737 1780 1764 app.
1805 1732 1831 1754 ct
1854 1738 1932 1765 poen.

1092 1769 1224 1806 Adoptio,
1252 1778 1318 1804 quae
1341 1778 1389 1805 per
1412 1768 1540 1805 populum
1564 1768 1601 1795 fit.
1640 1768 1697 1795 Gai.
1716 1769 1735 1796 I.
1761 1771 1818 1796 100.
1839 1770 1871 1797 cf.
1890 1772 1931 1798 98.

1094 1814 1151 1838 107.
1189 1812 1242 1847 Qui
1261 1821 1333 1837 sacra
1353 1812 1441 1848 impia,
1461 1816 1622 1838 nocturnave
1643 1825 1672 1829 —-
1694 1812 1815 1845 fecerint,
1839 1812 1933 1840 facien-

1093 1855 1158 1881 dave
1179 1855 1334 1880 curaverint.
1355 1853 1426 1880 Paul.
1447 1853 1479 1881 V.
1498 1856 1540 1880 23.
1559 1855 1580 1888 3.
1600 1857 1638 1881 15.
1676 1854 1766 1881 Ludos
1787 1855 1834 1882 sac.
1855 1855 1888 1883 cf.
1907 1867 1931 1883 v.

1092 1897 1168 1923 Ludi.
1190 1913 1221 1916 ὰ
1241 1898 1271 1930 §.
1289 1898 1376 1923 3.A.
1413 1899 1562 1932 Eli-gere,
1588 1899 1716 1924 Creare.
1753 1898 1771 1924 I.
1792 1900 1853 1933 sy.
1878 1899 1931 1925 Eli—

1092 1950 1160 1977 «δἐι-ε,
1189 1939 1236 1966 Iul.
1257 1950 1297 1976 ep.
1318 1949 1377 1966 nov.
1408 1950 1429 1966 e.
1449 1942 1490 1966 26.
1519 1940 1541 1973 3.
1565 1941 1607 1966 97.
1633 1940 1664 1966 ct'.
1685 1951 1705 1966 c.
1726 1943 1750 1967 5.
1769 1942 1790 1975 3.
1810 1943 1852 1968 23.
1888 1942 1930 1968 111.

1094 1985 1159 2010 Gn.
1185 1981 1333 2008 Codicillos
1353 1981 1462 2008 honoris
1482 1984 1623 2020 accipiant⁷
1648 1988 1674 2009 et
1692 1983 1756 2009 fiant
1774 1983 1805 2010 ab
1824 1984 1932 2011 illustri-

1093 2025 1155 2056 bus,
1181 2024 1224 2051 vel
1249 2025 1388 2051 comitibus
1409 2030 1457 2051 etc.
1494 2025 1530 2052 lb.
1551 2036 1572 2052 c.
1591 2028 1633 2052 23.
1662 2027 1683 2060 3.
1703 2027 1744 2052 58.
1776 2042 1808 2045 -—
1839 2027 1870 2061 §0
1891 2029 1930 2054 4.

1095 2070 1270 2102 Quaerere,
1290 2070 1458 2095 Exercere.
1495 2068 1514 2094 I.
1527 2070 1588 2103 Sy.
1608 2069 1748 2100 Exercere.
1767 2068 1865 2096 Cerere
1884 2070 1931 2103 (le-

1069 2130 1071 2149 .
1092 2112 1233 2142 nocinium.
1252 2121 1276 2137 v.
1297 2112 1455 2147 quaestum.)
1476 2112 1507 2138 ct‘.
1528 2122 1551 2138 v.
1572 2112 1710 2138 Exercere.
1730 2112 1751 2145 3.
1770 2113 1795 2138 2.
1814 2112 1929 2140 HLC'n.

209 2167 242 2171 —
262 2153 315 2188 Qui
333 2153 437 2183 sactum.
457 2153 603 2179 immissum
623 2152 708 2179 habet.
733 2152 763 2179 [ι’.
782 2155 807 2180 2.
836 2154 873 2187 33.
893 2156 934 2180 35.
954 2155 995 2180 37.
1015 2165 1048 2180 ne
1069 2158 1071 2174 ³

1093 2154 1146 2190 Qui
1165 2155 1271 2180 virtutis
1291 2153 1469 2180 ostendendae
1493 2165 1570 2180 causa
1593 2154 1643 2181 hoc
1662 2155 1771 2187 faciunt,
1791 2156 1848 2181 sine
1866 2166 1930 2182 mer-

1093 2197 1164 2223 cede.
1185 2197 1214 2223 [ι’.
1236 2198 1259 2223 l.
1283 2197 1304 2230 3.
1324 2198 1347 2223 6.
1374 2196 1407 2223 de
1425 2197 1515 2234 postul
1547 2200 1571 2224 3.
1592 2199 1614 2223 1.
1639 2196 1670 2223 cf.
1695 2197 1725 2223 [ι’.
1751 2199 1775 2224 4.
1795 2208 1833 2235 pr.
1854 2197 1885 2224 de
1904 2197 1927 2223 h.

1093 2250 1135 2276 qu.
1157 2244 1211 2266 not.
1231 2239 1318 2266 infam.
1342 2242 1366 2266 3.
1391 2242 1414 2266 2.
1454 2240 1574 2276 Corpore
1599 2245 1734 2275 quaestum
1756 2240 1848 2267 facere.
1869 2240 1927 2276 Ylp.

1069 2290 1071 2302 ¹
1092 2282 1160 2309 Xlll.
1183 2285 1204 2309 1.
1242 2283 1333 2309 Artem
1358 2282 1483 2309 ludicram
1509 2283 1556 2308 sac.
1580 2282 1617 2308 Ib.
1642 2282 1659 2309 1.
1679 2282 1695 2309 l.
1719 2283 1749 2310 fr.
1773 2285 1814 2309 37.
1837 2293 1876 2319 pr.
1897 2282 1929 2308 de

1093 2336 1164 2363 oper.
1185 2325 1271 2352 libert.
1291 2327 1332 2352 323.
1356 2327 1376 2351 1.
1414 2325 1570 2351 Medicinam
1588 2324 1635 2352 fac.
1655 2325 1685 2352 [ι’.
1699 2327 1740 2352 26.
1760 2326 1818 2359 3.1.
1838 2325 1927 2351 11138.

1094 2371 1117 2395 1.
1154 2368 1335 2404 Argentariam
1354 2367 1402 2394 sae.
1423 2368 1452 2394 sr.
1472 2369 1496 2394 4.
1516 2368 1554 2402 33.
1573 2370 1598 2395 3.
1617 2378 1657 2405 sq.
1682 2368 1714 2394 de
1733 2367 1823 2394 edend.
1843 2369 1866 2393 2.
1888 2369 1927 2393 13.

1094 2426 1126 2430 ——
1147 2411 1178 2443 §-
1206 2412 1243 2437 5.
1272 2413 1466 2442 Praestare,
1490 2413 1652 2438 Praebere.
1690 2410 1708 2436 1.
1733 2412 1793 2443 Sy.
1816 2409 1928 2436 Adferre

1094 2453 1241 2486 (meliorem
1261 2453 1458 2486 conditionem.)
1478 2453 1510 2480 cf.
1529 2453 1554 2480 11.
1574 2464 1598 2480 v.
1618 2453 1639 2487 3.
1659 2455 1682 2479 3.
1718 2451 1760 2477 111.
1775 2453 1840 2479 Gn.
1861 2451 1928 2478 Cum

1093 2496 1268 2523 intendimus:
1288 2495 1483 2528 „darc‚1'acere,
1502 2501 1636 2533 praestare
1649 2496 1797 2531 opmteref‘
1816 2494 1872 2520 Gai.
1882 2494 1926 2522 IV.

1092 2541 1116 2565 2.
1154 2539 1207 2574 Qui
1226 2540 1260 2564 ita
1280 2540 1485 2575 interrogautur:
1510 2538 1599 2570 ..Idem
1617 2537 1708 2563 dabis?
1731 2536 1802 2563 Idem
1820 2538 1928 2574 promit-

1093 2582 1143 2607 tis?
1163 2581 1234 2607 Idem
1254 2581 1374 2607 sacies?“
1405 2582 1442 2608 Ib.
1462 2582 1504 2608 111.
1531 2583 1585 2606 116.
1622 2579 1705 2605 Heres
1728 2589 1801 2605 meus
1820 2579 1926 2606 damnas

1093 2629 1150 2651 esto
1170 2623 1244 2655 dare;
1264 2623 1333 2657 dato,
1353 2624 1443 2651 facito!
1466 2624 1527 2660 le.
1550 2621 1647 2648 XXIV.
1671 2623 1694 2648 4.
1732 2621 1761 2648 Si
1784 2627 1865 2649 mater
1883 2622 1927 2649 ali-

1092 2671 1186 2699 menta,
1207 2677 1272 2703 quae
1291 2667 1353 2694 fecit
1372 2669 1398 2693 in
1417 2667 1507 2697 filium,
1527 2676 1539 2690 a
1552 2669 1626 2701 patre
1644 2669 1752 2702 repetat.
1767 2664 1797 2691 fr.
1811 2667 1834 2692 5.
1849 2666 1925 2699 3.14.

1093 2709 1125 2736 de
1145 2720 1200 2745 agn.
1221 2714 1246 2736 et
1265 2709 1348 2736 alend.
1368 2712 1409 2736 25.
1429 2711 1453 2735 3.
1490 2708 1543 2743 Qui
1566 2708 1643 2734 uxori
1662 2709 1717 2734 eius
1736 2707 1824 2734 dotem
1842 2708 1926 2734 facere

1093 2752 1207 2779 volebat.
1228 2752 1258 2779 fr.
1279 2754 1320 2779 49.
1341 2752 1372 2779 de
1391 2754 1446 2778 iure
1469 2751 1522 2777 dot.
1546 2752 1588 2776 23.
1607 2752 1632 2777 3.
1670 2749 1779 2776 Caetera
1798 2761 1830 2777 ex
1850 2752 1926 2776 inter-

1094 2795 1165 2822 dicto
1185 2795 1268 2822 facere
1288 2797 1419 2826 nolebant,
1439 2799 1516 2830 atque
1535 2793 1567 2819 ob
1587 2793 1614 2820 id
1632 2803 1684 2819 non
1703 2798 1807 2830 poterat
1824 2803 1866 2819 res
1884 2802 1926 2818 ex-

1453 2838 1486 2863 46
