2197 3121
1009 137 1093 168 IMP.

193 225 226 252 de
245 223 356 251 navicul.
394 223 463 250 Intra
482 227 599 259 tempora
618 219 832 258 (possessionis.)
853 219 923 246 Ante
941 218 1031 256 imple-

194 273 245 294 tam
265 266 495 304 (possessionem.)
515 264 544 291 fr.
566 266 604 290 13.
629 273 677 301 pro
697 268 756 289 emt.
775 264 816 289 41.
836 264 860 288 4.
888 262 919 289 cf.
939 262 969 288 fr.
988 263 1029 288 35.

193 310 226 337 de
246 320 295 336 usu
319 314 344 336 et
368 308 449 336 usufr.
474 308 522 344 leg.
546 309 586 333 33.
610 308 635 332 2.
672 305 795 338 Peracto,
815 305 925 342 Impleto
945 305 1029 341 (quin-

195 353 331 390 quennio.)
351 352 381 378 fr.
401 354 442 378 35.
461 351 478 377 l.
493 352 534 376 33.
548 352 572 376 2.
609 349 764 381 Perfectum,
783 348 921 386 Impletum
940 351 1030 381 (testa-

193 396 331 427 mentum.)
352 395 401 422 Th.
421 394 452 420 C.
471 393 501 419 II.
520 395 561 419 24.
582 403 603 419 c.
625 393 647 418 1.
667 391 745 418 famil.
766 393 857 418 ercisc.
894 390 937 417 III.
963 392 1028 418 011.

193 438 305 476 Impleto
325 447 396 470 asse,
417 438 473 463 sine
492 440 566 473 parte
584 434 695 461 heredes
715 435 836 461 instituti.
855 433 927 460 Paul.
948 433 989 459 III.
1004 435 1028 459 4.

194 481 225 507 Β.
245 481 266 514 ξ.
288 482 311 507 6.
349 480 378 507 Si
396 481 480 505 minus
501 483 591 514 quarta
614 479 735 515 portione
759 481 915 504 consecutus
935 477 982 507 sit,
1002 480 1030 502 ut

195 529 286 560 quarta
306 523 356 550 sibi
375 539 407 542 —
427 521 578 559 impleatur,
603 522 658 547 iure
678 519 816 547 desiderat.
841 519 878 545 Ib.
898 518 942 545 IV.
964 520 987 545 5.
1007 519 1028 553 ξ.

195 569 218 593 7.
256 566 300 599 Vt,
320 564 447 603 quidquid
471 565 542 600 gregi
567 563 721 600 deperierit,
742 573 773 589 ex
792 561 906 588 foetibus
925 561 1030 599 implea-

195 614 245 635 tur.
265 608 301 635 Ib.
320 608 362 635 Ill.
382 610 405 634 6.
426 608 447 641 ξ.
466 608 508 633 20.
552 605 681 632 'Numerus
705 605 847 631 liberorum
870 610 963 642 postea
985 606 1030 631 im-

196 652 291 688 pletus.
310 651 341 677 fr.
360 653 383 676 2.
404 650 425 683 §.
445 651 468 676 3.
490 649 521 675 de
541 658 594 675 vac.
616 653 641 675 et
660 658 745 676 excus.
765 649 807 673 50.
824 649 848 673 5.
885 648 914 674 Si
933 649 1031 685 stipen-

196 694 237 720 dia
257 694 362 731 impleta
381 694 441 719 sint.
470 692 499 719 fr.
520 694 543 718 9.
568 702 607 728 pr.
633 691 664 717 cf.
689 690 719 717 fr.
740 692 780 716 13.
804 690 826 723 §.
846 692 869 716 3.
894 690 926 717 de
946 690 977 717 R.
996 691 1029 717 M.

195 738 236 763 49.
257 738 295 763 16.
332 735 389 762 Fati
407 745 501 761 munus
521 734 637 771 implere.
659 733 728 760 Coll.
740 732 792 759 LL.
804 732 837 759 M.
851 733 892 760 Ill.
905 735 929 760 4.
966 733 1031 760 Post

197 778 329 816 impletam
349 778 488 814 legitimam
508 782 624 804 aetatem.
643 776 673 802 fr.
689 778 729 802 41.
750 786 789 813 pr.
809 775 841 802 de
859 776 976 803 fideiuss.
990 778 1031 803 46.

197 822 220 847 1.
256 820 368 858 Implere
389 826 507 858 coeptam
531 820 771 857 (possessionem.)
796 818 826 845 fr.
850 821 892 845 23.
916 820 937 853 ξ.
958 821 980 845 l.
1000 829 1031 845 ex

197 873 240 900 qu.
262 874 282 890 c.
302 865 360 890 mai.
380 866 404 890 4.
424 866 447 890 6.
487 862 574 889 Semel
597 861 703 899 impleta
729 863 902 899 usucapione,
920 862 1032 900 proinde

195 905 276 943 pleno
295 907 352 932 iure
370 907 463 943 incipit
482 922 514 925 —
533 911 576 932 tua
595 915 637 931 res
657 915 724 931 esse.
744 904 800 931 Gai.
819 904 849 932 lI.
870 906 910 932 41.
939 921 972 925 —
1000 906 1030 938 §0

197 950 235 976 3.
263 951 422 984 Exsequi,
453 949 670 984 &thesin-ere,
699 951 889 975 Praestare.
931 947 950 974 Ι.
970 949 1032 982 Sy.

194 991 319 1028 Explere.
340 991 380 1018 Cf.
395 991 418 1017 h.
433 1001 457 1017 v.
470 992 492 1024 ξ.
506 992 530 1016 2.
567 990 661 1017 Parere
675 991 854 1024 (conditioni.)
872 990 946 1028 Impl.
961 992 1033 1024 (con-

197 1033 343 1068 ditionem.)
362 1034 392 1060 fr.
412 1035 452 1060 86.
474 1033 505 1060 (16
525 1033 600 1060 6011(1.
626 1038 651 1060 et
676 1033 742 1060 dein.
766 1035 819 1065 35..
834 1036 857 1060 l.
883 1033 913 1060 fr.
934 1035 973 1060 13.
992 1044 1032 1070 pr.

197 1076 230 1103 de
248 1087 358 1103 manum.
378 1081 478 1103 testam.
505 1078 546 1102 40.
566 1078 589 1103 4.
613 1076 643 1102 fr.
668 1078 692 1102 3.
711 1086 750 1113 pr.
775 1076 796 1109 §.
818 1078 840 1102 l.
865 1076 897 1102 de
916 1076 1031 1103 statulib.

196 1122 238 1146 40.
259 1122 281 1146 7.
318 1119 442 1155 Perfungi
463 1119 585 1152 (officio.)
606 1119 681 1156 Impl.
701 1119 850 1153 (officium.)
871 1119 900 1146 fr.
914 1121 938 1146 3.
957 1120 994 1154 ἐξ.
1009 1121 1031 1146 l.

196 1163 220 1188 3.
246 1162 278 1188 de
302 1172 354 1188 rec.
379 1172 421 1198 qu.
447 1162 500 1188 arb.
526 1164 549 1188 4.
575 1163 599 1188 8.
638 1161 796 1188 Satisl'acere
820 1162 938 1196 (alicui.)
958 1162 1032 1200 Impl.

197 1204 369 1238 (desiderium
388 1205 465 1238 eius.)
485 1205 515 1231 fr.
537 1207 558 1231 1.
579 1205 630 1240 Qu.
651 1205 741 1231 satisd.
762 1215 816 1241 cog.
841 1208 866 1232 2.
880 1208 904 1232 8.
941 1205 1033 1232 Exsol·

196 1258 259 1274 vere
278 1247 497 1281 (creditoribus.)
516 1247 628 1285 Iinplere
647 1248 835 1281 (creditores.)
862 1259 883 1275 c.
904 1250 944 1275 15.
967 1248 989 1282 §.
1008 1250 1032 1274 3.

197 1290 230 1317 de
249 1295 351 1317 testam.
370 1300 436 1316 man.
457 1292 479 1316 7.
498 1293 523 1317 2.
542 1290 584 1317 111.
600 1292 666 1319 Gn.
685 1291 767 1327 Magis
786 1291 942 1323 resolvetur,
957 1301 1032 1328 quam

196 1333 349 1371 implebitur
367 1334 542 1367 (conventio.)
564 1333 594 1360 fr.
613 1336 637 1360 2.
662 1335 699 1368 ἐξ.
722 1336 747 1360 3.
771 1344 810 1371 sq.
836 1344 884 1372 pro
909 1339 968 1360 emt.
992 1336 1033 1360 41.

197 1377 222 1402 4.
258 1376 379 1413 Aequum
399 1381 447 1407 est,
467 1386 525 1402 eum
543 1376 622 1402 fidem
635 1376 751 1413 implere.
772 1376 802 1403 fr.
816 1379 839 1403 4.
859 1378 881 1411 §.
896 1378 918 1404 8.
939 1376 972 1403 de
985 1387 1034 1403 ma-

198 1429 269 1445 num.
288 1421 329 1446 40.
343 1421 362 1446 1.
401 1418 526 1451 Heredes,
547 1420 591 1455 qui
610 1429 662 1445 non
681 1419 844 1446 defunctorie
863 1420 980 1446 debitum
999 1419 1035 1446 of-

198 1462 286 1488 ficium
305 1462 484 1500 impleverant.
510 1461 540 1488 fr.
559 1464 600 1488 21.
625 1463 646 1496 ξ.
667 1464 691 1488 2.
711 1462 742 1488 de
762 1462 828 1489 S.C.
849 1463 930 1489 Silan.
949 1464 991 1489 29.
1010 1464 1033 1489 5.

199 1504 337 1540 Quatenus
350 1515 405 1531 mea
419 1506 529 1531 interest
542 1505 666 1542 implesse
680 1515 737 1531 cum
751 1506 906 1537 mandatum,
921 1507 943 1532 si
957 1506 1034 1532 modo

197 1546 307 1584 implere
326 1549 448 1585 potuerit.
475 1547 531 1574 Gai.
555 1547 598 1574 Ill.
625 1549 681 1574 161.
723 1547 908 1575 Yenditionem
926 1549 1035 1586 implere

198 1591 291 1626 (cogi.)
311 1590 342 1616 fr.
363 1592 403 1617 46.
425 1590 456 1617 de
475 1590 507 1617 A.
527 1590 555 1616 E.
576 1590 607 1617 V.
630 1592 669 1617 19.
692 1592 712 1617 l.
751 1591 817 1618 Cum
836 1597 929 1629 posset
947 1592 1036 1619 condi-

199 1634 236 1659 tio
256 1632 386 1659 libertatis
407 1638 465 1659 ante
485 1633 579 1659 aditam
604 1633 774 1660 hereditatem
793 1634 904 1672 impleri,
925 1640 950 1661 et
968 1635 1035 1672 lega-

200 1680 253 1702 tum
273 1677 431 1702 manumisso
451 1675 549 1702 deberi.
569 1675 599 1702 fr.
619 1677 660 1702 66.
681 1675 712 1702 (16
732 1677 807 1703 cond.
828 1683 853 1704 et
872 1678 938 1705 dem.
957 1680 999 1704 35.
1012 1679 1033 1704 l.

200 1717 370 1745 Conditionis
390 1718 537 1756 implendae
555 1720 634 1755 gratia
654 1719 786 1756 (accipere
804 1721 866 1754 etc.)
889 1720 920 1747 fr.
939 1722 980 1747 91.
1003 1720 1035 1747 acl

199 1759 230 1786 L.
250 1760 320 1787 Falc.
339 1763 381 1788 35.
399 1763 422 1788 2.
444 1760 473 1788 fr.
495 1763 534 1788 15.
555 1761 587 1788 de
605 1771 715 1788 manum.
735 1762 805 1788 vind.
825 1764 866 1789 40.
879 1765 903 1789 2.
920 1790 922 1793 ,
940 1762 1036 1790 Nume-

201 1804 328 1830 rationem
347 1804 456 1841 implere
475 1803 613 1837 (residuae
633 1805 811 1840 quantitatis)
831 1805 861 1832 sr.
883 1807 904 1832 l.
924 1816 963 1842 pr.
983 1805 1035 1841 Qu.

199 1850 254 1883 pot.
273 1848 315 1872 20.
335 1847 359 1873 4.
396 1846 585 1873 Necessitatem
605 1846 745 1873 solutionis
768 1847 839 1885 impl.
859 1847 908 1874 Th.
929 1848 959 1875 C.
978 1848 1036 1875 XII.

199 1890 224 1915 6.
249 1899 269 1915 c.
296 1891 335 1915 12.
359 1888 391 1916 (16
416 1894 531 1926 suscept.
573 1890 628 1924 Qui
650 1889 797 1916 functiones
821 1890 940 1928 publicas
963 1890 1036 1929 impl.

201 1941 253 1957 non
273 1933 385 1968 possint.
406 1932 442 1958 lb.
463 1931 520 1958 XII.
537 1934 558 1958 l.
580 1942 600 1958 c.
616 1934 672 1959 140.
694 1943 714 1959 c.
730 1934 786 1959 148.
806 1933 837 1960 de
857 1933 990 1961 dcem-ion.
1004 1950 1036 1954 —

202 1975 233 2008 ᾖ.
255 1976 293 2001 4.
313 1977 469 2007 Probare,
491 1976 712 2011 Confirmare.
733 1975 824 2010 [Sy.
843 1976 956 2009 Docere,
975 1976 1037 2003 Pro-

200 2016 271 2043 bare.
291 2017 321 2044 sr.
343 2019 383 2044 19.
402 2027 441 2053 pr.
467 2017 504 2051 ἓξ.
526 2019 547 2043 l.
568 2025 625 2054 sqq.
649 2018 680 2044 fr.
705 2020 746 2045 23.
771 2018 803 2045 de
826 2019 928 2056 probat.
951 2022 993 2046 22.
1011 2021 1036 2046 3.

201 2058 233 2085 fr.
252 2061 275 2086 3.
295 2061 317 2094 §.
337 2061 361 2086 3.
382 2059 414 2086 de
433 2059 521 2086 testib.
540 2062 581 2086 22.
602 2062 625 2086 5.
654 2060 685 2087 Il.
702 2063 768 2095 Op.
788 2061 862 2099 Impl.
882 2063 1037 2095 (accusatio-

202 2102 282 2135 nem.)
302 2119 334 2122 —
353 2102 491 2129 Desistere
511 2102 554 2135 (ab
575 2104 760 2137 accusatione.)
779 2104 809 2131 fr.
830 2106 870 2131 13.
885 2115 942 2142 sqq.
963 2105 995 2131 ad
1009 2105 1036 2131 S.

204 2143 235 2171 C.
254 2144 335 2182 Turp.
354 2147 395 2172 48.
416 2146 455 2171 16.
484 2145 526 2171 ΙΙΙ.
549 2147 614 2173 Cn.
633 2146 712 2173 Suam
730 2147 900 2174 intentionem
919 2148 1036 2185 implere.

203 2186 234 2213 fr.
255 2188 293 2213 14.
313 2187 345 2214 de
363 2188 435 2214 inoff.
455 2193 556 2214 testam.
576 2191 599 2214 5.
619 2190 643 2214 2.
680 2189 734 2225 Qui
753 2189 802 2216 boc
819 2191 970 2223 intenderit,
989 2201 1037 2218 nec

204 2228 358 2265 impleverit.
378 2230 408 2256 fr.
428 2232 451 2256 5.
471 2241 510 2268 pr.
531 2230 563 2257 de
582 2241 691 2258 manum.
710 2234 751 2258 40.
773 2234 795 2259 l.
820 2233 851 2260 cs.
877 2233 907 2260 sr.
926 2236 950 2260 3.
971 2235 993 2268 ξ.
1012 2235 1036 2260 3.

205 2272 237 2297 de
256 2271 343 2297 testib.
361 2274 402 2298 22.
421 2275 445 2299 5.
487 2272 516 2299 Si
540 2273 590 2300 hoc
613 2274 709 2311 probet
731 2280 818 2307 actor,
841 2276 908 2302 illud
932 2287 1037 2313 quoque

205 2313 313 2350 implere
333 2313 417 2341 debet.
437 2315 466 2342 fr.
485 2317 527 2342 23.
552 2316 583 2343 cf.
603 2316 632 2343 fr.
655 2319 693 2343 19.
714 2328 752 2354 pr.
777 2317 809 2345 de
828 2319 931 2356 probat.
949 2321 992 2345 22.
1011 2321 1035 2345 3.

206 2355 274 2382 Cum
292 2356 372 2383 nullis
391 2359 553 2386 extrinsecus
572 2362 729 2396 argumentis
743 2363 873 2388 accusatio
889 2362 1036 2399 impleatur.

207 2398 237 2424 fr.
258 2400 298 2425 15.
318 2398 339 2432 ξ.
361 2400 383 2424 1.
403 2398 435 2424 de
454 2403 596 2436 quaestion.
618 2404 658 2429 48.
679 2404 718 2429 18.

243 2441 460 2474 Implieare·
496 2444 526 2476 δ.
547 2446 581 2471 1.
603 2447 805 2473 connectere.
830 2447 849 2474 I.
866 2449 927 2482 Sy.
948 2447 1038 2474 Conii-

208 2493 267 2510 cure
286 2484 325 2516 (in
345 2483 511 2518 aedificium.)
535 2486 670 2524 Implicare
696 2489 788 2522 (rebus
808 2489 879 2523 soli.)
906 2490 934 2516 fr.
954 2491 995 2517 30.
1015 2491 1037 2524 §.

209 2529 232 2552 l.
252 2525 284 2551 de
303 2535 392 2563 usurp-
412 2527 453 2552 41·
473 2527 496 2552 3-
512 2543 541 2547 -
556 2530 585 2561 ἓ.
600 2531 634 2557 ².
655 2533 852 2565 Imminere,
872 2534 1038 2565 Addit-ere,

211 2570 376 2603 Obligare.
413 2568 431 2595 1.
455 2570 515 2603 Sy·
540 2569 634 2598 Subire
652 2574 772 2607 (onera.)
792 2575 866 2613 Impl.
886 2586 915 2602 se
939 2576 1040 2607 (oneri-

209 2612 280 2643 bus.)
301 2611 330 2637 sr.
350 2612 391 2638 38.
412 2611 442 2638 sr.
461 2613 502 2638 42.
523 2623 560 2649 pr.
582 2612 614 2639 de
626 2615 657 2641 A.
671 2626 694 2642 v.
709 2617 742 2643 Ο,
755 2617 786 2644 H.
805 2620 847 2645 29.
866 2620 890 2644 2.
928 2617 1038 2645 Miscere

210 2655 269 2688 (se,
290 2664 324 2680 sc.
346 2654 522 2681 contractibus
542 2655 666 2691 illicitis.)
691 2659 739 2686 Th,
760 2660 790 2687 C,
810 2660 852 2687 ΙΙΙ,
874 2663 895 2687 l,
922 2671 943 2687 c,
962 2663 986 2687 3,
1007 2661 1038 2687 de

210 2702 292 2723 contr.
313 2701 371 2723 emt.
391 2697 423 2722 X.
444 2698 466 2723 l.
487 2707 508 2723 c.
529 2700 568 2724 10,
588 2698 620 2725 de
643 2700 698 2727 iure
722 2702 788 2729 fisci.
829 2703 912 2730 Trudi
931 2705 957 2730 in
976 2704 1039 2737 (me-

210 2739 322 2772 tallum.)
340 2739 470 2776 Implicari
490 2740 628 2775 (metallo.)
652 2742 688 2769 lb.
708 2744 763 2771 XII.
784 2747 807 2772 1.
827 2757 848 2772 c.
868 2748 892 2772 6.
913 2746 944 2773 de
964 2747 1039 2773 decu-

211 2782 276 2808 rion.
313 2782 348 2808 111
371 2783 436 2810 Cn.
456 2782 579 2819 Legatum
598 2801 629 2804 —
649 2786 780 2822 praetulit,
799 2798 831 2814 ne
850 2789 979 2816 molestiis
997 2790 1040 2816 he-

1847 138 1909 168 441

1075 219 1206 245 reditariis
1225 218 1410 256 implicaretur.
1435 217 1464 244 fr.
1484 219 1507 244 4.
1535 217 1555 251 ξ,
1576 218 1616 244 ll.
1641 217 1673 244 (16
1696 217 1720 244 (1.
1740 227 1772 244 m.
1792 228 1848 244 exc.
1867 219 1909 244 44.

1074 263 1097 288 4.
1119 262 1149 288 cf.
1171 262 1200 288 fr.
1220 263 1261 288 87.
1283 261 1315 288 (16
1334 260 1442 298 lrgat.1.
1463 261 1529 294 (30.)
1566 259 1753 287 Patrimonium
1771 270 1846 287 suum
1864 271 1910 298 pu-

1074 305 1150 331 blicis
1170 305 1287 342 implicet
1305 305 1424 331 nexibus.
1450 314 1471 330 c.
1492 306 1514 330 7.
1539 303 1571 329 (16
1594 303 1665 330 fund.
1685 304 1787 340 patrim.
1808 305 1847 330 11,
1867 305 1908 329 61.

1074 347 1220 374 Mercandis
1250 347 1481 383 distrahendisque
1508 347 1586 373 rebus
1614 347 1761 373 institutum
1788 347 1857 372 vitae
1884 351 1910 372 et

1073 390 1217 417 voluntatis
1242 390 1379 428 implicuit.
1411 389 1460 416 Th.
1485 389 1515 417 C.
1534 389 1603 416 XIII.
1628 391 1651 416 1.
1675 399 1696 415 c.
1716 390 1757 415 10.
1783 388 1815 415 de
1833 388 1908 415 lustr.

1074 433 1161 460 collat.

1109 476 1334 509 Implicitus.
1372 474 1492 508 (partic.)
1530 475 1560 508 ξ.
1584 476 1618 501 l.
1648 476 1908 509 Comprehenaus.

1073 518 1116 545 111.
1137 520 1202 546 (7η.
1222 518 1302 554 Quod
1321 518 1463 555 implicitus
1483 518 1506 543 ei
1530 518 1579 551 (sc.
1600 517 1767 550 statulibero)
1786 527 1861 543 casus
1880 517 1910 543 li-

1073 561 1184 587 bertatis
1203 561 1288 588 fuerit.
1308 561 1337 588 fr.
1358 562 1381 587 6.
1401 562 1423 587 si
1443 571 1475 587 ex
1494 570 1553 586 nox.
1573 571 1594 586 c.
1613 563 1637 587 2.
1651 562 1675 587 9.
1712 560 1835 597 Impliciti
1854 570 1910 586 see-

1073 603 1135 630 leris
1155 609 1282 631 auctores.
1303 604 1352 630 Th.
1364 603 1394 630 C.
1405 602 1475 630 XVI.
1486 604 1510 629 6.
1531 613 1551 629 c.
1572 604 1595 629 4.
1617 604 1638 637 ξ.
1660 605 1681 629 l.
1701 613 1733 629 ne
1753 602 1780 629 S.
1794 603 1909 640 bapt.-

1074 647 1104 680 §.
1117 648 1151 673 2.
1166 649 1355 679 Contortus,
1370 648 1554 680 Multiplex.
1568 645 1611 671 Ill.
1621 646 1685 673 (711.
1700 645 1767 672 Cum
1788 656 1839 682 quo
1859 646 1908 679 (sc.

1074 689 1244 723 inensulario)
1263 691 1389 716 rationem
1408 689 1560 727 implicitam
1573 688 1693 719 habebat,
1713 693 1821 725 propter
1839 699 1910 715 acce-

1074 738 1118 769 pta
1143 737 1168 759 et
1192 732 1257 759 data.
1283 732 1314 758 fr.
1338 734 1379 759 47.
1404 733 1425 766 §.
1451 733 1473 758 1.
1499 731 1531 758 tle
1550 736 1616 769 pact.
1636 733 1659 757 2.
1680 732 1720 757 14.
1756 730 1911 768 Implicitam

1075 786 1133 802 esse
1153 775 1213 802 faeti
1233 775 1420 812 quaestionem.
1440 774 1471 801 fr.
1491 776 1532 801 52.
1553 784 1592 811 pr.
1611 784 1659 811 pro
1679 783 1732 800 soc.
1753 775 1793 800 17.
1811 776 1835 800 2.

1110 820 1336 851 Implorare.
1373 819 1570 851 Exposcere,
1590 819 1712 844 Petere.
1748 816 1840 850 LSy.
1859 817 1911 843 De-

1076 861 1200 888 siderare.
1220 860 1251 887 fr.
1271 862 1311 887 13.
1330 860 1352 893 ξ.
1374 862 1396 886 1.
1416 860 1446 887 fr.
1465 862 1507 886 35.
1528 859 1560 886 de
1579 860 1672 886 minor.
1691 861 1715 885 4.
1734 861 1757 885 4.
1782 859 1823 885 111.
1845 861 1910 887 Cn.

1075 905 1103 931 ln
1122 904 1270 930 libertatem
1289 902 1438 935 reclamare,
1458 908 1483 929 et
1503 902 1611 929 liberale
1626 902 1750 929 iudicium
1762 901 1910 939 implorare.

1076 947 1106 974 fr.
1125 948 1149 973 3.
1174 947 1196 980 §.
1218 947 1258 972 10.
1283 945 1315 972 de
1340 945 1371 971 A.
1397 955 1421 971 v.
1440 945 1471 977 A.
1492 945 1523 972 P.
1543 947 1584 972 41.
1603 948 1628 972 2.
1666 944 1818 972 Summatim
1836 946 1911 971 aesti-

1076 989 1210 1021 mandum,
1235 1004 1267 1009 —-
1292 998 1323 1014 an
1343 987 1410 1014 sorte
1428 987 1453 1014 b.
1474 987 1489 1014 f.
1509 988 1663 1025 imploretur
1683 988 1807 1015 iudicium
1825 987 1858 1014 dc
1876 992 1912 1014 te-

1077 1037 1216 1059 stamento.
1236 1031 1267 1058 fr.
1287 1033 1310 1057 7.
1335 1031 1357 1065 ξ.
1379 1032 1400 1057 1.
1426 1029 1458 1056 de.
1481 1030 1570 1057 hei-ed.
1589 1035 1642 1068 pet.
1662 1033 1685 1057 5.
1705 1032 1729 1057 3.
1766 1030 1795 1056 Si
1813 1035 1913 1057 certum

1077 1077 1119 1107 sit.
1139 1074 1302 1112 repudiatam
1325 1073 1368 1100 vel
1393 1074 1515 1099 omissam
1539 1073 1722 1106 hereditatem,
1746 1073 1842 1099 frustra
1861 1073 1913 1100 hoc

1077 1119 1190 1145 edictum
1209 1117 1371 1155 imploratur.
1397 1116 1427 1143 fr.
1448 1118 1471 1142 1.
1495 1117 1517 1150 ς’.
1537 1117 1560 1142 4.
1585 1121 1613 1142 ut
1638 1117 1664 1142 in
1683 1126 1755 1153 poss.
1774 1115 1850 1152 legat.
1869 1117 1911 1142 36.

1077 1163 1100 1188 4.
1138 1162 1280 1188 Decretum
1299 1160 1432 1187 Praetoris
1451 1158 1523 1196 impl.
1548 1158 1578 1185 fr.
1597 1160 1639 1185 39.
1664 1159 1686 1192 ξ.
1706 1160 1729 1185 9.
1750 1158 1781 1185 de
1801 1159 1866 1185 adm.
1886 1164 1913 1185 et

1077 1206 1157 1242 peric.
1177 1205 1218 1230 26.
1239 1206 1262 1230 7.
1307 1201 1456 1240 Principale
1480 1201 1604 1228 auxilium
1629 1201 1700 1238 impl.
1726 1201 1756 1227 fr.
1782 1203 1821 1228 13.
1845 1202 1867 1235 §.
1887 1203 1910 1228 4.

1078 1248 1109 1275 ad
1133 1248 1160 1274 S.
1174 1247 1204 1274 C.
1230 1246 1309 1273 Treb.
1333 1247 1375 1273 36.
1400 1247 1423 1271 1.
1464 1244 1625 1271 Beneficium
1647 1244 1713 1281 legis
1731 1243 1870 1276 Falcidiae,
1890 1254 1911 1271 s.

1077 1291 1159 1327 legem
1179 1289 1248 1316 Falc.
1268 1288 1340 1326 impl.
1360 1287 1391 1314 fr.
1405 1289 1446 1314 87.
1464 1287 1486 1320 ξ.
1500 1290 1524 1314 4.
1545 1286 1577 1314 de
1597 1287 1673 1324 legat.
1692 1287 1723 1313 II.
1744 1287 1811 1320 (31.)
1829 1286 1911 1313 sr.58.

1078 1334 1108 1361 fr.
1129 1334 1170 1359 89.
1189 1333 1212 1367 ξ.
1233 1334 1258 1358 1.
1277 1331 1309 1358 ad
1327 1331 1357 1358 L.
1377 1330 1447 1357 Falc.
1466 1332 1507 1357 35.
1527 1332 1551 1356 2.

1113 1378 1330 1410 Imponere.
1366 1374 1398 1408 §0
1418 1375 1452 1400 1.
1473 1375 1702 1407 Snperponere.
1739 1372 1758 1399 I.
1780 1373 1841 1407 Sy.
1867 1372 1915 1399 Su-

1078 1431 1124 1457 pra
1144 1418 1288 1446 aedificare.
1326 1416 1412 1454 Super
1434 1426 1541 1453 ponere.
1566 1415 1596 1442 fr.
1615 1418 1657 1442 20.
1681 1416 1703 1450 5.
1723 1416 1746 1442 6.
1771 1415 1801 1442 sr.
1821 1416 1862 1442 24.
1882 1415 1915 1442 (16

1079 1463 1106 1490 S.
1126 1462 1154 1489 P.
1174 1462 1206 1489 V.
1225 1462 1249 1488 8.
1271 1462 1296 1486 2.
1321 1459 1351 1486 fr.
1375 1461 1416 1485 47.
1441 1458 1473 1485 de
1498 1458 1582 1484 damn.
1608 1458 1653 1484 inf.
1673 1460 1715 1485 39.
1734 1461 1758 1484 2.
1794 1458 1825 1485 II.
1847 1460 1914 1493 Op.

1079 1507 1203 1537 Demere,
1228 1503 1380 1531 Detrahere.
1405 1501 1436 1528 fr.
1461 1503 1501 1528 59.
1527 1500 1560 1527 de
1582 1499 1613 1527 R.
1633 1500 1665 1527 V.
1685 1502 1708 1526 6.
1734 1502 1756 1526 1.
1780 1500 1811 1528 sr.
1832 1503 1871 1528 17.
1891 1502 1913 1535 §.

1080 1550 1120 1575 10.
1141 1548 1171 1575 fr.
1191 1548 1232 1574 18.
1252 1547 1273 1581 ξ.
1295 1548 1317 1572 1.
1338 1545 1369 1572 (16
1389 1545 1418 1571 Α.
1439 1544 1469 1571 Ε.
1488 1543 1520 1570 V.
1542 1545 1580 1570 19.
1602 1545 1624 1569 1.
1644 1543 1686 1569 111.
1707 1544 1772 1570 C'n.
1792 1543 1821 1570 Si
1840 1554 1915 1571 areae

1079 1591 1178 1628 legatae
1199 1606 1231 1610 —-
1251 1589 1399 1615 aedilicium
1423 1587 1575 1625 impositum
1599 1591 1647 1612 est.
1671 1585 1701 1612 fr.
1725 1587 1765 1612 39.
1786 1586 1819 1612 de
1837 1585 1914 1622 legat.

1079 1634 1109 1661 II.
1131 1633 1199 1667 (31.)
1219 1632 1249 1658 sr.
1271 1633 1310 1658 18.
1331 1632 1352 1665 §.
1372 1633 1397 1657 4.
1417 1630 1449 1657 de
1468 1630 1552 1657 damn.
1567 1628 1610 1655 inf.
1624 1630 1665 1655 39.
1679 1631 1703 1655 2.
1741 1627 1777 1655 Vt
1790 1634 1915 1655 utrarum-

1080 1687 1130 1714 que
1154 1675 1256 1702 aediuin
1279 1685 1370 1706 onera,
1395 1684 1460 1710 quae
1478 1672 1555 1699 modo
1575 1673 1631 1698 iure
1649 1672 1827 1708 imponantur.
1847 1681 1915 1697 com-

1079 1721 1164 1747 munis
1184 1719 1270 1755 paries
1291 1718 1422 1743 sustinere
1434 1716 1527 1753 possit.
1542 1715 1572 1741 sr.
1586 1715 1627 1740 36.
1647 1714 1681 1740 ib.
1694 1715 1735 1741 39.
1750 1716 1773 1740 2.
1811 1713 1915 1741 Novum

1080 1763 1218 1789 tectorium
1236 1759 1380 1797 parietibus
1399 1760 1540 1796 imponere.
1566 1757 1596 1784 fr.
1621 1757 1662 1782 44.
1689 1756 1722 1783 de
1746 1756 1827 1783 usul'r.
1848 1758 1871 1783 7.
1891 1758 1915 1783 l.

1080 1804 1228 1832 Perforatae
1247 1805 1296 1836 (se.
1316 1801 1432 1835 tabulae)
1451 1800 1549 1837 triplici
1567 1799 1622 1826 lino
1642 1800 1861 1835 constringantur,
1880 1804 1916 1825 at-

1081 1858 1131 1884 que
1149 1847 1301 1883 impositum
1325 1855 1403 1883 supra
1429 1844 1509 1870 linum
1535 1852 1609 1869 cerae
1632 1843 1704 1879 signa
1724 1842 1914 1879 imprimantur.

1080 1890 1152 1917 Paul.
1172 1889 1204 1916 V.
1224 1891 1265 1915 25.
1285 1889 1306 1923 ᾗ.
1326 1890 1350 1914 6.
1370 1904 1401 1907 -
1422 1888 1452 1920 §0
1472 1888 1506 1913 2.
1527 1887 1671 1922 Inferre,
1693 1886 1867 1919 Deponere.
1895 1884 1915 1910 I.

1081 1936 1142 1968 Sy.
1163 1932 1273 1968 Cogere,
1291 1931 1395 1959 Mittere
1414 1931 1440 1956 in
1459 1930 1576 1963 (navem,
1600 1938 1637 1955 sc.
1657 1929 1780 1960 merces.)
1799 1927 1829 1954 fr.
1848 1929 1872 1954 2.
1892 1928 1915 1961 §.

1080 1979 1104 2003 2.
1125 1976 1157 2003 (16
1175 1975 1204 2002 L.
1224 1974 1309 2001 Rhod.
1336 1976 1375 2000 14.
1399 1975 1423 1999 2.
1447 1972 1477 1999 fr.
1499 1974 1555 1998 122.
1580 1972 1601 2006 §.
1622 1973 1645 1998 1.
1670 1970 1702 1997 de
1725 1970 1757 1997 V.
1778 1970 1811 1997 Ο.
1830 1971 1871 1996 45.
1892 1971 1915 1996 l.

1080 2020 1232 2056 Deponere.
1252 2017 1281 2046 l'r.
1301 2019 1343 2043 37.
1363 2016 1384 2050 §.
1405 2018 1428 2042 l.
1448 2015 1478 2041 fr.
1498 2016 1538 2041 40.
1558 2014 1591 2042 de
1609 2014 1681 2050 relig.
1702 2015 1741 2039 ll.
1757 2014 1780 2039 7.
1798 2012 1841 2038 111.
1850 2013 1916 2040 Gn.

1080 2062 1174 2089 Vtrum
1194 2071 1242 2098 pro
1261 2060 1311 2092 his,
1331 2060 1375 2096 qui
1394 2059 1520 2095 impositi,
1539 2068 1571 2084 an
1589 2067 1639 2095 pro
1658 2056 1700 2083 his
1720 2056 1764 2092 qui
1784 2054 1915 2092 deportati

1081 2110 1178 2137 essent.
1198 2112 1297 2130 merces
1317 2102 1438 2129 daretur?
1458 2101 1487 2128 fr.
1508 2102 1548 2127 10.
1567 2110 1606 2137 pr.
1627 2099 1659 2126 de
1676 2098 1706 2125 L.
1726 2097 1811 2124 Rhod.
1832 2099 1872 2123 14.
1889 2099 1913 2123 2.

1082 2148 1113 2175 cf.
1137 2147 1168 2174 fr.
1189 2149 1212 2173 4.
1237 2147 1258 2180 §.
1279 2148 1302 2172 2.
1329 2150 1397 2172 naut.
1423 2154 1496 2181 caup.
1520 2145 1544 2169 4.
1568 2145 1591 2169 9.
1634 2142 1662 2168 In
1686 2151 1738 2178 quo
1757 2141 1806 2174 (sc.
1826 2149 1914 2166 monu-

1081 2192 1181 2222 mento)
1201 2199 1297 2226 corpus
1316 2188 1466 2226 impositum
1486 2188 1527 2214 sit.
1546 2185 1576 2212 fr.
1596 2187 1637 2212 37.
1656 2185 1678 2219 §.
1694 2187 1716 2210 1.
1736 2183 1769 2210 de
1787 2182 1859 2219 relig.
1874 2184 1913 2208 11.

1081 2236 1104 2260 7.
1141 2233 1238 2260 Peeora
1257 2231 1371 2269 praediis
1390 2232 1532 2267 imponere.
1556 2228 1586 2255 fr.
1607 2230 1647 2254 14.
1668 2228 1690 2261 §.
1710 2228 1733 2253 l.
1753 2226 1785 2253 de
1804 2227 1912 2262 impenS.

1080 2278 1107 2303 iu
1125 2286 1168 2303 res
1187 2275 1241 2302 dot.
1259 2277 1301 2301 25.
1322 2277 1344 2302 l.
1381 2272 1461 2309 Quod
1485 2272 1585 2298 lancem
1610 2272 1666 2297 sive
1691 2269 1750 2296 ideo
1770 2268 1859 2295 haberi
1878 2268 1914 2293 iu-

1081 2319 1148 2351 beat,
1168 2323 1197 2345 ut
1215 2318 1333 2344 manibus
1348 2316 1499 2353 occupantis
1520 2314 1585 2341 nihil
1598 2313 1759 2343 subiiciatur,
1780 2312 1835 2337 sive
1854 2309 1913 2335 ideo

1082 2367 1118 2394 ut,
1139 2361 1209 2398 quod
1228 2361 1369 2391 invenerit,
1393 2359 1429 2385 ibi
1452 2360 1583 2395 imponat.·
1599 2356 1655 2383 Gai.
1675 2355 1716 2381 III.
1738 2355 1793 2380 193,
1830 2351 1913 2388 Impo—

1082 2406 1133 2431 sito
1154 2403 1230 2430 thure
1248 2403 1366 2430 venerari
1385 2400 1556 2435 (simulacra.)
1576 2399 1624 2426 Th.
1645 2397 1675 2424 C.
1695 2396 1764 2423 XVI.
1786 2396 1824 2420 10.
1839 2404 1860 2420 c.
1873 2396 1912 2420 12.

1080 2457 1120 2485 pr.
1140 2448 1161 2481 ξ.
1182 2449 1204 2473 l.
1225 2446 1257 2473 de
1275 2455 1365 2483 pagan.
1390 2461 1422 2464 —
1448 2445 1478 2477 ξ.
1504 2445 1541 2470 3.
1566 2444 1746 2469 Admovere.
1784 2437 1827 2463 III.
1847 2438 1913 2464 οη.

1081 2491 1150 2517 Ecce
1168 2490 1217 2516 tibi
1236 2489 1377 2515 vindictam
1395 2487 1524 2525 imposui!
1542 2486 1577 2512 Et
1590 2482 1665 2510 simul
1678 2481 1776 2507 homiui
1789 2479 1913 2506 festucam

1082 2533 1242 2571 imponebat.
1264 2531 1320 2557 Gai.
1339 2530 1383 2557 IV.
1404 2531 1443 2556 16.
1463 2529 1494 2556 fr.
1509 2530 1548 2555 14.
1568 2528 1589 2561 ᾗ.
1604 2528 1627 2552 l.
1647 2524 1678 2550 de
1697 2533 1763 2549 111³ss-
1782 2524 1823 2548 40-
1841 2523 1861 2548 l.
1881 2521 1911 2548 fr.
1927 2536 1929 2539 ’

1083 2579 1123 2603 12.
1143 2577 1165 2610 ξ.
1183 2577 1207 2601 2.
1228 2574 1260 2601 (16
1278 2573 1381 2600 liberali
1401 2584 1422 2600 c.
1442 2575 1482 2599 40.
1504 2573 1542 2597 12.
1564 2585 1593 2590 -
1614 2569 1644 2601 ξ.
1666 2568 1704 2592 4.
1724 2567 1912 2600 Iniungere,

1084 2619 1299 2646 Constituere.
1335 2616 1353 2643 1.
1375 2618 1436 2651 Sy.
1464 2615 1575 2641 Poenam
1594 2611 1740 2647 imponere,
1759 2607 1862 2634 Punire.
1882 2607 1912 2634 sr.

1084 2663 1106 2687 1.
1126 2670 1166 2697 pr.
1186 2661 1222 2694 ἕξ.
1243 2661 1265 2686 l.
1285 2669 1324 2696 sq.
1345 2659 1377 2686 dc
1396 2659 1492 2685 effi-act.
1516 2656 1557 2680 47.
1582 2654 1622 2679 18.
1660 2651 1774 2687 Cogere,
1793 2649 1912 2677 Necessi-

1083 2708 1163 2730 tatem
1182 2704 1242 2740 imp.
1262 2701 1292 2729 fr.
1311 2705 1352 2729 31.
1372 2712 1410 2739 pr,
1435 2701 1456 2733 ς’.
1479 2700 1503 2724 2.
1528 2696 1560 2722 ad
1583 2695 1610 2722 S.
1623 2694 1653 2721 C.
1678 2693 1758 2720 Treb.
1777 2694 1818 2719 36.
1840 2695 1861 2718 l.
1881 2692 1910 2718 fr.

1085 2748 1124 2773 18,
1144 2746 1166 2779 ξ,
1186 2748 1208 2772 5,
1229 2745 1261 2772 de
1281 2750 1356 2771 castr,
1376 2753 1431 2780 pcc.
1455 2742 1496 2767 49.
1522 2741 1561 2765 17.
1604 2737 1774 2764 Constituere
1792 2736 1912 2770 (servitu-

1083 2790 1157 2822 tem.)
1177 2788 1206 2815 sr.
1228 2789 1266 2814 19.
1286 2787 1318 2814 de
1337 2787 1425 2813 servit.
1449 2785 1473 2810 8.
1499 2784 1520 2808 1.
1557 2780 1599 2807 Ill.
1626 2781 1691 2808 Gn.
1721 2778 1841 2806 Honores
1860 2776 1910 2803 adi-

1440 2828 1473 2853 56
