2197 3121
964 147 1041 178 VIR
1055 165 1093 172 —

214 229 312 257 Viriles
331 230 489 267 (portiones,
509 239 530 256 s.
550 231 660 267 partes.)
680 228 752 256 Paul.
772 228 814 255 III.
834 230 857 255 2.
878 229 900 262 5.
919 230 943 255 3.
963 228 994 255 fr.
1015 230 1055 255 13.

214 283 253 310 pr.
273 272 306 299 de
324 272 413 299 hered.
433 274 494 299 inst.
513 273 554 298 28.
574 275 597 298 5.
623 272 652 298 fr.
674 274 696 298 7.
722 272 743 306 5.
763 274 787 298 2.
808 271 840 298 de
859 271 913 297 reb.
933 271 995 298 dub.
1014 273 1055 298 31.

214 318 238 342 5.
275 316 304 342 In
323 317 407 353 capita
427 315 510 342 dividi
530 314 747 348 (hereditatem.)
767 313 869 350 Singuli
889 314 980 341 viriles
999 324 1057 352 por-

214 359 299 385 tiones
319 358 461 385 habebunt.
483 357 554 384 Paul.
576 357 591 384 1.
612 357 628 383 1.
650 368 671 384 6.
692 359 714 383 7.
728 367 768 394 pr.
782 357 803 390 5.
820 358 842 382 1.
857 356 887 382 ad
902 357 967 384 S.C.
984 357 1055 384 Tert.

213 402 237 428 6.
257 402 298 427 56.
336 400 463 428 Dividere
489 400 676 436 obligationem
701 401 787 432 (inter
806 399 1003 433 fideiussores.)
1028 399 1056 426 In

213 443 316 470 virilem
335 444 476 470 convenire
496 453 550 469 eos.
570 443 600 469 fr.
620 445 661 469 27.
681 453 720 480 pr.
740 443 760 476 5.
780 444 804 469 4.
824 442 856 468 de
876 442 994 469 tide-iuss.
1013 444 1055 469 46.

215 488 236 513 l.
274 486 304 512 II.
325 488 392 520 ΟΡ.
413 485 537 516 Dimidia,
557 485 599 512 vel
619 487 702 516 tertia,
724 502 753 506 --
775 484 866 511 Virilis
880 487 976 522 (pars.)
998 485 1055 512 Gai.

213 528 255 556 111.
273 530 316 555 42.
336 538 393 565 sqq.
415 528 446 555 cl'.
466 528 496 554 II.
519 530 574 554 124.
604 527 734 555 Solidum.
762 543 794 547 —
820 526 911 554 Virilis
932 538 1007 565 pars,
1033 538 1054 554 s.

212 573 309 610 portio.
328 570 366 597 ld.
385 571 428 597 111.
450 572 507 598 121.
526 581 566 608 sq.
592 571 622 597 fr.
643 573 683 597 10.
703 571 724 605 5.
743 572 766 597 3.
791 570 824 596 (16
849 570 907 608 adp.
933 576 958 597 et
981 570 1054 598 relat.

212 616 254 641 49.
275 616 298 641 l.
326 613 438 646 Viriles,
459 630 491 634 —
516 613 694 640 IIereditariae
714 614 846 650 (partes)
875 614 904 640 fr.
924 616 965 640 54.
988 615 1009 648 5.
1029 616 1052 640 3.

212 657 244 684 fr.
263 659 304 684 67.
324 658 346 692 §.
368 659 390 683 l.
411 657 440 684 fr.
464 659 520 684 114.
541 658 562 691 ς.
586 659 624 683 17.
648 657 678 683 fr.
706 657 762 682 124.
787 656 819 682 de
843 656 918 692 ΙΨ(
939 656 957 682 1.
977 658 1054 690 (30.)

212 700 243 727 fr.
262 701 286 727 8.
306 710 345 737 pr.
375 699 407 726 de
435 699 511 736 legat.
539 705 636 737 praest.
656 701 697 726 37.
716 701 739 725 5.
776 698 818 724 III.
840 700 905 726 Cn.
936 698 985 730 Vt,
1005 710 1054 726 am-

212 742 298 781 pliore
317 742 422 780 quidem
451 753 528 779 quain
556 742 627 769 virili
654 742 775 779 portione
803 741 956 768 hereditatis
986 741 1053 774 data,

212 796 296 823 usque
315 785 347 812 ad
366 785 470 812 virilem
490 790 618 812 tueantur.
633 785 662 811 fr.
675 787 699 810 5.
714 784 735 817 5.
751 785 772 810 7.
789 783 818 810 fr.
833 786 856 810 7.
870 795 910 821 sq.
926 785 960 810 ih.
974 786 1015 811 37.
1029 787 1053 811 5.

212 828 269 856 Gai.
282 828 324 855 III.
336 830 376 855 70.
392 828 421 856 fr.
437 830 476 855 70.
491 830 512 863 5.
526 831 549 854 2.
565 828 597 854 de
610 827 682 863 legat.
697 826 726 852 II.
742 827 809 859 (31.)
824 827 964 864 Quotquot
978 833 1054 854 erunt

212 881 330 903 numero,
352 888 380 892 --
402 873 429 898 in
449 876 488 898 tot
506 876 595 909 partes
613 869 752 896 deducitur
770 870 838 896 inter
857 880 903 896 eos
917 870 1054 906 obligatio,
1076 901 1078 908 .

212 920 239 941 et
258 914 353 951 singuli
373 914 464 941 viriles
484 919 572 951 partes
592 917 640 939 etc.
661 912 718 939 Gai.
732 912 773 939 III.
796 914 852 939 121.
866 912 909 940 IV.
924 915 967 939 22.
987 913 1017 939 fr.
1034 915 1054 939 l.

212 957 234 991 5.
255 958 295 984 11.
316 957 348 983 de
367 962 415 984 tut.
435 963 461 984 et
480 962 527 984 rat.
545 958 586 982 27.
606 957 629 982 3.

247 1000 430 1027 Virilitas.
470 1001 606 1027 Virilia.
635 997 653 1024 1.
669 998 731 1032 Sy.
751 997 907 1024 virilitatem
927 999 1054 1025 amittere.

212 1043 339 1073 Castrari,
367 1043 468 1070 Excidi.
498 1042 528 1068 fr.
549 1043 573 1068 4.
602 1042 623 1075 5.
642 1043 667 1067 ⁴2.
697 1040 729 1066 ad
759 1040 789 1067 L.
816 1040 897 1067 Corn.
922 1041 954 1067 de
978 1042 1053 1067 sicar.

210 1087 252 1112 48.
273 1088 297 1112 8.

245 1129 400 1156 Viriola.
449 1129 555 1154 Genus
583 1128 769 1153 ornamenti
798 1129 972 1154 muliebris.
1010 1126 1053 1153 III.

209 1173 276 1200 Cn.
297 1171 457 1198 Ornamenta
476 1169 621 1198 muliebria.
643 1185 673 1189 -—
693 1169 775 1195 veluti
796 1170 907 1199 inaures,
928 1170 1052 1202 armillae,

209 1214 330 1245 viriolae,
357 1213 436 1240 anuli.
456 1213 486 1239 fr.
505 1215 546 1239 25.
567 1213 649 1246 510.
671 1212 699 1239 fr.
719 1214 761 1238 40.
782 1213 803 1246 5.
822 1214 846 1238 2.
867 1212 899 1238 de
919 1223 981 1239 auro
1001 1222 1053 1249 arg,

208 1259 249 1284 34.
262 1259 286 1284 2.
307 1256 417 1288 Viriola,
437 1266 503 1293 quae
525 1265 602 1282 aurea
622 1255 767 1287 dicebatur,
787 1272 817 1275 —
839 1257 943 1282 inventa
963 1266 1053 1292 magna

208 1310 240 1327 ex
259 1304 333 1337 parte
351 1309 438 1326 aenea.
459 1298 488 1325 fr.
511 1300 549 1324 14.
570 1298 602 1324 de
622 1304 704 1325 contr.
725 1303 784 1324 emt.
807 1300 846 1324 18.
868 1300 890 1324 1.

244 1343 473 1376 Viripotens.
494 1341 624 1374 (Adiect.)
648 1343 724 1368 Viro
744 1348 887 1374 matura,
909 1343 1051 1368 Nubilis.

207 1384 225 1412 Ῑ.
240 1386 303 1420 Sy.
323 1384 431 1417 Potens,
445 1384 540 1417 PubeS,
561 1385 636 1420 Quae
651 1386 735 1411 virum
753 1386 806 1422 pati
820 1389 909 1422 potest
922 1384 1051 1418 (femina.)

206 1427 268 1465 le.
289 1427 321 1454 V.
340 1430 365 1454 2.
384 1427 429 1454 XI.
452 1429 473 1454 l.
495 1427 524 1453 fr.
543 1430 586 1454 30.
612 1428 663 1463 Qu.
684 1428 741 1454 dies
765 1427 814 1463 leg.
834 1429 875 1454 36.
895 1430 918 1454 2.
939 1427 1052 1454 Nubilis.

207 1470 248 1497 Cf.
268 1470 293 1496 11.
313 1480 337 1496 v.
374 1470 404 1496 II.
417 1472 485 1504 Op.
505 1470 650 1497 Immatura.
671 1470 712 1497 Cf.
732 1471 756 1497 h.
777 1481 800 1497 v.
837 1470 879 1497 111.
895 1472 961 1498 Cn.
981 1470 1010 1497 Si
1030 1472 1052 1497 Is

207 1512 325 1550 pupillus
345 1514 371 1539 in
391 1523 464 1540 suam
485 1513 592 1539 tutelam
613 1515 727 1545 venerit,
752 1524 814 1540 eave
834 1513 934 1551 pupilla
954 1515 1051 1550 viripo-

207 1561 266 1582 tens
286 1555 371 1582 fuerit.
393 1556 423 1582 fr.
443 1558 466 1582 5.
489 1557 509 1590 5.
529 1559 553 1582 2.
575 1557 625 1592 Qu.
647 1567 679 1583 ex
700 1567 720 1583 6.
742 1557 767 1583 111
787 1566 859 1593 poss.
879 1558 919 1583 42.
939 1559 963 1583 4.
984 1556 1050 1583 Cum

207 1609 264 1626 eam
282 1609 334 1625 non
355 1604 453 1625 tantum
473 1600 659 1636 viripotentem
679 1609 746 1631 esse,
766 1599 813 1625 sed
832 1601 908 1626 ctiam
927 1601 1051 1636 nupsisse

207 1651 348 1679 proponas.
369 1652 390 1668 6.
412 1644 434 1669 7.
455 1642 507 1678 Qui
528 1647 580 1679 pet.
601 1647 648 1669 tut.
668 1645 692 1669 5.
711 1644 752 1669 31.
773 1642 805 1669 cf.
825 1642 855 1669 fr.
875 1643 916 1668 65.
937 1642 968 1668 de
988 1642 1048 1669 don.

207 1685 253 1710 int.
274 1684 305 1711 V.
323 1687 365 1711 24.
389 1686 409 1711 1.
447 1685 500 1720 Qui
521 1685 635 1712 nondum
655 1686 830 1722 viripotentes
855 1686 970 1721 virgines
994 1696 1049 1712 cor-

206 1732 338 1764 rumpunt.
360 1728 389 1755 fr.
408 1729 449 1754 38.
470 1729 491 1762 5.
510 1730 534 1754 3.
555 1728 587 1754 de
606 1738 682 1765 poen.
702 1731 743 1754 46.
766 1730 805 1754 19.

242 1771 406 1797 Vin-itinn.
426 1770 547 1803 (Advb.)
567 1771 598 1804 §-
619 1773 653 1798 1.
682 1773 741 1798 Per
769 1773 904 1806 singula
926 1773 1048 1805 capita.

207 1812 225 1839 I.
240 1814 301 1848 Sy.
321 1813 349 1839 In
370 1814 452 1850 capita
472 1813 623 1846 (dividere.)
644 1813 715 1840 Paul.
735 1813 778 1840 IV.
798 1815 821 1839 8.
841 1814 878 1847 55.
898 1815 976 1840 9.19.
997 1813 1047 1840 Pro

207 1857 414 1892 uniuscuiusque
433 1858 534 1882 merito.
555 1856 604 1883 Th.
626 1856 656 1883 C.
676 1856 746 1883 XIV.
769 1859 807 1882 17.
824 1867 845 1882 6.
868 1858 905 1882 10.
934 1856 966 1883 de
989 1867 1046 1883 ann.

207 1900 256 1925 civ.
276 1914 308 1918 —
328 1899 359 1932 §-
380 1900 414 1926 20
440 1902 640 1933 Separafim,
667 1902 823 1926 Seorsum.
860 1899 891 1926 II.
911 1901 978 1933 Op.
999 1900 1048 1926 Ge-

207 1940 289 1967 nerali
309 1941 479 1968 conclusione
498 1942 654 1978 (amplecti.)
674 1942 710 1968 lb.
725 1942 791 1969 Vlll.
806 1944 829 1968 4.
851 1953 871 1969 c.
886 1944 909 1969 8.
930 1943 951 1976 5.
971 1945 994 1969 2.
1015 1943 1047 1970 de

207 1984 333 2010 cohortal.
372 1984 414 2010 III.
429 1986 495 2012 Cn.
516 1985 543 2011 In
563 1985 685 2011 exsilium
704 1986 773 2011 virit.
796 2002 824 2006 --
846 1987 989 2012 mittantur.
1009 1985 1046 2012 Ib.

206 2026 276 2054 XVI.
296 2029 319 2053 5.
340 2037 361 2053 c.
381 2028 422 2053 52.
443 2037 464 2053 c.
484 2030 508 2053 5.
528 2028 561 2054 de
581 2028 677 2054 haeret.

239 2070 379 2096 Virtus.
416 2070 446 2103 §-
459 2071 494 2096 1.
518 2071 632 2106 Vigor,
657 2072 718 2097 Vis.
755 2070 797 2097 III.
814 2072 879 2098 Gn.
899 2070 978 2107 Legis
997 2072 1047 2098 vir-

207 2118 249 2139 tus
269 2113 332 2139 haec
352 2117 391 2138 est
411 2118 459 2139 etc.
479 2112 509 2139 fr.
531 2115 553 2139 7.
573 2113 605 2139 de
625 2113 676 2140 LL.
699 2115 720 2139 1.
734 2115 758 2139 3.
796 2113 888 2140 Vtrum
910 2131 939 2135 -
960 2116 1046 2151 pactio

207 2156 328 2182 virtutem
347 2155 459 2192 aliquam
483 2157 569 2192 possit
594 2156 723 2182 retinere?
748 2155 870 2183 Consult.
896 2162 948 2184 vet.
968 2157 1045 2184 1.Cti.

207 2207 228 2224 6.
250 2200 271 2224 1.
307 2198 392 2225 Vnius
418 2199 560 2225 maiestatis
584 2204 662 2235 atque.
681 2200 787 2225 virtutis
807 2201 910 2237 (pater,
932 2205 957 2226 et
975 2200 1046 2227 filius

208 2241 268 2273 etc.)
287 2240 463 2268 T11.C.XV1,
485 2244 507 2268 l.
528 2252 548 2268 c.
562 2243 586 2268 3.
607 2242 640 2268 de
660 2241 712 2268 {ide
732 2242 798 2268 cath.
820 2259 850 2263 —
872 2244 902 2276 §-
918 2245 952 2270 2.
972 2246 1047 2270 For-

207 2285 322 2310 titudo.
359 2283 402 2311 III.
423 2286 487 2312 Gn..
508 2284 571 2311 Sine
590 2284 724 2316 mercede,
743 2286 848 2311 virtutis
868 2286 1046 2312 ostendendae

207 2336 294 2357 causa,
313 2335 333 2351 s.
354 2325 459 2353 Gloriae
479 2338 556 2354 causa
575 2333 600 2354 et
619 2328 734 2357 virtutIS,
754 2327 861 2360 (facere,
880 2339 903 2354 v.
923 2330 1046 2362 certare.)

206 2368 238 2395 fr.
258 2370 279 2394 1.
299 2369 320 2402 5.
340 2369 363 2394 6.
384 2369 416 2394 de
439 2370 536 2406 postul.
559 2373 584 2397 3.
607 2372 628 2396 1.
653 2369 683 2395 fr.
703 2372 727 2395 4.
752 2380 791 2406 pr.
816 2370 848 2396 de
874 2371 898 2397 h.
923 2373 967 2408 qui
992 2377 1044 2405 not,

206 2411 251 2438 inf.
274 2413 298 2436 3.
318 2413 341 2437 2.
366 2411 396 2437 fr.
417 2413 440 2438 7.
465 2412 485 2445 5.
505 2415 529 2439 4.
549 2413 582 2440 ad
606 2413 635 2440 L.
655 2413 723 2449 Aqn.
748 2416 771 2439 9.
791 2416 815 2439 2.
852 2412 957 2440 Virtute
982 2414 1046 2441 mili-

206 2459 260 2481 tum
280 2455 437 2491 (reciperata
456 2455 581 2491 praedia.)
607 2456 635 2482 fr.
655 2458 696 2481 21.
717 2466 756 2493 pr.
777 2455 808 2482 de
829 2458 923 2493 captiv.
942 2458 983 2483 49.
1005 2459 1044 2484 15.

208 2514 238 2517 —
259 2497 289 2530 ξ.
309 2498 346 2523 3.
374 2499 607 2530 praestantia,
635 2501 803 2535 Perfeclio
828 2500 963 2531 (animi.)
1002 2499 1044 2527 III.

207 2541 274 2567 Cn·
295 2539 345 2566 Pro
366 2541 461 2575 ingenii
475 2541 515 2566 sui
530 2541 633 2566 virtute.
654 2541 702 2567 Th.
719 2541 747 2567 C.
763 2541 792 2567 II.
809 2543 847 2567 10.
862 2552 882 2567 6.
899 2543 920 2567 1.
942 2542 1044 2574 (ch.)
1066 2540 1068 2570 l

207 2582 240 2609 de
258 2582 355 2619 postnl.
377 2582 500 2608 Omnium
520 2583 644 2609 virtutum
658 2585 705 2610 vir.
726 2584 806 2611 Gesta
821 2586 846 2610 in
861 2584 921 2611 Seu.
942 2584 974 2611 de
994 2595 1043 2611 rec.

207 2624 256 2652 Th.
277 2625 308 2652 C.
331 2642 359 2645 —
389 2626 419 2659 ξ.
441 2627 479 2652 4.
512 2627 647 2652 Titulus
671 2628 870 2653 honorarius
915 2627 957 2654 111.
979 2629 1043 2655 Cn.

206 2668 270 2694 Eius
291 2667 416 2694 relatione
436 2669 486 2694 tuis
506 2667 648 2694 virtutibus
669 2669 792 2699 intimata,
813 2674 838 2695 et
857 2669 905 2695 snb
926 2672 1043 2697 examine

207 2717 252 2737 tno
273 2721 409 2748 perpensa.
431 2711 479 2737 Th.
501 2711 530 2737 C.
550 2710 607 2736 XII.
628 2712 667 2736 12.
688 2720 709 2736 6.
725 2713 763 2737 15.
784 2712 816 2738 de
836 2712 910 2748 legat.
931 2718 956 2739 et
975 2715 1041 2739 decr.
1065 2729 1066 2745 1

240 2754 362 2781 Virus.
399 2755 429 2788 §-
446 2756 480 2781 1.
502 2757 620 2781 Saccus
639 2756 762 2780 noxius.
800 2754 842 2781 111.
858 2756 923 2782 Gn.
943 2755 1043 2782 Veneni

206 2798 278 2824 virus
298 2797 441 2824 infundere.
468 2797 516 2824 Th.
538 2796 568 2823 C.
588 2796 631 2823 lx.
654 2799 692 2822 12.
719 2807 739 2823 6.
761 2798 783 2824 1,
803 2797 835 2823 (16
854 2798 954 2825 emend.
974 2809 1041 2825 serv.

1108 147 1187 179 VIS.
1860 151 1942 182 1007

1101 230 1133 263 §-
1151 231 1187 257 fl.
1208 231 1419 265 contagium,
1439 233 1553 258 Pestis.
1590 230 1632 258 111.
1654 232 1721 260 Gn.
1744 229 1846 258 Fovere
1870 233 1943 258 virus

1102 274 1196 310 impiae
1215 272 1377 309 disciplinae.
1398 273 1434 300 lb.
1453 273 1523 301 XVI.
1543 275 1566 301 6.
1586 284 1608 301 c.
1627 276 1652 301 2.
1672 274 1694 308 5.
1716 275 1738 301 l.
1758 284 1790 301 ne
1809 274 1835 300 S.
1855 274 1926 311 bapt.

1135 316 1211 342 Vis.
1240 316 1271 349 §-
1287 317 1320 342 l.
1345 318 1459 351 Vigor,
1479 319 1650 349 Potentia,
1672 318 1822 351 Impetus.
1847 317 1864 344 l.
1879 319 1941 352 sy.

1102 357 1191 385 Fatale
1210 358 1339 385 damnum.
1361 358 1408 385 Vis
1428 360 1517 386 maior.
1538 359 1579 386 Cf.
1594 370 1617 386 v.
1632 359 1738 387 Fatalis.
1758 360 1817 394 5.1.
1855 360 1942 387 Casus
1979 389 1987 396 ⁶

1101 402 1190 433 maior,
1211 403 1252 428 cui
1271 401 1381 428 humana
1400 403 1538 429 infirmitas
1557 403 1682 429 resistere
1700 413 1753 429 non
1775 407 1871 440 potest.
1892 402 1939 429 Vis
1979 425 1984 432 .

1100 453 1203 479 magna,
1227 454 1248 470 s.
1273 445 1368 476 maior,
1393 456 1413 471 s.
1438 445 1534 472 divina.
1558 444 1589 471 sr.
1614 447 1639 472 2.
1664 445 1685 479 5.
1707 447 1729 472 l.
1754 445 1786 472 de
1810 447 1891 483 peric.
1916 450 1942 472 et

1100 496 1192 513 comm.
1219 488 1258 512 18.
1283 488 1307 514 6.
1333 487 1363 514 fr.
1391 490 1430 514 15.
1454 488 1475 522 5.
1500 490 1524 514 2.
1548 487 1578 514 fr.
1598 490 1640 514 25.
1664 488 1686 522 5.
1706 489 1730 514 6.
1755 487 1831 515 locat.
1857 490 1897 514 19.
1916 490 1941 514 2.

1099 528 1129 555 fr.
1149 531 1190 555 24.
1211 529 1232 563 5.
1251 530 1275 555 4.
1295 529 1328 556 de
1347 530 1433 556 damn.
1453 530 1497 559 inf.
1516 531 1558 557 39.
1577 532 1601 557 2.
1621 530 1651 557 fr.
1673 532 1695 558 1.
1720 531 1742 565 5.
1761 532 1785 557 4.
1812 531 1844 558 de
1864 531 1896 558 Ο,
1917 536 1942 557 61

1098 572 1131 598 A.
1147 573 1188 598 44.
1209 574 1232 598 7.
1261 572 1303 599 Cf.
1331 583 1356 600 v.
1385 572 1478 600 Casus.
1502 574 1524 607 5.
1547 574 1573 600 3.
1609 573 1652 600 111.
1673 575 1739 602 οη.
1768 573 1796 600 Si
1816 574 1941 600 violentia

1099 619 1250 646 ventorum,
1274 614 1316 641 vel
1340 625 1389 652 qua
1412 615 1461 642 alia
1481 617 1594 648 ratione,
1618 627 1685 653 quae
1708 617 1761 643 vim
1780 616 1859 643 habet
1878 616 1942 643 divi-

1098 667 1165 689 nam,
1185 657 1229 690 (111
1248 658 1399 690 acciderit.)
1424 658 1455 685 fr.
1473 662 1515 686 ⁴24.
1534 660 1556 693 5.
1575 661 1599 686 4.
1619 659 1636 686 1.
1655 660 1697 685 39.
1715 660 1739 684 2.
1777 659 1872 686 Omnis
1891 660 1941 692 vis,

1099 701 1139 727 cui
1159 701 1247 727 resisti
1262 711 1313 727 non
1329 706 1426 738 potest,
1446 717 1477 721 —-
1497 706 1587 739 utputa
1602 702 1746 733 fluminum,
1766 702 1941 738 graculorum,

1098 748 1263 775 sturnorum,
1287 749 1312 770 et
1336 746 1358 770 si
1379 744 1441 781 quid
1461 744 1547 771 simile
1566 744 1700 771 acciderit.
1724 744 1755 771 fr.
1776 747 1816 771 15.
1837 745 1858 778 5.
1879 747 1902 771 2.
1923 745 1940 771 1.

1100 787 1139 813 19.
1158 788 1182 813 2.
1203 786 1233 813 fr.
1254 788 1293 813 17.
1318 787 1340 820 5.
1361 789 1384 813 4.
1409 787 1441 814 de
1465 797 1580 825 praescr.
1605 798 1646 814 vv.
1672 789 1711 814 19.
1731 789 1755 813 5.
1792 787 1941 814 Periculum

1098 830 1139 855 vis
1158 830 1273 861 maioris,
1292 829 1334 856 vel
1354 830 1508 857 effracturae
1527 830 1665 857 latronum.
1691 829 1761 857 Coll.
1781 829 1834 856 LL.
1854 830 1887 857 M.
1906 830 1940 857 X.

1099 873 1123 898 9.
1160 872 1189 898 Si
1209 873 1234 899 vi
1253 872 1377 904 naturali,
1406 872 1488 899 veluti
1513 878 1598 900 terrae
1622 878 1707 905 motu,
1736 872 1786 900 hoc
1809 873 1940 900 acciderit.

1100 914 1129 940 fr.
1148 916 1190 941 59.
1211 914 1241 941 cf.
1257 915 1286 942 fr.
1302 917 1342 941 15.
1356 916 1378 949 5.
1392 917 1415 942 2.
1431 915 1508 943 locat.
1524 918 1564 944 19.
1578 920 1603 943 2.
1641 916 1777 948 Fluminis,
1798 927 1821 943 v.
1841 917 1940 953 Aquae,

1099 957 1147 983 vis.
1168 956 1197 983 fr.
1217 959 1241 984 2.
1261 958 1298 991 55.
1318 960 1341 984 3.
1363 960 1386 985 7.
1410 959 1433 985 si
1458 969 1501 995 qu.
1527 964 1605 986 cautt.
1625 962 1649 986 2.
1671 961 1709 986 11.
1729 959 1760 986 fr.
1780 961 1803 986 7.
1823 959 1845 993 5.
1865 962 1888 985 2.
1908 959 1941 985 ad

1099 998 1128 1025 L.
1148 999 1216 1036 Aqu.
1236 1001 1260 1026 9.
1279 1003 1303 1026 2.
1324 1000 1352 1027 fr.
1372 1003 1396 1028 2.
1416 1002 1438 1035 5.
1458 1005 1480 1028 5.
1503 1001 1532 1028 fr.
1554 1004 1593 1029 11.
1613 1002 1635 1035 5.
1656 1004 1679 1029 6.
1699 1001 1732 1028 de
1751 1012 1816 1039 aqua
1836 1006 1862 1028 et
1881 1011 1939 1038 aqu.

1098 1041 1134 1079 pl.
1158 1044 1200 1068 39.
1224 1043 1248 1068 3.
1285 1042 1318 1069 Vi
1347 1043 1516 1079 aegritudinis
1543 1046 1658 1081 graviter
1685 1055 1839 1083 oppressus.
1869 1044 1939 1071 Coll.

1098 1084 1151 1112 LL.
1171 1085 1204 1112 M.
1225 1084 1266 1111 III.
1281 1087 1305 1111 4.
1325 1101 1356 1104 —
1377 1087 1407 1119 §-
1422 1089 1456 1113 2.
1481 1089 1662 1120 Violentia,
1683 1089 1834 1119 Coactio,
1855 1089 1939 1114 Com-

1095 1131 1206 1162 pulsio
1230 1130 1333 1155 inviti
1357 1128 1406 1160 (ad
1426 1129 1571 1156 faciendum
1590 1130 1702 1167 aliquid,
1727 1130 1939 1168 patiendumve.)

1098 1170 1116 1197 1.
1131 1172 1192 1206 Sy.
1212 1170 1364 1197 Necessitas
1383 1172 1526 1207 (imposita,
1547 1174 1675 1200 contraria
1689 1173 1838 1205 voluntati.)
1860 1172 1900 1199 Cf.
1914 1173 1938 1199 11.

1098 1224 1121 1240 v.
1141 1215 1163 1248 5.
1184 1216 1206 1240 1.
1227 1213 1366 1241 violentia.
1388 1213 1429 1241 Cf.
1450 1214 1474 1240 h.
1494 1225 1518 1241 v.
1538 1216 1560 1249 5.
1579 1218 1604 1242 2.
1630 1216 1754 1243 Incursus
1774 1216 1939 1250 (latronum.)

1099 1257 1169 1284 Coll.
1193 1256 1245 1283 LL.
1272 1256 1305 1283 M.
1330 1257 1362 1283 X.
1388 1259 1410 1284 7.
1431 1267 1471 1294 sq.
1510 1258 1642 1296 Compelli
1667 1260 1763 1295 inique.
1792 1258 1852 1285 Vim
1876 1259 1938 1296 pati.

1098 1299 1127 1326 fr.
1146 1302 1187 1327 23.
1207 1310 1246 1337 pr.
1266 1300 1318 1336 Qu.
1338 1305 1398 1326 met.
1419 1310 1440 1327 c.
1460 1302 1482 1326 4.
1502 1303 1526 1327 2.
1564 1300 1606 1328 III.
1626 1303 1692 1329 (1η.
1712 1301 1740 1328 Si
1760 1301 1822 1338 quid
1842 1303 1876 1333 vi,
1897 1306 1940 1328 aut

1097 1344 1160 1374 inre,
1180 1342 1344 1380 prohibetur.
1370 1342 1400 1369 fr.
1421 1345 1444 1369 4.
1470 1354 1508 1381 pr.
1534 1343 1567 1370 de
1590 1349 1660 1371 statu
1679 1344 1747 1371 hom.
1770 1347 1791 1370 1.
1811 1347 1834 1370 5.
1872 1344 1939 1376 Vim,

1097 1391 1174 1422 atque
1194 1387 1322 1417 iniuriam,
1342 1386 1506 1423 propulsare.
1528 1386 1587 1413 Vim
1606 1388 1632 1414 vi
1651 1387 1801 1414 defendere.
1820 1387 1851 1414 fr.
1865 1389 1888 1413 3.
1908 1387 1940 1413 de

1096 1428 1115 1455 l.
1135 1433 1161 1454 et
1179 1428 1197 1455 1.
1219 1430 1241 1455 1.
1263 1431 1284 1455 l.
1306 1429 1336 1455 fr.
1356 1431 1396 1455 45.
1416 1429 1438 1462 5.
1458 1431 1482 1455 4.
1503 1429 1534 1455 1111
1554 1428 1583 1456 L.
1604 1430 1672 1466 Aqu.
1692 1432 1716 1457 9.
1735 1432 1759 1457 2.
1784 1429 1857 1462 Vim,
1884 1431 1941 1456 sine

1097 1471 1227 1509 corporali
1247 1472 1273 1498 vi
1292 1471 1392 1504 (locum
1412 1481 1464 1497 non
1484 1471 1602 1505 habere.)
1622 1472 1653 1499 fr.
1674 1475 1696 1499 1.
1716 1473 1737 1506 5.
1757 1474 1798 1499 29.
1819 1473 1852 1500 de
1871 1474 1897 1500 vi
1915 1478 1941 1500 et

1096 1515 1121 1540 vi
1141 1525 1202 1541 arm.
1221 1516 1263 1541 43.
1286 1516 1324 1540 16.
1363 1513 1434 1540 Olim
1455 1515 1489 1540 ita
1509 1514 1672 1541 edicebatnr:
1701 1515 1805 1550 „Quod
1824 1517 1866 1547 vi,
1887 1526 1939 1542 me-

1095 1562 1171 1583 tusve
1191 1567 1267 1584 causa
1288 1560 1401 1593 (gestum
1421 1558 1526 1590 6ι·11;“)
1556 1557 1603 1584 sed
1632 1563 1724 1595 postea
1754 1558 1869 1585 detracta
1899 1564 1940 1585 est

1095 1601 1180 1632 „vis“
1200 1601 1310 1632 mentio,
1332 1601 1390 1637 qnia
1411 1600 1586 1636 quodcunque
1610 1602 1635 1627 vi
1655 1601 1736 1627 atroci
1756 1601 1800 1633 fit,
1823 1601 1849 1627 id
1869 1607 1939 1628 metu

1094 1653 1199 1680 quoque
1218 1643 1274 1669 fieri
1294 1643 1421 1669 videatur.
1442 1642 1471 1669 11.
1494 1644 1515 1669 l.
1537 1644 1587 1678 Qu.
1607 1648 1666 1670 met.
1687 1653 1707 1670 c.
1728 1645 1752 1670 4.
1766 1646 1791 1670 2.
1811 1644 1843 1670 cf.
1864 1644 1894 1671 fr.
1913 1646 1937 1672 3.

1093 1686 1115 1720 5.
1134 1688 1158 1711 2.
1187 1695 1219 1711 116
1247 1695 1289 1722 qu.
1319 1696 1377 1712 eum
1402 1687 1446 1722 qui
1466 1687 1492 1712 in
1512 1687 1561 1712 ius.
1581 1688 1604 1712 2.
1626 1688 1648 1712 7.
1686 1686 1746 1713 Non
1775 1686 1806 1713 ad
1836 1697 1938 1714 omnem

1093 1729 1157 1759 vim,
1177 1742 1209 1747 —
1229 1728 1270 1755 Ad
1290 1728 1373 1755 solam
1393 1734 1507 1755 atrocem
1527 1730 1579 1755 vim
1599 1730 1744 1766 (pertinere
1764 1729 1814 1756 hoe
1832 1730 1939 1757 interdi-

1093 1771 1187 1804 ctum.)
1214 1771 1244 1797 fr.
1266 1773 1288 1798 l.
1317 1772 1338 1806 5.
1357 1774 1381 1798 3.
1408 1771 1440 1798 de
1467 1773 1492 1798 vi
1517 1777 1543 1798 et
1561 1773 1587 1798 vi
1606 1782 1668 1798 arm.
1688 1773 1729 1798 43.
1752 1774 1791 1798 16.
1812 1772 1843 1799 cf.
1863 1772 1893 1799 fr.
1912 1774 1937 1800 3.

1092 1815 1114 1849 5.
1136 1816 1157 1841 l.
1178 1814 1228 1850 Qu.
1250 1819 1309 1841 met.
1331 1825 1352 1841 c.
1373 1816 1395 1841 4.
1415 1817 1439 1841 2.
1477 1815 1519 1841 De
1538 1816 1561 1841 vi
1581 1814 1726 1847 latronum,
1752 1814 1793 1841 vel
1813 1815 1938 1848 hostium,

1091 1857 1133 1884 vel
1157 1856 1249 1895 populi
1273 1858 1320 1890 (se
1339 1857 1477 1890 liberare.)
1503 1857 1576 1884 Paul.
1601 1857 1619 1883 1.
1640 1859 1662 1884 7.
1686 1857 1708 1891 5.
1729 1859 1753 1884 5.
1790 1857 1937 1894 Naufragia,

1092 1902 1132 1927 vis
1150 1901 1279 1931 hostium,
1308 1900 1483 1937 praedonum,
1512 1900 1651 1927 latronum.
1681 1900 1711 1927 fr.
1730 1902 1773 1927 30.
1792 1911 1830 1938 pr.
1855 1901 1887 1927 ad
1907 1900 1936 1927 L.

1092 1943 1160 1970 Falc.
1180 1945 1221 1970 35.
1241 1945 1266 1969 2.
1292 1943 1323 1969 cf.
1350 1943 1379 1969 fr.
1397 1945 1421 1970 3.
1446 1944 1511 1977 5.1.
1540 1948 1610 1970 naut.
1639 1953 1711 1980 caup.
1732 1945 1756 1970 4.
1776 1945 1799 1971 9.
1837 1943 1866 1969 In
1896 1945 1935 1970 vis

1091 1986 1220 2024 publicae,
1240 1991 1284 2012 aut
1303 1987 1432 2023 privatae.
1453 1987 1551 2012 crimen
1571 1986 1692 2013 incidere.
1715 1986 1744 2013 fr.
1765 1988 1821 2012 152.
1842 1996 1881 2023 pr.
1902 1986 1935 2012 de

1091 2029 1122 2056 R.
1142 2029 1160 2055 I.
1180 2032 1220 2055 50.
1243 2031 1282 2055 17.
1319 2029 1402 2065 Leges
1427 2029 1507 2056 Iuliae
1530 2029 1563 2055 de
1582 2030 1605 2055 vi
1631 2029 1750 2066 publica,
1775 2034 1801 2055 et
1824 2030 1933 2065 privata.

1092 2072 1132 2100 Cf.
1152 2083 1175 2099 v.
1196 2072 1267 2099 Iulia.
1287 2073 1308 2106 5.
1322 2075 1346 2098 2.
1368 2072 1399 2098 Vi
1419 2083 1519 2109 rapere,
1539 2082 1563 2098 v.
1583 2072 1697 2108 Eripere.
1721 2071 1761 2098 Cf.
1780 2082 1803 2098 v.
1824 2071 1934 2109 Rapere.

1091 2116 1112 2149 5.
1135 2118 1156 2142 1.
1176 2126 1199 2142 v.
1220 2116 1336 2152 Eripere.
1376 2115 1562 2151 Quodcunque
1581 2116 1606 2140 vi
1627 2114 1747 2146 fecisset,
1772 2124 1838 2151 quae
1862 2116 1902 2140 vis
1922 2125 1934 2140 a

1090 2159 1219 2185 maleficio
1244 2168 1295 2184 non
1320 2158 1432 2185 abesset.
1457 2159 1487 2184 fr.
1507 2160 1547 2183 20.
1573 2157 1605 2183 de
1630 2156 1662 2182 O.
1683 2161 1708 2182 et
1726 2157 1758 2183 A.
1783 2159 1823 2184 44.
1845 2159 1866 2183 7.
1904 2157 1934 2184 Si

1068 2209 1069 2222 1
1090 2203 1167 2227 armis
1193 2211 1251 2227 611111
1274 2203 1298 2228 vi
1322 2201 1467 2227 deiecerinl.
1493 2200 1549 2227 Gai.
1576 2199 1620 2226 IV.
1646 2201 1703 2225 155.
1729 2199 1761 2226 cf.
1782 2202 1838 2226 154.
1859 2199 1888 2226 fr.
1909 2201 1933 2226 4.

1090 2245 1111 2278 5.
1131 2246 1175 2271 22.
1196 2244 1228 2270 de
1247 2254 1336 2281 usurp.
1357 2245 1396 2269 41.
1416 2245 1440 2269 3.
1478 2243 1531 2269 Res
1551 2242 1662 2273 furtiva,
1687 2247 1730 2268 aut
1754 2244 1779 2269 vi
1799 2252 1932 2279 possessa.

1092 2287 1147 2314 Gai.
1167 2287 1197 2314 ll.
1217 2289 1257 2313 45.
1279 2289 1319 2313 49.
1345 2286 1376 2312 cf.
1395 2288 1436 2311 51.
1473 2286 1512 2312 Ex
1538 2285 1686 2312 interdictis
1714 2285 1817 2321 „Quod
1841 2286 1867 2311 vi
1890 2290 1934 2311 aut

1092 2330 1184 2361 clam‚“
1203 2335 1247 2355 aut
1265 2329 1405 2355 interdicto
1425 2329 1520 2361 „Unde
1539 2330 1593 2359 vi,“
1614 2328 1715 2359 (andire
1735 2329 1796 2360 616.)
1817 2327 1846 2355 fr.
1869 2330 1889 2354 l.
1909 2328 1931 2362 5.

1090 2374 1113 2399 6.
1134 2373 1166 2399 de
1187 2372 1230 2398 off.
1250 2371 1302 2397 Prf.
1324 2371 1369 2397 Vr.
1391 2374 1412 2397 l.
1435 2374 1473 2398 12.
1494 2371 1523 2398 fr.
1543 2373 1584 2397 27.
1604 2372 1626 2404 5.
1646 2373 1690 2397 43.
1711 2371 1743 2397 de
1762 2375 1829 2408 pact.
1849 2373 1873 2396 2.
1891 2372 1929 2396 14.

1068 2407 1069 2411 .
1091 2415 1120 2441 fr.
1142 2417 1163 2441 1.
1183 2425 1221 2452 pr.
1243 2414 1272 2440 fr.
1295 2416 1334 2440 11.
1355 2425 1393 2451 pr.
1415 2414 1444 2441 fr.
1467 2416 1504 2440 19.
1526 2414 1577 2449 Qn.
1597 2415 1622 2439 vi
1642 2418 1685 2440 aut
1705 2413 1735 2440 cl.
1756 2415 1797 2440 43.
1816 2415 1858 2440 24.
1887 2412 1932 2439 Vi-

1091 2460 1156 2484 tiosa
1177 2458 1322 2494 possessio,
1343 2458 1358 2482 i.
1379 2467 1400 2483 e.
1421 2462 1464 2483 aut
1483 2458 1517 2485 vi.
1537 2461 1580 2482 aut
1600 2456 1679 2487 clam,
1699 2461 1743 2482 aut
1761 2457 1879 2493 precario
1899 2456 1930 2482 ab

1089 2500 1239 2526 adversario
1259 2499 1395 2536 adquisita.
1418 2499 1474 2526 Gai.
1494 2498 1538 2525 IV.
1559 2501 1614 2525 151.
1630 2500 1686 2525 154.
1701 2509 1739 2535 sq.
1756 2501 1812 2525 166.
1850 2498 1931 2525 Inter-

1089 2543 1159 2569 dicto
1180 2548 1278 2569 utatur:
1299 2541 1356 2573 „Ne
1377 2544 1399 2568 ei
1418 2544 1458 2568 vis
1479 2542 1523 2567 liat
1543 2544 1610 2568 616.“
1630 2542 1659 2568 fr.
1680 2543 1721 2568 45.
1741 2542 1762 2575 5.
1777 2544 1801 2567 2.
1822 2541 1854 2568 de
1873 2552 1931 2578 pro-

1066 2582 1067 2588 *
1089 2596 1142 2612 cur.
1161 2587 1185 2611 3.
1204 2587 1227 2611 3.
1252 2584 1311 2611 Vim
1338 2586 1394 2611 fieri
1420 2590 1488 2610 veto.
1514 2584 1570 2610 Gai.
1590 2583 1633 2610 IV.
1655 2586 1712 2611 160.
1750 2584 1809 2610 Vim
1833 2584 1929 2610 inferre

1088 2628 1247 2661 (visceribus
1267 2629 1344 2661 suis)
1365 2628 1393 2654 fr.
1408 2629 1448 2654 39.
1469 2627 1501 2653 de
1521 2637 1597 2664 poen.
1618 2628 1657 2653 48.
1677 2629 1716 2654 19.
1753 2627 1804 2653 Per
1822 2628 1873 2653 vim
1892 2628 1928 2652 in-

1088 2671 1155 2697 ferre
1175 2673 1329 2707 (stuprum.)
1350 2670 1379 2696 fr.
1400 2672 1440 2696 29.
1456 2670 1476 2702 5.
1491 2671 1514 2695 9.
1535 2669 1565 2695 ad
1582 2669 1610 2695 L.
1630 2669 1675 2695 Iul.
1697 2669 1729 2696 de
1749 2670 1828 2696 adult.
1848 2671 1888 2694 48.
1902 2670 1926 2693 5.

1088 2714 1140 2749 Qui
1161 2715 1211 2739 vini
1231 2713 1344 2743 admisit,
1364 2723 1387 2738 v.
1408 2712 1441 2739 IS.
1463 2713 1502 2737 6111
1522 2713 1562 2738 vis
1582 2712 1694 2738 admissa
1714 2718 1760 2739 est.
1781 2713 1810 2739 fr.
1832 2714 1868 2737 14.
1888 2710 1925 2744 55.

1064 2750 1066 2771 l
1087 2759 1110 2782 2.
1131 2758 1154 2782 5.
1175 2756 1226 2791 Qu.
1247 2761 1306 2782 11161.
1328 2766 1348 2781 6.
1368 2757 1392 2781 4.
1411 2757 1435 2781 2.
1457 2755 1509 2789 Qui
1529 2756 1578 2780 vim
1598 2765 1692 2792 passus
1712 2761 1759 2781 est.
1779 2755 1809 2780 fr.
1829 2755 1851 2779 9,
1866 2754 1888 2786 5.
1902 2754 1925 2779 6.

1088 2799 1117 2825 fr.
1139 2801 1178 2825 12.
1199 2800 1219 2833 5.
1242 2801 1264 2824 1.
1284 2798 1317 2824 ib.
1338 2801 1361 2824 4.
1381 2800 1404 2823 2.
1427 2813 1456 2816 —
1478 2798 1508 2830 ἓ.
1529 2799 1566 2824 3.
1588 2800 1792 2828 Auctoritas,
1817 2798 1924 2825 Valor,
