2197 3121
258 167 323 198 272

259 259 324 276 811⁰.
374 248 417 275 111.
445 249 511 277 οη.
551 249 605 287 Ipsi
639 249 857 285 magistratus
890 258 938 286 per
966 247 1106 275 derivatio-

261 302 321 318 nem
339 302 353 318 a
372 293 540 328 magistris
561 292 785 328 cognominantur.
811 290 842 318 fr.
860 293 901 318 57.
921 302 960 328 pr.
980 291 1012 318 de
1031 289 1062 317 V.
1077 290 1105 318 S.
1126 322 1128 326 y

261 336 302 361 50.
324 337 363 361 16.
1126 332 1129 378 l

287 379 494 412 ”erogare·
510 377 582 409 §.l.
598 378 780 404 Contraria
799 379 989 413 rogatione,
1005 385 1129 403 nsaw*

260 423 381 452 ctione,
405 430 459 454 per
478 426 588 454 partes
608 422 725 446 tollere
747 422 806 446 eim
825 422 952 455 prioris
971 422 1105 446 statuti.

262 463 280 490 l.
297 464 358 498 Sy.
378 462 440 499 Legi
461 462 594 498 derogare.
632 462 735 489 Partem
755 464 777 489 ei
798 462 944 494 detrahere,
964 472 984 489 s.
1005 467 1106 500 partem

262 507 318 533 eius
337 505 438 532 tollere.
474 505 534 542 le.
554 505 572 532 1.
591 507 615 532 3.
641 505 672 532 l'r.
693 507 750 532 102.
770 505 786 532 Ι.
801 505 817 532 I.
837 508 878 531 50.
895 507 934 531 16.
973 505 1016 532 111.
1040 507 1092 533 Cn

262 548 319 575 Lex
332 548 438 585 Aquilia
452 549 574 575 erunibus
588 548 691 586 legibus
712 564 742 568 —
763 548 906 585 derogavit.
925 548 956 575 I'r.
973 551 995 575 Ι.
1015 559 1054 586 pr.
1075 548 1107 575 ad
1129 552 1130 579 ζ

262 591 292 618 L.
305 592 374 628 Aqu.
389 593 447 617 9.2.
462 608 493 611 —
510 593 541 625 §0
553 594 588 619 2.
609 594 784 623 Perimere,
805 594 993 628 infirmare.
1013 591 1032 618 I.
1045 592 1107 626 Sy.
1129 582 1130 596 l

262 634 454 661 Praeiudicium
469 634 561 662 facere.
587 646 608 662 c.
623 638 648 662 2.
669 635 701 662 de
715 635 739 661 h.
755 645 797 671 qu.
813 636 838 660 iu
852 635 932 671 prior.
950 637 977 660 δ.
989 636 1028 660 19.
1050 644 1071 661 c.
1084 636 1106 660 l.

263 679 286 704 si
306 687 398 703 comm.
418 687 468 704 res.
488 682 512 705 ὅ.
532 680 573 705 21.
613 678 654 705 III.
677 680 741 706 Gn.
762 677 822 703 Non
842 677 1034 704 iurisdictionis
1054 687 1108 703 mu-

262 726 317 747 tare
331 720 447 748 somnam.
467 721 510 748 vel
524 723 574 748 iuri
588 721 696 758 publico
710 721 843 756 derogare.
864 731 885 747 c.
900 722 939 747 13.
959 719 992 747 de
1005 725 1107 747 testam.

263 768 289 790 et
308 773 392 800 quem.
413 764 436 790 6.
449 766 491 790 23.
529 764 668 791 Insidiosis
689 769 714 790 et
733 763 921 800 derogantibus
941 764 1006 800 reip.
1026 765 1109 801 preci-

263 807 313 833 bus
333 807 450 832 emereri.
479 806 546 834 Nor.
567 807 616 833 Th.
640 807 671 834 ΙΙ,
697 807 729 834 (Ie
749 806 925 844 patrimonial.
954 805 973 833 I.
992 809 1017 833 3.
1042 817 1064 833 c.
1083 808 1107 832 3.
1130 798 1131 810 l

263 851 285 884 5.
306 851 329 876 l.
366 848 519 886 Scripturae
538 850 658 877 diversae
678 855 703 877 et
722 850 802 876 Iidem
822 849 873 876 sibi
898 850 1010 876 invicem
1035 849 1109 876 dero-

262 898 363 930 gantes.
392 892 442 918 Th.
463 893 494 919 C.
513 893 558 919 XI.
577 895 619 919 39.
645 904 666 919 c.
685 896 710 919 2.
735 893 767 919 de
793 893 846 920 tide
870 898 930 919 test.
973 891 1009 918 Yt
1028 893 1110 918 omni-

263 937 314 963 bus
343 937 448 962 omnino
477 936 540 962 haec
567 936 705 973 privilegia
734 936 901 972 derogentur.
935 936 972 962 Ib.
996 935 1042 962 XI.
1068 937 1108 961 12.

264 990 286 1007 c.
308 981 330 1006 1.
365 979 397 1005 (Ie
416 980 521 1005 immun.
547 989 620 1005 conc.
663 978 756 1015 Neque
781 978 913 1005 Praetoris
938 978 1035 1005 sactum
1059 979 1109 1004 iuri
1130 988 1132 1017 ζ

264 1023 390 1059 derogare
409 1026 522 1058 oportet.
553 1022 584 1048 I'r.
607 1024 629 1047 1.
655 1022 722 1055 5.1.
748 1021 780 1048 de
799 1022 845 1048 ser.
871 1024 895 1048 2.
917 1024 957 1048 12.
999 1021 1028 1047 In
1052 1026 1108 1047 toto
1130 1036 1132 1055 l

265 1067 320 1093 iure
345 1066 434 1102 generi
458 1074 507 1102 per
530 1066 647 1102 speciem
672 1064 820 1101 derogatur.
852 1064 883 1091 fr.
907 1067 949 1091 50.
978 1064 1010 1091 de
1035 1064 1066 1090 lt.
1090 1063 1108 1090 1.

265 1111 306 1135 50.
329 1110 368 1135 17.

299 1151 518 1187 Βθῐοςῆΐίο.
538 1153 743 1183 Prohibitio,
765 1152 973 1178 Interdictio.
988 1150 1110 1178 111011.

264 1195 332 1221 Eum
351 1194 382 1221 ab
407 1205 435 1220 ea
459 1195 587 1231 petitione
612 1193 728 1221 absolvi.
755 1194 826 1220 nulla
852 1204 884 1220 ex
910 1193 957 1220 hac
981 1195 1111 1220 sententia
1132 1216 1134 1229 y

265 1238 332 1264 facta
346 1236 515 1273 derogatione
529 1236 727 1263 fideicommissi
741 1238 872 1274 petitioni.
893 1236 922 1263 sr.
933 1239 975 1263 30.
997 1237 1028 1264 de
1042 1242 1110 1274 pact.
1132 1236 1134 1245 ¹

266 1281 321 1307 dot.
340 1283 382 1306 23.
403 1283 426 1306 4.

301 1323 586 1357 nerogatorinn.
608 1322 739 1356 (Adiect.)
769 1324 949 1358 Derogans.
981 1323 1023 1349 III.
1045 1324 1112 1351 Cn.

266 1366 390 1393 Edictum
416 1366 448 1392 de
472 1366 646 1392 custodiendo
670 1371 747 1403 partu
771 1366 965 1401 derogatorium
986 1371 1026 1393 est
1046 1367 1112 1398 eius,

268 1409 341 1447 quod
360 1415 408 1435 etc.
438 1409 467 1435 fr.
487 1411 511 1435 ⁴2.
531 1419 570 1446 pr.
591 1409 623 1435 de
642 1410 735 1446 inspic.
756 1414 856 1436 ventre.
875 1412 918 1436 25.
937 1412 962 1436 4.
1134 1419 1136 1444 ξ
1158 1411 1163 1417 ’

304 1453 526 1480 nesam-ire.
557 1454 704 1484 Saecire,
726 1454 892 1488 Grassari.
922 1452 965 1479 111.
983 1454 1049 1481 Cn·
1073 1452 1114 1479 Ne
1135 1466 1136 1470 ¹

270 1495 317 1522 diu
342 1495 519 1532 adparitorum
543 1509 576 1514 —
599 1495 710 1532 perfidia
734 1497 760 1522 in
783 1495 890 1532 publica
914 1497 1021 1533 impune
1046 1506 1115 1522 com-

269 1538 349 1566 moda
379 1538 534 1564 desaeviret.
581 1538 630 1564 Th.
653 1538 683 1565 C.
713 1538 758 1565 IX.
787 1540 829 1565 40.
859 1549 880 1565 c.
906 1540 946 1565 14.
975 1538 1008 1565 de
1035 1548 1113 1576 poen.

272 1581 395 1609 Proxime
415 1581 650 1608 obscoenissimum
675 1581 767 1608 samem
786 1592 834 1618 per
852 1586 934 1608 totam
952 1581 1053 1607 Italiam
1072 1580 1115 1607 de-
1136 1586 1137 1612 ξ

271 1626 397 1652 saevisse.
432 1623 499 1650 Nov.
520 1624 623 1651 Valent.
648 1624 690 1651 111.
715 1624 748 1651 de
770 1629 871 1662 parent.
892 1634 935 1661 qu.
955 1623 991 1650 fil.
1021 1624 1052 1650 Il.
1071 1625 1113 1650 33.

271 1679 292 1696 c.
313 1670 335 1694 l.

303 1712 600 1739 Descendentem
642 1712 756 1738 Liberi
782 1713 921 1738 omnium
944 1713 1113 1745 graduum.

269 1755 288 1782 Ι.
306 1756 368 1789 Sy.
396 1753 495 1780 Liberi.
524 1753 625 1780 Omnes
646 1753 838 1781 descendentes
857 1763 995 1790 personae.
1022 1753 1115 1780 Iuliani

271 1800 333 1836 epit.
353 1808 412 1824 nov.
438 1807 459 1823 c.
479 1798 520 1823 84.
546 1797 568 1831 5.
587 1798 647 1823 332.
685 1796 839 1823 Posteritas.
872 1807 894 1823 c.
914 1798 938 1822 4.
964 1796 997 1823 de
1021 1796 1046 1822 h.
1071 1806 1114 1833 qu.
1136 1790 1138 1836 i

271 1851 312 1878 sp.
332 1841 394 1878 pub.
414 1850 484 1866 mun.
506 1841 545 1866 10.
565 1841 607 1866 44.
645 1839 675 1866 11.
698 1842 765 1874 Op.
790 1839 1000 1866 Adscendeutes.
1029 1839 1070 1866 CI.
1090 1849 1115 1866 v.
1136 1841 1138 1870 ⁴,

271 1883 455 1911 Adscendens.
498 1882 541 1909 III.
563 1884 629 1910 (T'n.
658 1881 788 1919 Nepotes.
813 1887 919 1919 nepteS.
944 1887 1115 1920 pronepotes,

273 1932 428 1964 pronepti-S.
448 1936 477 1951 ac
491 1925 586 1951 deinde
599 1926 743 1952 masculino
757 1936 823 1951 sexu
837 1931 898 1962 post
912 1926 995 1952 filium
1009 1925 1117 1953 descen·
1137 1934 1138 1938 ¹

275 1970 376 1996 dentes.
405 1968 477 1995 Paul
497 1968 541 1995 lv,
561 1970 584 1995 8.
605 1969 626 2002 5.
641 1972 665 1995 ὅ
685 1968 715 1995 fr.
729 1970 753 1995 3.
770 1978 808 2005 pr.
830 1968 862 1995 de
876 1970 964 1995 mmst
985 1974 1053 2006 rupt.
1073 1972 1115 1996 28.

273 2015 297 2041 3.
327 2013 358 2039 fr
377 2014 401 2039 3.
421 2013 444 2046 5.
463 2012 488 2038 6.
512 2011 544 2038 de
568 2011 667 2047 adsign.
692 2011 737 2037 lib.
761 2013 804 2037 38.
824 2013 848 2038 4.
890 2011 983 2038 Proles
1010 2012 1117 2039 deseen-

274 2056 398 2083 dcntium.
428 2065 450 2081 c.
469 2056 493 2081 9.
513 2054 546 2081 de.
565 2054 664 2092 impub.
684 2059 710 2081 et
729 2054 760 2080 al.
779 2056 803 2080 6.
822 2056 864 2080 26.

309 2099 564 2126 Descende-re.
593 2099 624 2131 §-
644 2099 678 2125 1.
709 2099 864 2124 Deorsum
884 2100 1046 2124 scandere.
1073 2097 1116 2124 III.

275 2143 343 2170 OE'n.
377 2141 405 2168 Si
435 2140 621 2167 descendendo
646 2140 783 2168 reciderit.
813 2145 855 2167 aut
884 2145 1003 2167 mortuus
1031 2140 1141 2167 suerit.t

275 2184 334 2212 Gai.
354 2184 395 2210 III.
414 2186 473 2210 219.
499 2183 528 2210 sr.
542 2186 566 2210 3.
587 2184 608 2218 5.
626 2186 647 2210 l.
668 2184 700 2211 de
719 2194 796 2210 servo
817 2194 884 2210 corr.
906 2183 1049 2210 ll.3.1n
1063 2193 1116 2209 cer-

277 2228 371 2254 tamina
391 2226 560 2253 descendere.
581 2243 612 2247 —
632 2226 661 2253 In
681 2237 801 2254 scaenam
821 2226 936 2264 prodire.
958 2226 987 2254 I'r.
1006 2229 1031 2253 2.
1051 2227 1073 2261 5.
1093 2228 1117 2252 5.

277 2270 310 2297 de
329 2270 353 2296 h.
374 2280 416 2306 qu.
436 2275 489 2295 not.
509 2269 595 2296 infam.
615 2271 640 2296 3.
659 2272 683 2296 2.
705 2286 736 2289 -—
762 2270 793 2303 §.
814 2272 849 2296 2.
882 2271 1054 2304 Origincm
1073 2280 1119 2296 re-

275 2320 384 2348 petere
412 2315 447 2339 ab
471 2315 591 2347 aliquo.
635 2313 652 2339 I.
677 2314 739 2347 Sy.
768 2312 865 2339 §enit-e
885 2316 959 2345 (ex.)
993 2312 1076 2339 Vatic.
1096 2314 1118 2347 5.

276 2357 337 2382 221
362 2355 391 2381 sr.
412 2356 435 2381 7.
455 2364 494 2391 sq.
520 2355 550 2381 I'r.
572 2357 610 2382 13.
632 2367 679 2393 pro
699 2366 753 2382 soc.
775 2358 815 2382 17.
834 2358 858 2382 2.
896 2356 1032 2382 I’rolicisci
1053 2357 1119 2389 (ex.)
1141 2364 1142 2370 ¹

279 2399 309 2425 sui
328 2400 349 2424 Ι.
369 2398 391 2432 5.
404 2400 428 2424 2.
449 2397 480 2423 dv
469 2408 540 2435 μείης.
562 2400 600 2424 16.
620 2401 644 2425 ·3.
683 2399 816 2425 introduci
836 2410 869 2426 ex
888 2399 979 2435 (lnge.)
1000 2398 1060 2436 tlp.
1074 2399 1119 2425 XI.
1141 2391 1143 2424 i

278 2440 634 2468 3.xxx11.5.111.('.11
660 2442 713 2477 Qui
732 2452 745 2468 a
765 2443 882 2479 patriciis
903 2447 927 2468 et
948 2442 1120 2469 consulibus.

280 2495 364 2520 usque
384 2484 416 2510 ad
434 2494 525 2510 omnes
544 2484 675 2510 illustres
681 2485 764 2516 viros.
785 2484 957 2511 descendunt.
987 2486 1017 2512 ί“-.ι
1041 2488 1078 2512 12.
1099 2486 1144 2519 5.

282 2529 304 2553 1.
325 2526 357 2553 de
371 2527 490 2553 Senator.
513 2528 534 2553 1.
547 2528 571 2553 9
609 2528 717 2554 Omnes.
738 2529 781 2563 qui
802 2539 833 2554 «x
853 2528 930 2554 nobis
948 2527 1121 2554 desc-mudum

282 2585 315 2589 -—
335 2569 426 2601 tilius.
447 2580 538 2607 nepos.
557 2580 699 2607 pronepos.
715 2572 843 2597 caeterive
857 2572 901 2607 qui
915 2581 947 2597 ex
961 2570 1001 2597 his
1015 2571 1123 2597 ‹lescen-

283 2611 355 2638 dunt.
380 2613 410 2639 I'r.
430 2615 489 2639 220.
510 2624 549 2650 pr.
568 2614 590 2647 5.
609 2615 633 2639 3.
654 2612 686 2639 (1(-
705 2612 737 2639 V.
758 2612 785 2639 S.
805 2615 845 2639 50.
868 2615 906 2640 16.
945 2614 999 2649 Qui
1018 2624 1071 2640 non
1091 2624 1123 2640 ex

283 2654 406 2681 masculis
427 2655 598 2683 descendunt.
629 2655 659 2682 sr.
679 2657 702 2682 5.
729 2655 761 2682 de
781 2656 852 2682 inoss’.
873 2661 974 2683 testam.
993 2659 1017 2683 5.
1036 2659 1061 2683 2.
1090 2656 1122 2683 cs.

284 2696 368 2723 Vatir.
388 2698 424 2731 55.
448 2700 507 2725 211.
527 2700 586 2725 224.
615 2698 676 2736 le.
695 2698 740 2725 XI.
765 2700 788 2724 4.
813 2698 910 2725 XXVI.
937 2701 958 2725 1.
1007 2698 1066 2725 Non
1091 2709 1123 2725 ex

284 2739 396 2766 luxuria.
417 2740 462 2766 sed
482 2752 513 2767 ex
533 2741 636 2768 adfectu
656 2741 848 2768 descendentes
869 2742 1006 2774 (rausae.)
1030 2742 1061 2769 fr.
1083 2743 1122 2768 16.

285 2793 324 2820 pr.
345 2782 376 2809 de
396 2793 505 2809 inanum.
526 2784 595 2811 vind.
616 2787 657 2810 «10.
677 2786 701 2810 2.
743 2784 783 2811 Ex
803 2788 938 2810 contractu
958 2785 1048 2821 reique
1067 2795 1124 2821 per-

286 2826 421 2852 secutione
442 2825 577 2853 deseendit
597 2827 719 2860 (dolus.)
749 2826 779 2854 sr.
800 2828 823 2853 7.
843 2827 907 2860 5.1.
928 2826 1018 2864 depos.
1040 2829 1079 2854 16.
1098 2829 1122 2854 3.

1132 1154 1243 1187 Ἰριιιηι
1276 1154 1467 1187 scripturae
1499 1163 1629 1179 sumere.

1137 1889 1138 1893 ¹
1159 1886 1175 1901 ἢ

990 165 1083 197 DER
1105 183 1148 188 —
1170 165 1264 197 DES.

1151 247 1326 280 Contractus,
1347 249 1391 285 qui
1411 259 1444 276 ex
1462 249 1488 277 b.
1508 249 1524 277 f.
1544 250 1689 279 descendit.
1707 252 1790 281 ..PauL
1809 253 1840 281 11.
1854 255 1895 281 17.
1915 254 1993 289 §.14.

1149 291 1191 318 Ex
1209 291 1267 327 lege
1284 291 1342 318 XII.
1364 291 1448 319 Tabb.
1467 292 1636 321 descendere.
1665 294 1727 332 le.
1741 296 1849 324 XXVII.
1863 300 1887 324 5.
1907 297 1937 324 fr.
1951 300 1993 324 22.

1150 335 1172 368 5.
1187 336 1211 361 6.
1232 334 1264 361 de
1278 334 1309 361 R.
1325 334 1356 361 Υ.
1376 336 1400 361 6.
1416 338 1438 362 1.
1458 336 1488 363 fr.
1504 338 1526 363 l.
1546 337 1583 371 55.
1600 339 1620 364 1.
1636 348 1675 375 sq.
1696 337 1728 364 de
1741 348 1814 376 susp.
1828 344 1876 367 tut.
1895 342 1937 367 26.
1953 342 1993 367 10.

1151 394 1183 398 -
1198 378 1229 411 §.
1244 379 1281 404 3.
1302 379 1492 411 Prot-edere,
1512 381 1716 416 Pertingere.
1745 381 1763 408 Ι.
1778 383 1840 416 Sy.
1859 382 1994 415 Transire,

1151 420 1289 447 Pertinere
1309 420 1353 453 (ad
1374 421 1436 453 etc.)
1466 420 1496 447 fr.
1518 423 1557 448 16.
1577 423 1598 456 5.
1622 425 1642 450 1.
1663 423 1695 450 de
1714 424 1788 451 tutel.
1808 426 1849 451 26.
1871 427 1893 452 l.
1919 426 1949 452 l'r.
1969 428 1993 453 9.

1128 477 1129 502 3
1152 464 1189 497 55.
1214 466 1238 490 4.
1259 465 1283 490 9.
1313 463 1345 490 de
1364 463 1430 490 adm.
1450 474 1500 490 rer.
1520 464 1552 491 ad
1571 466 1620 492 civ.
1640 468 1682 492 50.
1701 468 1725 493 8.
1768 467 1810 494 III.
1841 469 1907 495 Cn.
1943 468 1995 496 Cu—

1097 524 1106 533 .
1128 516 1130 532 J
1151 511 1253 532 ratores
1273 522 1305 526 —
1326 508 1422 539 teneri,
1448 516 1496 533 nec
1521 507 1553 534 ad
1577 507 1688 535 heredes
1714 520 1803 536 eorum
1822 520 1933 548 poenam
1953 511 1996 538 de-

1152 549 1287 575 scendere.
1314 549 1344 575 I'r.
1364 551 1388 576 9.
1407 550 1430 584 5.
1450 551 1473 576 4.
1498 549 1515 576 l.
1535 552 1576 576 50.
1596 552 1620 577 8.
1659 552 1725 579 Cum
1746 555 1882 590 proprium
1901 564 1996 581 nomen

1129 622 1130 628 ἵ
1152 593 1269 618 invenIre
1289 602 1341 618 uon
1360 602 1512 630 possumus,
1532 593 1608 620 facile
1626 594 1817 622 descendamus
1837 596 1869 622 ad
1883 607 1926 623 eas
1947 602 1995 623 etc.

1129 658 1130 661 ,
1153 635 1182 662 1”ι·.
1204 637 1226 661 1.
1247 646 1286 673 pr.
1315 635 1347 662 de
1367 645 1482 672 praescr.
1502 646 1543 662 vv.
1565 638 1604 663 19.
1624 639 1648 664 5.
1691 638 1866 666 Cessantibus
1891 639 1997 666 iudiciis

1152 678 1266 716 proditis
1292 683 1318 705 et
1341 678 1493 715 vulgaribus
1518 680 1680 713 actionibus.
1705 681 1866 709 descendere
1890 682 1923 709 ad
1947 687 1996 709 etc.

1130 739 1131 742 κ
1152 722 1184 748 fr.
1207 723 1229 748 1.
1248 731 1288 758 pr.
1308 721 1341 748 de
1359 732 1474 759 praescr.
1494 732 1536 748 vv.
1558 724 1598 749 19.
1617 725 1641 749 5.
1679 723 1775 750 Nullus
1795 724 1901 752 videtur
1914 725 1996 752 usust.

1129 786 1131 796 .
1153 766 1179 791 in
1198 765 1257 791 istis
1277 765 1333 791 iure
1353 766 1527 797 constitutus,
1548 765 1595 792 sed
1614 765 1647 792 ad
1667 766 1694 793 S.
1715 766 1745 794 C.
1767 769 1816 794 erit
1836 767 1998 794 descenden-

1129 840 1130 845 ,
1153 807 1223 835 dum.
1250 807 1280 834 sr.
1297 809 1336 834 ll.
1357 807 1390 834 de
1409 808 1477 835 usuf.
1498 818 1548 834 ear.
1568 818 1618 835 rer.
1639 810 1661 835 7.
1676 811 1700 835 5.
1736 809 1883 837 Possessor
1900 812 1998 843 vincet,

1153 856 1179 878 et
1199 851 1249 877 erit
1269 852 1307 877 eis
1325 850 1540 877 descendendum
1559 851 1592 878 ad
1611 851 1777 885 (Satrianum
1795 853 1942 887 iudicium.)
1966 853 1997 880 fr.

1151 896 1176 921 2.
1197 894 1230 920 de
1250 893 1321 920 Salv.
1341 893 1435 920 interd.
1458 895 1500 920 43.
1519 895 1560 921 33.

1187 937 1423 964 Deseiseere·
1468 938 1632 973 Deficere,
1664 939 1823 965 Deserere.
1865 938 1909 966 III.
1932 940 1998 967 Cn.

1155 980 1222 1016 Qui,
1246 979 1300 1006 fide
1325 979 1394 1006 devii
1414 985 1440 1006 et
1458 985 1544 1007 mente.
1563 982 1673 1012 caecati.
1699 980 1748 1007 SS.
1768 980 1902 1017 religionis
1927 981 2000 1008 cultu

1155 1028 1180 1050 et
1206 1024 1352 1049 reverentia
1377 1022 1561 1050 descivissent.
1597 1023 1647 1050 Th.
1672 1023 1703 1050 C.
1727 1022 1797 1050 XVI.
1823 1025 1846 1050 7.
1872 1034 1893 1051 c.
1914 1026 1938 1051 5.
1967 1025 2000 1052 de

1155 1070 1268 1103 apostat.
1295 1065 1326 1092 cf.
1345 1065 1416 1092 XVI.
1436 1068 1460 1092 5.
1481 1076 1502 1092 c.
1522 1068 1563 1093 52.
1583 1077 1622 1104 pr.
1643 1066 1675 1093 de
1694 1066 1791 1092 haeret.

1190 1109 1429 1137 Describere.
1475 1109 1506 1142 ξ.
1537 1111 1572 1136 1.
1607 1111 1852 1142 Transi-ritem,
1886 1111 2001 1136 Exem-

1683 1152 1725 1178 ΙΙΙ.
1756 1153 1822 1180 Cn.
1858 1151 2002 1189 Aperiatur

1157 1199 1182 1221 et
1201 1195 1328 1221 recitetur
1352 1196 1407 1228 (sc.
1432 1195 1650 1227 testamentum.)
1675 1200 1753 1231 atque
1776 1196 1812 1221 ita
1832 1194 2002 1222 describendi

1157 1237 1273 1274 exempli
1286 1237 1333 1263 fiat
1345 1243 1473 1275 potestas.
1492 1237 1565 1264 Paul.
1579 1237 1623 1264 IV.
1637 1238 1660 1263 6.
1675 1238 1697 1271 5.
1714 1239 1735 1263 l.
1755 1237 1785 1263 I'r.
1802 1239 1824 1263 l.
1838 1248 1877 1275 pr.
1897 1243 2000 1265 testam.

1157 1280 1278 1318 quemad.
1298 1290 1339 1317 ap.
1358 1282 1400 1307 29.
1414 1282 1439 1307 3.
1477 1280 1513 1307 Vt
1533 1291 1561 1307 ea
1581 1280 1637 1307 sola
1650 1290 1711 1317 pars
1731 1280 1871 1308 rationum.
1890 1291 1956 1317 quae
1969 1281 2002 1308 ad

1157 1323 1342 1351 instruendum
1362 1323 1475 1360 aliquem
1494 1325 1632 1361 pertineat.
1652 1324 1808 1360 inspiciatur
1827 1328 1852 1349 et
1870 1323 2002 1350 describa-

1158 1372 1208 1394 tur.
1236 1367 1267 1393 fr.
1288 1368 1328 1392 10.
1349 1366 1371 1400 5.
1391 1369 1415 1393 2.
1435 1367 1469 1393 de
1488 1366 1581 1393 edend.
1600 1369 1624 1393 2.
1646 1368 1685 1393 13.
1723 1366 1784 1392 Non
1804 1371 1832 1392 ut
1851 1365 2003 1393 describant

1158 1420 1215 1447 ipsa
1234 1419 1345 1447 corpora
1364 1411 1607 1441 instrumentorum,
1627 1409 1675 1437 sed
1689 1414 1752 1446 quot
1772 1410 1834 1441 sint,
1854 1409 1886 1436 de
1906 1419 1956 1446 qua
1975 1419 2003 1436 re

1158 1455 1220 1485 sint,
1240 1453 1384 1479 subuotent
1403 1453 1462 1479 sibi.
1491 1453 1521 1479 I'r.
1543 1455 1583 1479 15.
1603 1463 1642 1490 pr.
1667 1453 1699 1480 de
1719 1453 1773 1479 reb.
1793 1457 1860 1479 auct.
1881 1452 1934 1479 iud.
1959 1454 2001 1479 42.

1158 1499 1182 1523 5.
1212 1496 1243 1523 Ιί·.
1263 1498 1287 1523 9.
1307 1497 1329 1530 5.
1350 1498 1374 1523 5.
1398 1495 1430 1523 ad
1448 1495 1478 1522 L.
1498 1495 1546 1522 Iul.
1567 1495 1652 1533 pecul.
1676 1496 1719 1522 48.
1740 1497 1780 1522 13.
1809 1495 1840 1521 fr.
1863 1497 1906 1522 45.
1930 1495 1953 1529 5.
1977 1496 2001 1522 6.

1159 1539 1192 1566 de
1211 1540 1268 1566 iure
1287 1540 1354 1566 fisci.
1374 1541 1416 1566 49.
1438 1541 1478 1565 14.
1516 1537 1571 1565 Nec
1590 1548 1654 1565 vero
1673 1539 1769 1576 impios
1788 1537 1872 1564 libros
1891 1554 1924 1558 -
1940 1539 2003 1565 scri-

1160 1588 1220 1620 ptos
1240 1582 1350 1614 habere.
1374 1587 1417 1608 aut
1441 1581 1541 1618 legere,
1566 1586 1610 1607 aut
1633 1581 1784 1608 describere
1803 1582 1942 1618 quisquam
1961 1592 2004 1608 au-

1160 1626 1227 1652 deat.
1253 1625 1302 1652 Th.
1323 1625 1355 1652 C.
1374 1624 1445 1651 XVI.
1465 1627 1489 1651 5.
1510 1635 1531 1651 c.
1551 1626 1592 1650 66.
1613 1624 1634 1658 5.
1656 1626 1678 1650 1.
1698 1624 1730 1650 de
1750 1624 1847 1651 haeret.
1869 1641 1897 1645 —
1920 1625 1951 1657 θ’.
1967 1626 2003 1651 2.

1161 1670 1409 1703 Descriptioni,
1429 1670 1476 1694 vel
1494 1669 1687 1699 indictioni,
1707 1669 1872 1694 subiicere.
1904 1667 1922 1694 I.
1941 1669 2005 1702 Sy.

1136 1739 1137 1747 ἵ
1159 1711 1327 1738 Iul'erendum
1345 1710 1462 1737 indicere
1481 1710 1724 1747 (provincialibus)
1753 1709 1789 1736 lb.
1809 1709 1855 1736 XI.
1876 1711 1916 1736 16.
1937 1720 1958 1736 c.
1978 1712 2003 1736 8.

1136 1752 1192 1790 'qde
1212 1759 1278 1781 extr.
1298 1764 1319 1780 s.
1339 1753 1411 1780 sord.
1452 1753 1496 1780 111.
1518 1755 1584 1781 011.

1622 1752 1736 1788 Quoties
1756 1769 1786 1774 —
1807 1752 1936 1779 officiales
1959 1751 2004 1779 ali-

1160 1798 1234 1824 cuius
1254 1797 1322 1823 bona
1341 1801 1479 1833 occupant,
1499 1795 1541 1823 vel
1561 1795 1726 1827 describunt,
1746 1795 1789 1822 vel
1808 1795 1858 1822 sub
1879 1795 2004 1822 observa-

1160 1841 1232 1867 tione
1251 1850 1310 1866 esse
1330 1840 1435 1866 faciunt.
1460 1838 1533 1865 Paul.
1554 1838 1586 1866 V.
1607 1841 1647 1866 12.
1668 1839 1690 1873 5.
1710 1840 1733 1865 6.
1758 1839 1788 1866 I'r.
1802 1840 1844 1865 56.
1864 1838 1942 1866 locat.
1962 1839 2002 1865 19.

1161 1902 1183 1910 -.
1220 1883 1319 1910 Eorum
1338 1883 1406 1909 bona
1427 1898 1459 1902 —
1478 1887 1539 1908 ante
1557 1883 1713 1908 sententiam
1732 1892 1780 1908 uec
1793 1881 1935 1918 obsignari,
1955 1889 2003 1907 nec

1161 1926 1276 1953 describi
1299 1931 1343 1952 aut
1366 1926 1530 1963 incorporari
1554 1929 1677 1962 possunt.
1708 1924 1750 1951 Fr.
1771 1924 1803 1951 de
1827 1924 1845 1950 I.
1866 1923 1894 1950 F.
1919 1923 1941 1957 5.
1962 1924 2002 1949 14.

1162 1969 1336 2000 Describere,
1355 1968 1398 1995 vel
1418 1969 1530 2004 exigere.
1560 1967 1610 1995 Th.
1630 1967 1661 1995 C.
1680 1967 1698 1994 l.
1718 1967 1734 1994 l.

1195 2012 1424 2045 Descriptio.
1465 2012 1497 2044 ἓ.
1522 2012 1557 2037 1.
1585 2011 1757 2046 Professio
1785 2010 1920 2043 scripta.
1958 2007 2001 2034 111.

1162 2056 1228 2082 οη.
1255 2054 1408 2091 Descriptio
1427 2055 1599 2090 ingenuorum
1618 2063 1650 2079 ex
1669 2051 1757 2078 officio
1777 2052 1835 2078 fisci
1848 2052 1917 2077 inter
1930 2051 2004 2077 {isca-

1161 2097 1212 2124 Iem
1232 2096 1354 2123 familiam
1373 2097 1447 2123 sacta.
1473 2095 1546 2122 Paul.
1565 2094 1597 2122 V.
1618 2097 1641 2121 1.
1661 2095 1683 2129 5
1697 2096 1722 2121 3.
1758 2094 1792 2121 Et
1811 2094 1889 2131 plena
1907 2093 2004 2120 descri-

1161 2141 1217 2178 ptio
1242 2139 1460 2177 comprehendat.
1486 2138 1557 2175 quod
1581 2139 1707 2175 spatium,
1731 2142 1757 2163 et
1782 2136 1854 2173 quod
1877 2138 1913 2164 sit
1935 2138 2004 2164 ruris

1162 2184 1292 2219 ingenium
1317 2187 1366 2209 etc.
1400 2182 1450 2209 Th.
1475 2181 1505 2208 C.
1530 2181 1574 2207 lx.
1599 2182 1640 2207 42.
1665 2191 1686 2207 c.
1707 2182 1730 2206 7.
1759 2179 1791 2206 de
1814 2179 1875 2206 bon.
1900 2189 2002 2217 proscr.

1140 2247 1141 2253 .
1163 2226 1276 2252 Chartas
1300 2225 1449 2263 superfluae
1473 2224 1660 2261 descriptionis
1684 2224 1800 2249 cremari.
1835 2223 1871 2249 lb.
1891 2222 1937 2249 XI.
1960 2223 2002 2249 ⁴28.

1163 2280 1184 2295 e.
1198 2271 1222 2295 2.
1244 2268 1276 2295 de
1290 2268 1388 2305 indulg.
1403 2268 1484 2295 debit.
1505 2283 1537 2286 —
1556 2268 1587 2300 §.
1607 2268 1641 2293 ἓ.
1668 2268 1821 2298 bulioiin,
1841 2276 1862 2292 v.
1883 2266 2004 2292 Distri-

1140 2328 1142 2351 ζ
1163 2314 1253 2340 butio
1286 2314 1424 2343 (tributi
1441 2312 1504 2340 etc.)
1547 2309 1590 2336 111.
1615 2310 1680 2337 Gn.
1710 2308 1814 2335 Nullam
1838 2318 1884 2334 eos
1908 2307 2005 2335 descri-

1164 2356 1290 2392 ptionem,
1310 2360 1352 2381 aut
1366 2354 1545 2385 adiectionem,
1563 2356 1607 2378 aut
1620 2353 1814 2378 innovationem
1827 2352 1855 2378 in
1868 2355 2005 2388 posterum

1333 2397 1400 2423 Nov.
1421 2396 1470 2423 Th.
1494 2395 1524 2422 11.
1549 2395 1581 2422 de.
1600 2394 1707 2421 relevat.
1732 2395 1750 2421 l.
1775 2397 1816 2421 25.
1841 2404 1862 2421 e.
1883 2395 1905 2420 1.
1933 2394 1955 2428 5.
1979 2395 2003 2420 4.

1165 2399 1304 2424 sustinere.

1142 2439 1144 2474 ᾗ
1166 2440 1197 2467 cs.
1218 2441 1238 2474 5.
1259 2442 1283 2466 2.
1317 2439 1367 2467 Th.
1386 2440 1417 2466 C.
1443 2438 1488 2465 XI.
1511 2440 1553 2465 20.
1578 2448 1599 2464 c.
1619 2439 1642 2464 6.
1668 2438 1690 2471 5.
1710 2439 1733 2463 4.
1758 2437 1790 2464 de
1809 2436 1896 2463 collat.
1916 2436 2004 2463 donat.

1166 2483 1209 2509 Ad
1223 2483 1415 2520 descriptiones
1429 2482 1574 2507 senatorias
1589 2490 1640 2507 nou
1653 2485 1790 2512 vorentur,
1809 2479 1857 2506 sed
1877 2479 1908 2506 ab
1925 2479 2005 2506 omni-

1143 2526 1216 2552 bus
1236 2527 1331 2552 muniis
1351 2524 1464 2552 absoluti
1484 2529 1532 2551 etc.
1560 2523 1611 2550 Th.
1632 2524 1662 2550 C.
1684 2523 1751 2550 XIII.
1771 2525 1795 2550 3.
1816 2533 1837 2549 c.
1859 2524 1898 2549 15.
1913 2532 1952 2559 sq.
1972 2521 2004 2548 de

1167 2569 1234 2596 med.
1255 2573 1281 2595 et
1299 2568 1366 2606 pros.
1392 2567 1424 2594 cf.
1444 2566 1487 2593 Π.
1507 2570 1548 2594 23.
1569 2578 1590 2594 e.
1611 2570 1634 2594 l.
1659 2567 1691 2594 de
1711 2577 1764 2593 cur.
1784 2571 1809 2592 et
1829 2565 1916 2592 silent.
1952 2564 2004 2591 An-

1167 2613 1254 2648 gariis,
1273 2611 1314 2638 vel
1334 2611 1567 2647 descriptionibus,
1587 2616 1631 2637 aut
1649 2610 1707 2637 aliis
1727 2609 1890 2646 quibuslibet
1909 2616 2004 2644 expen-

1167 2656 1204 2681 sis
1223 2653 1399 2692 provinciales
1419 2664 1521 2680 vexare.
1550 2653 1642 2680 Iuliani
1661 2664 1701 2690 ep.
1716 2663 1775 2679 nov.
1796 2663 1817 2679 e.
1833 2654 1890 2678 124.
1909 2651 1931 2685 5.
1944 2651 2003 2676 561.

1168 2697 1199 2724 cl‘.
1224 2698 1245 2731 5.
1265 2698 1324 2723 556.
1370 2695 1405 2722 Vt
1429 2696 1665 2732 quadrimenstruis
1689 2706 1794 2732 quoque
1818 2693 1942 2721 brevibus
1971 2708 2003 2711 —

1168 2740 1314 2767 celebratae
1333 2739 1519 2776 descriptionis
1538 2739 1689 2777 dispunctio
1710 2738 1863 2765 celebretur.
1895 2734 1945 2761 Th.
1972 2734 2002 2761 C.

1167 2782 1223 2810 XII.
1246 2784 1268 2808 l.
1288 2792 1309 2808 c.
1331 2784 1387 2809 173.
1408 2783 1429 2816 5.
1449 2785 1473 2809 2.
1494 2782 1525 2809 cl'.
1545 2793 1584 2820 pr.
1604 2782 1626 2816 5.
1648 2783 1669 2808 l.
1690 2781 1722 2808 de
1742 2780 1874 2807 decurion.

1203 2826 1437 2859 Descriptus.
1465 2825 1595 2859 (Partic.)
1637 2825 1668 2858 §0
1695 2825 1729 2851 l.
1764 2822 2004 2889 Τναιιεενίμιιιῗ.
