2197 3121
1027 159 1133 190 COM.

224 246 256 273 de
275 256 305 273 eo
324 256 349 283 p.
370 255 413 282 qu.
434 244 492 272 fact.
516 246 540 270 2.
562 245 601 270 10.
632 243 661 269 fr.
681 244 722 268 57.
748 242 770 275 5.
790 244 814 268 3.
840 241 872 268 dc
896 247 978 268 contr.
1000 247 1059 268 emt.
1081 243 1082 249 ¹

224 290 264 315 18.
285 291 307 315 l.
326 304 358 308 --
378 289 408 322 §-
430 289 466 314 3.
492 289 700 321 Computare,
721 287 897 319 Imputare.
935 284 978 311 111.
994 286 1059 312 (711.

223 330 455 368 Compensandum
474 331 496 356 ei
515 331 542 356 in
561 329 662 357 dotem.
687 328 758 364 quod
782 339 795 354 a
819 333 893 364 patre
913 327 996 353 datur.
1029 327 1059 353 sr.

222 376 264 401 22.
285 375 306 408 5.
326 375 350 400 3.
371 373 419 400 sol.
439 373 549 399 matrim.
569 373 610 397 24.
629 372 653 397 3.
692 370 772 406 Quod
796 381 844 407 pro
870 371 997 407 impensis
1018 380 1061 396 ne-
1082 391 1084 399 ,

225 418 347 443 cessariis
367 416 529 453 compensari
549 414 625 441 solet.
657 413 686 440 fr.
707 415 730 439 5.
755 414 777 447 5.
797 415 820 439 2.
847 413 878 439 cf.
898 413 929 439 fr.
949 414 972 439 3.
993 413 1059 446 5.1.
1082 413 1084 432 ¹=
1107 415 1171 440 Cn.
1203 413 1257 448 Qui
1276 412 1308 438 ad
1328 412 1533 449 compescendos
1552 411 1635 437 malos
1649 410 1768 436 homines
1782 411 1879 435 missus
1895 414 1942 435 est.

224 459 256 486 de
274 461 383 497 impens.
404 460 430 484 in
449 468 491 485 res
512 457 565 484 dot.
584 459 626 483 25.
648 459 669 483 1.

259 501 534 535 Compensatio.
566 501 597 533 ἓ.
611 502 644 526 1.
670 500 900 533 Peraequatio.
932 497 975 524 III.
995 499 1060 525 Cn.

223 544 259 571 Vt
278 545 381 571 oblatus
401 553 523 570 numerus
549 553 580 569 ex
605 541 818 568 adcrescentibus
842 542 964 578 primitus
988 551 1061 577 repa-

222 592 308 619 retur.
336 597 364 613 ac
390 588 411 613 si
437 587 614 622 compensatio
639 594 691 611 non
716 585 832 621 potuerit
851 585 991 610 convenire
1011 589 1059 610 etc.

223 630 273 657 Th.
288 629 319 657 C.
338 629 395 656 Vll.
417 629 456 655 123.
477 639 498 655 c.
519 630 542 654 6.
562 629 583 662 5.
603 630 627 654 2.
653 627 685 654 de
703 629 780 653 tiron.
812 643 845 646 -
876 628 906 660 §.
926 629 960 653 2.
993 628 1060 653 Ex-

223 675 380 707 aeqnatio
405 673 505 697 debiti
528 681 593 697 eum
614 672 754 702 credito,
772 672 963 704 pensatione
981 680 1082 709 sum-¹

1081 713 1082 720 ¹
1105 712 1247 739 abolitione
1268 717 1442 749 compescant.
1472 711 1521 738 Th.
1541 710 1571 737 C.
1592 710 1635 736 IX.
1657 712 1679 736 7.
1705 720 1725 736 r.
1745 713 1768 736 2.
1793 709 1825 736 ad
1844 709 1873 735 L.
1893 709 1940 735 Iul.

222 757 254 783 de
267 756 298 783 N.
313 756 344 783 G.
363 759 387 783 3.
401 758 425 783 5.
446 757 475 783 fr.
488 758 511 783 6.
531 756 561 783 fr.
574 759 596 783 7.
611 757 632 790 5.
645 758 667 782 l.
687 755 719 781 de
739 766 872 792 compens
894 757 933 781 16.
947 758 971 782 2.
1008 755 1060 782 De·
1080 752 1082 789 ,¹
1105 756 1136 782 de
1156 755 1236 782 adult.
1274 755 1310 782 Vt
1333 760 1384 781 tam
1409 754 1535 781 nefandos
1560 758 1668 780 conatus
1694 753 1755 779 ferri
1779 758 1823 779 aut
1845 753 1942 788 ignium

221 800 270 827 biti
296 805 322 826 et
345 799 437 826 crediti
462 801 530 826 inter
553 809 581 825 se
605 798 773 825 contributio.
805 798 836 824 fr.
862 801 884 824 l.
914 799 948 825 ib.
974 800 1014 825 16.
1034 801 1058 825 2.
1080 806 1081 818 1

220 843 263 869 111.
281 844 346 870 οη.
366 843 398 869 Et
413 844 574 879 petitionem.
589 846 614 867 et
628 842 868 878 compensationem
883 841 964 868 debiti
979 843 1059 874 (com-
1080 863 1082 873 ,

927 884 980 920 Qui
1000 894 1060 911 con-
1080 887 1082 916 ᾗ
1104 887 1208 915 niens,
1228 886 1349 910 Iustus.
1388 883 1405 909 Ι.
1427 884 1487 917 Sy.
1517 882 1672 918 Congruens
1693 883 1833 915 (munus).
1867 880 1895 906 sr.
1918 882 1940 905 l.

1080 927 1082 936 ¹
1104 927 1136 953 de.
1156 927 1289 953 decurion.
1310 928 1350 952 50.
1370 928 1394 951 2.
1415 925 1444 952 sr.
1464 927 1488 951 3.
1508 926 1528 959 5.
1549 926 1572 951 b'.
1593 925 1625 951 de
1644 935 1713 951 mun.
1735 929 1760 950 et
1780 923 1840 949 11011.
1860 925 1901 948 50.
1916 924 1940 948 4.

222 726 343 742 marum
363 716 606 741 interveniente.
636 713 654 739 1.
669 714 730 747 Sy.
750 712 881 739 Pensatio.
905 712 935 739 fr.
955 714 978 739 8.
999 713 1020 746 5.
1035 715 1058 738 2.

220 887 332 923 petere).
357 885 387 912 fr.
408 887 449 911 21.
470 886 490 919 5.
511 887 536 911 2.
556 883 588 910 de
607 884 679 910 inoff.
700 889 801 910 testam.
821 887 844 911 5.
864 887 888 911 2.

219 930 331 960 venitur.
352 929 591 965 compensationem
611 937 745 964 opponere
764 932 860 964 potest.
882 927 911 954 sr.
927 929 967 954 10.
985 927 1023 961 55
1034 929 1057 953 2.

219 981 259 1008 sq.
289 971 321 997 ct'.
346 971 376 997 fr.
397 973 436 997 13.
465 970 497 996 de
521 979 654 1006 compens.
682 971 721 996 16.
741 972 765 996 2.
796 980 817 996 c.
839 972 861 996 7.
886 970 943 996 eod.
968 972 991 996 4.
1016 972 1057 996 31.

219 1059 243 1082 5.
264 1056 294 1082 fr.
314 1058 355 1082 24.
376 1056 397 1089 5.
412 1057 434 1081 6.
457 1055 506 1081 sol.
526 1059 599 1081 matr.
620 1057 661 1080 24.
678 1056 702 1081 3.
741 1055 963 1092 Compensatione
983 1055 1057 1085 sacta.

218 1100 304 1125 minus
324 1098 468 1125 intendere.
506 1097 573 1124 Cum
594 1100 808 1134 compensatione
827 1109 909 1135 agere.
937 1099 992 1125 Gai.
1013 1098 1057 1125 IV.

217 1144 259 1168 64.
278 1143 318 1168 68.
347 1140 391 1168 Vt.
410 1141 498 1167 habita
517 1142 731 1178 compensatione
750 1141 894 1173 fructuum.
917 1141 1058 1178 solutoque

217 1280 367 1299 usurarum.
392 1279 473 1306 penes
498 1274 624 1296 emtorem
648 1280 781 1297 remanere
804 1270 911 1307 placuit.
946 1270 1018 1297 Paul.
1038 1270 1055 1297 Ι.

215 1315 240 1339 9.
260 1314 281 1347 5.
301 1315 324 1339 7.
361 1312 420 1338 Iure
440 1314 662 1349 compensationis
681 1314 794 1339 retinere
814 1315 994 1350 (pecuniam).
1026 1314 1055 1340 sr.

216 1401 256 1426 16.
278 1401 299 1425 l.
336 1398 387 1424 Per
406 1399 646 1434 compensationem
666 1409 770 1425 servare
790 1399 946 1432 (solidum).
981 1399 1011 1425 [Γ.
1031 1401 1054 1425 9.

215 1452 254 1479 pr.
275 1441 307 1468 de
327 1451 459 1478 compens.
489 1442 529 1467 16.
548 1443 572 1467 2.
610 1442 750 1478 Aequitate
769 1443 990 1479 compensationis
1011 1444 1055 1468 uti.

215 1485 245 1511 fr.
260 1486 299 1511 ls.
318 1495 358 1521 pr.
378 1484 412 1510 ib.
435 1485 508 1510 111-2.
530 1494 550 1510 e.
562 1486 585 1510 5.
606 1485 664 1511 eod.
684 1487 707 1511 4.
727 1487 768 1511 31.
790 1501 822 1504 —
842 1486 872 1518 ξ.
893 1487 929 1512 3.
951 1488 1055 1512 Reme-
1077 1481 1078 1500 ³

1077 1531 1078 1568 ἐ
1101 1529 1133 1555 de
1153 1539 1221 1564 erog.
1242 1527 1294 1554 mil.
1315 1537 1408 1553 annon.

214 1529 299 1554 ιῖίιιηι
330 1529 576 1561 compensandi,
606 1529 766 1562 E.tceptio
795 1531 991 1555 deducentis.
1036 1528 1054 1554 1.

216 1571 277 1604 Sy.
311 1569 435 1595 Retentio
456 1570 507 1603 (ob
527 1580 569 1596 res
589 1569 710 1601 donatas.
732 1576 756 1597 ct
776 1572 901 1604 amotas).
930 1571 991 1608 le.
1011 1571 1054 1598 YI.

215 1614 239 1639 9.
259 1622 299 1648 sq.
320 1612 351 1638 ct'.
372 1612 402 1638 fr.
425 1615 464 1639 15.
484 1614 549 1646 5.1.
569 1613 618 1639 sol.
638 1615 747 1640 matrim.
767 1616 809 1640 24.
828 1615 852 1640 3.

251 1656 586 1688 comperendinus.
615 1656 700 1688 (Adi.)
738 1659 953 1689 Ρθνειιιίίιιιιε,
981 1659 1055 1684 Ter-

216 1699 282 1723 tina
307 1700 342 1724 ab
365 1699 421 1724 hoc
450 1700 557 1728 (dies).

215 1739 294 1769 iudex
313 1739 388 1766 datus
409 1746 487 1769 esset.
507 1742 738 1778 comperendinum
758 1742 834 1774 diem.
855 1747 883 1768 nt
896 1742 928 1769 ad
942 1743 1054 1770 iudicem

216 1783 343 1814 venirent,
363 1783 562 1810 denunciabant.
592 1784 648 1810 Gai.
668 1783 714 1810 IV.
734 1786 773 1810 15.

251 1826 480 1859 ColnperIre.
519 1828 699 1853 Certiorem
718 1829 822 1862 fieri,
848 1829 1052 1863 Intelligere.

216 1868 362 1904 Diligenter
382 1868 541 1905 explorabis.
562 1874 587 1895 et
606 1871 628 1895 si
649 1869 711 1905 quid
731 1869 782 1895 tale
803 1872 972 1906 compereris.
993 1881 1053 1897 con-

214 1910 286 1937 sules
306 1921 369 1942 nos.
391 1916 438 1937 etc.
467 1910 498 1937 fr.
520 1913 559 1937 14.
581 1911 613 1938 111·
633 1912 675 1937 ott.
696 1911 783 1937 Praes.
806 1914 827 1938 l.
848 1914 888 1938 18.
909 1913 940 1939 cs.
961 1913 991 1940 fr.
1012 1915 1051 1940 16.

214 1954 235 1987 5.
257 1956 279 1979 l.
300 1953 331 1980 de
350 1953 482 1990 publican.
502 1955 543 1980 39.
564 1956 587 1980 4.
625 1955 654 1980 Si
674 1956 847 1991 compereris.
873 1955 936 1982 haec
956 1957 991 1982 ita
1011 1956 1053 1982 ad·
1073 1966 1075 1995 J,

212 1998 307 2028 missa,
326 2007 380 2022 rem
400 2007 492 2023 severe
512 1998 672 2032 exsequaris.
703 1997 733 2022 l'r.
754 2000 778 2024 6.
803 1997 835 2023 ad
857 1997 887 2024 L.
908 1998 954 2025 Iul.
975 1998 1007 2025 (le
1026 2000 1051 2024 vi

212 2039 275 2076 pub.
299 2041 339 2066 48,
360 2041 383 2065 6.

213 2124 375 2157 (decrevisse
395 2126 456 2157 etc.)
486 2124 536 2151 Th.
557 2124 587 2151 C.
606 2125 639 2151 X.
659 2127 683 2152 4.
709 2136 729 2151 c.
749 2128 773 2152 2.
793 2126 826 2152 de
845 2131 925 2152 actor.
946 2137 1050 2163 procur.

212 2167 282 2194 XVI.
302 2170 326 2194 5.
348 2179 368 2194 c.
390 2170 429 2194 16.
449 2168 481 2195 de
500 2168 622 2194 haeretic.

248 2211 479 2244 Compertus.
493 2211 613 2244 (Partic.)
628 2213 852 2245 Exploratus,
876 2213 1050 2246 Deprehen-

212 2262 274 2279 κεισ-
302 2253 343 2280 111.
359 2256 424 2282 Gn.
444 2253 473 2280 Si
488 2254 536 2280 tibi
549 2253 651 2290 quuido
665 2259 827 2290 compertum
841 2259 881 2281 est
895 2259 944 2281 etc.
965 2255 994 2282 sr.
1010 2257 1049 2281 14.
1072 2288 1073 2291 Ἴ

212 2294 245 2321 de
264 2295 308 2321 off.
327 2295 414 2323 Praes.
435 2298 459 2323 1.
478 2298 518 2323 18.
558 2296 609 2328 Ea,
630 2306 741 2333 quorum
761 2298 877 2323 actiones
902 2303 1050 2334 competere
1072 2322 1073 2334 3

1072 2338 1074 2347 ¹
1095 2343 1278 2379 comperimus.
1308 2341 1357 2368 Th.
1379 2342 1410 2368 C.
1429 2342 1462 2368 X.
1483 2343 1506 2368 4.
1528 2352 1548 2368 c.
1568 2344 1592 2368 2.
1613 2341 1645 2368 de
1664 2347 1743 2368 actor.
1764 2350 1835 2378 proc.

212 2342 305 2375 postea
319 2344 479 2375 compertum
499 2344 546 2365 est.
567 2339 597 2366 fr.
611 2341 634 2366 9.
650 2340 671 2373 5.
685 2341 709 2366 3.
724 2339 755 2366 de
767 2344 889 2367 transact.
909 2342 933 2366 2.
950 2342 989 2366 15.
1021 2340 1049 2367 Si

212 2380 320 2411 dicatur.
335 2397 367 2400 —
387 2387 411 2407 et
430 2383 452 2408 si
471 2383 497 2408 in
511 2382 552 2408 bis
567 2383 653 2409 causis
668 2392 726 2408 esse
741 2388 890 2419 compertus
904 2384 946 2409 sit.
967 2383 998 2409 fr.
1010 2385 1049 2410 16.

211 2424 233 2457 5.
251 2425 272 2449 1.
291 2423 325 2449 de
344 2424 474 2459 publican.
493 2427 535 2452 39.
552 2427 575 2452 4.
612 2425 738 2452 Nescisse
757 2426 869 2457 videtur.
889 2436 963 2463 quae.
983 2437 1051 2453 com-

211 2471 284 2503 perta
300 2465 463 2498 conditione.
484 2468 655 2494 contubernio
675 2478 704 2494 se
723 2468 858 2495 abstinuit.
878 2468 950 2495 Paul.
964 2469 994 2496 II.
1007 2472 1048 2496 21.

211 2509 243 2535 A.
258 2509 279 2542 5.
301 2510 340 2534 14.
362 2508 393 2535 cf.
414 2509 443 2535 l'r.
458 2511 499 2536 39.
513 2511 535 2544 5.
549 2513 572 2537 2.
593 2511 625 2537 de
644 2511 710 2537 adm.
731 2516 756 2537 et
774 2513 854 2548 peric.
873 2514 949 2538 2117.
987 2513 1049 2548 Qui.

210 2551 351 2577 violentiae
371 2552 495 2588 opinione
514 2558 653 2590 comperta,
673 2555 845 2590 possessione
859 2556 947 2581 cessit.
975 2554 1047 2582 Paul.

210 2593 242 2620 V.
262 2596 285 2620 6.
306 2595 326 2627 5
348 2595 372 2619 4.
410 2594 438 2620 Si
459 2600 619 2631 compertum
639 2598 664 2622 in
685 2607 714 2622 eo
735 2597 831 2623 furtum
851 2597 952 2624 suisset.
974 2597 1003 2624 fr.
1023 2600 1046 2624 3.

210 2637 232 2670 5.
251 2639 275 2663 2.
302 2636 334 2662 de
354 2637 414 2663 bon.
437 2647 488 2663 eor.
510 2647 552 2673 qu.
573 2643 630 2664 ante
649 2644 715 2665 sent.
741 2641 782 2666 ¹4³5.
802 2641 843 2666 21.
881 2640 986 2676 Quodsi
1005 2651 1047 2667 res

210 2680 306 2706 furtiva
325 2696 357 2699 —
378 2680 446 2716 apud
466 2685 491 2706 tc
510 2681 670 2716 ignorantem
689 2687 822 2719 comperta
847 2688 894 2710 est.
925 2694 946 2709 c.
966 2684 990 2709 8.
1015 2694 1046 2710 ex

210 2732 252 2758 qu.
273 2733 294 2749 c.
314 2721 400 2748 insam.
424 2725 448 2749 2.
470 2725 509 2749 12.
546 2722 597 2749 Pro
625 2730 757 2760 comperto
781 2730 873 2762 stupro
893 2727 1045 2763 (accepisse

209 2765 348 2801 pretium).
379 2765 408 2791 fr.
428 2766 452 2791 S.
472 2775 510 2801 pr.
536 2765 588 2801 Qu.
608 2770 667 2792 met.
689 2776 710 2793 e.
730 2769 754 2793 4.
773 2770 796 2794 2.
817 2768 848 2794 fr.
870 2770 909 2795 10.
929 2769 950 2803 5.
972 2771 994 2795 l.
1014 2768 1044 2795 fr.

209 2809 251 2834 29.
270 2808 292 2841 5.
312 2809 336 2833 2.
357 2808 389 2834 ad
406 2807 438 2834 L.
457 2807 504 2834 Iul.
525 2808 557 2835 de
575 2808 655 2835 adult.
676 2810 717 2835 48.
737 2811 760 2836 5.

599 1699 640 1725 111.
663 1701 727 1727 (7η.
760 1699 853 1725 Postea
872 1705 958 1726 tamen
978 1711 1055 1736 quam
1076 1728 1077 1741 ἦ

426 2039 535 2065 Praeses
560 2039 650 2071 Prov..
679 2050 745 2075 quae.
769 2040 859 2066 deberi
885 2042 1051 2078 compererit.
1073 2047 1074 2070 1

212 2082 286 2108 reddi
306 2082 414 2108 iubebit.
434 2079 460 2108 ’0.
482 2084 521 2108 14.
542 2082 574 2108 de
593 2082 710 2108 fideiuss.
735 2086 758 2109 ὅ.
779 2084 820 2108 41.
858 2082 1051 2121 Comperimus,
1073 2100 1074 2106 .

1886 159 1945 188 173

1141 241 1309 275 Compos.
1348 240 1388 267 Cf.
1409 251 1432 267 v.
1454 240 1612 278 Compedes.

1140 285 1397 317 Compescere.
1436 286 1603 315 Celtibero,
1639 283 1802 309 coercere.
1840 281 1858 307 Ι,
1882 283 1944 315 Sy.

1107 327 1215 354 Certum
1234 326 1339 353 modum
1363 328 1531 353 constituere.
1563 326 1620 352 Gai.
1644 324 1663 351 I.
1683 326 1723 350 42.
1750 324 1780 350 II.
1800 326 1858 350 228.
1895 323 1944 350 Pu-

1106 372 1169 397 nire.
1198 369 1267 396 Coll.
1281 368 1334 396 LL.
1350 369 1382 395 M.
1402 369 1419 394 1.
1434 371 1457 395 3.
1496 369 1635 395 Co'ercere.
1662 367 1694 393 cs.
1716 367 1739 393 11.
1760 378 1783 393 v.
1804 368 1825 401 5.
1842 369 1862 393 l.
1901 366 1943 392 111.

1105 456 1136 482 fr.
1155 458 1196 482 35.
1217 455 1238 487 5.
1259 457 1282 481 5.
1303 465 1334 481 cx
1354 465 1396 491 qu.
1418 465 1438 480 c.
1459 455 1516 480 mai.
1542 456 1565 480 4.
1586 455 1608 480 6.
1637 453 1667 480 cf.
1688 453 1780 479 Iuliani
1801 453 1862 489 epit.
1883 462 1942 478 nov.

1106 509 1126 525 c.
1149 501 1187 524 15.
1208 499 1229 532 5.
1250 500 1290 525 55.
1310 500 1351 523 58.
1388 497 1447 523 Iure
1470 498 1554 534 patrio
1575 512 1607 515 —
1627 497 1770 532 corrigere,
1795 500 1820 521 et
1843 495 1943 531 privata

1104 541 1329 568 animadversione
1349 550 1523 577 compescere.
1558 539 1607 565 Th.
1630 538 1660 565 C.
1680 539 1724 565 IX.
1751 540 1791 565 13.
1816 548 1836 563 c.
1858 539 1880 563 l.
1911 537 1942 562 de

1105 584 1232 611 emendat.
1252 585 1392 621 propinqu.
1429 582 1537 609 Praetor
1561 582 1593 608 ad
1617 580 1833 618 compescendam
1853 590 1944 606 eorum

1105 627 1236 653 audaciam
1256 627 1305 653 hoc
1320 626 1433 652 edictum
1446 626 1593 663 proposuit.
1614 625 1643 651 fr.
1657 627 1696 651 12.
1710 634 1749 661 pr.
1764 623 1795 650 de
1810 623 1941 661 publican.

1103 672 1144 695 39.
1160 672 1183 696 4.
1204 669 1234 696 cf.
1250 669 1279 696 sr.
1293 671 1314 695 l.
1328 679 1367 706 pr.
1388 680 1419 695 ne
1434 679 1476 705 qu.
1491 679 1549 695 eum
1563 678 1605 704 qu.
1623 669 1649 693 in
1669 669 1717 694 ius.
1736 669 1760 693 2.
1776 669 1799 693 7.
1834 666 1943 693 Crimen

1104 808 1187 835 poena
1208 803 1364 835 compescat.
1384 797 1420 823 lb.
1435 797 1479 823 IX.
1500 799 1523 823 6.
1544 807 1565 823 c.
1580 799 1602 822 1.
1622 807 1655 823 ne
1673 801 1755 833 praet.
1776 797 1846 821 crim.
1866 795 1924 821 mai.

1140 842 1375 874 competens.
1417 839 1545 873 (Partic.)
1591 841 1780 870 Pertinens,
1824 839 1941 864 Conve-

1104 970 1143 997 Is.
1165 971 1209 1006 qui
1229 969 1293 995 adiri
1314 968 1412 995 debuit.
1432 968 1544 1001 (iudex).
1564 967 1594 994 sr.
1613 970 1636 994 5.
1657 968 1693 1001 55.
1706 969 1730 993 3.
1750 969 1773 992 5.
1794 966 1826 992 de
1846 964 1940 1002 adpell.

219 1014 328 1050 Agendo
348 1014 403 1051 pati
422 1013 668 1049 compensatiouem.
698 1012 728 1038 fr.
748 1014 772 1038 3.
792 1014 813 1046 5.
834 1014 858 1038 4.
878 1013 910 1039 de
930 1012 961 1039 N.
982 1013 1013 1039 G.
1033 1015 1057 1039 3.
1104 1014 1184 1050 recip.
1221 1012 1263 1038 111.
1279 1014 1345 1039 sn.
1366 1011 1544 1037 γει-0011111110(-
1558 1015 1687 1037 maternae
1701 1019 1848 1045 congruam,
1868 1008 1941 1035 boni-

1105 1066 1155 1092 que
1180 1057 1229 1082 viri
1253 1055 1361 1081 arbitrio
1386 1059 1590 1090 competentem.
1618 1053 1685 1079 ferre
1709 1052 1872 1078 sententiam.
1910 1050 1939 1076 fr.

1103 1102 1145 1126 31.
1170 1100 1191 1133 5.
1213 1100 1235 1125 l.
1262 1097 1293 1124 de
1313 1098 1401 1124 donat.
1425 1098 1466 1123 39.
1486 1099 1510 1123 5.
1552 1096 1594 1122 lus
1619 1097 1642 1122 ei
1666 1100 1827 1132 competens,
1847 1103 1941 1120 conve—

1104 1142 1192 1168 niendi
1213 1152 1290 1178 quem
1313 1140 1390 1170 velit.
1415 1150 1467 1166 non
1491 1139 1569 1165 debet
1593 1139 1695 1165 auferri.
1728 1149 1748 1164 c.
1769 1139 1809 1164 13.
1833 1136 1865 1163 de
1889 1136 1938 1162 loc.

218 1184 289 1222 quod
302 1184 433 1220 reliquum
447 1184 595 1212 deberetur.
616 1184 712 1210 fundus
733 1184 845 1211 debitori
866 1186 1056 1211 restitueretur.
1079 1175 1080 1184 ¹
1104 1185 1226 1211 conduct.
1246 1187 1269 1210 4.
1290 1185 1330 1210 65.
1368 1183 1520 1209 Delatorios
1545 1182 1650 1208 libellos
1677 1181 1709 1207 de
1729 1179 1939 1218 competentibus

217 1228 247 1254 fr.
262 1229 303 1253 52.
314 1227 335 1260 5
349 1229 371 1253 1.
392 1226 423 1252 de
437 1232 504 1263 pact.
524 1229 548 1253 2.
565 1229 604 1253 14.
634 1227 754 1257 Fructus.
775 1228 801 1253 in
816 1229 1056 1264 compensatiouem
1078 1253 1080 1260 s

1078 1266 1079 1272 ¹
1102 1282 1123 1297 c.
1146 1274 1168 1298 7.
1198 1271 1230 1297 de
1254 1271 1328 1307 petit.
1355 1274 1379 1296 et
1404 1269 1473 1295 ultro
1493 1269 1544 1295 dat.
1582 1268 1693 1294 Omnem
1713 1266 1794 1293 debiti
1814 1267 1940 1303 quantita-

1078 1321 1079 1352 }
1102 1320 1153 1341 tem
1173 1324 1229 1340 cum
1250 1314 1337 1339 usuris
1358 1312 1568 1349 competentibus
1587 1311 1669 1337 solve.
1690 1321 1710 1337 c.
1725 1312 1748 1335 3.
1769 1309 1801 1335 de
1815 1314 1881 1335 seut.
1896 1318 1938 1344 qu.

215 1358 256 1382 20.
278 1356 309 1382 cf.
330 1355 360 1382 fr.
374 1357 398 1381 4.
419 1355 451 1381 dc
471 1365 603 1392 compens.
626 1357 665 1382 16.
679 1358 703 1382 2.
724 1356 753 1382 sr.
768 1358 791 1382 4.
811 1356 843 1382 ad
863 1356 889 1382 S.
911 1357 941 1383 C.
962 1356 1055 1383 Vellei.
1078 1360 1079 1384 1

1103 1230 1139 1255 rei
1159 1229 1275 1265 privatae
1295 1231 1400 1253 nostrae
1419 1226 1538 1263 partibus
1563 1226 1689 1262 accipere.
1719 1223 1768 1250 Th.
1790 1223 1821 1250 C.
1844 1223 1877 1249 X.
1899 1224 1938 1248 10.

1102 1359 1159 1384 sine
1179 1362 1248 1383 certa
1269 1361 1356 1393 quant.
1378 1358 1399 1381 7.
1420 1356 1460 1381 46.
1500 1354 1613 1380 Pretium
1634 1358 1794 1390 competens.
1832 1352 1939 1378 Sumtus

1101 1405 1289 1438 competentes.
1320 1398 1369 1424 Th.
1395 1397 1425 1424 C.
1444 1397 1487 1424 111.
1510 1399 1531 1423 l.
1557 1408 1577 1423 c.
1598 1399 1621 1422 5.
1646 1396 1679 1422 de.
1703 1401 1785 1427 contr.
1813 1400 1872 1421 emt.
1892 1393 1937 1420 XI.

1100 1446 1141 1471 39.
1162 1454 1182 1470 c.
1200 1445 1238 1469 13.
1259 1442 1291 1469 de
1310 1441 1362 1468 fide
1382 1446 1441 1467 test.
1476 1441 1595 1477 Singulis
1610 1440 1712 1469 diebus.
1732 1446 1775 1465 aut
1789 1443 1858 1465 certe
1872 1447 1939 1463 con]-

1102 1487 1201 1523 petenti
1228 1491 1357 1522 tempore,
1382 1500 1413 1503 —-
1439 1488 1640 1519 consequantur.
1669 1482 1706 1508 lb.
1731 1482 1786 1508 YH.
1806 1483 1830 1508 4.
1856 1492 1876 1507 c.
1898 1482 1937 1506 17.

1451 1527 1537 1553 Causa
1563 1527 1664 1562 cognita
1689 1526 1797 1552 reficere
1823 1535 1851 1551 ea
1872 1533 1939 1550 com-

1100 1572 1194 1610 pellat.
1220 1576 1245 1597 et
1269 1570 1396 1597 adversus
1422 1570 1609 1596 detrectantem
1638 1569 1796 1605 competenti
1823 1566 1938 1594 remedio

1076 1627 1078 1656 j
1101 1615 1259 1642 deformitati
1285 1613 1410 1640 auxilium
1430 1613 1503 1639 ferat.
1532 1612 1562 1639 sr.
1582 1614 1605 1638 7.
1631 1612 1662 1638 de
1682 1612 1724 1638 off.
1745 1611 1833 1638 Praes.
1854 1612 1876 1636 1.
1898 1610 1937 1635 IS.

1076 1664 1077 1669 ¹
1100 1658 1240 1685 Interdicta
1260 1658 1285 1683 in
1305 1657 1371 1683 hanc
1391 1667 1444 1683 rem
1463 1656 1644 1691 competentia.
1665 1655 1695 1681 fr,
1714 1656 1739 1681 3.
1759 1655 1781 1688 5.
1801 1655 1824 1680 8.
1845 1653 1877 1679 ad
1896 1662 1938 1678 ex-

1100 1702 1153 1728 bib.
1174 1703 1213 1727 10.
1234 1702 1257 1726 4.
1294 1700 1337 1726 Ad
1361 1699 1424 1725 alias
1450 1699 1566 1725 actiones
1592 1702 1770 1734 competentes
1791 1697 1936 1724 decurrere.

1100 1744 1129 1771 fr.
1150 1747 1172 1770 l.
1199 1744 1282 1777 518.
1312 1743 1403 1779 depos
1429 1743 1468 1768 16.
1487 1743 1512 1767 3.
1555 1740 1622 1767 Cum
1650 1740 1719 1777 apud
1747 1743 1938 1777 competentem

1074 1807 1076 1823 Ι.
1098 1786 1268 1823 adpellationi
1287 1785 1400 1811 iudicem
1419 1794 1460 1810 res
1481 1789 1607 1820 ageretur.
1628 1783 1658 1809 fr.
1672 1785 1713 1810 20.
1734 1783 1838 1809 iudicat.
1859 1782 1935 1808 solvi.

1074 1829 1076 1846 ¹¹
1097 1831 1138 1855 46.
1159 1831 1182 1855 7.

1218 1827 1363 1864 Vtramque
1382 1828 1538 1853 sententiam
1557 1827 1583 1852 in
1602 1826 1728 1863 pendenti
1752 1836 1824 1857 esse,
1852 1825 1935 1851 donee

1097 1876 1248 1908 competens
1269 1870 1347 1897 iudex
1368 1881 1443 1897 unam
1463 1880 1549 1896 earum
1569 1869 1770 1895 confirmaverit.
1795 1868 1827 1895 fr.
1840 1869 1881 1894 28.
1903 1867 1936 1894 de

1097 1925 1125 1940 re
1143 1914 1196 1940 iud.
1217 1915 1257 1939 42.
1280 1915 1301 1940 l.
1339 1913 1368 1939 In
1388 1914 1546 1949 competenti
1565 1912 1689 1939 tribunali
1716 1917 1741 1938 et
1765 1912 1854 1938 eadem
1877 1921 1936 1948 pro-

1097 1958 1180 1983 vincia
1201 1956 1325 1989 (debebit
1344 1956 1480 1982 absentem
1498 1955 1664 1989 defendere).
1696 1955 1726 1982 fr.
1746 1957 1788 1982 35.
1813 1955 1834 1988 5
1855 1956 1878 1979 2.
1903 1953 1935 1979 de

1096 2010 1168 2036 proc.
1187 2001 1211 2025 3.
1230 2001 1255 2025 3.

1132 2041 1535 2075 (501npetenter.(Advb.)
1558 2043 1720 2076 Congrne,
1736 2044 1776 2069 Co
1785 2052 1799 2068 11
1808 2042 1934 2068 venien-

1096 2092 1151 2112 ter.
1179 2084 1221 2111 111.
1235 2086 1299 2112 (711.
1319 2085 1444 2111 Officium
1464 2084 1557 2111 iudicis
1577 2085 1797 2121 interponendum
1811 2089 1859 2115 est.
1874 2093 1934 2119 qua-

1095 2133 1171 2154 tenus
1191 2143 1224 2147 -—
1249 2138 1332 2164 comp.
1354 2127 1514 2154 consuletur.
1544 2127 1574 2153 t'r.
1594 2129 1636 2153 22.
1660 2128 1681 2161 5.
1701 2128 1724 2154 6.
1750 2127 1798 2154 sol.
1823 2127 1931 2153 matrim.

1073 2195 1074 2200 .
1095 2172 1136 2197 24.
1154 2172 1178 2197 3.
1216 2170 1239 2196 A
1259 2170 1390 2197 iudicibus
1410 2180 1494 2207 comp.
1513 2171 1665 2207 puniuntur.
1686 2170 1715 2196 fr.
1732 2172 1771 2197 16,
1792 2170 1824 2196 de
1844 2168 1931 2195 testib.

1094 2216 1136 2240 22.
1156 2216 1179 2239 5.
1217 2213 1297 2248 Quod
1316 2229 1349 2233 -—
1367 2214 1524 2250 rescriptum
1543 2223 1602 2239 esse
1621 2223 1672 2239 non
1691 2214 1784 2245 nescit,
1804 2214 1880 2239 etiam
1900 2221 1931 2236 ex

1095 2261 1235 2293 praecepto
1257 2261 1347 2282 nostro
1369 2266 1452 2292 comp.
1472 2256 1603 2283 observet.
1624 2266 1644 2282 c.
1664 2258 1688 2282 2.
1710 2256 1742 2282 de
1761 2256 1804 2282 off.
1819 2254 1870 2281 Prf.
1885 2252 1929 2279 Vr.

1098 2302 1119 2326 1.
1143 2301 1184 2325 28.
1226 2299 1260 2325 D.
1285 2299 1412 2325 Iulianum
1437 2298 1486 2325 hoc
1513 2300 1753 2336 competentissime
1781 2297 1930 2324 decrevisse

1403 2385 1433 2417 ξ.
1457 2386 1491 2411 l.
1529 2386 1594 2411 Γιια
1623 2395 1689 2412 cnm
1718 2386 1785 2411 alio
1812 2388 1929 2416 petere.

1130 2386 1365 2418 Competere.

1071 2443 1072 2448 =
1094 2427 1111 2453 1.
1126 2429 1187 2461 Sy.
1215 2428 1355 2464 Expetere.
1374 2427 1513 2454 Postulare
1531 2427 1620 2460 (bona.
1640 2438 1660 2454 S.
1681 2426 1819 2457 fortunas).
1844 2424 1927 2450 1b.X.

1095 2472 1134 2496 lo.
1157 2481 1177 2496 c.
1193 2472 1234 2496 27.
1255 2471 1292 2504 55.
1303 2473 1326 2496 5.
1338 2481 1377 2507 sq.
1393 2481 1413 2497 c.
1427 2472 1469 2497 29.
1483 2481 1522 2507 pr.
1542 2471 1601 2504 5.1.
1616 2481 1637 2496 c.
1655 2472 1695 2496 30.
1710 2479 1748 2504 sq.
1769 2468 1801 2494 111·
1814 2469 1888 2504 petit.
1903 2471 1928 2492 et

1094 2512 1163 2539 ultro
1177 2513 1227 2539 dat.
1247 2512 1313 2540 Νῦν,
1329 2513 1378 2540 Th.
1389 2513 1418 2539 11.
1433 2513 1465 2539 de.
1479 2514 1611 2549 competit.
1631 2512 1648 2538 I.
1662 2513 1700 2537 17.
1722 2522 1742 2537 e.
1756 2513 1777 2537 1.
1797 2512 1872 2544 551.
1887 2520 1926 2546 sq.

1092 2557 1116 2582 4.
1153 2555 1196 2581 111.
1218 2557 1283 2583 Cn·
1312 2555 1348 2582 Vt
1371 2557 1467 2582 nemini
1491 2556 1569 2583 liceat
1591 2556 1659 2581 bona
1683 2553 1865 2580 defunctorum
1889 2564 1927 2579 ca-

1093 2598 1166 2626 duca.
1186 2597 1227 2623 vel
1248 2598 1391 2634 quamlibet
1409 2609 1464 2625 rem
1483 2598 1557 2624 aliam
1576 2597 1608 2623 ad
1626 2597 1719 2622 fiscum
1738 2602 1856 2623 nostrum
1870 2607 1927 2633 per-

1092 2642 1226 2673 tinentem,
1246 2657 1278 2660 —
1298 2641 1352 2668 ullo
1371 2642 1449 2668 modo
1472 2652 1484 2667 a
1504 2645 1592 2666 nostra
1611 2640 1750 2665 serenitate
1770 2645 1924 2677 competere.

1092 2683 1157 2709 Nov.
1173 2683 1221 2709 Th.
1242 2683 1271 2710 II.
1292 2684 1308 2710 1.
1330 2695 1351 2711 c.
1367 2686 1388 2710 l.
1409 2685 1482 2717 551.
1498 2693 1536 2718 sq.
1566 2681 1632 2708 Nov.
1646 2682 1779 2709 Maioriau.
1800 2683 1831 2709 de
1850 2682 1924 2709 aedis.

1090 2727 1152 2763 pub.
1172 2726 1216 2753 IV.
1237 2728 1262 2753 4.
1283 2737 1304 2753 c.
1324 2729 1346 2754 1.
1367 2728 1388 2760 5.
1408 2729 1431 2752 2.
1460 2741 1492 2745 --
1520 2726 1551 2758 §-
1576 2725 1610 2751 2.
1639 2727 1823 2757 Pertinere,
1846 2728 1925 2751 Con-

1091 2771 1208 2796 venire.
1243 2769 1261 2795 I.
1288 2771 1348 2804 Sy.
1380 2768 1480 2797 Tribui.
1500 2767 1612 2794 Det'erri.
1632 2767 1770 2795 praestari.
1790 2768 1821 2795 sr.
1843 2770 1864 2794 l.
1885 2778 1922 2805 pr.

1091 2811 1123 2838 de
1143 2812 1186 2838 off.
1207 2813 1271 2838 eius.
1293 2814 1314 2838 l.
1334 2813 1375 2837 21.
1401 2810 1431 2836 fr.
1451 2812 1475 2837 9.
1496 2809 1527 2837 de
1547 2811 1617 2837 inoff.
1637 2816 1738 2838 testam.
1758 2814 1781 2837 5.
1800 2814 1824 2837 2.
1850 2811 1878 2837 fr.
1901 2813 1922 2836 1.
