2197 3121
912 178 1011 210 MOT
1027 197 1065 202 —
1080 178 1190 210 MOV.
1838 182 1896 212 601

179 264 344 291 Deteriorem
362 273 468 290 servum
487 262 561 294 facit,
581 277 613 281 —
637 261 682 298 qui
704 270 790 288 mores
810 261 866 288 eius
886 271 1017 298 corpusve
1037 260 1039 280 1

179 307 333 344 corruperit.
357 306 429 333 Paul.
450 306 468 332 1.
489 305 567 332 13.A.
592 305 613 338 §.
633 306 656 330 5.
677 303 709 330 cf.
735 304 765 331 fr.
784 306 826 330 23.
850 304 872 338 §.
892 305 915 330 5.
936 303 967 330 ad
986 303 1016 330 L.
1062 301 1144 336 solet',
1164 304 1260 330 etenim
1278 304 1360 329 moris
1379 308 1427 329 cst.
1451 303 1481 330 fr.
1501 305 1524 330 7.
1549 303 1570 337 §.
1592 305 1632 330 17.
1652 303 1685 330 de
1704 304 1799 331 interd.
1820 310 1845 331 et
1864 315 1902 332 re-

178 351 246 387 Aqu.
266 351 290 376 9.
309 352 333 376 2.
371 348 503 385 Quamdiu
523 346 674 384 (prodigus)
693 363 724 366 —
745 356 823 373 sanos
842 356 929 372 mores
948 356 1018 373 reee-
1062 346 1111 383 leg.
1124 348 1166 373 48.
1185 348 1227 373 22.
1264 345 1345 372 Moris
1365 351 1414 375 est,
1434 356 1454 372 s.
1469 345 1515 373 Vti
1534 356 1591 372 mos
1610 351 1658 378 est,
1679 346 1803 383 (elugere,
1823 358 1847 374 v.
1865 349 1902 374 in-

178 394 256 430 perit.
280 392 311 419 fr.
332 394 353 418 1.
378 401 416 429 pr.
441 390 473 417 de
497 394 577 417 curat.
602 389 649 416 sur.
674 392 716 416 27.
738 392 777 416 10.
800 388 873 416 Paul.
892 388 934 415 ΠΙ.
954 389 1016 415 4.A.
1039 398 1041 418 ς
1063 389 1190 416 terdicere
1210 388 1272 422 etc.)
1292 388 1322 415 fr.
1344 390 1366 415 1.
1386 388 1418 415 de
1438 389 1462 415 h.
1483 399 1525 425 qu.
1544 394 1598 416 not.
1618 389 1704 416 insam.
1723 392 1747 416 3.
1767 392 1791 416 2.
1817 390 1901 417 Vatic.

179 437 201 470 ξ.
222 438 262 462 12.
282 435 313 462 fr.
332 436 375 461 37.
394 433 427 460 de
445 433 531 460 Aedil.
551 432 628 459 edict.
647 434 688 458 21.
709 434 732 459 1.
753 448 783 452 ——
804 433 835 465 §.
850 433 934 458 LA.
956 433 1017 458 Mo·
1040 437 1041 486 1
1063 433 1099 466 §§.
1119 434 1177 459 320.
1198 442 1237 469 sq.
1261 431 1291 457 fr.
1311 433 1336 457 9.
1360 441 1398 468 pr.
1418 431 1450 458 (10
1474 442 1550 469 poen.
1571 433 1612 458 48.
1634 434 1672 459 19.
1710 432 1828 459 Moribus
1848 435 1903 466 (re-

179 489 242 505 rem
259 488 385 514 gerere,
409 479 427 503 i.
446 487 466 503 e.
489 477 593 502 Mores
618 486 690 502 snos
709 484 895 509 componere
914 477 954 501 ad
971 477 1018 501 al·
1040 487 1041 498 1
1063 480 1176 512 ceptum,
1195 485 1219 501 v.
1239 473 1416 500 introductum
1436 476 1498 507 etc.)
1517 474 1547 501 fr.
1561 478 1583 500 8.
1604 485 1642 512 pr.
1663 474 1695 501 de
1714 475 1739 502 h.
1754 486 1796 512 qu.
1816 477 1863 502 sui.
1878 478 1902 503 1.

1062 260 1128 287 Nov.
1149 260 1238 287 Maior.
1258 260 1291 286 de
1310 259 1408 287 defens.
1430 261 1478 287 civ.
1498 259 1542 287 IV.
1559 263 1583 287 2.
1604 270 1625 287 c.
1646 262 1669 287 1.
1705 261 1739 288 Et
1758 266 1856 299 potest,
1876 268 1902 289 et

180 523 284 548 terius
308 521 484 554 imperium.
516 519 665 553 Obsequi.
705 517 750 544 III.
771 518 837 545 Gn.
862 517 967 552 Quodsi
986 533 1018 537 —
1040 508 1042 547 1
1063 519 1086 544 6.
1107 517 1136 544 fr.
1159 519 1179 544 l.
1200 517 1232 544 de
1251 516 1311 544 don.
1332 518 1377 543 int.
1397 516 1484 543 V.24.
1500 519 1522 543 1.
1543 516 1573 543 fr.
1588 519 1610 543 l.
1631 518 1663 544 de
1683 528 1736 545 cur.
1755 518 1846 545 furios.
1859 521 1902 545 27.

180 563 279 595 maluit.
299 572 356 589 mos
376 563 399 588 ei
417 560 546 598 gerendus
567 565 614 587 est.
635 560 666 587 fr.
687 562 728 587 71.
747 559 779 586 de
796 559 828 586 R.
847 559 879 586 V.
899 561 923 586 6.
944 561 966 586 1.
987 559 1018 586 cf.
1041 573 1042 611 ἢ
1065 562 1104 587 10.
1142 561 1181 587 Ex
1205 570 1277 587 more
1298 560 1420 596 regionis.
1458 559 1607 586 Secundum
1626 571 1725 588 morem
1743 562 1901 599 provinciae.

180 606 212 633 fr.
232 607 273 632 14.
293 605 324 632 de
342 604 444 642 probat.
463 605 505 630 22.
524 605 548 630 3.
586 603 615 630 Si
634 603 732 633 volent,
752 619 783 623 —
803 612 902 628 morem
922 604 959 629 eis
979 612 1020 639 ge·
1041 614 1042 633 ς
1064 603 1094 629 fr.
1116 605 1137 630 1.
1157 613 1196 640 pr.
1217 603 1249 629 de
1269 613 1338 629 usur.
1351 604 1393 629 22.
1408 604 1430 628 l.
1450 602 1481 629 fr.
1497 605 1519 629 7.
1540 604 1561 637 ξ.
1578 605 1618 629 10.
1639 603 1672 629 de
1690 603 1756 630 adm.
1777 609 1802 631 et
1820 605 1901 642 peric.

181 654 222 676 rat
240 650 288 682 (sc.
308 647 408 679 iudex.)
428 646 459 673 fr.
480 647 519 672 16.
539 656 577 683 pr.
599 646 630 672 cf.
650 646 680 672 fr.
699 647 740 671 51.
763 645 785 679 ξ.
807 647 829 672 l.
849 645 907 671 fani.
928 647 1018 672 ercisc.
1041 657 1042 683 3
1063 648 1103 672 26.
1125 648 1147 672 7.
1167 646 1198 672 fr.
1218 648 1241 672 9.
1262 646 1294 672 (10
1314 650 1378 672 extr.
1399 646 1470 672 crim.
1490 647 1530 672 47.
1553 647 1592 672 11.

184 694 223 717 10.
236 694 260 718 2.
276 707 305 712 ·—
327 691 357 723 ᾖ.
373 692 408 717 2.
428 691 541 721 Ratio,
562 690 686 720 Modus,
706 690 903 722 Exemplum.
927 687 1019 723 LSy.
1041 712 1043 725 .
1098 689 1225 715 Motio.
1264 689 1294 722 ἓ.
1314 690 1349 715 1.
1375 690 1598 720 ΜαεΙιίιιαίίο,
1624 691 1765 716 Malitio.
1802 690 1820 716 1.
1840 691 1903 725 Sy·

181 734 225 760 Ius
244 733 395 767 (militiae.)
423 732 453 759 fr.
473 733 514 758 26.
539 742 578 769 pr.
606 731 637 757 fr.
655 732 697 757 33.
722 741 761 768 pr.
786 730 817 757 fr.
836 732 878 757 34.
901 731 923 764 ξ.
945 733 967 757 1.
988 730 1020 757 de
1064 731 1158 758 Motus.
1179 731 1230 758 Τ11.
1246 731 1278 758 C.
1292 731 1322 757 II.
1336 732 1377 757 26.
1398 741 1419 757 c.
1435 733 1458 757 5.
1479 730 1583 764 (ch.)
1602 731 1647 758 fin.
1666 732 1773 768 regund.
1792 732 1855 759 Iust.
1870 733 1902 761 C.

180 776 256 803 milit.
270 781 371 802 testam.
384 777 426 802 29.
442 777 464 801 l.
492 774 566 801 Mens
586 773 760 811 (praedonis.)
778 773 836 800 Mos
853 773 1019 810 praedonius.
1041 766 1043 819 j
1065 785 1085 800 c.
1105 776 1129 801 3.
1149 774 1181 801 de
1200 774 1290 810 quadr.
1311 784 1424 811 praescr.
1445 775 1468 800 7.
1486 775 1529 800 37.
1565 774 1609 800 III.
1631 775 1696 802 Gn.
1721 775 1831 802 Cunctis
1850 786 1904 802 1110-

181 819 212 846 sr.
230 821 272 845 25.
297 819 319 852 ς.
339 820 362 845 5.
388 818 420 845 de
443 817 532 844 hored.
552 822 604 854 pet.
624 818 648 842 5.
666 817 690 842 3.
728 816 772 842 111.
793 817 859 844 Cn.
884 815 969 842 Adeat
989 826 1020 842 ex
1042 820 1043 823 ¹
1065 816 1181 843 tionibus
1202 816 1250 849 [al.
1270 816 1467 850 molitionibus]
1492 821 1518 842 et
1540 817 1667 843 machinis
1686 820 1833 855 amputatis.
1853 819 1902 846 Th.

180 871 261 888 more.
284 860 366 888 Vatic.
388 862 408 895 ξ.
430 863 487 887 155.
524 860 596 887 More
616 859 780 890 iudiciorum,
799 869 822 885 V.
843 858 932 889 solito,
951 859 1021 896 (per-
1042 845 1043 900 l
1065 859 1096 886 C.
1116 859 1133 886 l.
1153 859 1171 886 1.
1192 860 1223 886 ct'.
1243 859 1306 886 lust.
1327 859 1358 886 C.
1379 870 1399 886 c.
1419 860 1443 886 6.
1463 859 1507 885 fin.
1528 859 1634 895 reguud.
1654 861 1678 886 3.
1697 862 1739 887 39.
1759 877 1791 880 —
1815 862 1846 895 ξ.
1866 864 1902 889 Β.

181 905 285 940 sequi.)
310 914 331 930 c.
355 906 379 930 2.
404 904 436 930 de
459 903 561 941 probat.
583 904 607 928 4.
634 903 673 928 19.
699 911 720 928 c.
742 903 781 928 14.
807 901 840 928 ad
863 901 891 928 L.
916 901 963 928 Iul.
989 901 1021 928 de
1042 901 1043 925 1
1065 904 1216 930 Remotio.
1253 902 1296 928 III.
1313 903 1380 930 Cn.
1399 902 1441 928 Ad
1460 907 1563 939 tempus
1583 902 1722 939 relegatio,
1741 903 1784 930 vel
1803 904 1834 930 ab
1855 904 1904 931 Or-

182 946 262 973 adult.
277 948 300 973 9.
314 949 338 973 9.
362 946 461 983 Legum
480 955 550 972 more
569 945 707 982 percipere
725 944 932 978 (hereditatem.)
953 943 1020 970 Nov.

181 990 303 1016 Antliem.
324 990 356 1016 de
374 989 473 1016 mulier.
494 998 536 1024 qu.
557 997 585 1013 se
604 997 672 1013 serv.
687 987 730 1014 Vl.
746 989 769 1013 1.
790 998 810 1014 c.
827 989 848 1013 1.
869 988 890 1020 §.
906 989 928 1014 1.
953 987 1022 1014 Con-

182 1038 221 1059 tra
245 1043 331 1059 :nores
356 1043 422 1059 esse.
446 1032 476 1058 fr.
495 1033 537 1057 35.
561 1030 582 1064 ξ
604 1032 626 1057 l.
647 1030 680 1057 de
699 1029 730 1056 V.
751 1029 784 1056 Ο.
804 1032 845 1056 45.
867 1032 888 1056 l.
925 1030 1022 1062 Solito,

182 1086 202 1101 s.
223 1075 341 1107 Vsitato.
360 1085 439 1101 more.
466 1073 496 1100 fr.
516 1076 557 1099 50.
582 1074 604 1107 ξ
626 1075 647 1099 l.
672 1073 705 1100 de
728 1082 839 1099 manum.
859 1078 960 1100 testam.
980 1075 1022 1099 40.

181 1122 206 1144 4.
228 1129 249 1145 c.
268 1119 309 1144 32.
331 1117 362 1144 de
381 1121 504 1143 transact.
523 1118 547 1142 2.
567 1117 590 1142 6.
619 1116 695 1142 Furis
715 1125 787 1142 inore
806 1115 930 1143 damnari.
950 1116 1022 1143 Paul.

182 1160 214 1187 V.
236 1161 276 1187 18.
295 1161 317 1195 §.
336 1163 361 1187 3.
398 1160 470 1186 More
489 1161 642 1186 insanorum
661 1157 816 1191 (deridenda
834 1158 929 1195 loqui.)
948 1159 979 1186 fr.
998 1161 1022 1185 4.

182 1205 204 1238 §.
225 1205 248 1230 1.
268 1203 301 1230 de
319 1202 405 1229 Aedil.
431 1202 508 1229 edict.
527 1204 569 1228 21.
592 1204 613 1228 l.
651 1201 708 1228 Viri
732 1201 794 1228 boni
813 1212 886 1228 more
909 1207 1023 1238 agentes.

182 1246 212 1273 fr.
231 1247 273 1272 21.
293 1256 332 1283 pr.
353 1245 385 1272 (10
409 1244 524 1271 statulib.
545 1247 586 1271 40.
607 1247 630 1271 7.
667 1244 832 1282 Improbato,
851 1254 871 1271 S.
891 1244 1023 1282 Improba-

182 1288 238 1320 bili,
257 1299 329 1315 more
349 1289 462 1322 (versari
482 1288 543 1321 etc.)
563 1288 594 1314 fr.
615 1289 637 1314 l.
658 1287 680 1321 §.
701 1289 724 1313 l.
745 1287 777 1314 de
796 1287 828 1315 A.
847 1287 876 1314 E.
897 1287 928 1314 V.
945 1289 984 1314 19.
1000 1290 1022 1314 1.
1044 1283 1046 1316 i

182 1331 213 1358 fr.
232 1334 257 1358 3.
277 1331 309 1358 de
328 1336 466 1368 proxenet.
481 1332 576 1357 50.14.
606 1330 745 1357 Converso
764 1340 837 1357 more
856 1332 1022 1368 (procreari.)

182 1375 213 1401 fr.
234 1376 273 1401 14.
299 1374 331 1400 (le
354 1379 424 1400 statu
449 1373 518 1400 hom.
540 1375 561 1400 l.
580 1376 603 1400 5.
645 1373 714 1400 Malo
744 1383 817 1400 moro
842 1374 974 1409 (gestum,
998 1383 1022 1399 v.

182 1418 342 1455 promissum
362 1418 424 1449 etc.)
449 1416 478 1443 sr.
500 1418 540 1443 19.
564 1416 586 1450 §.
608 1418 629 1442 1.
650 1415 682 1443 de
701 1415 732 1443 N.
753 1416 785 1443 G.
804 1418 828 1443 3.
847 1419 872 1443 5.
892 1416 921 1443 fr.
941 1418 964 1443 8.
984 1426 1023 1453 pr.

183 1460 235 1496 Qu.
256 1464 315 1486 met.
342 1470 363 1486 c.
382 1462 406 1486 4.
425 1461 450 1485 2.
476 1459 505 1485 fr.
527 1461 548 1485 1.
574 1460 595 1493 ξ.
617 1460 657 1485 12.
682 1458 714 1485 de
738 1464 802 1486 extr.
829 1470 901 1496 cogn.
921 1461 962 1485 50.
983 1460 1023 1485 13.
1045 1462 1046 1466 ¹

182 1503 283 1530 Contra
301 1502 396 1528 bonam
414 1501 502 1528 fidem.
522 1507 665 1538 contraque
678 1502 764 1528 bonos
777 1512 864 1529 mores
878 1512 943 1528 esse.
959 1501 988 1528 fr.
1001 1503 1023 1528 1.

182 1546 204 1580 §.
225 1547 248 1572 7.
268 1545 359 1582 depos.
380 1547 420 1572 16.
439 1546 463 1571 3.
491 1544 522 1571 fr.
541 1546 564 1571 9.
590 1544 620 1571 fr.
642 1546 682 1571 14.
706 1544 738 1571 de
763 1544 838 1572 cond.
858 1546 919 1570 inst.
938 1545 980 1570 28.
1000 1545 1023 1570 7.

183 1589 213 1615 sr.
234 1590 291 1614 112.
313 1588 334 1622 ξ.
354 1589 378 1614 3.
399 1587 432 1614 de
451 1587 526 1624 legat.
546 1587 564 1614 l.
585 1588 662 1619 (30.)
685 1587 716 1614 1“ι·.
734 1589 776 1614 29.
797 1588 818 1621 §.
837 1590 862 1613 2.
883 1587 915 1613 de
935 1586 1022 1613 donat.

183 1633 224 1658 39.
244 1633 267 1657 5.
287 1630 358 1657 Paul.
379 1631 397 1657 1.
419 1633 441 1657 1.
461 1631 482 1665 ξ.
502 1632 525 1656 4.
545 1630 588 1657 Ill.
607 1630 668 1656 4.B.
688 1631 710 1664 ξ.
729 1632 754 1656 2.
790 1631 831 1657 Ex
849 1630 927 1656 bonis
946 1631 1023 1656 mori-
1045 1649 1046 1654 .

184 1674 234 1700 bus
253 1676 393 1710 (concepta
413 1673 552 1705 conditio.)
571 1673 601 1700 sr.
623 1675 680 1699 121.
699 1674 721 1707 ξ.
743 1675 765 1699 1.
786 1673 818 1699 de
837 1672 868 1699 V.
889 1672 921 1699 Ο.
941 1675 982 1699 45.
1000 1675 1022 1699 1.

185 1732 218 1736 —
241 1717 272 1750 ἓ.
293 1717 330 1743 3.
356 1717 544 1742 Diuturnus
570 1726 662 1748 usus,
692 1717 932 1743 Consuetndine
951 1725 1023 1749 per-

182 1765 283 1793 petua
297 1760 473 1795 firmatum
496 1761 554 1785 ius.
591 1758 609 1785 1.
629 1760 691 1793 Sy.
710 1758 835 1784 Diuturni
849 1768 943 1784 mores.
971 1757 1023 1789 Ius,

185 1801 256 1839 quod
275 1811 339 1828 usus
359 1801 547 1838 comprobavit.
567 1802 588 1835 ξ.
609 1803 632 1828 9.
652 1801 669 1827 l.
691 1801 724 1827 (10
743 1800 760 1827 Ι.
780 1799 812 1826 N.
836 1803 857 1826 l.
876 1803 900 1827 2.
925 1800 985 1837 ΠΡ.
1004 1800 1023 1826 1.

185 1847 208 1871 4.
247 1843 327 1879 Quod
350 1843 530 1880 frequentatur
553 1845 596 1876 (in
624 1844 756 1879 regione.)
785 1842 842 1869 Mos
867 1844 1024 1880 (regionis.)
1046 1843 1047 1849 ¹

185 1888 215 1914 t'r.
235 1888 277 1913 34.
302 1886 334 1913 de
357 1886 388 1913 R.
409 1886 426 1913 I.
447 1888 488 1912 50.
509 1888 548 1912 17.
587 1885 768 1912 Consuetudo.
795 1885 836 1912 CF.
861 1885 886 1912 h.
910 1896 934 1912 v.
958 1886 980 1919 ξ.
1000 1887 1024 1912 5.

184 1930 262 1956 Ritus
287 1930 470 1963 (vetustatis.)
494 1928 544 1955 Τ11.
564 1927 595 1955 C.
616 1928 661 1955 XI.
682 1931 704 1955 7.
730 1939 753 1955 c.
775 1929 814 1954 18.
839 1928 871 1954 (10
895 1929 1024 1955 exaction.
1046 1922 1047 1927 ¹

184 1973 214 1999 11.
236 1974 303 2006 01).
328 1971 412 2007 Leges
433 1972 589 2008 (scriptae.)
610 1988 639 1992 —
660 1971 755 1998 Mores.
776 1971 806 1997 fr.
826 1973 850 1998 9.
870 1971 902 1997 de
921 1971 939 1997 I.
960 1976 985 1997 et
1005 1971 1023 1997 1.

187 2018 197 2042 1
231 2017 253 2041 1.
273 2015 302 2041 fr.
322 2016 364 2040 332.
384 2024 423 2051 pr.
444 2014 464 2048 ξ.
486 2016 508 2040 1.
529 2014 560 2040 de
579 2013 631 2040 LL.
654 2016 676 2040 1.
695 2015 719 2040 3.
740 2013 770 2040 sr.
790 2015 814 2040 8.
835 2014 866 2040 de
884 2013 915 2040 R.
936 2013 967 2040 N.
981 2016 1023 2040 23.

185 2060 209 2084 2.
229 2058 285 2084 Gai.
300 2056 343 2083 11⁷.
362 2058 404 2083 26.
425 2067 483 2094 sqq.
521 2057 628 2086 Natura,
647 2056 689 2083 vel
709 2058 823 2093 gentium
842 2058 892 2088 1115,
912 2056 953 2083 vel
972 2066 1025 2083 1110-
1045 2060 1047 2069 1

187 2110 228 2126 res
248 2101 369 2127 civitatis
390 2099 419 2126 fr.
429 2102 471 2126 34.
492 2100 514 2133 ξ.
527 2101 548 2126 l.
570 2099 602 2126 de
622 2104 702 2125 contr.
724 2100 834 2126 emt.18.
847 2101 868 2125 l.
889 2099 920 2126 cf.
942 2099 972 2126 fr.
985 2101 1023 2126 12.

189 2143 209 2175 ξ.
228 2145 252 2169 2.
271 2143 303 2169 (10
323 2142 400 2169 indic.
415 2145 438 2168 5.
460 2145 482 2168 1.
519 2142 561 2168 111.
578 2143 643 2170 Gn.
662 2143 716 2169 Aut
735 2142 800 2179 lege.
819 2147 863 2168 aut
882 2152 962 2173 more,
982 2147 1025 2169 aut

188 2186 269 2211 mixto
288 2187 343 2212 iure
361 2185 581 2219 (introductum.)
606 2184 678 2211 Paul.
698 2185 729 2212 V.
749 2187 773 2211 4.
793 2186 814 2219 ξ.
834 2186 858 2211 6.
894 2185 1024 2222 Legitimi,

189 2233 231 2253 aut
252 2227 335 2254 SCtis
354 2229 504 2259 constituti,
524 2233 568 2254 aut
586 2228 703 2255 moribus
722 2228 865 2254 introducti
885 2229 937 2261 (sc.
957 2233 1026 2255 tuto-

189 2271 253 2301 105.)
272 2269 333 2306 ΥΙΡ.
351 2271 394 2297 XI.
414 2273 438 2297 2.
458 2281 517 2307 sqq.
541 2273 582 2297 24.
603 2280 661 2307 sqq.
699 2270 779 2306 Quod
803 2272 951 2298 necessarie
970 2271 1026 2297 obi·
1047 2268 1048 2275 ¹

190 2322 262 2339 inus.
281 2311 352 2348 lege.
374 2323 459 2345 more,
483 2315 626 2351 imperiove
645 2315 714 2340 eius.
739 2314 802 2349 (qui
821 2313 927 2340 iubendi
947 2314 1026 2340 habet
1047 2315 1048 2345 1

190 2356 373 2392 potestatem.)
397 2355 426 2382 fr.
445 2358 504 2383 214.
529 2356 562 2383 de
581 2356 612 2383 V.
633 2356 660 2383 S.
685 2358 726 2382 50.
747 2358 786 2382 16.
824 2356 941 2383 Moribus
966 2356 1026 2392 legi-

192 2398 293 2434 busque
311 2397 418 2423 nostris.
438 2397 466 2424 fr.
485 2400 509 2425 3.
529 2399 551 2432 ς.
572 2402 594 2425 1.
615 2399 647 2426 de
666 2399 726 2426 don.
746 2400 791 2426 int.
806 2398 838 2425 Y.
857 2401 898 2425 24.
920 2401 941 2425 l.
980 2399 1026 2426 Se·
1047 2390 1048 2403 ¹

192 2440 304 2466 rundun]
323 2439 394 2479 leges
412 2449 548 2477 moresque
561 2443 791 2479 (peregrinorum.)
811 2441 867 2468 Gai.
881 2441 898 2468 I.
912 2443 953 2468 92.
973 2441 1026 2468 Mo-

193 2494 234 2510 res
254 2488 279 2509 et.
298 2482 470 2511 consuetudo.
490 2484 567 2519 (quae
585 2490 656 2512 retro
676 2486 810 2518 obtinuit.)
830 2484 860 2511 fr.
873 2486 915 2511 32.
935 2495 973 2521 pr.
994 2484 1026 2511 de

192 2526 244 2553 LL.
266 2528 287 2551 1.
308 2527 331 2551 3.
352 2525 382 2551 l'r.
403 2526 424 2550 7.
444 2534 483 2561 pr.
504 2524 536 2551 de
555 2527 597 2553 off.
617 2527 691 2554 Proc.
712 2533 738 2554 et
756 2528 817 2564 Leg.
839 2529 860 2554 l.
883 2529 920 2553 16.
940 2528 970 2554 fr.
984 2529 1025 2554 32.

192 2570 214 2603 ς.
228 2570 251 2594 6.
273 2568 304 2594 de
324 2567 389 2593 adm.
411 2572 435 2593 et
454 2568 533 2604 peric.
546 2569 587 2594 26.
606 2571 629 2596 7.
660 2570 778 2597 Moribus
798 2571 919 2601 civitatis,
940 2575 965 2596 et
978 2580 1027 2597 usu

192 2621 286 2638 reruni.
306 2609 336 2636 fr.
358 2612 380 2635 7.
401 2611 423 2643 ξ.
441 2612 462 2635 l.
482 2609 514 2636 de
533 2610 626 2646 supell.
645 2611 692 2648 leg.
711 2615 813 2640 33.10.
852 2612 981 2645 civiliter,
1002 2618 1027 2640 et

194 2655 269 2691 quasi
288 2662 359 2679 more
379 2653 500 2682 civitatis.
520 2653 639 2689 (turpia.)
663 2655 692 2681 t'r.
712 2657 752 2682 42.
774 2656 806 2682 de
825 2656 856 2683 V.
878 2656 903 2682 S.
925 2658 965 2682 50.
987 2657 1026 2682 16.
1048 2658 1049 2666 ¹

194 2696 311 2723 Moribus
331 2696 437 2721 nostris.
460 2695 532 2721 More
552 2705 666 2722 romaum.
691 2697 721 2724 fr.
739 2700 781 2725 34.
801 2698 833 2725 (10
852 2698 940 2736 adopt.
961 2700 983 2725 1.
1003 2701 1027 2726 7.
1049 2704 1050 2714 1

194 2740 225 2766 fr.
245 2740 268 2765 8.
293 2738 324 2765 de
345 2737 423 2764 seriis.
443 2740 467 2764 2.
488 2740 528 2764 12.
565 2738 622 2764 Mos
645 2740 777 2767 maiorum.
801 2741 831 2768 fr.
853 2744 894 2768 11.
913 2741 945 2768 de
965 2741 982 2768 Ι.
1003 2747 1028 2768 et

196 2782 214 2808 1.
235 2783 257 2808 1.
279 2783 300 2808 1.
321 2781 350 2807 fr.
370 2782 393 2806 5.
414 2780 447 2806 de
465 2780 556 2807 iurisd.
575 2783 598 2807 2.
620 2783 641 2807 1.
661 2781 691 2807 fr.
712 2783 734 2808 1.
753 2782 784 2809 fr.
805 2786 843 2810 11.
863 2785 900 2818 §§.
918 2786 975 2811 1.3.
995 2785 1028 2812 de
1050 2780 1051 2783 ’

197 2824 221 2850 11.
246 2834 288 2860 qu.
311 2828 365 2850 not.
390 2822 475 2849 infam.
498 2825 523 2850 3.
547 2826 569 2850 2.
614 2823 718 2850 Priscae
743 2826 939 2854 consuetudinis
962 2837 1028 2854 mos.

1042 932 1044 989 ξ
1066 945 1126 971 dinc
1145 946 1234 971 motio.
1254 945 1284 971 fr.
1303 946 1327 971 3.
1347 946 1368 978 ξ.
1388 947 1412 971 2.
1432 944 1574 972 stellionat.
1594 947 1635 972 47.
1654 947 1695 972 20.

1043 994 1044 1038 l
1100 989 1235 1015 Motus.
1255 987 1373 1020 (Subst.)
1398 988 1428 1020 ξ.
1445 989 1480 1014 l.
1501 989 1693 1020 Commotio,
1715 990 1904 1022 Quassatio.

1043 1046 1045 1059 ι
1066 1031 1108 1058 111.
1121 1032 1186 1059 Cn.
1207 1029 1304 1057 Terrae
1322 1035 1403 1061 motu.
1423 1035 1466 1056 aut
1485 1031 1510 1056 vi
1530 1031 1654 1063 fluminis,
1674 1031 1758 1058 aliove
1772 1042 1823 1069 quo
1843 1043 1905 1060 casu

1043 1071 1045 1099 1
1066 1074 1174 1100 fortuito
1194 1067 1320 1100 accider'e.
1340 1072 1371 1099 fr.
1391 1074 1432 1099 24.
1452 1073 1473 1106 §.
1493 1074 1518 1099 3.
1537 1073 1569 1099 de
1588 1073 1671 1100 damn.
1691 1074 1735 1100 inf.
1752 1076 1795 1101 39.
1813 1077 1838 1102 2.
1875 1075 1905 1103 Si

1044 1130 1045 1143 i
1067 1127 1127 1153 ager
1145 1121 1229 1142 terrae
1247 1121 1320 1142 motu
1339 1117 1374 1142 ita
1395 1117 1537 1147 corruerit.
1558 1121 1586 1142 ut
1603 1127 1731 1153 nusquam
1751 1118 1792 1144 sit.
1812 1118 1843 1144 fr.
1864 1120 1904 1146 15.

1044 1146 1045 1182 1
1067 1160 1087 1194 ξ.
1106 1162 1131 1186 2.
1152 1159 1229 1185 locat.
1249 1160 1289 1186 19.
1308 1161 1333 1185 2.
1357 1158 1388 1185 fr.
1407 1161 1431 1185 2.
1457 1159 1478 1192 ξ.
1499 1159 1522 1184 6.
1548 1158 1580 1185 de
1599 1169 1664 1195 aqua
1684 1164 1709 1185 et
1728 1170 1785 1197 aqu.
1807 1161 1843 1198 pl.
1862 1163 1904 1189 39.

1044 1219 1045 1235 3
1066 1204 1090 1229 3.
1111 1201 1195 1228 Yatic.
1209 1202 1231 1235 ξ
1245 1204 1268 1228 5.
1283 1218 1315 1221 ——
1336 1203 1414 1236 §.2-
1436 1203 1668 1234 conturbatio,
1690 1204 1904 1231 Machinatio.

1044 1246 1046 1282 Ἰ
1066 1245 1085 1271 I.
1103 1246 1163 1279 Sy.
1183 1244 1273 1271 Motio.
1294 1244 1334 1271 Cf.
1355 1245 1380 1271 11.
1400 1255 1424 1271 v.
1444 1245 1465 1278 ξ.
1481 1246 1503 1270 1.
1540 1243 1583 1270 III.
1598 1245 1664 1272 Cn.
1684 1245 1737 1280 Qui
1756 1252 1827 1274 motu
1842 1247 1906 1274 Cas—

1067 1289 1140 1314 siano
1160 1288 1315 1314 vaticiuatus
1335 1292 1398 1314 erat.
1423 1286 1493 1314 Coll.
1512 1286 1565 1313 LL.
1585 1287 1619 1314 Μ.
1638 1287 1696 1314 XV.
1716 1290 1741 1315 2.
1760 1305 1792 1309 —
1817 1290 1848 1323 ξ.
1867 1291 1905 1318 3.

1045 1323 1186 1367 fimetis)
1208 1333 1422 1361 (naturalis.)
1445 1331 1599 1357 Mutatio.
1636 1330 1679 1357 111.
1698 1332 1764 1358 Gn.
1787 1331 1847 1359 Non
1869 1334 1906 1360 ita

1045 1399 1046 1407 ¹
1067 1375 1093 1400 in
1113 1384 1161 1400 suo
1181 1378 1250 1400 statu
1270 1378 1295 1400 et
1314 1373 1373 1400 loco
1392 1378 1507 1399 maneret
1521 1372 1607 1405 arbor,
1627 1374 1844 1410 quemadmodum
1863 1386 1906 1413 pa-

1068 1418 1134 1449 ries,
1159 1421 1268 1454 propter
1292 1420 1391 1442 motum
1414 1415 1558 1442 naturalem
1582 1415 1631 1449 [al.
1651 1422 1737 1444 motus
1756 1418 1905 1453 naturales]

1068 1460 1178 1486 arboris.
1202 1460 1233 1486 fr.
1254 1461 1277 1485 7.
1302 1458 1334 1485 de
1353 1458 1382 1485 S.
1400 1457 1428 1484 P.
1449 1458 1480 1485 V.
1504 1459 1528 1485 8.
1552 1460 1575 1485 2.
1601 1475 1634 1478 -
1657 1460 1688 1493 §.
1710 1461 1749 1487 4.
1774 1463 1906 1493 Sensus,

1069 1504 1266 1533 Consilium,
1291 1503 1482 1528 Instinctam.
1519 1500 1550 1527 II.
1571 1503 1638 1535 01).
1663 1502 1833 1540 Spontaneus
1851 1514 1906 1531 mo-

1068 1551 1118 1572 tus.
1139 1562 1171 1565 —
1190 1545 1318 1575 Precatio.
1338 1545 1394 1570 sive
1413 1543 1514 1570 relatio.
1535 1554 1556 1570 c.
1575 1545 1598 1570 3.
1619 1544 1651 1571 de
1669 1544 1723 1572 LL.
1743 1547 1766 1572 l.
1786 1548 1827 1573 14.
1863 1547 1905 1574 III.

1068 1590 1134 1617 Cn.
1162 1588 1203 1615 Ex
1229 1587 1341 1614 dirersis
1365 1587 1442 1613 animi
1467 1587 1582 1613 motibus
1605 1588 1631 1613 in
1651 1597 1730 1614 unum
1749 1590 1906 1616 consentire.

1068 1632 1098 1659 fr.
1119 1634 1142 1658 1.
1162 1632 1183 1665 ξ,
1204 1633 1228 1657 3.
1249 1630 1281 1656 (10
1300 1634 1367 1667 pact.
1381 1631 1405 1656 2.
1428 1631 1466 1656 14.
1495 1629 1555 1656 ¹Non
1575 1635 1615 1656 est
1634 1632 1779 1657 constantis
1799 1637 1824 1658 et
1842 1634 1907 1659 recti

1068 1674 1171 1705 iudicis,
1191 1674 1265 1699 cuius
1286 1673 1363 1698 animi
1383 1677 1482 1699 motum
1500 1673 1589 1699 vultus
1609 1673 1714 1709 detegit.
1733 1673 1764 1700 fr.
1782 1676 1820 1701 19.
1841 1675 1862 1708 ξ.
1883 1677 1906 1701 l.

1045 1718 1046 1748 1
1068 1717 1100 1743 (10
1120 1717 1163 1743 oss.
1184 1716 1271 1742 PraeS.
1293 1718 1314 1741 1.
1336 1717 1375 1741 18.
1414 1714 1443 1741 Si
1464 1730 1493 1734 —
1516 1717 1613 1752 negotii
1632 1716 1744 1752 qualitas
1764 1727 1793 1743 ac
1811 1717 1907 1745 iudicis

1068 1764 1154 1786 motus
1175 1769 1233 1785 cum
1252 1758 1293 1784 his
1313 1758 1453 1784 concurrit.
1473 1757 1503 1784 sr.
1523 1760 1564 1785 21.
1585 1759 1606 1792 ξ.
1626 1760 1650 1785 3.
1671 1758 1704 1784 (10
1722 1759 1811 1786 testib.
1826 1762 1868 1787 22.
1882 1763 1906 1787 5.

1046 1820 1047 1829 2
1069 1802 1152 1829 Cuius
1172 1803 1225 1834 (sc.
1246 1801 1359 1837 negotii)
1383 1800 1444 1826 finis
1468 1801 1494 1827 in
1520 1801 1614 1828 iudicis
1637 1806 1769 1838 potestate
1787 1813 1817 1829 ac
1835 1808 1907 1831 inotu

1069 1846 1136 1871 situs
1156 1849 1204 1870 est.
1230 1854 1250 1870 c.
1272 1846 1312 1869 10.
1337 1843 1370 1869 de
1388 1853 1473 1869 accuS.
1493 1845 1516 1870 9.
1535 1846 1560 1870 2.
1596 1843 1696 1870 Motum
1719 1854 1848 1881 congruae
1867 1856 1906 1873 se-

1068 1888 1197 1914 veritatis.
1216 1897 1239 1912 v.
1260 1886 1388 1912 iudiciarii
1407 1887 1514 1921 vigoris,
1534 1888 1663 1924 excipere.
1684 1886 1734 1913 Τ11.
1751 1887 1781 1914 C.
1802 1888 1845 1915 IX.
1865 1891 1906 1916 40.

1069 1941 1090 1957 c.
1110 1932 1133 1957 9.
1154 1930 1186 1956 de
1205 1939 1281 1967 poen.
1302 1929 1346 1955 IX.
1360 1931 1401 1955 45.
1422 1939 1442 1955 c.
1457 1931 1480 1955 5.
1501 1929 1532 1955 de
1552 1929 1576 1956 h.
1596 1940 1639 1966 qu.
1659 1929 1690 1956 ad
1711 1929 1773 1957 eccl.
1810 1931 1906 1959 Divina

1045 1996 1047 2009 .·
1069 1974 1180 2010 prinlum
1199 1972 1329 2003 vindicta,
1357 1976 1418 2008 post
1441 1973 1517 1998 etiam
1542 1977 1628 1998 motus
1651 1974 1735 2000 nostri
1756 1990 1786 1994 —
1806 1974 1907 2001 ultione

1045 2037 1047 2055 ξ
1068 2015 1232 2053 plectendos
1252 2015 1287 2041 lb.
1303 2013 1372 2041 XVI.
1388 2016 1409 2040 l.
1431 2025 1452 2041 c.
1465 2017 1489 2041 2.
1509 2015 1530 2049 ξ.
1552 2017 1574 2042 l.
1595 2015 1627 2042 de
1645 2015 1698 2042 fide
1717 2016 1784 2043 cath.
1814 2016 1906 2045 Nostri

1068 2060 1180 2085 maiores
1208 2057 1383 2084 subtilissimo
1409 2059 1507 2090 animo,
1537 2063 1563 2084 et
1586 2058 1675 2084 divino
1699 2059 1811 2095 quodam
1834 2066 1906 2087 motu

1069 2103 1263 2139 (pervenerunt
1283 2100 1314 2126 ad
1334 2101 1400 2133 etc.)
1421 2111 1442 2127 c.
1458 2103 1497 2127 12.
1518 2100 1550 2127 de
1569 2111 1684 2138 praescr.
1703 2101 1720 2127 l.
1740 2106 1757 2128 t.
1778 2103 1800 2128 7.
1819 2104 1904 2129 33.—

1047 2178 1048 2182 .
1070 2145 1149 2178 §.5.
1170 2146 1364 2178 Impetratio
1383 2145 1533 2170 arrianis.
1570 2144 1612 2170 ΠΙ.
1628 2146 1693 2172 Cn.
1713 2143 1807 2171 Omnis
1820 2145 1905 2173 aditus

1069 2186 1261 2224 praecludatur.
1282 2188 1367 2213 omnis
1386 2192 1472 2213 motus
1485 2191 1533 2213 etc.
1554 2197 1574 2213 c.
1587 2188 1611 2213 3.
1632 2186 1664 2213 de
1682 2187 1771 2223 quadr.
1791 2198 1904 2225 praescr.

1046 2237 1048 2257 1
1070 2232 1092 2257 7.
1111 2232 1153 2256 37.

1104 2274 1272 2300 movens.
1309 2272 1440 2305 (Partic.)
1477 2272 1507 2305 ξ.
1530 2273 1565 2298 l·
1593 2273 1657 2305 Qui
1675 2283 1704 2299 se
1722 2275 1824 2307 ipsum
1844 2283 1904 2300 mo-

1071 2326 1140 2343 vere
1157 2322 1271 2350 potest.
1309 2315 1327 2342 I.
1339 2317 1399 2350 Sy.
1419 2315 1472 2341 Res
1491 2314 1602 2341 mobiles
1616 2315 1748 2345 animales,
1768 2315 1904 2347 Animalia,

1070 2358 1209 2385 moventia.
1234 2358 1264 2384 sr.
1285 2360 1324 2384 15.
1344 2359 1365 2392 ξ.
1385 2360 1409 2384 2.
1430 2358 1462 2384 de
1480 2368 1509 2384 rc
1528 2356 1580 2384 iud.
1599 2359 1640 2384 42.
1661 2360 1684 2384 1.
1722 2357 1751 2384 II.
1771 2360 1838 2392 Op.
1857 2358 1905 2384 So-

1047 2411 1048 2438 }
1070 2401 1131 2428 lum.
1147 2418 1176 2421 —
1197 2400 1250 2427 Res
1264 2400 1385 2433 mobiles,
1399 2402 1455 2427 sive
1467 2401 1606 2427 moventia.
1625 2400 1708 2427 Vatie.
1723 2401 1744 2433 ξ.
1758 2401 1816 2426 293.
1836 2400 1866 2427 fr.
1882 2402 1904 2427 l.

1047 2446 1048 2468 1
1070 2454 1108 2481 pr.
1134 2443 1166 2470 de
1184 2443 1270 2470 Aedil.
1295 2443 1372 2469 edict.
1392 2445 1432 2469 21.
1454 2445 1476 2470 l.
1512 2443 1555 2470 111.
1575 2445 1640 2471 Cn.
1664 2442 1784 2474 Mobilia,
1809 2448 1834 2469 ct
1852 2453 1905 2470 mo-

1047 2502 1048 2520 ]
1069 2488 1164 2513 ventia.
1185 2486 1241 2513 Gai.
1256 2485 1298 2512 IV.
1314 2488 1354 2512 16.
1390 2485 1444 2512 Res
1463 2486 1582 2517 mobiles,
1602 2485 1643 2511 vel
1663 2490 1848 2518 semoventes,
1862 2487 1905 2513 vel

1047 2529 1049 2548 1
1070 2528 1258 2566 incorporales
1283 2538 1304 2554 c.
1326 2530 1347 2554 l.
1373 2529 1394 2562 ξ.
1414 2531 1437 2555 7.
1463 2528 1495 2555 de
1518 2529 1548 2555 R.
1568 2527 1599 2554 V.
1619 2527 1650 2553 A.
1670 2529 1694 2553 5.
1716 2529 1755 2553 13.
1780 2538 1801 2554 c.
1820 2530 1844 2555 2.
1864 2539 1904 2566 sq.

1071 2572 1104 2599 de
1123 2571 1212 2608 quadr.
1232 2581 1347 2608 praescr.
1367 2573 1390 2598 7.
1409 2573 1450 2598 37.
1465 2587 1497 2591 —
1518 2571 1547 2603 ξ.
1562 2571 1597 2596 2.
1619 2571 1681 2602 Qui
1699 2573 1818 2597 moveri
1833 2579 1904 2606 pot—

1048 2643 1049 2647 ,
1071 2622 1123 2641 est.
1160 2614 1179 2640 I.
1198 2615 1259 2648 Sy.
1279 2613 1394 2646 mobilia,
1413 2614 1551 2641 moventia.
1572 2611 1601 2638 [ι’.
1617 2613 1657 2638 93.
1678 2611 1711 2638 (10
1726 2612 1755 2639 V.
1769 2612 1796 2639 S.
1809 2615 1851 2640 50.
1863 2616 1904 2641 16.

1071 2657 1112 2683 III.
1127 2658 1192 2684 011.
1212 2656 1262 2683 Pro
1280 2657 1403 2694 praediis.
1423 2661 1466 2682 aut
1484 2654 1650 2681 moventibus
1669 2655 1798 2689 (tributa.)
1817 2655 1848 2683 fr.
1861 2658 1903 2683 32.

1072 2700 1093 2733 ξ.
1113 2701 1136 2726 9.
1157 2699 1189 2725 de
1208 2709 1257 2726 usu
1277 2704 1302 2726 et
1322 2699 1401 2726 usufr.
1421 2698 1469 2734 leg.
1488 2699 1529 2723 33.
1548 2699 1572 2724 2.
1609 2697 1726 2730 Fundus,
1745 2699 1771 2724 in
1791 2708 1843 2735 quo
1861 2709 1903 2726 res

1049 2747 1051 2770 1
1072 2747 1208 2769 moventes
1227 2742 1338 2769 suerunt.
1358 2742 1387 2767 fr.
1409 2743 1447 2767 19.
1467 2739 1499 2766 de
1518 2740 1544 2766 vi
1563 2744 1589 2766 et
1607 2740 1633 2766 vi
1652 2750 1712 2767 arm.
1732 2742 1827 2768 43:16.
1850 2741 1904 2767 Res

1072 2790 1218 2817 moventes,
1237 2795 1289 2811 non
1308 2784 1438 2810 animales.
1459 2783 1489 2809 fr.
1507 2784 1531 2809 2.
1551 2782 1584 2809 (10
1602 2783 1696 2821 supell.
1716 2783 1765 2820 leg.
1784 2785 1885 2810 33.10.

1106 2829 1272 2856 Movere.
1310 2827 1339 2859 §.
1359 2829 1394 2854 1.
1419 2828 1536 2853 Locum
1559 2832 1692 2853 mutare.
1730 2826 1748 2852 l.
1765 2827 1827 2860 Sy.
1851 2826 1902 2852 Au-

1433 2871 1466 2896 76
