2197 3121
1020 141 1060 172 IL

203 235 320 253 norum.
356 224 374 251 I.
394 226 455 259 Sy.
475 224 555 250 Bona.
576 223 606 250 fr.
625 225 648 250 3.
668 233 706 259 pr.
727 222 758 249 de
778 222 807 249 B.
827 221 855 249 Ρ.
873 224 915 249 37.
938 225 958 249 l.
990 222 1038 249 ΤΙι.
1063 225 1065 228 “

205 267 235 294 C.
256 267 310 294 VII.
330 268 353 294 8.
374 278 395 294 c.
410 269 433 293 7.
453 278 474 294 c.
488 269 511 293 9.
532 266 563 293 de
583 270 668 292 metat.
692 265 758 291 Iuris
777 275 923 292 successor.
949 265 1038 292 Heres.

204 310 235 337 fr.
255 311 278 336 9.
299 311 320 344 9.
343 312 381 336 12.
407 310 438 337 de
458 309 546 336 liered.
567 310 626 335 inst.
645 311 686 335 28.
706 311 730 334 5.
750 308 781 334 cs.
802 308 832 334 fr.
847 310 903 334 128.
923 309 944 342 9.
966 310 987 334 1.
1008 308 1040 334 de

203 352 235 379 R.
255 352 271 379 1.
291 355 333 379 50.
355 355 393 379 17.
431 352 571 379 Successio
596 353 622 378 in
641 352 791 378 universum
811 352 864 383 ius,
889 351 977 387 (quod
997 351 1040 377 de·

204 395 309 422 functus
333 395 449 427 habuit.)
480 394 626 421 Hereditas.
659 394 699 421 Cf.
722 394 746 421 h.
771 405 795 421 v.
820 394 885 427 9.1.
922 394 951 420 II.
972 396 1039 427 Op.

204 437 371 470 Vniversmm
391 448 411 464 s.
433 438 525 469 Omne,
545 438 584 463 ius
605 438 734 470 (mortui.)
748 454 778 457 —
798 435 905 472 Singula
924 446 966 462 res
985 436 1040 469 (he-

204 480 347 514 reditaria.)
368 480 397 506 fr.
417 482 441 506 9.
461 480 493 506 de
511 480 600 506 hered.
620 485 672 517 pet.
686 483 709 506 5.
729 482 752 506 3.
773 479 803 505 sr.
818 481 842 505 3.
862 479 916 512 9.1.
937 479 969 505 de
985 489 1038 505 exc.

204 524 243 550 rei
261 523 337 550 vend.
357 525 398 550 21.
418 525 441 550 3.
462 523 491 549 fr.
512 525 554 549 37.
574 523 606 549 de.
624 523 655 549 A.
676 533 699 549 V.
720 522 752 549 Ο.
769 522 798 548 Η.
812 524 853 548 29.
867 523 890 547 2.
918 520 962 547 ΙΙΙ.
978 522 1037 548 Cn.

205 566 258 601 Qui
277 567 303 592 in
326 566 413 592 locum
436 570 462 592 et
485 566 511 591 in
534 566 588 597 ius,
613 576 637 592 v.
663 566 715 601 Qui
739 566 764 591 in
788 566 829 590 ius
853 564 1038 595 dominiumve,

204 608 311 635 alterius
331 608 456 635 succedit.
481 608 511 634 fr.
532 610 554 634 9.
579 609 643 642 9.1.
663 608 695 634 de
714 607 805 634 edend.
825 609 849 633 2.
870 609 909 633 13.
931 606 960 632 fr.
982 608 1037 633 177.

203 661 243 688 pr.
263 651 295 677 de
307 651 339 677 R.
358 651 376 677 I.
397 653 437 677 50.
460 653 498 677 17.
537 651 631 677 Omnia
651 651 690 677 sui
711 651 782 676 iuris.
807 649 844 681 Id,
865 649 936 686 quod
956 651 1038 675 nostri

203 695 269 720 iuris
289 699 336 724 est,
356 693 397 719 vel
416 693 501 720 alieni.
526 693 597 720 Paul.
619 693 648 719 II.
667 695 708 719 25.
728 693 748 726 §.
771 694 792 718 l.
813 692 842 719 cf.
863 692 892 719 ΙΙ.
916 695 952 718 12.
973 693 1038 726 9.1.

203 736 303 763 Omnes
323 746 365 763 res
385 737 454 769 eius,
479 742 504 763 et
528 735 656 773 quidquid
674 737 700 761 in
720 745 767 761 suo
787 736 842 761 iure
861 735 958 762 habuit.
988 735 1037 762 Th.

204 778 235 806 C.
253 778 311 805 XV.
334 781 355 805 1.
381 789 401 806 c.
421 782 445 805 4.
471 779 503 805 (le
526 789 587 816 opp.
611 778 672 815 pub.
708 777 838 804 Alienatis
862 777 1038 810 facultatibus,

203 827 247 848 aut
265 823 290 848 in
310 822 420 848 aliorum
439 822 494 848 iura
515 827 573 848 ante
592 821 779 857 transscriptis.
798 820 835 847 ΙΙ).
849 821 905 847 XII.
920 823 942 847 l.
963 831 983 847 c.
997 822 1038 847 49.

202 865 224 898 §.
246 866 268 891 1.
289 865 321 891 de
341 865 474 891 decuriou.
492 863 560 890 Xffl.
579 866 602 890 6.
624 873 644 889 c.
658 865 681 889 2.
702 863 733 889 de
753 863 840 900 praed.
861 863 970 890 navicul.
1001 863 1040 890 In-

202 912 346 934 strumenta
370 909 408 933 tni
432 907 510 938 iuris,
534 916 554 932 s.
574 905 605 932 ad
629 907 669 932 ius
694 911 764 932 tuum
785 907 949 943 pertinentia.
974 916 995 932 c.
1015 908 1038 932 4.

203 960 224 976 c.
244 951 267 976 6.
293 950 325 976 ad
350 949 436 976 exhib.
460 952 484 976 3.
504 951 545 974 42.
588 948 675 985 Super
700 950 797 975 invasis
822 950 862 975 sui
886 950 949 976 iuris
974 949 1039 975 locis

202 992 338 1026 (deferre.)
358 992 407 1019 Th.
422 992 452 1018 C.
467 991 497 1017 II.
511 993 552 1017 26.
572 1001 594 1017 c.
610 993 630 1018 l.
646 991 749 1024 (wok.)
769 992 812 1017 fin.
834 992 940 1028 regund.
961 991 1038 1023 Loca,

201 1035 244 1062 vel
264 1034 377 1072 praedia,
398 1045 463 1071 quae
482 1044 551 1060 nunc
570 1035 596 1060 in
616 1035 672 1060 iure
693 1034 847 1071 templorum
867 1040 934 1061 sunt.
955 1034 991 1061 lb.
1005 1034 1037 1061 X.

202 1079 225 1104 l.
250 1088 271 1104 c.
291 1079 315 1103 S.
341 1077 372 1103 de
400 1078 455 1103 iure
482 1077 547 1103 fisci.
584 1076 655 1103 Fisci
675 1077 774 1103 iuribus
793 1077 896 1104 inferre.
934 1077 962 1104 In
982 1078 1039 1104 fisci

202 1121 257 1147 iura
281 1121 397 1156 migrare.
428 1119 465 1145 lb.
486 1119 502 1145 I.
523 1121 546 1146 6.
572 1130 593 1146 c.
615 1121 638 1146 9.
658 1119 690 1145 de
709 1120 752 1145 off.
773 1119 824 1146 Prs.
845 1120 889 1147 Vr.
907 1120 978 1147 XIII.
999 1122 1039 1147 11.

202 1173 224 1189 c.
245 1164 266 1188 1.
287 1162 320 1188 de
338 1163 461 1188 censitor.
487 1172 608 1199 peraequ.
629 1178 661 1181 —
686 1163 716 1195 §.
737 1164 774 1189 3.
801 1165 918 1190 Forma
943 1165 1039 1190 iuris.

199 1206 302 1232 Ratio
322 1207 419 1231 iusta.
450 1207 584 1240 Regula.
621 1204 640 1230 I.
661 1206 721 1239 Sy.
746 1204 846 1231 Forma.
868 1205 908 1232 Cf.
928 1206 952 1232 h.
972 1216 996 1232 v.
1017 1206 1038 1239 9.

200 1249 225 1274 4.
235 1247 266 1274 A.
304 1246 407 1273 Modus.
432 1246 489 1273 Gai.
508 1247 526 1274 I.
550 1249 592 1273 28.
616 1249 657 1273 31.
695 1247 808 1274 Titulus.
833 1248 882 1275 Th.
903 1248 934 1275 C.
953 1248 995 1274 III.
1015 1251 1040 1274 δ.

201 1300 222 1317 c.
242 1292 265 1316 1.
286 1299 324 1326 sq.
352 1289 384 1316 de
407 1300 458 1316 sec.
484 1294 557 1327 nupt.
598 1289 693 1322 Recte,
718 1290 792 1321 Rite,
817 1290 957 1327 Legitime,
981 1291 1039 1318 Iure

200 1332 309 1366 (datum.
328 1342 353 1358 v.
374 1332 468 1359 factum
489 1333 550 1365 etc.)
570 1332 600 1359 fr.
616 1334 639 1359 3.
660 1334 682 1359 si
702 1333 797 1360 ususfr.
817 1339 869 1371 pet.
885 1336 907 1360 7.
921 1336 944 1360 6.
965 1333 994 1360 sr.
1017 1336 1037 1360 1.

199 1375 221 1409 9.
240 1377 266 1401 2.
286 1375 316 1401 fr.
336 1377 359 1401 3.
380 1375 445 1408 9.1,
465 1375 497 1401 de
517 1380 617 1402 testam.
638 1381 685 1402 tut.
704 1378 746 1402 26.
765 1378 789 1402 2.
810 1376 907 1403 Vaticc.
928 1377 1037 1410 99159.

198 1419 258 1444 246.
278 1417 307 1444 fr.
329 1420 350 1444 1.
371 1427 410 1454 sq.
431 1417 463 1444 de
482 1419 572 1444 iniust.
591 1423 660 1455 rupt.
680 1420 721 1445 28.
736 1421 760 1445 3.
781 1419 810 1445 I'r.
824 1422 864 1446 19.
885 1429 922 1456 pr.
943 1419 975 1445 dc
993 1421 1039 1445 mi-

199 1460 238 1487 lit.
257 1465 358 1487 testam.
378 1462 420 1487 29.
442 1462 464 1487 l.
488 1460 549 1498 le.
570 1460 601 1488 V.
623 1463 661 1487 10.
682 1477 714 1481 —
738 1461 768 1488 II.
788 1464 854 1496 Op.
879 1462 936 1488 Iure
955 1462 1037 1499 perfe-

200 1508 284 1535 ctum,
303 1519 335 1522 —
358 1502 477 1535 Falsum,
502 1505 627 1530 iniustum
646 1508 694 1530 etc.
714 1505 939 1537 (testamentum.)
964 1504 993 1531 fr.
1013 1507 1037 1530 2.

199 1547 221 1580 §.
242 1548 264 1572 l.
285 1550 386 1572 testam.
407 1546 526 1582 quemad.
554 1556 624 1583 aper.
644 1548 685 1573 29.
704 1548 728 1573 3.
749 1547 781 1573 cf.
805 1547 835 1574 I'r.
858 1549 896 1574 12.
920 1548 985 1581 9.1.
1006 1547 1037 1574 de

199 1589 230 1615 B.
249 1589 278 1615 P.
299 1599 320 1615 c.
341 1594 358 1614 t.
378 1590 419 1615 37.
439 1590 462 1614 4.
501 1588 609 1626 Optimo
628 1590 692 1621 iure.
707 1606 739 1609 —
758 1590 844 1616 Minus
863 1591 931 1627 aptis
950 1590 1037 1617 verbis

201 1631 346 1668 (legatum.)
366 1630 427 1668 le.
442 1631 538 1658 XXIV.
554 1634 626 1658 11.a.
647 1632 677 1658 cf.
698 1632 728 1659 sr.
747 1634 788 1659 88.
808 1633 890 1666 §.17.
911 1633 943 1659 dc
962 1632 1037 1669 legat.

199 1673 312 1707 11.(31.)
335 1673 441 1705 Natura,
456 1674 559 1701 —Iure
579 1675 640 1708 (sub
661 1676 737 1702 unius
756 1680 887 1712 potestate
906 1676 1037 1702 subiectae

199 1717 353 1753 personae.)
378 1716 407 1742 fr.
429 1718 485 1743 195.
510 1717 531 1751 9.
551 1719 575 1743 2.
601 1717 633 1744 de
652 1717 683 1744 V.
704 1718 731 1744 S.
751 1720 792 1745 50.
814 1720 852 1745 16,
889 1719 949 1756 Ipso
974 1720 1037 1749 iure,

200 1769 225 1785 v.
239 1759 331 1790 Recto,
352 1769 372 1785 s.
386 1759 509 1791 Directo,
527 1761 592 1791 iure,
607 1776 635 1779 —
656 1760 707 1787 Per
724 1761 964 1793 fideicommissum,
984 1765 1038 1794 (va-

200 1801 255 1828 lere
274 1806 457 1828 testamentum
477 1804 538 1835 etc.)
562 1802 591 1829 sr.
612 1805 652 1829 19.
672 1813 711 1840 pr.
731 1803 763 1830 de
782 1803 854 1829 milit.
874 1809 975 1830 testam.
995 1806 1036 1830 29.

201 1845 225 1870 l.
250 1844 306 1871 Gai.
327 1843 357 1870 ΙΙ.
380 1846 438 1870 248.
458 1846 517 1871 268.
536 1847 594 1871 275.
631 1845 692 1882 Ipso
717 1847 772 1872 iure
791 1846 901 1873 heredes
920 1847 985 1873 ficri.
1005 1863 1037 1866 —

200 1886 273 1913 Loco
299 1886 423 1913 heredum
448 1889 579 1913 constitui.
611 1887 668 1914 Gai.
687 1888 729 1914 III.
753 1891 795 1915 32.
827 1889 855 1915 In
881 1890 934 1920 ius,
954 1905 986 1909 —
1009 1889 1037 1915 In

200 1930 296 1956 sactum
316 1932 471 1967 (conceptae
491 1930 636 1963 formulae.)
656 1931 692 1957 Ib.
705 1930 748 1957 IV.
763 1933 803 1957 45.
818 1933 859 1958 47.
873 1933 913 1958 60.
934 1932 965 1958 cf.
980 1934 1037 1959 106.

200 1972 242 1998 Ad
261 1973 310 2003 ius,
330 1988 362 1991 —
382 1973 423 1999 Ad
444 1973 538 1999 factum
560 1975 730 2010 (pertinere.)
757 1974 785 2000 l'r.
805 1975 846 2000 48.
868 1975 933 2008 9.1.
955 1974 986 2001 de
1005 1975 1036 2001 A.

199 2015 231 2042 R.
250 2015 284 2041 D.
304 2017 345 2042 41.
368 2018 388 2042 l.
427 2015 511 2047 Facti,
532 2026 583 2042 non
603 2017 680 2046 iuris,
699 2016 813 2049 (habere
833 2018 1036 2054 quaestionem.)

200 2057 231 2084 fr.
252 2060 309 2084 122.
330 2058 362 2084 de
382 2058 412 2084 V.
434 2058 460 2085 S.
480 2061 521 2085 50.
543 2060 582 2084 16.
600 2058 632 2085 fr.
652 2062 693 2086 24.
714 2059 746 2086 de
764 2059 795 2085 R.
817 2059 836 2086 Ι.
856 2062 896 2086 50.
918 2062 957 2087 17.
993 2060 1036 2087 111.

202 2101 267 2128 Cu.
286 2100 385 2127 SIrems
406 2102 483 2134 (res.)
503 2101 554 2132 lex,
574 2102 623 2133 iuS,
643 2112 772 2138 causaque
790 2103 910 2129 omnibus
924 2104 1037 2130 omnium

201 2152 286 2169 rerum
305 2145 375 2170 esto!
394 2143 423 2170 L.
443 2144 510 2171 Gall.
527 2144 627 2181 Cisalp.
644 2144 673 2170 ΙΙ.
697 2146 734 2170 10.
755 2154 794 2181 sq.
818 2147 855 2171 14.
894 2145 938 2172 Vti
957 2146 1037 2182 legas-

203 2185 238 2210 sit
256 2195 316 2212 suae
340 2187 392 2218 rei,
415 2197 439 2213 v.
460 2186 504 2213 vti
527 2186 613 2223 lingua
633 2189 818 2224 nuucupassit‚
842 2189 877 2214 ita
902 2189 942 2214 ius
968 2191 1035 2215 esto!

202 2226 232 2253 L.
258 2227 307 2253 XII
330 2228 412 2256 Tabb.
433 2229 464 2256 V.
489 2232 514 2256 3.
539 2229 581 2256 VI.
604 2232 625 2256 1.
672 2229 727 2261 Ιιιε,
752 2235 889 2267 ratumque
914 2233 983 2257 esto!
1006 2231 1035 2258 L.

203 2269 270 2296 Gall.
291 2269 389 2307 Cisalp.
408 2271 427 2298 I.
447 2274 488 2299 20.
530 2272 591 2307 Quo
615 2277 643 2298 tu
666 2273 722 2299 iure
745 2278 929 2300 testamentum
953 2275 1037 2301 facere

203 2313 305 2349 possis,
329 2313 469 2340 secundum
492 2314 574 2351 legem
598 2315 736 2352 publicam.
764 2315 820 2342 Gai.
841 2316 871 2344 II.
893 2319 948 2343 104.
984 2317 1037 2344 Ad-

203 2364 295 2381 versus
315 2354 408 2381 sactum
426 2366 514 2389 suum,
539 2359 613 2394 quasi
642 2368 694 2384 non
713 2359 768 2385 iure
788 2369 842 2385 eam
862 2369 946 2395 neque
964 2370 1036 2396 prae-

202 2397 322 2423 sentibus
342 2397 453 2424 testibus
467 2401 664 2437 emancipasset,
679 2402 796 2433 (movere
810 2404 1036 2435 controversiam.)

204 2440 233 2466 fr.
247 2442 287 2466 25.
306 2450 345 2476 pr.
367 2439 398 2465 de
418 2440 503 2477 adopt.
524 2444 546 2468 1.
566 2445 589 2469 7.
625 2444 679 2470 Aut
698 2445 907 2481 remancipantur
926 2447 1035 2481 parenti,

203 2488 247 2508 aut
265 2483 321 2508 iure
340 2484 524 2519 mancipantur.
544 2484 599 2512 Gai.
618 2486 637 2512 Ι.
659 2488 715 2513 134.
752 2486 878 2513 Iudicium
897 2489 987 2524 patris,
1007 2488 1036 2514 li-

204 2530 245 2551 cet
264 2526 319 2550 iure
337 2524 454 2557 deficiat,
479 2527 632 2554 servandum
651 2534 698 2555 est.
730 2528 812 2556 Vatic.
833 2530 933 2563 9159.
970 2531 1036 2557 Cau—

203 2578 260 2599 sae.
280 2577 345 2603 quae
364 2568 420 2594 inre
438 2578 490 2594 non
509 2568 655 2602 valuerunt,
675 2572 717 2598 vel
736 2582 788 2598 non
807 2572 954 2599 habuerunt
973 2574 1034 2600 effe-

204 2616 281 2637 ctum.
300 2610 330 2636 fr.
344 2611 385 2636 54.
405 2610 437 2637 de
456 2610 567 2637 condiet.
586 2612 671 2639 indeb.
688 2616 726 2641 12.
746 2616 769 2641 6.
807 2615 882 2650 Quae
901 2617 956 2642 iure
975 2627 1035 2643 con-

204 2653 349 2684 trahuntur.
369 2654 498 2679 contrario
518 2654 574 2679 iure
593 2661 708 2690 pereunt.
728 2657 757 2684 fr.
776 2659 832 2683 100.
853 2658 885 2684 de
903 2658 934 2685 R.
955 2658 972 2685 1.
992 2661 1033 2685 50.

206 2697 244 2721 17.
281 2694 339 2721 Iure
359 2696 503 2731 impetrare,
522 2705 545 2722 v.
566 2695 722 2724 desiderare.
757 2699 815 2726 Iure
834 2700 931 2727 deberi,
961 2700 1032 2728 Paul,

203 2737 245 2763 III.
265 2739 289 2763 5.
310 2738 331 2771 §.
352 2739 390 2763 16.
410 2736 453 2763 IV.
474 2739 496 2764 l.
520 2738 556 2771 §§.
578 2740 617 2764 10.
638 2741 677 2765 15.
714 2739 742 2766 Si
762 2752 837 2778 quam
856 2743 936 2770 habes
956 2745 1033 2770 actio-

1068 142 1098 172 S.
1852 145 1913 174 519

1086 225 1271 250 persecutio
1291 226 1375 250 iuris
1394 227 1508 251 nostri.
1545 224 1587 250 III.
1605 225 1669 252 Gn..
1690 223 1731 250 Ius
1751 234 1826 250 omne
1842 224 1912 250 fidei-

1085 267 1216 292 commissi
1235 276 1285 291 non
1302 267 1326 292 in
1341 267 1524 298 vindicatione,
1544 266 1590 293 sed
1605 268 1629 293 in
1642 268 1769 304 petitione
1784 267 1911 292 consistit.

1084 308 1154 335 Paul.
1178 308 1220 335 IV.
1247 311 1268 335 1.
1293 310 1379 342 916.
1425 310 1480 336 Hoc
1504 311 1640 347 proposito
1664 310 1853 335 accusationem
1877 310 1913 335 in-

1084 353 1169 383 struit,
1188 356 1216 377 ut
1234 361 1309 377 suum
1329 352 1368 377 ius
1388 352 1439 378 sibi
1458 358 1553 379 servet.
1578 352 1607 378 fr.
1624 354 1662 378 14.
1683 352 1715 378 de
1734 352 1762 378 Β.
1783 351 1809 377 P.
1828 353 1870 377 37.
1891 354 1912 378 I.

1084 394 1167 420 Patris
1186 399 1211 420 et
1230 395 1332 431 patroni
1351 395 1493 430 ignorantis
1513 396 1552 421 ius
1572 405 1623 421 non
1643 395 1773 421 minuitur.
1794 393 1835 420 Fr.
1850 393 1911 420 del.

1084 436 1111 462 F.
1132 437 1214 470 912.
1234 436 1265 463 ci'.
1286 437 1307 470 9.
1326 439 1348 463 3.
1387 437 1416 463 Si
1435 447 1510 464 nemo
1530 439 1577 469 sit,
1597 437 1646 470 (ad
1666 447 1740 474 quem
1760 437 1789 463 B.
1809 436 1836 462 P.
1856 447 1913 473 per-

1084 480 1165 505 tinere
1185 481 1300 516 possit.)
1320 484 1363 506 aut
1381 481 1416 505 sit
1435 480 1548 516 quidem,
1570 480 1616 506 sed
1635 482 1675 506 ius
1695 490 1769 506 suum
1789 481 1912 505 omiserit.

1084 521 1143 558 le.
1162 522 1282 548 XXVIII.
1304 524 1326 548 7.
1362 522 1432 548 Dum
1452 523 1577 549 incertum
1597 528 1648 554 est,
1677 533 1708 548 au
1728 522 1841 548 creditor
1859 523 1914 548 iure

1083 574 1130 590 suo
1156 570 1249 591 utatur.
1278 564 1308 591 fr.
1330 567 1351 591 l.
1376 565 1397 598 9.
1420 567 1439 591 I.
1465 565 1496 591 de
1520 565 1634 592 statulib.
1659 567 1698 591 40.
1724 567 1746 591 7.
1784 565 1837 600 Qui
1860 565 1914 590 iure

1083 617 1130 633 suo
1150 609 1238 639 utitur⁷
1259 613 1284 634 et
1302 608 1431 634 ordinaria
1451 609 1551 634 actione
1571 609 1710 644 experitur.
1731 608 1760 634 fr.
1782 610 1838 633 155.
1858 608 1914 641 9.1.

1084 650 1116 676 de
1135 650 1164 676 R.
1184 650 1201 677 1.
1222 653 1262 676 50.
1284 653 1323 677 17.
1360 650 1425 677 luris
1449 651 1601 688 experiundi
1621 661 1697 677 causa
1716 661 1816 677 vocare.
1841 650 1870 676 fr.
1891 652 1914 677 l.

1084 693 1115 719 de
1135 695 1160 719 in
1179 694 1219 719 ius
1239 704 1294 719 voc.
1315 695 1338 720 2.
1359 695 1382 720 4.
1408 710 1439 713 -—
1464 695 1493 727 §.
1518 695 1554 721 5.
1583 695 1788 720 Exercitinm
1813 695 1914 719 iuris-

1082 738 1246 762 dictionis.
1284 736 1302 762 I.
1322 738 1382 770 Sy.
1412 736 1455 762 Ius
1475 737 1574 767 dicere,
1599 735 1656 762 lura
1676 746 1770 772 regere.
1807 735 1858 762 Iuri
1878 735 1915 761 di-

1084 778 1177 809 cundo,
1196 778 1374 805 Iurisdictioni
1394 780 1549 816 (praeesse.)
1570 779 1599 805 sr.
1614 781 1638 805 2.
1658 779 1679 812 9.
1697 781 1734 804 13.
1755 778 1786 804 de
1805 778 1837 804 Ο.
1857 778 1874 804 I.
1892 779 1913 804 l.

1083 823 1106 847 2.
1132 821 1160 847 Ι“ι“.
1187 823 1226 847 12.
1252 821 1283 847 de
1302 821 1353 847 LL.
1382 824 1403 848 l.
1427 824 1451 848 3.
1476 822 1505 848 fr.
1530 824 1552 848 7.
1576 822 1598 855 §.
1618 823 1641 847 2.
1667 821 1698 847 de
1722 821 1766 846 oss'.
1792 820 1864 847 Proc.
1890 825 1915 846 et

1083 863 1143 900 Leg.
1166 866 1187 889 l.
1209 865 1247 890 16.
1276 864 1306 890 fr.
1327 866 1366 890 10.
1392 864 1423 891 de
1442 864 1532 891 iurisd.
1552 866 1576 890 2.
1598 866 1619 890 1.
1644 864 1673 890 sr.
1694 865 1734 890 26.
1755 863 1787 889 de
1806 873 1869 899 aqua
1890 867 1915 889 et

1083 916 1141 942 aqu.
1161 905 1195 943 pl.
1215 908 1256 932 39.
1275 906 1377 932 3.]ι18
1397 907 1496 939 dicens,
1515 907 1689 943 Magistratus.
1709 906 1822 932 Praetor.
1842 906 1871 932 fr.
1890 907 1913 932 2.

1083 949 1104 982 9.
1126 950 1165 974 13.
1186 948 1201 974 I.
1226 951 1246 975 l.
1261 951 1284 975 2.
1305 948 1334 975 fr.
1350 951 1389 975 12.
1410 949 1441 975 de
1461 950 1529 986 vulg.
1549 955 1575 976 et
1593 960 1654 987 pup.
1673 950 1715 975 28.
1734 951 1757 975 6.
1795 948 1915 975 Animad-

1083 997 1184 1018 vertere
1203 992 1229 1017 in
1249 992 1358 1028 (caput.)
1378 991 1421 1017 Ius
1441 992 1527 1018 dicere
1546 992 1578 1018 de
1597 993 1715 1029 (capite.)
1736 992 1765 1018 fr.
1778 993 1802 1017 2.
1822 991 1914 1025 99.16.

1081 1036 1124 1061 23.
1144 1033 1176 1061 dr
1195 1034 1227 1060 Ο.
1247 1034 1266 1061 1.
1288 1037 1309 1061 l.
1328 1036 1352 1060 2.
1394 1034 1435 1060 III.
1457 1036 1520 1062 Cn.
1549 1035 1649 1061 Omnes
1673 1036 1718 1071 qui
1739 1034 1850 1066 Romae,
1873 1033 1915 1060 vel

1084 1078 1157 1114 quasi
1177 1078 1350 1113 magistratus,
1369 1077 1411 1103 vel
1431 1082 1503 1103 extra
1523 1077 1647 1110 ordinem,
1667 1079 1707 1104 ius
1725 1077 1822 1103 dicunt.
1842 1076 1871 1102 l'r.
1892 1077 1913 1102 7.

1083 1121 1103 1154 9.
1118 1122 1142 1146 2.
1163 1120 1194 1147 de
1213 1120 1256 1146 off.
1276 1119 1349 1146 Proc.
1370 1124 1397 1146 et
1413 1119 1475 1156 Leg.
1497 1122 1519 1146 1.
1540 1122 1579 1147 16.
1599 1120 1630 1147 οἳ.
1650 1120 1721 1148 Paul.
1736 1119 1766 1146 V.
1781 1120 1833 1145 5A.
1854 1119 1914 1152 9.1.

1084 1163 1161 1189 Coss.
1182 1164 1317 1189 constituti
1337 1167 1398 1189 sunt
1417 1162 1478 1194 duo.
1497 1173 1577 1200 penes
1598 1173 1663 1199 quos
1684 1173 1810 1189 summum
1823 1163 1864 1188 ius
1877 1162 1915 1187 uti

1083 1210 1162 1236 esset,
1181 1205 1238 1242 lege
1256 1210 1373 1241 rogatum
1393 1210 1440 1231 est.
1461 1204 1490 1231 fr.
1510 1207 1533 1232 2.
1555 1206 1635 1239 §.16.
1657 1205 1688 1232 cs.
1709 1206 1729 1239 9.
1750 1207 1773 1231 4.
1793 1204 1825 1231 de
1845 1204 1876 1230 O.
1895 1203 1914 1231 1.

1084 1250 1105 1274 l.
1125 1250 1140 1264 ⁰
1186 1247 1301 1279 Praetor,
1323 1249 1366 1284 qui
1385 1249 1524 1285 praecipue
1543 1248 1575 1274 dc
1594 1248 1803 1275 fideicommissis
1819 1248 1859 1273 ius
1879 1246 1915 1272 di—

1081 1292 1125 1317 cit.
1150 1290 1205 1317 Gai.
1225 1290 1254 1317 II.
1275 1292 1333 1317 278.
1353 1300 1392 1327 sq.
1430 1290 1503 1322 Dies,
1524 1291 1619 1327 quibus
1638 1292 1678 1317 ius
1697 1290 1804 1317 Praetor
1821 1289 1914 1316 reddit.

1080 1333 1112 1359 sr.
1134 1335 1154 1359 1.
1175 1333 1207 1360 de
1226 1333 1277 1360 div.
1298 1338 1375 1370 temp.
1395 1343 1507 1370 praescr.
1528 1336 1569 1360 44.
1588 1335 1613 1359 3.
1650 1332 1741 1369 Neque
1760 1334 1800 1359 ius
1820 1332 1914 1364 dicere,

1082 1376 1128 1403 sed
1148 1387 1195 1403 nec
1215 1377 1254 1402 sui
1274 1380 1430 1413 potestatem
1450 1375 1534 1402 facere
1554 1378 1726 1409 (consuerunt
1741 1376 1915 1412 magistratus,

1081 1429 1117 1446 sc.
1141 1419 1225 1457 pridie
1245 1418 1301 1445 Cal.
1321 1418 1390 1451 Ian.)
1417 1418 1448 1444 fr.
1467 1421 1490 1445 5.
1515 1419 1548 1445 de
1571 1419 1651 1445 feriis.
1672 1421 1698 1445 2.
1724 1421 1763 1445 12.
1800 1418 1916 1444 Tametsi

1081 1467 1140 1488 ante
1158 1462 1261 1488 videtur
1280 1463 1314 1487 ita
1335 1462 1374 1488 ius
1395 1460 1492 1487 dictum
1512 1471 1579 1493 esse,
1599 1472 1630 1488 ne
1650 1467 1698 1488 etc.
1718 1461 1748 1487 sr.
1761 1463 1785 1487 2.
1805 1462 1863 1495 9.1.
1883 1461 1915 1487 ad

1081 1504 1147 1531 S.C.
1168 1504 1236 1531 Vell.
1257 1506 1295 1530 16,
1317 1506 1338 1530 1.
1376 1503 1405 1530 Si
1424 1503 1600 1530 iurisdictioni
1619 1513 1648 1530 se
1671 1504 1822 1535 subiiciant‚
1847 1503 1916 1530 solet

1082 1547 1189 1573 Praetor
1208 1548 1234 1573 in
1254 1557 1298 1573 eos
1318 1548 1359 1573 ius
1379 1546 1474 1573 dicere.
1498 1547 1529 1573 fr.
1550 1548 1589 1573 13.
1615 1547 1636 1580 9.
1656 1548 1680 1572 4.
1700 1546 1731 1572 ad
1750 1546 1815 1573 S.C.
1836 1546 1914 1572 Treb.

1081 1592 1122 1616 36.
1144 1592 1166 1616 1.
1204 1589 1286 1615 Posse
1310 1591 1333 1616 ei
1357 1594 1382 1616 et
1401 1588 1527 1615 adversus
1547 1599 1604 1615 eum
1627 1590 1667 1616 ius
1686 1590 1745 1616 dici.
1769 1590 1799 1615 l'r.
1820 1591 1859 1615 14.
1883 1589 1915 1615 de

1082 1632 1172 1659 iurisd.
1192 1634 1215 1658 2.
1236 1634 1257 1658 1.
1296 1632 1324 1659 Si
1345 1648 1375 1651 —
1395 1633 1436 1658 ius
1459 1631 1534 1658 aliter
1558 1631 1655 1658 dictum
1674 1634 1721 1663 sit,
1745 1642 1821 1668 quam
1839 1641 1915 1668 opor-

1080 1677 1138 1702 tuit.
1159 1675 1188 1701 fr.
1207 1677 1232 1701 2.
1257 1675 1309 1710 Qu.
1330 1675 1418 1711 quisq.
1437 1675 1486 1700 iur.
1505 1677 1528 1700 2.
1549 1676 1572 1700 2.
1592 1690 1623 1693 -
1648 1675 1679 1708 §.
1697 1676 1734 1701 6.
1757 1676 1845 1707 Quod
1865 1685 1913 1701 co-

1081 1728 1147 1744 ram
1166 1720 1369 1752 magistratu
1390 1719 1458 1743 iuri
1476 1719 1534 1742 dic.
1551 1719 1733 1752 peragitur.
1770 1717 1788 1744 I.
1806 1719 1866 1752 Sy.
1885 1717 1914 1743 lu

1081 1761 1143 1786 iure.
1180 1759 1258 1796 Apud
1278 1760 1442 1795 magistratus
1462 1758 1489 1785 P.
1503 1759 1535 1785 R.
1556 1759 1586 1785 fr.
1606 1763 1630 1786 4.
1650 1760 1671 1793 §.
1688 1762 1708 1786 1.
1729 1759 1761 1786 de
1779 1761 1868 1787 interr.
1889 1762 1914 1786 in

1080 1804 1144 1829 iure.
1165 1804 1204 1828 11.
1225 1804 1247 1828 1.
1284 1802 1364 1828 Extra
1384 1802 1432 1828 ius.
1452 1801 1511 1828 Non
1531 1802 1599 1839 apud
1618 1801 1775 1829 Praetorem.
1796 1803 1852 1829 Gai.
1869 1803 1913 1829 IV.

1081 1847 1121 1872 29.
1137 1844 1168 1871 cf.
1184 1846 1240 1870 164.
1255 1854 1294 1881 sq.
1326 1844 1356 1870 II.
1370 1846 1437 1878 015.
1458 1845 1486 1871 In
1506 1846 1570 1876 iure..
1584 1859 1616 1863 -
1628 1845 1710 1872 Extra
1728 1846 1768 1872 ius
1788 1845 1914 1878 (cedere.)

1080 1888 1110 1914 fr.
1130 1890 1153 1914 9.
1179 1887 1211 1913 de
1235 1897 1300 1913 cess.
1326 1887 1417 1913 bonor.
1442 1889 1482 1913 42.
1502 1890 1526 1914 3.
1563 1887 1590 1914 In
1617 1889 1671 1920 ius,
1692 1904 1724 1907 —
1742 1888 1784 1914 Ad
1803 1888 1914 1915 iudicem

1082 1932 1216 1963 (vocare.)
1240 1930 1271 1956 fr.
1290 1932 1314 1956 3.
1338 1940 1376 1967 pr.
1402 1930 1423 1964 9.
1449 1932 1471 1956 1.
1495 1940 1528 1956 ne
1552 1940 1594 1966 qu.
1619 1941 1683 1957 eum.
1708 1933 1731 1957 2.
1752 1933 1774 1957 7.
1812 1931 1862 1958 Ius.
1883 1948 1913 1951 —

1080 1973 1213 2000 Iudicium.
1233 1972 1263 1999 fr.
1285 1974 1323 1998 12.
1343 1982 1381 2009 pr.
1401 1973 1465 2006 9.1.
1486 1973 1518 1999 de
1536 1974 1625 1999 interr.
1646 1974 1672 2000 in
1691 1974 1753 2000 iure.
1776 1976 1814 2000 ll.
1835 1977 1856 2001 1.
1882 1974 1911 2001 I'r.

1082 2018 1120 2042 15.
1139 2020 1186 2042 rat.
1205 2025 1259 2041 rem
1279 2015 1336 2041 hab.
1357 2017 1396 2041 4b'.
1417 2018 1441 2041 ὃ.
1477 2015 1519 2042 ΠΙ.
1537 2017 1602 2043 Gn.
1623 2015 1740 2048 Cedere,
1760 2016 1867 2048 cessio,
1886 2018 1912 2043 in

1079 2060 1143 2085 iure.
1165 2058 1205 2084 Cf.
1220 2068 1243 2084 v.
1259 2057 1368 2084 Cedere.
1389 2059 1409 2092 9
1424 2060 1448 2084 3.
1468 2058 1571 2085 Cessio.
1591 2059 1612 2093 §.
1631 2061 1654 2086 2.
1692 2059 1795 2086 Offerre
1813 2061 1839 2085 in
1857 2060 1912 2085 iure

1081 2102 1250 2138 (pecuniam.)
1270 2100 1300 2127 fr.
1315 2103 1355 2127 56.
1376 2101 1397 2134 9.
1415 2103 1437 2127 1.
1457 2101 1540 2128 mand.
1564 2104 1601 2128 17.
1623 2104 1644 2128 1.
1681 2101 1844 2138 Interrogari,
1864 2102 1912 2129 Re-

1080 2144 1223 2181 spondere,
1244 2144 1386 2173 ConfiterI.
1406 2145 1432 2170 in
1451 2145 1514 2170 iure.
1545 2144 1573 2170 fr.
1593 2145 1634 2170 26.
1654 2144 1675 2177 9.
1695 2147 1718 2170 3.
1737 2144 1767 2170 fr.
1786 2146 1827 2171 27.
1847 2145 1868 2179 §.
1890 2147 1910 2170 l.

1078 2187 1112 2214 de
1130 2197 1191 2213 nox.
1211 2191 1259 2212 act.
1279 2188 1302 2213 9.
1323 2188 1345 2212 4.
1367 2186 1395 2212 i'r.
1416 2188 1439 2212 4.
1460 2187 1481 2220 9
1504 2189 1525 2213 I.
1547 2186 1579 2212 de
1598 2188 1685 2212 interr.
1705 2188 1731 2213 in
1751 2188 1812 2213 iure.
1828 2190 1867 2213 11.
1888 2189 1909 2213 1.

1080 2230 1110 2256 fr.
1129 2232 1170 2256 29.
1195 2230 1259 2263 91.
1280 2229 1311 2256 de
1331 2229 1417 2256 donat.
1436 2231 1476 2255 39.
1497 2231 1520 2255 5.
1545 2228 1576 2255 fr.
1594 2231 1635 2255 56.
1659 2228 1690 2255 de
1709 2239 1737 2256 re
1756 2230 1807 2256 iud.
1827 2232 1866 2255 42.
1888 2231 1908 2256 1.

1081 2289 1111 2294 —
1132 2274 1162 2306 §.
1184 2274 1215 2299 2.
1241 2274 1360 2304 Locus,
1386 2274 1417 2298 ιἰι
1442 2282 1498 2306 quo
1523 2273 1715 2299 iurisdictio
1734 2279 1907 2299 exercetur.

1079 2315 1097 2342 I.
1117 2317 1178 2350 Sy.
1202 2314 1302 2346 Locus,
1326 2316 1352 2340 iu
1372 2325 1423 2351 qno
1442 2315 1482 2340 ius
1502 2313 1626 2341 redditur.
1649 2314 1679 2341 fr.
1701 2317 1739 2341 11.
1759 2315 1790 2341 de
1809 2315 1827 2341 I.
1846 2319 1872 2340 et
1889 2314 1907 2341 I.

1082 2360 1103 2384 1.
1125 2360 1147 2384 1.
1173 2357 1201 2383 fr.
1222 2359 1245 2383 4.
1270 2358 1290 2391 9
1312 2360 1334 2383 Ι.
1358 2357 1390 2383 de
1413 2358 1502 2382 interr.
1525 2358 1551 2383 in
1577 2358 1640 2383 iure.
1662 2359 1701 2383 ΙΙ.
1722 2360 1743 2383 1.
1774 2357 1907 2384 Iudicium.

1081 2400 1121 2427 Cf.
1141 2400 1165 2426 h.
1185 2410 1208 2426 v.
1228 2401 1249 2434 §.
1270 2402 1293 2426 4.
1330 2399 1372 2425 111.
1394 2401 1458 2427 Gn.
1487 2399 1515 2425 In
1539 2400 1593 2426 iure
1617 2400 1685 2437 apud
1704 2399 1864 2431 Praetorem,
1884 2411 1906 2427 v.

1079 2443 1147 2480 apud
1167 2453 1224 2469 eum
1244 2443 1287 2479 qui
1307 2442 1481 2468 iurisdictioni
1500 2447 1617 2479 praeest.
1637 2442 1809 2478 (postulare.)
1833 2442 1863 2469 fr.
1884 2445 1906 2469 1.

1079 2487 1116 2520 99.
1135 2490 1159 2512 2.
1179 2489 1202 2512 ὅ.
1227 2485 1258 2511 de
1283 2484 1379 2521 postul.
1399 2486 1424 2510 3.
1444 2487 1466 2511 l.
1497 2484 1526 2511 L.
1547 2485 1613 2511 Gall.
1637 2484 1735 2521 Cisalp.
1755 2484 1783 2511 II.
1808 2486 1848 2511 47.
1868 2495 1906 2522 sq.

1078 2529 1116 2559 Is,
1141 2528 1173 2554 ad
1192 2538 1267 2564 quem
1289 2527 1320 2554 de
1339 2538 1366 2553 ea
1386 2538 1414 2554 re
1432 2529 1458 2554 in
1477 2529 1517 2554 ius
1537 2527 1632 2553 aditum
1652 2528 1706 2553 erIt.
1731 2527 1760 2554 fr.
1780 2529 1803 2554 6.
1823 2528 1855 2555 de
1874 2528 1907 2555 Ie-

1079 2573 1132 2598 riis.
1153 2574 1175 2597 2.
1192 2573 1231 2597 12.
1251 2571 1280 2596 1“ι·.
1299 2572 1323 2596 2.
1343 2571 1401 2604 9.1.
1421 2570 1453 2596 ad
1473 2569 1537 2596 S.C.
1559 2569 1679 2595 Υε11.16.
1700 2571 1722 2596 1.
1759 2571 1832 2606 Quas
1850 2582 1907 2608 per—

1079 2624 1156 2641 sonas
1184 2615 1241 2639 sine
1269 2614 1398 2650 permissu
1422 2612 1552 2639 Praetoris
1576 2612 1679 2648 impune
1702 2614 1727 2639 iu
1751 2614 1790 2639 ius
1814 2624 1907 2641 vocare

1079 2668 1130 2684 non
1149 2666 1297 2694 possumuS.
1318 2655 1373 2682 Gai.
1389 2655 1431 2681 IV.
1451 2657 1508 2680 187.
1529 2654 1558 2680 fr.
1573 2656 1595 2680 4.
1616 2655 1636 2688 9.
1653 2657 1674 2681 1.
1694 2654 1726 2681 de
1745 2657 1770 2682 in
1790 2657 1830 2683 ius
1849 2667 1904 2683 voc.

1077 2703 1101 2726 2.
1121 2703 1144 2726 4.
1165 2700 1193 2725 sr.
1213 2701 1253 2725 32.
1279 2698 1311 2725 de
1334 2699 1408 2724 iniur.
1428 2699 1468 2723 47.
1493 2699 1529 2723 10.
1566 2696 1595 2723 Si
1615 2698 1640 2723 in
1659 2699 1699 2724 ius
1718 2704 1805 2729 vocat,
1833 2701 1858 2726 ni
1878 2701 1905 2731 it,

1077 2747 1229 2769 antestator.
1260 2742 1289 2768 L.
1313 2741 1362 2768 XII
1389 2740 1470 2766 Tabb.
1495 2739 1512 2765 I.
1539 2742 1559 2766 l.
1606 2739 1670 2767 Post
1693 2741 1787 2768 deinde
1815 2751 1904 2768 manus

1126 1265 1148 1275 u.

204 2789 269 2812 nem,
289 2780 401 2816 experiri
420 2781 475 2807 iure
495 2796 526 2800 —-
546 2780 634 2808 debes.
659 2781 742 2809 Vatic.
762 2784 783 2817 9
802 2787 860 2811 325.
881 2801 912 2805 -—
940 2786 971 2819 δ.
993 2788 1030 2813 4.

1076 2787 1180 2812 iniectio
1201 2790 1265 2818 esto,
1286 2785 1310 2811 in
1329 2785 1369 2810 ius
1389 2783 1484 2809 ducito.
1512 2782 1549 2809 Ib.
1568 2783 1611 2810 III.
1631 2786 1654 2810 2.
1690 2784 1719 2811 In
1738 2786 1777 2812 ius
1796 2785 1903 2821 produci
