2197 3121
281 162 344 193 516

281 246 305 271 5.
325 243 356 270 es.
377 243 407 270 fr.
424 244 462 269 13.
482 244 502 277 ξ,
520 244 544 269 3.
565 242 597 269 de
617 243 701 270 damn.
721 244 765 271 ius.
779 245 820 271 39.
839 246 863 271 2.
901 245 1051 272 Iurisdictio
1071 255 1125 272 ma-

282 288 416 323 gistratus,
436 286 505 323 apud
524 296 600 322 quem
621 286 685 323 legis
705 288 773 313 actio
794 293 841 314 est.
862 287 891 315 fr.
910 291 935 315 2.
964 289 985 322 3.
1008 290 1029 314 l.
1050 287 1080 314 fr.
1099 290 1124 314 3.

283 330 315 357 de
335 330 376 355 off.
398 329 472 356 Proc.
493 334 519 355 et
537 328 598 364 ch.
621 331 642 356 1.
664 330 704 355 16.
741 329 897 363 Iudicantis,
918 341 941 357 v.
962 330 1069 362 iudicis,
1088 331 1126 357 iu-

283 372 410 399 risdictio.
431 372 461 398 sr.
484 374 522 398 11.
542 382 581 408 pr.
602 371 635 398 de
654 371 746 399 iurisd.
764 375 789 400 2.
812 376 833 400 1.
858 374 887 401 sr.
907 376 931 400 2.
951 374 1017 408 3.1.
1039 375 1060 400 si
1081 384 1123 410 qu.

283 417 308 442 iu
328 416 368 440 ius
387 425 445 441 voc.
464 417 489 441 2.
509 417 532 440 5.
554 425 576 440 c.
595 416 620 441 3.
645 414 690 441 ubi
714 420 740 441 et
763 426 803 453 ap.
829 426 904 454 quos.
923 418 948 443 2.
968 419 1009 443 47.
1047 416 1125 443 Iuris-

282 457 392 483 dictioni
410 457 561 495 municipali
580 457 715 484 subiectus
735 469 802 486 esse.
822 460 853 486 l'r.
866 461 908 486 29.
928 459 959 486 ad
973 460 1067 486 munic.
1082 461 1123 486 50.

283 502 306 526 1.
330 499 362 526 cl'.
389 500 417 526 fr.
438 502 461 526 4.
486 500 508 534 3.
528 502 553 527 3.
579 500 611 527 de
635 500 718 528 damu.
740 502 785 528 inf.
800 504 842 528 39.
862 504 886 528 2.
923 502 952 529 Si
973 504 1032 539 quis
1056 513 1123 534 eum,

281 543 327 579 qui
340 553 391 569 uon
406 548 460 569 erat
477 543 669 570 iurisdictionis
683 554 753 573 suae.
774 545 941 572 damnaverit.
962 545 992 572 sr.
1007 546 1031 572 6.
1045 546 1122 579 310.

281 585 314 612 de
334 587 422 612 iniust.
442 591 511 623 rupt.
531 588 572 612 25.
592 588 616 613 3.
654 587 683 614 Si
703 589 762 624 quis
782 598 814 614 ex
834 587 917 614 aliena
940 588 1124 615 iurisdictione

281 628 314 655 ad
334 628 482 655 Praetorem
502 635 621 657 vocetur.
646 630 676 657 fr.
696 633 719 657 5.
746 630 776 657 ef.
798 630 827 656 sr.
847 633 870 657 2.
891 641 929 669 pr.
950 632 971 666 3.
993 633 1016 658 5.
1037 631 1069 658 de
1088 633 1125 658 iu-

282 671 331 698 dic.
356 673 380 698 5.
406 673 428 698 l.
471 672 611 708 Quantitas
635 673 667 699 ad
691 673 900 700 iurisdictionem
924 676 1073 712 pertinens,
1103 685 1124 701 5.

281 724 348 751 quae
367 714 434 740 iutra
453 715 661 742 iurisdictionem
681 715 820 742 iudicantis
841 721 888 743 est.
909 717 938 743 fr.
957 719 995 744 19.
1016 718 1038 751 3.
1054 720 1075 744 l.
1091 717 1122 744 ef.

282 757 312 783 sr.
330 758 370 783 ll.
390 767 429 794 pr.
449 757 482 784 de
501 758 591 785 iurisd.
611 761 635 784 2.
656 760 678 784 1.
716 758 818 786 Habere
837 759 1055 793 iurisdictionem,
1076 760 1124 787 sed

282 810 335 826 non
359 802 563 833 contentiosam,
587 801 634 827 sed
658 800 838 829 voluntariam.
865 802 894 829 fr.
918 805 942 829 2.
962 814 1002 841 pr.
1027 803 1060 830 de
1079 804 1123 830 oss'.

280 842 356 869 Proc.
371 848 398 869 et
413 842 474 879 Leg.
491 845 512 870 l.
528 845 567 870 16.
605 843 680 870 Solet
699 844 808 872 Praetor
826 845 1037 873 iurisdictionem
1056 857 1125 873 man-

281 886 352 915 dare.
372 891 398 912 ct
417 891 461 913 aut
480 896 581 912 omnem
600 886 714 919 mandat,
733 893 778 914 aut
797 890 912 926 speeiem
932 899 1016 916 unam.
1037 889 1067 916 sr.
1084 891 1122 916 16.

281 939 321 966 sq.
342 929 374 955 de
392 928 483 955 iurisd.
497 931 520 955 2.
542 931 564 955 1.
596 929 860 958 Animadversionem
880 932 984 965 babere.
1003 932 1123 959 mandata

281 971 474 998 iurisdictione.
500 971 529 998 fr.
552 974 574 998 1.
594 973 660 1006 31.
685 973 715 1000 sr.
735 976 759 1001 2.
778 985 818 1012 pr.
839 974 871 1001 de
890 975 933 1002 off.
953 977 1018 1002 eiuS.
1040 977 1061 1002 l.
1080 977 1122 1002 21.

282 1031 314 1034 —
334 1015 365 1048 §.
382 1016 419 1042 3.
441 1017 565 1050 Regula
584 1018 780 1050 experiundi
800 1019 933 1045 iudicio.
970 1020 1123 1045 Edictum

281 1060 315 1084 de
334 1060 405 1084 iure
423 1060 570 1085 nicundo.
607 1058 626 1085 1.
642 1060 704 1093 Sy.
724 1059 811 1086 Edicti
829 1061 951 1097 perpetui
971 1061 1061 1087 forma.
1080 1060 1124 1087 Ius
1146 1075 1147 1078 ¹

281 1100 452 1127 Praetorium.
484 1100 634 1128 iurisdictio
654 1101 794 1129 Praetoria.
829 1113 849 1129 c.
869 1106 893 1130 2.
918 1103 951 1130 de
970 1103 1068 1130 condit.
1087 1104 1124 1130 in-

281 1148 343 1170 sert.
368 1144 391 1170 6.
416 1145 457 1170 46.
488 1154 509 1170 c.
528 1146 553 1171 3.
582 1155 603 1171 c.
625 1146 664 1171 15.
690 1155 729 1182 pr.
755 1145 787 1172 de
810 1145 880 1182 legit.
904 1146 1014 1173 heredit.
1038 1148 1062 1173 6.
1082 1148 1123 1173 58.

281 1186 324 1212 III.
340 1187 406 1214 Cn.
431 1186 506 1222 Quae
524 1188 577 1220 (sc.
597 1189 733 1221 actiones)
753 1199 785 1215 ex
804 1188 874 1226 lege,
894 1188 947 1216 Sve
967 1189 1026 1216 Ctis
1045 1190 1124 1227 profi-

282 1230 423 1256 ciscuntur.
444 1246 476 1249 —
503 1230 635 1268 Quaeres
659 1232 765 1268 propria
790 1232 875 1269 ipsius
899 1233 954 1266 (sc.
973 1231 1124 1265 Praetoris)

281 1272 464 1299 iurisdictione
482 1273 696 1310 proficiscuntur.
727 1274 783 1301 Gai.
798 1274 842 1301 lV.
858 1277 915 1301 110.
931 1285 971 1312 sq.
993 1276 1050 1302 118.
1079 1275 1125 1302 Se-

282 1315 396 1342 cundum
415 1317 453 1342 rei
473 1317 638 1352 aequitatem,
659 1322 684 1343 et
703 1317 893 1344 iurisdictionis
914 1318 1032 1345 ordinem
1051 1319 1125 1353 (con-

281 1360 430 1385 venientem
454 1358 561 1385 sormam
586 1360 623 1386 rei
649 1359 714 1393 det.)
740 1360 770 1386 fr.
789 1363 814 1387 2.
839 1360 871 1387 de
896 1366 962 1388 extr.
988 1372 1061 1399 cogn.
1081 1365 1123 1389 50.

282 1403 322 1428 13.
359 1401 453 1428 Forma
472 1401 714 1429 iurisdisdictionis.
735 1402 765 1429 fr.
781 1405 822 1430 20.
837 1414 876 1441 pr.
897 1404 954 1431 fam.
976 1406 1066 1432 ercisc.
1083 1408 1122 1432 10.

280 1447 305 1471 2.
329 1444 360 1471 fr.
380 1447 404 1471 5.
429 1445 450 1478 3.
477 1446 498 1471 1.
523 1450 551 1471 ut
575 1444 650 1481 legat.
676 1456 744 1472 serv.
771 1457 792 1473 e.
811 1448 852 1473 36.
872 1448 896 1473 3.
921 1447 951 1474 fr.
970 1450 1012 1475 31.
1036 1448 1069 1475 de
1092 1448 1122 1475 L.

282 1488 362 1515 Corn.
383 1487 415 1514 de
434 1487 490 1514 fals.
511 1488 552 1514 48.
573 1489 613 1514 10.
650 1488 796 1515 secuturus
821 1490 874 1523 (sc.
895 1489 1021 1524 Praetor)
1048 1493 1123 1519 iuris·

281 1531 432 1562 dictionem,
448 1540 514 1567 quae
528 1532 645 1557 exerceri
658 1531 785 1559 adversus
798 1532 950 1560 indefensos
965 1534 1042 1562 solet.
1063 1545 1084 1562 e.
1098 1538 1122 1562 3.

281 1573 313 1600 de
333 1584 436 1611 procur.
456 1576 479 1599 2.
502 1575 541 1600 13.
579 1573 635 1600 'Nec
654 1574 788 1601 Praetoria
813 1576 997 1603 iurisdictione
1016 1579 1051 1604 ita
1070 1588 1124 1604 ser-

281 1626 329 1643 vus
349 1616 488 1652 obligatur,
509 1621 537 1643 ut
556 1626 613 1643 cum
634 1627 664 1643 eo
685 1619 752 1644 actio
772 1619 814 1645 sit.
834 1618 864 1645 fr.
885 1621 908 1646 7.
928 1620 950 1654 3.
969 1622 994 1646 2.
1015 1620 1048 1646 de
1066 1631 1122 1658 cap.

280 1661 341 1686 min.
361 1661 385 1685 4.
405 1662 429 1685 5.

316 1702 578 1735 lux-inperitus.
620 1704 871 1737 Iurisprudeus,
898 1707 1122 1733 Iurisconsul-

280 1752 340 1772 tus.
379 1745 396 1771 Ι.
418 1746 479 1779 Sy.
498 1744 624 1777 Peritior,
645 1745 815 1774 Prudentior.
835 1747 902 1774 Iuris
922 1753 1025 1779 auctor.
1045 1749 1124 1776 Iuris-

280 1787 404 1825 prudens.
425 1788 454 1814 sr.
477 1790 516 1814 10.
536 1787 568 1814 de
587 1788 617 1815 Β.
637 1788 665 1815 P.
685 1791 726 1815 37.
743 1791 765 1816 1.
784 1789 814 1816 fr.
836 1791 874 1816 17.
894 1800 933 1828 pr.
954 1791 986 1817 de
1005 1792 1062 1818 iure
1080 1803 1123 1830 pa-

280 1835 348 1857 tron.
367 1832 409 1857 37.
431 1832 470 1857 14.
496 1831 526 1857 fr.
545 1834 569 1858 2.
594 1832 616 1866 3.
636 1834 659 1858 5.
698 1832 750 1867 Qu.
775 1833 840 1859 ordo
867 1834 893 1860 in
917 1834 947 1860 Β.
969 1834 998 1861 Ρ.
1017 1838 1059 1862 38.
1084 1838 1121 1861 15.

281 1873 323 1899 ΠΙ.
343 1875 409 1901 Cn.
428 1873 574 1910 iurisperiti
594 1890 624 1893 —
645 1875 671 1900 in
691 1875 832 1902 concilium
850 1876 981 1914 PrIucipis
1001 1878 1121 1905 adsumti.

282 1916 313 1942 fr.
332 1918 374 1942 3⁰.
394 1927 433 1953 pr.
453 1916 485 1942 de
505 1922 632 1943 exeusatt.
645 1920 686 1944 27.
708 1920 730 1945 1.
769 1918 917 1947 Consilium
937 1931 1028 1947 omnes
1047 1923 1123 1948 iuris-

282 1960 360 1996 periti
380 1959 516 1991 dederunt.
536 1964 564 1985 ut
584 1964 631 1986 etc.
653 1960 682 1987 t'r.
704 1963 743 1987 17.
763 1962 828 1995 3.1.
849 1964 871 1989 si
891 1965 980 1990 servit.
1001 1966 1024 1990 8.
1045 1966 1069 1991 5.
1090 1965 1121 1992 cl'.

283 2012 304 2028 c.
322 2003 346 2028 2.
370 2001 402 2028 de
421 2012 512 2028 comm.
532 2012 609 2028 servo
629 2013 739 2031 manum.
761 2007 782 2032 7.
805 2007 827 2032 7.
865 2006 921 2033 11οο
941 2017 1025 2033 meum
1045 2012 1123 2034 testa-

281 2049 396 2071 mentum
415 2046 511 2082 scripsi
535 2047 592 2071 sine
611 2046 666 2072 ullo
685 2048 845 2085 iurisperito.
875 2049 905 2076 fr.
924 2051 965 2076 88.
986 2050 1069 2084 §.17.
1090 2050 1122 2077 de

282 2087 357 2123 legat.
376 2087 406 2114 Il.
427 2089 493 2121 (31.)

318 2131 601 2164 lurisprudens.
638 2132 716 2159 Idem.
754 2132 772 2159 1.
794 2135 854 2168 Sy.
883 2134 1060 2172 Iurisperitus.
1081 2135 1122 2162 Cf.

282 2172 307 2199 h.
321 2183 345 2199 v.
366 2173 396 2199 ll.
414 2176 480 2208 011.
500 2174 624 2206 Seivntia,
645 2186 711 2212 quae
731 2175 799 2202 cadit
818 2178 843 2203 in
858 2178 1075 2215 iurisprudentes.
1091 2196 1121 2200 -

283 2216 368 2251 Quam
388 2217 446 2252 quis
473 2222 516 2243 aut
539 2228 588 2255 per
606 2227 648 2248 se.
673 2223 717 2244 aut
742 2229 790 2256 per
813 2219 879 2245 alios
899 2220 1008 2257 adsequi
1027 2223 1122 2259 potuit.

283 2259 313 2285 fr.
332 2262 356 2285 2.
376 2259 398 2292 3.
418 2261 441 2285 5.
462 2260 513 2295 Qu.
533 2260 599 2287 ordo
618 2262 644 2287 iu
663 2261 694 2288 B.
715 2261 742 2288 P.
757 2264 799 2288 35.
820 2264 860 2289 15.
882 2262 913 2289 cs.
934 2262 964 2289 fr.
986 2266 1025 2289 10.
1045 2263 1078 2290 de
1091 2264 1122 2291 B.

282 2301 311 2328 P.
330 2303 372 2328 37.
394 2303 415 2328 l.

318 2345 638 2378 lurtum-udentia.
658 2348 688 2382 §-
702 2348 737 2374 l.
758 2349 888 2375 Perilia
909 2350 1001 2375 iuris.
1026 2348 1044 2375 Ι.
1060 2351 1122 2384 Sy.

283 2387 399 2414 Scieutia
424 2387 505 2420 (iuris
531 2389 628 2421 civilis,
652 2401 676 2417 v.
701 2391 764 2417 iusti
789 2395 866 2427 atque
890 2392 1006 2423 iniusti.)
1031 2392 1060 2419 l'r.
1082 2395 1121 2419 10.

283 2431 305 2464 ξ.
325 2433 349 2457 2.
374 2430 406 2456 a„
430 2429 449 2456 1.
469 2435 494 2457 et
513 2431 531 2457 1.
557 2433 578 2457 1.
601 2434 622 2458 1.
648 2433 678 2459 fr.
702 2436 726 2460 2.
751 2434 772 2467 ξ.
792 2435 833 2460 35.
859 2434 891 2460 de
910 2435 943 2461 o.
963 2434 982 2461 1.
1003 2437 1025 2461 1.
1045 2437 1069 2462 2.
1089 2451 1121 2455 —

283 2474 314 2506 §.
328 2475 363 2500 Β.
378 2475 577 2500 Auctoritas
596 2476 766 2503 LCtorum.
796 2476 838 2503 111.
852 2478 918 2504 Gn.
938 2477 1003 2504 Tam
1022 2479 1123 2505 ratione

284 2516 413 2547 utilitatis,
434 2527 509 2553 quam
529 2517 732 2554 iurisprudeutia
753 2524 885 2556 receptum
900 2525 947 2547 est.
969 2531 990 2547 c.
1005 2522 1027 2547 l.
1045 2520 1077 2547 de
1090 2521 1121 2548 A.

283 2569 308 2585 v.
327 2559 358 2585 lt.
379 2559 406 2585 P.
428 2561 449 2585 7.
469 2561 511 2586 32.
548 2560 632 2587 Media
657 2561 874 2597 iurisprudentia,
898 2573 964 2599 quae
988 2568 1043 2590 erat
1065 2563 1122 2601 lege

284 2602 389 2637 quidem
407 2602 457 2628 ΧΠ
477 2602 560 2630 Tabb.
584 2604 670 2630 iunior
694 2608 742 2630 etc.
771 2606 792 2638 3.
811 2607 835 2631 3.
859 2605 877 2632 Ι.
902 2605 934 2633 de
956 2605 1026 2642 legit..
1046 2606 1120 2644 adgn.

284 2652 353 2671 succ.
373 2647 396 2671 3.
415 2648 439 2672 2.

321 2688 397 2714 lua.
439 2689 470 2722 §-
495 2690 530 2715 1.
562 2691 684 2722 Iunio,
714 2691 863 2722 Sanctio,
888 2693 1119 2726 Praeceptum,

285 2730 421 2763 Regula.
463 2731 481 2758 1.
507 2733 568 2766 Sy.
603 2731 744 2769 Praecepta
769 2732 863 2759 civilia.
905 2734 991 2761 Civile
1014 2736 1054 2762 ius
1078 2736 1122 2768 (et

285 2771 369 2807 legum
389 2772 478 2806 ordo.)
499 2774 528 2800 sr.
547 2776 588 2801 31.
609 2774 700 2812 depos.
722 2776 761 2802 16.
780 2777 804 2803 3.
842 2775 950 2808 Scitum,
970 2776 1032 2804 Lex.
1052 2777 1119 2804 Nov.

285 2813 334 2841 Th.
355 2814 383 2841 11.
409 2815 441 2841 de
466 2817 550 2843 uavib.
571 2827 595 2844 n.
620 2828 709 2845 excus.
733 2818 752 2845 1.
777 2820 799 2845 7.
825 2829 845 2845 e.
867 2820 889 2845 1.
915 2829 953 2856 pr.
978 2820 1015 2854 33.
1035 2822 1059 2847 2.
1079 2830 1118 2857 sq.

1027 164 1103 194 IIJR
1128 181 1167 187 —
1192 164 1270 195 IUS.

1145 276 1146 279 Ἴ
1170 245 1258 283 Caput
1277 245 1376 282 (legis.)
1401 246 1430 273 fr.
1450 249 1491 273 44.
1511 247 1533 281 3
1555 249 1577 274 1.
1598 248 1627 274 fr.
1647 250 1688 274 45.
1709 258 1747 285 pr.
1767 249 1807 284 33.
1825 252 1849 277 4.
1870 261 1908 288 sq.
1929 251 1961 278 de
1980 251 2012 278 R.

1169 287 1200 314 N.
1215 290 1257 315 23.
1276 291 1300 315 2.
1338 288 1380 315 111.
1395 290 1460 317 Gn.
1480 290 1534 316 Aut
1553 290 1618 327 lege,
1638 296 1682 317 aut
1701 301 1781 323 more,
1801 298 1844 319 aut
1858 295 1939 320 mixto
1957 295 2013 321 iure

1145 328 1147 369 l
1169 331 1383 363 (introductum.)
1414 331 1486 359 Paul.
1508 333 1538 359 V.
1559 336 1582 360 4.
1609 334 1631 368 3.
1652 334 1674 360 6.
1695 334 1726 361 cs.
1748 334 1779 361 l'r.
1798 337 1858 362 214.
1879 336 1910 363 dc
1931 336 1962 364 Y.
1983 337 2011 364 S.

1145 398 1146 401 ,
1168 376 1210 400 50.
1231 375 1270 401 16.
1309 374 1419 401 Caetera
1439 376 1494 402 iura
1514 377 1570 402 eius
1590 376 1663 412 legis.
1687 376 1744 403 Gai.
1758 377 1776 404 I.
1791 379 1832 404 47.
1861 369 1912 406 =Ius
1932 379 2013 406 S.Cti

1145 418 1147 451 l
1169 416 1300 443 inducere.
1325 417 1355 443 fr.
1375 420 1399 444 3.
1424 419 1445 452 3.
1465 420 1489 445 2.
1515 418 1547 445 de
1567 419 1666 455 adsign.
1691 419 1778 447 libert.
1797 422 1840 447 38.
1860 422 1884 448 A.
1920 421 2012 454 Multa,

1146 470 1147 473 ¹
1168 459 1200 486 ad
1224 465 1374 486 contractus
1400 462 1487 487 varios
1511 463 1684 499 pertinentia,
1710 463 1765 489 iura
1789 463 1838 489 sub
1864 463 1914 490 hoc
1934 464 2012 491 titulo

1145 493 1147 520 ⁵¹
1168 502 1278 529 Praetor
1296 503 1414 529 inseruit.
1436 503 1466 530 sr.
1488 505 1510 530 1.
1530 503 1562 531 de
1581 504 1612 532 lt.
1628 504 1658 531 C.
1675 507 1714 531 12.
1737 507 1758 532 l.
1797 505 1943 533 vetustatis
1957 508 2012 534 iura

1146 546 1147 579 J
1168 547 1305 579 (maneant
1328 547 1506 584 incorrupta.)
1533 557 1553 573 c.
1574 549 1597 573 4.
1622 548 1643 581 3.
1663 549 1688 574 2.
1708 547 1740 574 de
1760 547 1792 574 V.
1813 548 1840 575 S.
1860 550 1884 576 6.
1904 552 1946 576 38.
1983 549 2013 576 10

1169 598 1199 614 eo
1219 589 1275 615 iure
1294 599 1398 626 quoque
1418 590 1482 615 iuris
1503 599 1550 626 par
1568 590 1685 617 conditio
1701 596 1741 617 est
1755 592 1878 618 omnium.
1899 592 1956 619 Gai.
1970 592 2012 619 111.

1170 632 1227 657 126.
1247 641 1286 667 sq.
1307 631 1339 658 cf.
1361 633 1418 658 114.
1457 632 1537 671 Quot}
1556 633 1621 659 iuris
1641 638 1689 665 est.
1710 635 1811 660 etiamsi
1832 639 1881 661 etc.
1913 635 1950 661 lb.
1970 634 2012 662 111.

1168 675 1209 700 51.
1246 673 1359 701 Perinde
1379 691 1410 694 —
1430 685 1459 701 ac
1485 676 1549 702 iuris
1574 680 1615 701 est
1639 677 1688 709 (ex
1707 676 1795 703 scta
1816 676 2012 712 Trebelliano.)

1168 716 1205 742 lb.
1225 716 1255 742 II.
1268 718 1327 744 258.
1345 717 1376 744 cf.
1396 718 1455 744 262.
1492 718 1593 744 Eodem
1613 719 1669 745 iure
1688 719 1815 746 adversus
1836 719 1949 756 aliquem
1969 719 2013 747 de—

1169 770 1283 786 cernere.
1303 776 1335 779 —
1354 760 1464 797 Aliquid
1484 762 1545 787 novi
1566 762 1631 787 iuris
1650 766 1766 789 statuere
1786 767 1835 789 etc.
1856 762 1886 790 sr.
1908 765 1930 789 1.
1951 763 1973 797 3.
1989 765 2013 790 1.

1169 802 1220 838 Qu.
1242 803 1326 839 quisq.
1353 804 1400 829 iur.
1420 806 1445 830 2.
1464 806 1488 829 2.
1527 803 1608 830 Certo
1634 805 1690 830 iure
1715 806 1813 832 utimur
1837 810 1886 832 etc.
1919 805 1949 832 fr.
1972 807 2012 833 10.

1168 846 1190 879 3.
1212 847 1233 872 l.
1258 847 1281 872 si
1300 856 1341 884 qu.
1367 851 1445 873 cautt.
1470 848 1494 873 2.
1522 849 1561 873 ll.
1598 847 1647 873 Est
1670 853 1818 885 receptum,
1846 858 1931 885 eoque
1955 849 2012 875 iure

1169 888 1272 920 utimur.
1292 894 1321 915 ut
1341 894 1389 915 etc.
1409 889 1439 915 sr.
1456 891 1494 915 14.
1514 889 1547 915 de.
1567 889 1659 916 iurisd.
1673 892 1697 916 2.
1715 892 1736 917 1.
1768 890 1832 916 Lata
1852 896 1892 917 est
1910 890 1940 917 L.
1955 890 2013 918 Fal-

1169 931 1243 963 cidia⁷
1265 947 1297 951 —
1317 936 1343 958 et
1362 931 1412 958 lmc
1431 942 1500 959 nunc
1523 934 1580 959 iure
1604 934 1708 959 utimur.
1738 933 1795 960 Gai.
1813 933 1843 960 ll.
1862 935 1921 960 227.
1958 933 2013 960 Sed

1146 999 1147 1005 ¹
1168 973 1246 1000 hodie
1266 984 1298 1000 ex
1317 973 1350 1000 D.
1370 974 1410 1001 Pii
1429 975 1490 1001 Aut.
1511 976 1701 1002 constitutione
1720 975 1770 1002 hoc
1793 977 1874 1012 magis
1897 978 1954 1003 iure
1973 977 2011 1003 uti

1168 1016 1295 1048 videmur,
1316 1017 1399 1053 (quod
1419 1017 1532 1044 Proculo
1552 1018 1672 1056 placuit.)
1697 1018 1777 1045 11).11.
1798 1020 1856 1046 195.
1876 1018 1908 1046 cf.
1927 1018 2012 1046 Vatic.

1169 1059 1206 1093 33.
1228 1061 1284 1085 151.
1309 1061 1368 1086 223.
1411 1060 1444 1086 D.
1470 1060 1586 1087 Severus
1610 1077 1640 1081 —
1666 1061 1778 1098 benigne
1802 1061 1932 1094 deerevit3
1960 1071 2012 1099 quo

1146 1130 1147 1136 ἵ
1169 1103 1225 1128 iure
1245 1103 1349 1129 utimur.
1373 1102 1403 1129 fr.
1426 1104 1465 1130 18.
1485 1113 1523 1140 pr.
1549 1104 1581 1130 de
1600 1104 1624 1130 h.
1646 1114 1688 1141 qu.
1709 1109 1737 1130 ut
1756 1104 1854 1140 indign.
1873 1106 1915 1131 34.
1935 1106 1960 1131 9.
1980 1104 2011 1131 cl'.

1168 1144 1199 1171 fr.
1219 1146 1244 1170 4.
1269 1154 1308 1182 pr.
1333 1145 1366 1172 de
1390 1145 1460 1182 vulg.
1485 1150 1511 1172 et
1533 1156 1596 1184 pup.
1621 1149 1662 1173 28.
1687 1148 1710 1173 6.
1753 1147 1918 1184 Quamquam
1943 1147 2013 1185 apud

1169 1187 1302 1214 Fufidium
1316 1188 1414 1215 Sabino
1433 1188 1544 1226 placeat.
1558 1204 1589 1207 ——
1610 1188 1664 1216 Sed
1683 1189 1734 1216 alio
1754 1191 1810 1216 iure
1829 1191 1934 1217 utimur.
1954 1190 2012 1217 Gai.

1169 1230 1199 1257 11.
1221 1232 1278 1257 154.
1299 1230 1331 1257 cf.
1356 1231 1373 1258 1,
1396 1233 1453 1258 135.
1491 1231 1642 1259 Secundum
1661 1232 1775 1269 plurium
1794 1234 1958 1260 sententiam.
1979 1249 2012 1253 —

1167 1274 1202 1300 Et
1220 1273 1271 1300 hoe
1290 1275 1346 1300 iure
1365 1284 1414 1301 uos
1432 1276 1471 1301 uti
1490 1274 1631 1312 (Pompou.
1651 1275 1765 1309 scribit.)
1784 1275 1817 1302 fr.
1838 1277 1878 1302 17.
1897 1276 1919 1309 3.
1933 1277 1957 1302 5.
1979 1275 2010 1302 cl'.

1167 1317 1198 1343 fr.
1219 1319 1261 1343 27.
1282 1317 1303 1351 3.
1325 1319 1347 1343 l.
1367 1317 1400 1344 de
1419 1323 1486 1355 pact.
1505 1320 1529 1344 2.
1552 1320 1590 1344 14.
1610 1317 1640 1344 fr.
1661 1320 1703 1345 37.
1723 1319 1745 1352 3.
1767 1320 1789 1345 l.
1810 1318 1843 1345 de
1860 1328 1966 1356 procur.
1985 1319 2010 1345 3.

1167 1361 1192 1386 3.
1224 1376 1257 1380 —-
1295 1361 1326 1394 ς.
1350 1361 1440 1387 LA.
1487 1363 1682 1395 Complexus
1708 1364 1898 1397 regularum
1926 1363 2012 1388 iuris

1167 1405 1257 1431 certi.
1293 1403 1312 1430 I.
1333 1404 1395 1437 Sy.
1419 1403 1476 1430 Lex
1495 1409 1610 1430 naturae.
1647 1403 1790 1441 Praecepta
1810 1404 1950 1436 naturalia,
1969 1403 2013 1430 vel

1167 1447 1292 1483 gentium.
1330 1446 1372 1473 lus
1396 1446 1527 1477 naturale.
1551 1457 1575 1473 v.
1599 1448 1722 1483 gentium.
1759 1447 1924 1474 Constitutio
1947 1447 2012 1473 iuris

1167 1490 1290 1525 gentium.
1327 1488 1405 1516 Ratio
1425 1489 1560 1516 naturalis.
1589 1490 1620 1516 sr.
1641 1491 1664 1516 1.
1693 1490 1730 1524 33.
1749 1491 1774 1516 2.
1794 1492 1818 1516 4.
1846 1490 1878 1516 fr.
1897 1492 1920 1517 4.
1941 1489 1974 1516 de
1992 1488 2010 1515 l.

1168 1537 1193 1558 et
1212 1532 1230 1558 l.
1252 1534 1274 1559 l.
1296 1534 1318 1559 1.
1343 1532 1373 1559 fr.
1393 1534 1417 1559 4.
1437 1543 1476 1570 pr.
1501 1533 1567 1566 3.1.
1591 1532 1623 1560 fr.
1642 1534 1684 1559 24.
1709 1532 1742 1559 de
1766 1537 1836 1559 statu
1855 1533 1923 1559 hom.
1944 1534 1967 1558 1.
1986 1534 2010 1558 5.

1145 1601 1146 1605 ,
1167 1575 1197 1602 fr.
1220 1577 1262 1602 84.
1287 1576 1308 1610 3.
1331 1577 1353 1602 1.
1374 1575 1405 1602 cf.
1430 1575 1460 1601 fr.
1480 1576 1540 1601 206.
1565 1575 1597 1601 de
1615 1575 1647 1601 R.
1667 1574 1687 1601 1.
1706 1577 1748 1602 50.
1770 1577 1809 1602 17.
1842 1575 1898 1602 Gai.
1918 1575 1949 1602 Il.
1969 1576 2010 1602 69.

1145 1612 1146 1624 ’
1167 1618 1209 1645 111.
1224 1620 1290 1646 Cn.
1315 1618 1401 1645 Omne
1420 1619 1460 1645 ius
1480 1623 1524 1644 aut
1543 1628 1690 1645 cousensus
1709 1617 1779 1650 fecit,
1800 1622 1843 1644 aut
1862 1619 2010 1645 necessitas

1167 1662 1313 1693 constituit.
1333 1666 1376 1688 aut
1395 1662 1510 1688 firmavit
1529 1660 1702 1687 consuetudo.
1722 1660 1753 1687 sr.
1773 1662 1814 1686 40.
1834 1660 1866 1687 de
1880 1660 1933 1687 LL.
1949 1662 1972 1687 1.
1985 1662 2010 1687 3.

1167 1703 1280 1737 Natura,
1305 1704 1348 1730 vel
1371 1705 1488 1741 gentium
1510 1705 1565 1737 ius,
1590 1704 1632 1731 vel
1656 1714 1743 1731 mores
1769 1705 1890 1731 civitatis.
1916 1704 1948 1731 fr.
1967 1705 2010 1730 34.

1167 1748 1189 1781 3.
1211 1749 1231 1774 1.
1252 1747 1285 1773 de
1305 1752 1387 1774 contr.
1408 1752 1467 1773 emt.
1489 1748 1527 1773 13.
1550 1749 1571 1773 1.
1609 1746 1666 1779 lus,
1687 1747 1758 1784 quod
1776 1748 1877 1774 ratione
1898 1745 2011 1773 naturali

1167 1790 1236 1828 apud
1261 1800 1351 1817 omues
1375 1790 1495 1817 homiues
1518 1799 1650 1826 peraeque
1671 1795 1798 1817 servatur.
1824 1789 1854 1816 fr.
1877 1791 1898 1816 l.
1918 1799 1958 1827 pr.
1977 1789 2011 1816 de

1166 1834 1197 1859 A.
1218 1833 1249 1859 R.
1270 1833 1303 1860 D.
1323 1834 1363 1859 41.
1385 1835 1406 1859 l.
1427 1833 1459 1859 cf.
1479 1832 1509 1859 fr.
1531 1835 1553 1859 1.
1573 1833 1596 1867 3.
1615 1834 1639 1859 4.
1660 1832 1690 1859 sr.
1705 1835 1728 1859 6.
1747 1843 1787 1870 pr.
1808 1832 1837 1859 fr.
1857 1834 1880 1859 9.
1901 1832 1933 1859 de
1950 1832 1970 1859 1.
1984 1836 2010 1858 et

1167 1876 1185 1903 I.
1207 1878 1229 1903 1.
1251 1878 1273 1903 1.
1311 1875 1351 1903 'Ne
1370 1877 1434 1902 iuris
1453 1877 1568 1912 gentium
1587 1875 1701 1912 regulam
1720 1875 1762 1902 vel
1782 1875 1825 1902 lex
1844 1874 1943 1912 aliqua,
1966 1873 2009 1901 vel

1167 1919 1239 1956 quod
1263 1919 1328 1956 legis
1352 1920 1436 1946 vicem
1459 1919 1576 1950 obtinet,
1601 1918 1690 1955 aliquo
1715 1929 1777 1945 casu
1803 1918 2007 1945 commutaverit.

1167 1962 1312 1989 Gai.1.83.
1330 1972 1389 1999 sqq.
1426 1961 1562 1988 Adversus
1583 1962 1668 1988 bonos
1683 1971 1770 1988 mores
1789 1965 1815 1987 et
1834 1962 1874 1987 ius
1893 1961 2008 1996 gentium

1168 2006 1333 2038 (festinare.)
1353 2006 1383 2031 [ι’.
1403 2006 1444 2031 29.
1464 2006 1485 2039 3.
1505 2007 1529 2032 2,
1549 2005 1582 2032 de
1601 2004 1690 2031 donat.
1709 2006 1750 2031 39.
1770 2006 1793 2030 5.
1831 2003 1955 2029 Omnium
1975 2003 2008 2029 ci-

1167 2049 1286 2075 vitatium
1305 2049 1361 2074 iure
1375 2049 1509 2083 contingit.
1529 2047 1585 2074 Gai.
1601 2047 1619 2074 1.
1637 2049 1695 2074 189.
1732 2045 1827 2072 Civilia
1846 2046 1909 2072 iura.
1929 2046 2006 2080 3.11.

1167 2091 1185 2118 I.
1211 2091 1243 2118 de
1261 2091 1293 2117 R.
1314 2091 1347 2117 D.
1367 2093 1435 2117 2.1.
1463 2108 1492 2111 —
1518 2092 1549 2124 §-
1569 2093 1603 2117 1.
1616 2092 1661 2117 B.
1690 2091 1745 2116 Ius
1772 2090 1890 2115 civium
1915 2090 1946 2115 R.
1975 2090 2008 2116 in

1167 2136 1362 2161 universum.
1400 2133 1418 2159 Ι.
1437 2135 1498 2167 Sy.
1523 2132 1608 2169 Leges
1627 2136 1741 2163 nostrae,
1760 2141 1783 2157 v.
1803 2131 1933 2168 publicae.
1963 2131 2007 2159 lus

1167 2182 1294 2209 nostrum,
1314 2176 1371 2203 Iura
1390 2175 1503 2213 publica.
1523 2176 1553 2202 l'r.
1567 2177 1608 2202 26.
1627 2185 1666 2212 pr.
1687 2174 1719 2201 de
1738 2178 1840 2200 testam.
1861 2178 1907 2200 tut.
1926 2176 1968 2201 26.
1982 2176 2006 2202 2.

1167 2220 1217 2247 Th.
1238 2220 1269 2247 C.
1288 2219 1307 2246 1.
1326 2221 1350 2245 2.
1371 2229 1392 2245 c.
1411 2221 1435 2245 2.
1455 2228 1495 2255 sq.
1515 2217 1620 2252 OVck.)
1642 2217 1675 2244 de
1694 2217 1746 2244 div.
1765 2227 1845 2243 rescr.
1877 2216 1920 2243 lus
1939 2227 2008 2244 com-

1166 2273 1251 2289 muue.
1281 2261 1375 2298 Leges,
1395 2261 1490 2298 quibus
1510 2271 1600 2288 omues
1620 2265 1735 2287 utuntur.
1755 2258 1822 2285 Nov.
1836 2259 1959 2286 Anthem.
1974 2259 2007 2287 de

1166 2306 1228 2332 bon.
1248 2315 1303 2332 vac.
1322 2304 1366 2331 U.
1385 2306 1409 2331 3.
1430 2315 1451 2331 c.
1469 2306 1491 2331 1.
1505 2314 1544 2341 pr.
1572 2303 1604 2330 11.
1619 2305 1686 2337 01).
1705 2302 1765 2329 Nou
1785 2303 1858 2335 iuris,
1877 2302 1925 2329 sed
1945 2303 2006 2330 facti

1168 2348 1356 2385 (ignorautia.)
1381 2347 1411 2375 fr.
1433 2349 1472 2374 11.
1496 2348 1518 2381 3.
1537 2348 1561 2373 4.
1586 2346 1619 2372 de
1642 2346 1666 2372 11.
1688 2356 1731 2382 qu.
1758 2350 1812 2371 not.
1832 2345 1918 2372 infam.
1937 2348 1961 2372 3.
1980 2348 2005 2372 2.

1167 2391 1259 2428 Neque
1282 2391 1415 2418 Praetoris
1439 2390 1534 2416 sactum
1562 2390 1611 2415 iuri
1637 2388 1762 2425 derogare
1785 2393 1898 2426 oportet.
1926 2387 1956 2414 fr.
1982 2391 2004 2415 1.

1166 2435 1188 2469 3.
1210 2437 1231 2461 l.
1252 2434 1284 2461 de
1303 2434 1384 2461 feriis.
1403 2437 1426 2460 ⁶2.
1443 2435 1481 2459 12.
1509 2432 1549 2459 Ex
1569 2431 1638 2458 bono
1659 2437 1683 2458 et
1703 2442 1795 2468 aequo,
1809 2447 1841 2451 —-
1855 2430 2005 2458 Secundum

1167 2478 1259 2514 scripti
1277 2477 1341 2503 iuris
1360 2477 1487 2503 rationem
1507 2475 1766 2512 (interpretationem
1786 2484 1894 2511 capere,
1918 2484 1942 2501 v.
1962 2484 2004 2501 ex-

1167 2520 1278 2558 pediri.)
1298 2519 1328 2546 fr.
1341 2520 1380 2545 16.
1400 2517 1432 2544 de
1452 2517 1528 2543 cond.
1548 2522 1573 2544 et
1592 2517 1658 2544 dem.
1677 2520 1719 2545 35.
1739 2520 1762 2544 1.
1798 2517 1866 2544 Iuris
1885 2518 2003 2543 ratio.—

1166 2563 1314 2599 Aequitatis
1333 2561 1487 2597 benignitas.
1508 2559 1536 2586 fr.
1556 2562 1598 2587 25.
1618 2560 1651 2588 de
1669 2560 1722 2587 LL.
1743 2562 1766 2586 1.
1785 2561 1809 2586 3.
1829 2559 1860 2586 fr.
1879 2562 1920 2586 52.
1939 2560 1960 2593 3.
1977 2560 2002 2585 3.

1166 2605 1199 2633 de
1215 2610 1283 2643 pact.
1296 2606 1320 2630 2.
1337 2606 1374 2630 14.
1404 2603 1445 2630 Ill.
1461 2604 1526 2631 Cn.
1546 2603 1589 2630 Ius
1609 2603 1694 2635 civile,
1714 2613 1734 2629 s.
1753 2604 1890 2640 proprium
1909 2603 2002 2629 civium

1166 2649 1206 2682 R.‚
1225 2659 1248 2675 v.
1270 2647 1382 2674 civitatis
1402 2651 1514 2673 nostrae.
1540 2646 1596 2673 Gai.
1616 2646 1634 2673 Ι.
1656 2648 1678 2672 l.
1697 2648 1739 2672 55.
1758 2645 1789 2672 11.
1808 2647 1849 2672 65.
1869 2645 1900 2672 fr.
1917 2646 1940 2670 6.
1961 2654 1999 2681 pr.

1166 2692 1196 2718 sr.
1216 2692 1239 2717 9.
1259 2690 1292 2716 de
1310 2689 1327 2716 I.
1349 2694 1374 2715 et
1393 2689 1410 2716 1.
1433 2691 1454 2716 l.
1477 2692 1498 2716 l.
1518 2688 1550 2716 t'r.
1569 2692 1593 2716 3.
1613 2689 1646 2716 de
1665 2689 1689 2715 11.
1710 2699 1752 2726 qu.
1772 2690 1822 2715 sui.
1843 2690 1864 2714 1.
1882 2688 1905 2714 6.
1925 2686 1954 2713 fr.
1977 2689 1998 2713 1.

1164 2744 1203 2771 pr.
1224 2733 1256 2760 de
1274 2733 1305 2759 Α.
1325 2732 1356 2759 R.
1371 2732 1404 2759 D.
1423 2734 1464 2759 41.
1486 2734 1508 2759 1.
1545 2733 1588 2759 Ius
1607 2732 1750 2770 publicum.
1770 2732 1801 2758 fr.
1816 2731 1872 2757 116.
1891 2729 1912 2762 3.
1929 2731 1950 2755 l.
1967 2729 1999 2756 de

1164 2776 1195 2803 Ru
1214 2776 1232 2803 1.
1253 2778 1293 2802 50.
1316 2777 1355 2802 17.
1392 2775 1450 2802 Iure
1468 2775 1576 2813 publico
1597 2776 1634 2802 uti
1652 2785 1733 2813 posse
1752 2780 1799 2801 etc.
1823 2773 1853 2799 sr.
1871 2774 1912 2798 36.
1933 2772 1955 2806 3.
1977 2775 1998 2799 1.

1163 2819 1196 2846 de
1215 2824 1341 2846 excusatt.
1361 2820 1402 2845 27.
1423 2821 1446 2845 1.
1471 2818 1500 2845 sr.
1522 2821 1561 2845 13.
1586 2819 1607 2853 3.
1630 2821 1650 2845 1.
1676 2818 1708 2845 de
1726 2818 1802 2844 iuiur.
1821 2818 1861 2842 47.
1884 2817 1923 2842 10.
1961 2816 2000 2843 Id-

1145 1045 1147 1059 4
