2197 3121
957 158 1042 189 OPE
1057 176 1095 182 --

199 243 372 275 commodare,
392 253 496 280 operam
510 252 590 268 suam.
610 242 640 267 i'r.
654 243 694 266 25.
710 241 742 266 dc
756 251 858 278 procur.
872 242 895 266 3.
909 242 932 266 3.
954 240 983 266 sr.
995 242 1036 265 44.

197 287 220 320 3.
242 289 263 312 l.
284 286 300 312 1.
320 288 361 313 36.
384 289 406 312 1.
434 286 463 312 1“ι·.
482 287 505 311 3.
526 285 558 311 de
577 284 686 320 obsequ.
706 288 805 320 parent.
825 285 866 309 37.
889 285 927 309 15.
965 284 1037 318 Quo·
1058 309 1059 320 γ

197 339 254 356 rum
275 340 353 366 opera
373 339 478 356 navem.
504 333 546 354 aut
571 337 726 364 cauponam.
751 331 794 352 aut
813 325 943 352 stabulum
964 335 1036 351 exer-

199 377 276 399 ceret.
297 372 326 398 sr.
347 374 370 398 5.
390 373 412 406 3.
432 373 455 398 6,
476 371 513 397 (16
527 371 559 397 Ο,
581 376 605 396 et
626 371 654 396 A.
676 372 716 396 44,
737 371 759 395 7.
797 368 833 395 Vt
851 373 911 394 anto
930 378 1036 394 evacua-

197 420 288 442 rentur
307 414 411 447 (dolia.)
431 424 506 450 quam
526 413 558 439 ad
577 413 732 439 vindemiam
752 422 830 449 opera
847 421 935 437 eorum
951 410 1034 437 fut-ura

197 459 232 484 sit
251 458 406 483 necessaria.
428 456 457 482 fr.
479 458 500 482 l.
520 456 541 490 3.
562 458 585 482 4.
606 456 638 482 (le
657 457 736 493 peric.
758 460 783 481 et
802 464 892 481 comm.
909 455 948 479 18.
962 455 985 479 6.
1003 469 1034 472 -

197 501 228 534 §-
246 501 330 526 LA.
357 501 543 534 Operarizts.
582 498 625 525 Ill.
650 501 716 526 (711.
736 497 901 533 Conquisitis
921 495 1036 532 undique

196 543 285 570 fabris.
306 547 331 568 et
349 542 469 579 plurimis
488 542 575 578 operis
596 541 729 573 adhibitis,
748 540 906 572 (festinare.)
926 538 949 565 fr
978 540 1034 565 137.

196 586 218 619 3.
237 588 261 612 3.
282 585 314 611 de
334 584 363 611 V.
385 585 417 610 O.
438 585 478 610 45.
500 586 522 610 1.
543 584 573 610 cf.
595 584 624 610 fr.
647 586 685 610 12.
705 584 726 617 3.
747 585 772 609 2.
792 582 824 609 de
842 581 974 619 publican.
993 583 1034 607 39.

196 631 220 655 4.
235 645 265 648 —
285 629 315 662 ξ.
331 630 365 654 2.
387 629 602 657 Sollicitudo,
624 628 722 657 Cura,
743 627 901 652 Studium.
940 624 957 650 I.
972 626 1034 658 Sy.

197 672 369 707 Obsequium.
408 670 554 707 Opernrum
574 669 710 706 praebitio.
734 668 782 694 Th.
804 667 834 694 C.
855 668 887 694 X.
910 670 948 693 10.
970 678 990 693 c.
1014 669 1033 693 l.

196 724 233 750 sq.
257 724 288 739 ne
308 723 380 750 oper.
400 724 412 738 a
437 712 524 739 collat.
544 712 588 738 Xl.
611 714 648 738 16.
668 722 689 738 c.
712 714 749 737 15.
774 721 795 737 c.
818 712 856 736 18.
877 710 909 736 de
929 715 993 737 extr.
1013 720 1034 736 S.

196 756 266 783 sord.
305 757 378 792 Ope.
405 755 529 781 consiliu.
551 755 618 781 Data
642 764 721 791 opera
746 755 937 787 (committere,
957 763 980 779 v.
1002 752 1035 779 l‘a-
1056 751 1058 758 ’

196 800 280 831 cere.)
309 798 365 825 Gai.
385 798 427 824 Ill.
448 801 505 824 202.
535 797 606 823 Paul.
627 797 656 823 11.
675 799 716 823 31.
742 797 763 830 3.
786 799 825 823 10.
851 796 881 822 V.
903 797 926 822 6.
951 797 972 830 3.
996 798 1033 822 14.

195 841 237 868 111.
254 843 319 869 Cn·
340 840 448 871 Curare.
469 846 493 867 et
514 840 574 866 dare
593 850 707 876 operam,
728 850 759 865 ne
779 845 826 866 etc.
847 840 876 865 l'r.
896 840 937 865 29.
958 838 1034 864 locat.

196 886 235 911 19.
255 887 278 910 2.
309 884 454 920 Cognoscit
473 883 589 913 Praetor,
609 887 634 908 et
654 892 758 919 operam
779 882 830 913 dat.
850 892 882 908 ne
901 886 948 908 etc.
969 881 998 907 fr.
1014 883 1033 906 l.

194 938 233 965 pr.
254 928 276 953 si
297 937 339 963 qu.
360 928 385 953 in
406 927 434 953 sr.
455 931 519 963 patr.
539 926 580 952 38.
601 926 624 950 5.
645 924 674 951 fr.
695 927 735 950 41.
756 925 789 951 (16
808 925 838 951 Α.
853 924 884 951 R.
899 925 931 950 D.
951 926 992 950 41.
1013 926 1033 949 1.

195 970 227 997 cf.
248 970 278 996 sr.
300 972 339 995 ls.
360 980 398 1006 pr.
419 969 451 995 de
470 968 547 995 indic.
567 970 591 993 5.
612 969 633 994 1.
672 967 786 1005 Operam
806 967 867 994 (lare.
886 967 990 997 studiis
1010 977 1033 992 v.

194 1014 351 1050 sapientiae.
380 1022 404 1038 v.
430 1011 528 1048 reipub.
555 1015 602 1036 etc.
627 1010 657 1036 [Γ.
679 1012 701 1036 l.
727 1021 765 1047 pr.
791 1010 823 1036 de
842 1011 862 1037 1.
884 1016 910 1036 et
929 1010 946 1036 Ι.
969 1012 990 1035 l.
1013 1011 1032 1036 1.

194 1056 223 1082 sr.
244 1058 267 1081 2.
288 1056 325 1089 33.
345 1057 386 1080 40.
401 1056 440 1081 43.
456 1056 496 1080 47.
516 1053 549 1079 (16
569 1053 601 1079 O.
621 1053 639 1079 l.
661 1055 682 1079 l.
702 1055 726 1080 2.
746 1054 776 1080 1“ι·.
793 1056 813 1080 1.
828 1064 867 1091 pr.
887 1053 917 1080 fr.
931 1055 954 1079 5.
974 1053 1031 1086 3.1.

195 1109 227 1125 ex
247 1108 288 1134 qu.
309 1108 330 1124 c.
350 1098 407 1123 mai.
427 1099 450 1123 4.
470 1098 493 1122 6.
515 1096 544 1122 l'r.
564 1098 588 1122 3.
608 1097 630 1130 3.
652 1098 672 1122 1.
693 1096 726 1122 de
745 1107 814 1123 mun.
833 1102 858 1123 et
876 1097 937 1123 hon.
955 1098 996 1122 50.
1010 1097 1034 1122 4.

194 1141 243 1167 Vel
264 1141 374 1166 nummis
395 1139 462 1165 datis
482 1138 588 1165 tutelam
609 1149 768 1176 occupasse,
795 1139 836 1166 vel
860 1140 976 1176 praemio
997 1149 1035 1164 ac-

195 1189 271 1221 cepto
295 1192 400 1220 operam
425 1181 531 1208 dedisse
556 1186 583 1207 ut
607 1182 788 1209 non-idoneus
808 1187 879 1209 tutor
898 1182 974 1208 alicui
994 1181 1035 1207 da—

193 1232 272 1254 retur.
298 1225 327 1252 fr.
350 1227 371 1251 l.
396 1225 418 1258 3.
439 1227 460 1251 7.
487 1224 518 1250 de.
538 1225 581 1250 oss.
602 1224 654 1251 l'rl‘.
674 1224 719 1251 Vr.
742 1228 762 1251 1.
786 1227 823 1251 12.
845 1225 876 1252 cf.
902 1225 931 1251 sr.
951 1227 975 1251 5.
995 1234 1033 1261 pr.

196 1280 228 1296 ex
247 1279 289 1306 qu.
310 1278 331 1294 c.
352 1269 408 1294 mai.
423 1269 447 1293 4.
468 1268 491 1293 6.
530 1267 608 1302 Quod
629 1268 671 1294 vel
691 1268 748 1294 data
768 1278 846 1305 opera
867 1268 972 1299 faceret,
992 1267 1034 1293 vel

193 1313 253 1348 quia
277 1310 335 1337 aliis
362 1310 428 1336 locis
453 1311 602 1336 necessario
623 1310 831 1347 distringeretur.
859 1311 887 1337 l‘r.
910 1314 931 1337 l.
952 1311 984 1337 de
1004 1320 1034 1336 eo

193 1365 235 1391 qu.
257 1359 328 1380 certo
348 1352 396 1379 loc.
419 1354 458 1378 13.
478 1355 501 1378 4.
540 1353 606 1379 Data
626 1363 713 1390 opera,
734 1356 759 1380 in
779 1354 894 1380 fraudem
908 1359 1033 1384 nostram.

193 1398 284 1424 facere.
311 1396 341 1422 fr.
363 1398 384 1421 1.
405 1406 444 1433 pr.
469 1395 501 1422 de
526 1395 601 1422 alien.
626 1396 677 1422 iud.
698 1401 759 1422 mut.
781 1407 801 1423 c.
822 1399 845 1423 4.
866 1399 887 1423 7.
908 1397 939 1423 cf.
960 1396 989 1423 sr.
1009 1399 1034 1423 3.

192 1441 214 1475 3.
234 1442 257 1466 6.
284 1440 316 1466 de
336 1438 403 1465 SC.
428 1438 509 1465 Sil-in.
529 1440 570 1465 29.
590 1441 614 1465 5.
657 1439 709 1474 Qui
735 1455 765 1459 —
790 1445 975 1466 testamentum
1000 1439 1034 1465 fa-

193 1493 251 1509 cere
274 1481 424 1519 prohibuit,
453 1486 495 1507 aut
520 1492 552 1508 ne
574 1483 630 1508 iure
650 1481 808 1508 subsisteret
827 1493 933 1519 operam
953 1482 1033 1509 dedit.

191 1525 263 1552 Paul.
279 1524 310 1551 V.
327 1526 366 1550 12.
386 1525 407 1557 3.
422 1526 446 1550 2.
478 1524 531 1559 Qui
551 1524 681 1550 hominem
702 1524 812 1552 liberum
832 1526 955 1555 vinxerit.
974 1535 1035 1562 sup-

191 1569 332 1606 presserit,
352 1566 496 1599 incluserit,
517 1577 655 1604 operumve
675 1573 702 1594 ut
723 1568 748 1594 id
769 1568 843 1595 lieret
862 1567 971 1594 dederit.
996 1568 1033 1594 lb.

193 1611 225 1638 V.
245 1612 268 1637 6.
292 1611 374 1644 314.

227 1653 400 1687 Operari.
438 1653 468 1686 ξ.
489 1654 523 1679 1.
550 1654 637 1687 Opus
651 1655 784 1689 sart-rc,
805 1655 978 1680 Lahorare.
1014 1653 1032 1680 Ι.

194 1698 255 1730 Sy.
276 1696 352 1733 Opus
372 1695 464 1721 facere.
485 1695 514 1722 fr.
534 1698 557 1722 5.
578 1696 599 1730 3.
621 1698 643 1722 7.
664 1695 792 1722 commod.
808 1698 847 1723 13.
862 1698 885 1723 6.
912 1697 952 1723 llI.
968 1698 1033 1724 Cn.

194 1739 248 1775 Qui
272 1744 420 1775 operantur.
447 1754 477 1757 —
505 1738 557 1773 Qui
582 1738 715 1765 mercedes
735 1745 869 1775 praestare
893 1749 1035 1765 consueve-

193 1786 261 1808 runt.
281 1780 353 1807 Paul.
366 1780 410 1806 111.
425 1783 448 1807 6.
468 1781 504 1814 33.
519 1783 560 1806 33.
575 1783 616 1808 40.
637 1781 668 1807 cf.
689 1781 718 1807 fr.
736 1783 760 1807 3.
781 1782 802 1815 3.
823 1783 846 1807 8.
866 1781 898 1807 de
917 1781 1033 1807 statulib.
1055 1782 1057 1821 j

193 1827 234 1850 40.
255 1826 277 1850 7.
316 1823 401 1855 Fabri,
421 1823 463 1849 vel
483 1823 602 1860 opiliceS.
622 1825 666 1860 qui
686 1834 716 1850 eo
730 1824 782 1850 loci
796 1829 945 1861 operantur.
966 1824 996 1850 fr.
1009 1827 1032 1850 5.

193 1868 214 1901 3.
235 1869 259 1893 3.
280 1866 312 1892 (16
332 1867 364 1891 O.
385 1866 415 1892 N.
436 1865 467 1892 N.
487 1868 527 1892 39.
550 1868 570 1891 1.
592 1866 623 1892 (1.
644 1866 673 1892 sr.
694 1868 716 1893 6.
737 1868 758 1901 3
782 1869 802 1893 1.
823 1867 853 1893 ad
874 1867 902 1893 L.
924 1867 971 1893 Iul.
990 1878 1033 1904 pe-
1053 1865 1056 1890 l

193 1909 242 1936 cul.
263 1912 302 1935 45.
326 1910 364 1934 13.
403 1908 455 1943 Qui
480 1919 512 1934 ex
537 1919 612 1935 causa
638 1911 662 1934 in
682 1909 814 1935 metallum
835 1909 887 1936 dati
907 1915 981 1941 sunt,
1000 1926 1031 1930 —-

193 1953 311 1989 quunwis
337 1951 451 1977 nondum
477 1952 502 1977 in
528 1962 585 1977 eum
614 1952 700 1978 locum
725 1952 844 1989 perducti
868 1953 977 1984 suerint,
1007 1954 1032 1979 in

192 2005 244 2032 quo
265 1995 368 2032 operari
388 1993 491 2019 habent.
512 1993 540 2020 sr.
562 1996 601 2020 10.
622 1995 642 2028 3.
665 1997 686 2020 l.
707 1995 739 2021 de
758 2006 834 2032 poen.
849 1997 890 2022 48,
907 1998 944 2022 19.
978 1996 1031 2031 Qui

192 2039 218 2064 in
238 2038 288 2064 hoc
308 2037 440 2063 dumtaxat
462 2036 619 2062 conductum
634 2037 719 2063 locum
733 2038 853 2067 habebat.
874 2044 902 2064 ut
916 2039 951 2065 ibi
965 2049 1032 2076 opus

193 2080 282 2110 saciat.
303 2096 334 2099 -
355 2081 456 2106 etiamsi
480 2081 538 2116 quis
558 2082 721 2116 operantium
741 2081 865 2108 deiecerit
885 2088 933 2109 etc.
958 2082 987 2109 sr.
1007 2087 1031 2110 5.

193 2123 215 2155 3.
235 2124 258 2148 3.
280 2122 311 2149 de.
331 2122 355 2148 h.
376 2133 418 2158 qu.
439 2122 520 2149 deiec.
540 2124 563 2149 9.
583 2126 606 2149 3.
628 2139 658 2142 -—
684 2125 714 2157 ᾖ.
730 2125 765 2151 2.
788 2125 923 2159 Operam
943 2128 1031 2158 dare,

195 2168 334 2192 Studere.
372 2165 390 2191 1,
412 2167 473 2199 Sy.
500 2165 614 2203 Operam
639 2165 700 2192 dare
719 2168 820 2204 (reip.)
845 2168 874 2194 fr.
896 2170 916 2194 l.
941 2179 980 2206 pr.
1000 2180 1032 2195 ex

195 2217 236 2243 qu.
259 2218 279 2233 c.
299 2209 355 2234 mai.
376 2209 399 2234 4.
419 2209 442 2234 6.
464 2208 493 2234 fr.
516 2211 554 2234 15.
575 2218 613 2244 pr.
634 2208 664 2234 ad
684 2208 712 2235 L.
733 2209 779 2236 lul.
801 2210 833 2236 (16
852 2211 931 2238 adult.
952 2213 992 2238 48.
1007 2214 1030 2238 5.

194 2249 236 2276 111.
257 2251 321 2277 Gn.
345 2250 399 2285 Qui
419 2252 504 2277 causis
524 2251 630 2287 agendis
651 2261 755 2288 quoquo
775 2253 863 2279 studio
883 2244 1031 2290 operantur.

195 2292 225 2318 fr.
248 2294 268 2317 l.
289 2292 309 2325 3.
332 2294 371 2318 ll.
391 2293 422 2319 de
442 2299 506 2320 extr.
527 2304 598 2329 cogn.
619 2296 659 2319 50.
684 2296 720 2320 13.
748 2311 777 2315 —-
804 2296 834 2328 ξ.
855 2298 892 2322 3.
918 2299 1032 2334 Profi-

195 2345 275 2366 cere,
300 2336 416 2361 Valere.
452 2335 495 2362 111.
509 2337 573 2363 Cn.
593 2336 622 2362 ld
642 2342 745 2373 pactum
765 2348 816 2364 non
831 2338 926 2365 debere
940 2340 972 2366 ad
992 2343 1031 2367 sui

196 2376 361 2413 dispendium
381 2379 489 2413 operari.
510 2389 530 2404 c.
552 2380 574 2404 7.
595 2378 627 2405 (16
647 2381 702 2405 iure
722 2379 774 2406 dot.
795 2383 817 2406 5.
839 2383 879 2407 12.
917 2382 970 2409 Sed
984 2394 1032 2410 nec
1053 2391 1055 2398 ’

196 2419 274 2445 hodie
294 2418 324 2445 ad
350 2421 581 2456 praescriptionem
601 2427 731 2459 operatur.
752 2423 821 2459 quod
842 2429 890 2450 etc.
915 2435 936 2452 c.
956 2428 979 2452 5.
999 2426 1032 2453 de

195 2461 297 2488 liberali
318 2472 338 2487 c.
360 2463 382 2487 7.
404 2463 442 2487 16,

230 2504 446 2537 Operarius·
483 2504 618 2540 (Adiect.)
655 2509 702 2534 Aa
725 2518 839 2542 operas
855 2513 1030 2544 pertinens.
1052 2508 1054 2538 i

195 2546 236 2573 111.
258 2548 323 2573 sn.
348 2546 414 2582 Cogi
435 2546 559 2573 exhibere
577 2551 720 2585 operariam
745 2553 905 2579 servitutem.
931 2553 978 2580 Th.
1000 2553 1030 2581 C.
1052 2545 1054 2570 l

195 2589 264 2616 XIV.
287 2590 324 2614 17.
346 2599 366 2615 c.
380 2591 403 2615 6.
424 2589 455 2615 de.
475 2599 568 2615 annon.
589 2592 636 2617 civ.

230 2631 447 2664 operarius,
475 2630 591 2664 (Subst)
618 2634 774 2668 Operane,
796 2639 1029 2666 Mercennrius.
1051 2656 1053 2671 Α

195 2674 315 2702 111.(711.
331 2674 451 2710 Operm-ii
466 2675 566 2700 rustici.
581 2676 624 2710 qui
639 2686 755 2711 agrorum
770 2679 938 2707 colendorum
954 2691 1030 2708 causa
1051 2677 1053 2704 l

195 2717 360 2743 haberentur.
387 2716 416 2742 fr.
436 2718 494 2742 203.
521 2717 553 2743 (16
572 2716 603 2743 V.
624 2717 651 2744 S.
671 2721 710 2745 50.
732 2723 770 2747 16.
792 2723 823 2748 cf.
847 2723 877 2749 fr.
899 2725 937 2750 18.
963 2725 984 2758 3.
1006 2727 1028 2751 5.

196 2759 228 2785 de
247 2761 320 2785 instr.
342 2759 388 2795 leg.
408 2760 448 2785 33.
469 2761 491 2785 7.
529 2759 662 2797 Operarii.
687 2763 731 2797 qui
751 2763 875 2799 Cyziceni
900 2766 1028 2794 dicuntur.
1050 2763 1051 2769 ¹

197 2812 217 2827 c.
238 2804 260 2828 7.
281 2802 313 2828 de
333 2801 439 2838 aquacd.
461 2804 500 2828 ll.
520 2804 559 2829 42.

1106 158 1188 189 ΟΡῙ.
1855 158 1915 188 661

1116 241 1356 273 operculum.
1398 242 1673 271 lustramentum,
1702 249 1760 273 qno
1788 241 1915 274 legitur

1080 285 1215 317 aliquid.
1252 282 1294 308 III.
1318 284 1383 310 (Ἦ.
1404 283 1519 309 Castella
1539 282 1669 320 plumbea,
1689 287 1774 319 putea,
1793 281 1915 318 opercula

1080 330 1226 362 puteorum.
1252 324 1282 352 fr.
1304 327 1343 351 17.
1367 326 1388 360 3.
1408 329 1432 353 8.
1453 326 1484 352 cf.
1511 326 1540 352 fr.
1562 327 1601 351 13.
1621 326 1642 359 3.
1661 327 1703 351 31.
1723 325 1752 351 l'r.
1774 326 1813 350 14.
1833 323 1865 350 de
1883 324 1914 350 A.

1080 368 1109 394 E.
1132 367 1161 395 V.
1183 370 1221 395 19.
1243 370 1265 395 l.

1114 411 1284 444 operire.
1323 413 1456 446 Tegcre,
1482 413 1646 438 Claudere.
1684 411 1702 437 Ι.
1726 411 1787 444 Sy.
1807 409 1914 439 Tectus.

1080 453 1198 491 Opertus
1219 454 1334 487 (rivus.)
1359 453 1388 480 fr.
1412 456 1431 480 Ι.
1456 454 1477 487 3.
1497 456 1519 480 4.
1543 464 1574 480 ne
1594 464 1636 490 qu.
1656 455 1681 480 in
1702 453 1771 480 ssum.
1792 452 1854 489 pub.
1872 453 1913 478 43.

1083 498 1120 523 13.
1157 496 1200 522 111.
1215 498 1280 524 (7η.
1300 497 1413 534 Operire
1431 502 1557 533 apertum,
1576 496 1618 523 vel
1633 501 1729 523 contra.
1749 495 1779 522 fr.
1796 497 1817 521 l.
1836 495 1857 528 3.
1874 496 1913 520 11.

1080 539 1112 566 (16
1131 541 1178 566 riv.
1198 541 1239 566 43.
1259 541 1301 566 21.
1321 539 1352 566 cf.
1373 539 1403 566 fr.
1422 541 1463 566 24,
1483 540 1504 573 3.
1526 541 1548 565 l.
1569 539 1600 565 de
1620 549 1684 575 aqua
1704 544 1729 565 et
1748 549 1806 575 aqu.
1826 537 1861 575 pl.
1873 537 1914 563 39.

1079 584 1102 608 3.
1141 583 1216 618 Quae
1235 582 1373 615 induendi,
1392 582 1542 619 operiendi,
1562 582 1692 618 fingendi,
1711 580 1859 612 sternendi,
1878 581 1914 606 iu-

1080 626 1238 662 iiciendique
1257 636 1333 652 causa
1352 630 1440 662 parata
1460 630 1528 651 sunt.
1549 624 1619 651 Paul.
1634 625 1675 651 111.
1690 627 1713 651 6,
1732 626 1754 658 3.
1769 626 1809 651 79.
1835 622 1914 659 Quod

1079 679 1143 705 aqua
1164 674 1283 706 opertum
1303 674 1351 695 est.
1370 668 1401 695 fr.
1421 670 1443 694 1.
1463 668 1484 702 3
1496 670 1519 694 9.
1540 667 1573 694 (16
1592 668 1689 694 flumin.
1709 669 1750 694 43.
1772 669 1811 693 12.

1114 712 1277 745 Operiri.
1314 711 1355 738 Cf.
1375 722 1399 738 v.
1419 711 1554 748 Opperiri.

1114 755 1312 788 Operosus.
1339 754 1476 788 (Adiect.)
1508 756 1570 787 Qui
1588 764 1652 781 curn
1673 763 1787 788 magno
1806 754 1915 778 labare

1072 798 1131 832 fit.
1160 797 1202 823 Ill.
1215 799 1280 825 Gn.
1300 797 1418 824 Pretiosa
1437 798 1564 824 montium
1577 796 1679 823 metalla
1692 795 1836 827 transferri,
1856 804 1915 831 ope-

1079 849 1206 875 rosasque
1224 840 1307 866 moles
1327 856 1358 860 ——
1379 841 1509 878 componi.
1533 839 1599 867 Nov.
1620 839 1677 866 Val.
1696 838 1738 865 Ill.
1765 838 1797 864 de
1815 837 1913 875 sepulc.

1079 882 1141 908 viol.
1162 882 1190 909 ll.
1210 884 1251 909 23.
1271 893 1292 909 c.
1314 885 1336 909 1.
1355 893 1395 920 pr.

1114 926 1287 958 opertus.
1307 925 1401 959 (Part.)
1423 925 1463 952 Cf.
1483 936 1507 953 v.
1527 926 1647 963 Operire.

1114 969 1293 1001 operula..
1332 970 1439 1002 Opera
1458 971 1544 996 Ievis.
1581 969 1624 995 111.
1639 970 1704 996 011.
1724 967 1872 1003 Negotium,
1889 967 1914 991 in

1079 1021 1130 1047 quo
1151 1010 1258 1048 operula
1278 1012 1327 1037 ista
1347 1011 1463 1038 defuncti
1487 1017 1562 1043 sunt,
1591 1017 1616 1038 et
1638 1011 1811 1037 ministerium
1829 1008 1915 1045 quale-

1079 1053 1155 1090 quale
1174 1054 1443 1080 accommodaverunt.
1464 1054 1493 1081 fr.
1512 1056 1536 1081 3.
1556 1055 1588 1081 (16
1606 1059 1742 1092 proxenet.
1762 1055 1803 1080 50.
1823 1054 1863 1079 14.

1113 1098 1223 1130 Opes.
1260 1097 1301 1123 Cf.
1321 1107 1345 1123 v.
1366 1097 1432 1134 Ops.
1452 1098 1474 1131 3.
1492 1100 1518 1124 2.

1113 1140 1286 1172 Ophssae.
1310 1142 1557 1167 Haereticorum
1573 1151 1681 1176 genus.
1718 1139 1760 1166 III.
1780 1140 1846 1166 Cn.
1865 1137 1915 1164 Ma-

1079 1183 1192 1214 nichaei,
1212 1199 1244 1202 —
1264 1183 1430 1215 Eunomiani,
1451 1200 1481 1204 —
1506 1183 1674 1215 Borboritae,
1698 1182 1821 1219 Ophitae.
1848 1179 1914 1207 Nov.

1080 1225 1129 1252 Th.
1149 1226 1179 1252 ll.
1200 1225 1232 1252 de
1251 1225 1306 1252 Iud.
1326 1226 1343 1253 l.
1364 1228 1387 1253 6.
1408 1237 1427 1253 c.
1450 1228 1471 1253 l.
1492 1227 1513 1260 3.
1533 1228 1557 1253 9.
1577 1226 1607 1253 cf.
1627 1226 1689 1252 lust.
1704 1225 1734 1252 C.
1755 1235 1776 1251 c.
1795 1226 1818 1249 5.
1839 1234 1860 1249 c.
1875 1224 1915 1249 19.

1079 1269 1100 1302 3.
1122 1270 1144 1294 l.
1164 1279 1185 1295 c.
1205 1270 1246 1295 21.
1267 1269 1299 1295 de
1319 1269 1415 1296 haeret.
1437 1272 1458 1296 l.
1479 1272 1502 1296 5.

1114 1312 1261 1345 opifex.
1306 1314 1367 1345 Qui
1394 1323 1474 1347 opus
1496 1314 1603 1348 facit,
1632 1313 1836 1339 Fabricator.
1872 1308 1914 1335 111.

1079 1356 1145 1382 Cn.
1170 1354 1261 1385 Fabri.
1284 1355 1326 1381 vel
1346 1355 1469 1392 opifices,
1489 1357 1534 1392 qui
1553 1366 1584 1382 eo
1603 1355 1654 1381 loci
1674 1358 1822 1391 operantur.
1842 1351 1871 1378 sr.
1891 1353 1914 1377 5.

1078 1399 1099 1432 3.
1118 1400 1143 1424 3
1167 1397 1199 1424 de
1220 1397 1252 1424 O.
1273 1398 1304 1425 N.
1324 1398 1355 1425 N.
1375 1400 1416 1425 39.
1440 1401 1460 1425 l.
1481 1398 1512 1425 cf.
1538 1398 1568 1425 fr.
1590 1400 1629 1424 13.
1655 1397 1676 1430 3.
1696 1398 1720 1423 6.
1740 1396 1772 1423 de
1792 1395 1873 1422 ususr.
1892 1396 1915 1421 7.

1079 1443 1102 1467 1,
1123 1440 1291 1467 Caeterarum
1311 1443 1404 1468 artium
1424 1442 1542 1479 opifices⁷
1562 1442 1618 1467 sive
1631 1440 1753 1467 artifices,
1773 1438 1804 1465 fr.
1817 1440 1839 1465 1.
1859 1438 1880 1472 3.
1893 1439 1914 1463 7.

1079 1483 1111 1510 de
1130 1489 1196 1510 extr.
1216 1494 1289 1520 cogn.
1303 1487 1343 1510 50.
1360 1486 1398 1511 13.
1435 1485 1465 1511 Si
1484 1484 1576 1516 modo,
1596 1494 1653 1510 cum
1673 1483 1794 1520 opificem
1813 1486 1839 1507 te
1857 1490 1916 1507 esse

1078 1526 1159 1559 dicas,
1179 1528 1204 1553 in
1225 1537 1253 1553 ca
1273 1527 1422 1554 valetudine
1441 1538 1477 1560 es,
1498 1532 1526 1554 ut
1544 1527 1632 1564 operis
1651 1526 1773 1552 sufficere
1789 1534 1842 1551 non
1856 1533 1916 1561 pos-

1078 1571 1123 1596 sis.
1148 1569 1178 1595 fr.
1198 1572 1222 1596 5.
1247 1569 1268 1603 3.
1290 1571 1311 1596 7.
1338 1569 1371 1596 de
1394 1580 1498 1606 agnose.
1524 1575 1549 1596 et
1572 1569 1657 1596 alend.
1675 1571 1716 1595 25.
1735 1569 1760 1594 3.
1797 1566 1916 1603 Opifices

1078 1614 1161 1639 vestis
1181 1612 1276 1639 linteae
1296 1613 1482 1640 contexendae.
1503 1612 1552 1640 Th.
1566 1612 1597 1640 C.
1613 1612 1647 1639 X.
1665 1614 1707 1638 20.
1728 1621 1748 1638 c.
1768 1611 1791 1636 6.
1812 1610 1844 1636 (16
1862 1619 1915 1636 mu-

1079 1656 1150 1692 rileg.

1113 1699 1250 1732 opilio,
1266 1709 1286 1725 s,
1300 1699 1434 1726 ovilio.
1455 1702 1587 1731 Pastor,
1602 1701 1648 1725 vel
1666 1703 1785 1728 custos,
1803 1698 1915 1723 ovium.

1078 1741 1120 1767 III.
1133 1743 1198 1768 Cn.
1219 1741 1301 1772 Oves,
1313 1743 1415 1768 -item
1430 1742 1572 1778 opilionem
1583 1741 1707 1777 (legatum
1717 1739 1821 1770 videri.)
1835 1739 1915 1765 sr.60.

1078 1785 1100 1817 3.
1119 1786 1142 1810 3.
1169 1784 1201 1810 de
1225 1784 1299 1820 legat.
1325 1784 1366 1811 lll.
1391 1786 1467 1817 (32.)
1510 1784 1647 1815 Pastores,
1672 1782 1812 1813 oviliones,
1837 1781 1915 1808 ovilia

1078 1837 1184 1863 quoque
1208 1826 1310 1863 (legato
1335 1828 1488 1861 contineri.)
1513 1827 1542 1854 fr.
1562 1829 1603 1854 25.
1627 1827 1648 1861 3
1668 1828 1691 1853 2.
1716 1825 1749 1852 de
1771 1826 1846 1852 instr.
1865 1824 1913 1860 leg.

1076 1872 1118 1895 33.
1139 1871 1161 1895 7.

1111 1913 1278 1946 opimus.
1298 1913 1427 1946 (Adiect.)
1454 1915 1565 1940 [ΓΗ-απ.
1603 1912 1632 1939 11.
1653 1914 1720 1946 011.
1740 1911 1819 1938 Culta
1838 1916 1915 1947 atque.

1077 1957 1171 1993 opima,
1192 1971 1223 1975 —-
1244 1955 1410 1992 Squalidiora
1430 1961 1508 1992 atque
1527 1957 1611 1982 ieiuna
1631 1956 1796 1989 (territoria.)
1817 1953 1866 1980 Th.
1882 1953 1912 1979 C.

1076 1998 1145 2025 Xlll.
1166 2000 1205 2025 ll.
1227 2009 1248 2025 c.
1267 2000 1290 2024 3.
1311 1998 1343 2025 de
1363 2000 1486 2025 censitor.
1524 1998 1613 2036 Opimi
1633 2009 1661 2025 ac
1685 1998 1798 2027 fertiles.
1820 2013 1849 2017 -—
1869 1995 1914 2022 Mi-

1077 2051 1125 2068 nus
1145 2041 1242 2073 idonei,
1260 2041 1394 2068 Infecundi
1414 2042 1522 2075 (fundi.)
1558 2042 1684 2068 Del'ectae
1703 2040 1820 2073 (terrae.)
1839 2039 1876 2065 lb.
1896 2038 1912 2064 l.

1077 2084 1093 2111 l.
1114 2095 1134 2111 c.
1152 2081 1178 2111 ⁴8¹.
1200 2084 1227 2111 cl*
1252 2084 1282 2111 V.
1304 2086 1342 2111 13.
1364 2095 1384 2111 c.
1403 2086 1444 2111 30.
1465 2085 1578 2119 (ch.)
1616 2083 1797 2122 Opimioribus
1821 2081 1913 2108 cedant

1077 2129 1126 2161 (sc.
1147 2128 1234 2159 locis.)
1255 2138 1275 2155 c.
1296 2129 1318 2154 9.
1340 2127 1371 2154 de
1391 2129 1461 2154 omni
1480 2138 1541 2164 agro
1561 2128 1615 2154 des.
1637 2130 1676 2153 ll.
1696 2128 1737 2153 58.

1111 2171 1282 2204 opinari.
1308 2172 1338 2204 §0
1356 2172 1390 2198 1.
1413 2172 1604 2205 Opinionem
1624 2173 1748 2200 habere,
1770 2171 1911 2199 Credere,

1077 2215 1289 2240 Existimare.
1327 2214 1345 2240 Ι.
1364 2215 1425 2248 Sy.
1444 2214 1548 2243 Potare.
1567 2214 1732 2240 Existinmre.
1753 2212 1782 2238 fr.
1799 2214 1820 2237 l.
1840 2211 1910 2245 335.

1077 2258 1100 2282 7.
1120 2256 1153 2282 de
1173 2261 1255 2283 contr.
1275 2261 1322 2283 tut.
1341 2259 1382 2282 27.
1403 2258 1426 2282 4.
1446 2257 1475 2283 fr.
1492 2258 1515 2282 3.
1536 2256 1568 2282 (16
1587 2256 1611 2282 h.
1633 2266 1674 2292 qu.
1695 2257 1720 2282 in
1740 2260 1840 2281 testam.
1861 2253 1910 2279 del.

1076 2300 1117 2325 28.
1135 2302 1158 2325 4.
1196 2299 1240 2325 III.
1256 2301 1322 2327 Gn.
1341 2299 1406 2325 Rem
1426 2301 1451 2325 in
1471 2299 1567 2325 iudicio
1587 2298 1724 2325 deductam
1744 2307 1794 2324 non
1814 2296 1911 2322 idcirco

1076 2341 1160 2378 pluris
1180 2352 1239 2368 esse
1258 2344 1402 2379 opinamur.
1423 2343 1482 2378 quia
1498 2347 1546 2368 etc.
1566 2342 1596 2369 fr.
1612 2345 1634 2368 l.
1654 2342 1686 2368 de
1705 2343 1731 2367 in
1751 2340 1787 2366 lit..
1808 2340 1910 2364 iur.12.

1076 2387 1099 2411 3.
1138 2384 1167 2410 Si
1193 2386 1342 2420 quisquam,
1368 2384 1437 2420 quod
1461 2394 1513 2411 non
1538 2387 1685 2422 opinamur.
1706 2399 1736 2403 -—
1761 2381 1909 2417 neglexerit.

1077 2427 1125 2453 Th.
1147 2427 1177 2454 C.
1198 2427 1254 2453 Vll.
1273 2429 1296 2453 5.
1317 2437 1338 2453 c.
1358 2429 1381 2453 2.
1402 2427 1434 2453 (16
1454 2433 1554 2454 excoct.
1574 2434 1600 2454 et
1618 2426 1706 2453 transl.
1727 2424 1793 2451 Nov.
1811 2424 1859 2450 Th.
1880 2423 1909 2449 ll.

1053 2488 1054 2499 .
1076 2469 1108 2496 de
1127 2471 1265 2507 patrimon.
1279 2469 1297 2496 I.
1311 2471 1334 2496 3.
1355 2480 1375 2496 c.
1391 2472 1413 2496 1.
1434 2471 1454 2504 3.
1469 2472 1492 2497 4.
1523 2471 1559 2497 Vt
1571 2470 1664 2506 vulgus
1678 2469 1805 2505 opinatur.
1826 2466 1855 2493 fr.
1869 2468 1910 2492 56.

1075 2523 1114 2549 pr.
1135 2512 1167 2539 de
1191 2514 1311 2539 eviction.
1331 2515 1373 2539 21.
1393 2515 1416 2539 2.
1454 2513 1567 2540 Sabinus
1592 2518 1617 2538 et
1637 2512 1746 2538 Cassius
1770 2509 1910 2547 responde—

1075 2559 1143 2581 runt.
1165 2571 1195 2574 —
1218 2555 1251 2581 Et
1273 2555 1430 2591 generaliter
1448 2558 1482 2583 ita
1502 2566 1592 2582 omnes
1611 2556 1758 2592 opinantur.
1778 2552 1807 2579 fr.
1828 2555 1851 2578 4.
1871 2563 1909 2589 pr.

1075 2597 1107 2623 de
1128 2597 1151 2623 h.
1172 2607 1213 2633 qu.
1234 2603 1286 2624 not.
1306 2598 1350 2625 ins.
1370 2600 1394 2625 3.
1414 2602 1438 2626 2.
1476 2598 1602 2625 Proculus
1626 2603 1651 2623 et
1670 2597 1785 2633 Pegasus
1805 2596 1910 2632 opinan-

1077 2645 1124 2666 tur.
1146 2655 1177 2659 -
1199 2640 1318 2675 Quorum
1338 2644 1467 2668 sententia
1486 2652 1547 2668 vera
1567 2646 1614 2667 est.
1634 2640 1664 2666 fr.
1685 2642 1707 2666 7.
1727 2640 1749 2673 3.
1771 2641 1792 2665 l.
1813 2638 1845 2664 de
1864 2638 1908 2664 Se-

1075 2687 1125 2708 nut.
1148 2684 1170 2708 l.
1189 2684 1212 2709 9.
1255 2684 1335 2719 Quod
1359 2690 1384 2711 et
1407 2685 1515 2711 Sextum
1539 2683 1744 2720 (Pomponium)
1767 2683 1908 2719 opinatum.

1051 2741 1052 2749 i
1075 2724 1254 2752 Tertullianus
1275 2743 1306 2746 —
1325 2727 1412 2753 refert.
1432 2727 1461 2752 fr.
1481 2728 1522 2752 30.
1542 2726 1563 2759 3.
1583 2728 1606 2753 6.
1627 2726 1659 2753 de
1678 2727 1709 2753 A.
1729 2736 1752 2753 v.
1773 2726 1806 2751 O.
1826 2725 1856 2751 H.
1867 2726 1907 2751 29.

1073 2770 1097 2793 2.
1118 2784 1149 2787 —
1170 2769 1200 2801 ξ.
1215 2771 1250 2795 2.
1271 2771 1370 2795 Falso
1390 2771 1453 2795 sibi
1467 2771 1675 2803 persuadere,
1692 2771 1838 2805 Fingere.
1866 2767 1906 2793 111.

1050 2811 1051 2814 “
1074 2812 1140 2839 Cn.
1162 2810 1216 2838 Nec
1236 2811 1333 2838 suflicit
1353 2813 1461 2848 opinari.
1481 2811 1528 2839 sed
1548 2817 1573 2839 et
1587 2812 1710 2840 donatum
1724 2823 1782 2840 esse
1796 2815 1905 2848 oportet.
