2197 3121
1034 145 1117 176 INA.

207 227 265 254 dem
284 227 352 260 (dari
371 229 519 257 actionem.)
541 226 612 253 Paul.
627 227 644 253 l.
660 227 684 252 2.
704 225 764 258 54.
799 225 833 252 Et
852 227 944 252 emtori
964 225 1042 264 prod-

207 280 266 296 esse
285 273 333 303 (sc.
353 272 478 307 pactum.)
503 275 528 296 et
550 272 577 297 in
601 274 724 295 emtorem
748 268 842 295 valere.
862 268 893 295 sr.
915 271 955 296 17.
975 270 997 303 5.
1017 271 1041 295 5.

207 313 239 340 (le
258 318 326 350 pact.
345 316 368 340 2.
390 315 430 339 14.
466 313 631 349 Interrogari.
653 329 682 332 —
704 311 841 344 Confiteri.
861 310 1000 348 Torqueri,
1015 312 1041 338 in

206 366 243 387 56,
262 366 286 382 v.
306 355 392 382 alium.
418 355 489 382 Paul.
510 355 543 382 V.
566 356 606 381 16.
630 355 716 389 551.
735 356 759 380 3.
786 354 816 381 fr.
838 356 860 381 1.
881 354 979 388 5519.
998 356 1040 381 27.

206 399 239 425 de
258 400 402 435 quaestion.
428 400 468 425 48.
494 399 533 424 18.
574 397 618 424 Ius
638 397 738 427 dicere.
762 407 786 424 v.
810 396 950 423 Actionem
970 396 1040 429 dare,
1063 395 1064 414 ³

205 443 232 468 in
251 442 371 478 aliquem.
391 441 421 468 fr.
442 443 481 467 10.
501 450 539 477 pr.
565 441 587 466 si
607 451 648 477 qu.
674 445 752 467 cautt.
775 442 799 466 2.
820 441 860 465 ll.
880 439 910 466 fr.
930 441 954 466 3.
974 440 996 473 5.
1016 442 1040 466 2.

205 484 238 510 de
257 484 337 510 feriis.
356 486 379 511 2.
402 486 440 510 12.
477 482 643 510 Adulterium
670 484 832 509 committere
851 483 878 508 in
896 483 1040 515 (uxorem.)

205 526 236 553 fr.
259 529 281 553 1.
300 528 321 561 5.
341 529 365 553 5.
386 527 417 553 de
437 526 482 553 off.
502 525 553 552 Prs.
574 525 619 552 Vr.
641 527 663 552 l.
684 528 724 552 12.
761 525 868 552 Saevire
887 526 914 551 iu
933 527 1040 558 (servos

205 571 289 601 suos.)
309 569 339 596 fr.
360 571 382 596 l.
402 569 423 603 5.
443 571 467 595 2.
487 568 516 595 fr.
536 571 560 595 2.
580 579 619 606 pr.
644 568 676 595 de
694 569 718 595 h.
739 579 781 605 qu.
801 569 850 594 sui.
871 569 893 594 l.
913 569 936 595 6.
957 584 989 588 —
1009 569 1040 602 §0

205 614 243 640 6.
268 614 368 639 l'ltra.
387 611 428 638 III.
448 613 514 639 Cn.
533 611 562 637 In
581 616 692 638 mortem
711 621 815 648 quoque
835 611 971 647 inquisitio
986 616 1040 637 ten-

205 655 255 682 dat.
293 654 358 681 Nam
378 671 408 675 —
428 654 490 681 licet
512 655 662 681 memoriam
687 663 809 680 accusare
832 653 956 681 defuncti.
985 653 1036 681 Th.

205 697 235 724 C.
255 697 325 724 XVI.
346 700 369 723 5.
389 708 410 724 c.
431 699 471 724 40.
492 698 513 731 5
533 699 557 723 5.
578 696 609 723 de
629 697 726 723 haeret.

239 741 508 768 lnaedifieare.
546 740 577 773 ὃ.
589 741 623 766 l.
646 741 815 775 Aedificia
834 741 977 774 iungere.
996 739 1038 766 III.

203 784 269 811 Gn.
289 783 318 810 Si
338 783 401 819 quid
420 783 636 814 inaedificaverit,
655 786 747 819 postca
766 791 824 808 eum
843 792 927 818 neque
946 782 1040 809 tollere

203 826 261 857 hoc,
282 836 367 862 neque
390 826 500 862 refigere
525 835 613 862 posse.
638 824 667 850 fr.
693 826 732 851 15.
752 835 792 862 pr.
816 824 848 850 (16
871 824 952 851 ususr.
973 827 995 851 7.
1016 827 1039 859 1.

203 869 235 895 cf.
255 868 286 895 fr.
305 871 347 895 43.
368 868 399 895 de
419 868 450 896 R.
471 868 503 895 V.
522 872 546 895 6.
567 870 589 894 l.
627 867 806 904 Quaecunque
825 867 904 894 infixa
923 867 1040 894 inaedifi-

203 916 311 948 cataque
331 916 399 938 suut.
420 911 450 938 fr.
470 913 511 938 21.
531 911 564 938 de
581 912 655 937 instr.
676 910 725 946 leg.
744 912 784 937 33.
806 911 915 944 7.—§.
927 912 961 938 2.
982 913 1039 937 Ae-

201 956 360 991 dificare,
386 956 591 990 Aedificium
614 959 790 980 exstruere.
811 953 830 979 I.
857 955 918 988 Sy.
941 953 1040 980 Aedifi-

203 1008 268 1024 care.
289 997 346 1024 Gai.
366 997 396 1023 II.
418 999 457 1023 73.
478 997 517 1023 76.
542 996 572 1022 fr.
593 998 616 1022 7.
640 997 723 1030 510.
748 996 778 1022 sr.
796 997 838 1022 30.
865 997 887 1030 5.
912 998 936 1022 4.
956 996 989 1023 (16
1006 996 1039 1023 Α.

202 1040 233 1067 R.
253 1040 288 1066 D.
308 1041 350 1066 41.
371 1042 394 1066 l.
430 1039 472 1065 III.
493 1040 559 1066 Gn.
580 1039 655 1074 Quae
674 1038 885 1071 inaedificantur.
911 1044 954 1066 aut
972 1040 1040 1065 inse-

202 1087 304 1113 runtur.
325 1081 396 1113 (solo
416 1081 529 1114 cedere.)
549 1081 570 1115 5
590 1081 665 1108 331.
684 1081 716 1108 de
735 1081 766 1107 R.
780 1081 813 1108 D.
827 1084 851 1108 2.
867 1083 889 1108 1.
926 1082 966 1109 Ne
980 1083 1039 1118 quis

201 1127 228 1151 in
247 1126 279 1151 iis
299 1124 364 1150 locis
379 1140 411 1143 —
425 1124 488 1161 quid
508 1124 708 1156 inaedificatum,
727 1123 916 1151 immolitumve
935 1125 1037 1152 habeto.

201 1167 266 1194 Tab.
279 1166 381 1194 Heracl.
402 1167 447 1194 liu.
468 1169 508 1194 70.
529 1178 568 1204 sq.
588 1178 639 1194 aer.
653 1167 697 1193 ΒΓ,
715 1166 786 1193 I'ilas
805 1168 831 1193 iu
845 1178 915 1194 mare
934 1169 1038 1200 iactare⁷

201 1216 226 1237 et
245 1220 323 1247 supra
343 1220 387 1236 eas
413 1210 579 1237 inaedificare
603 1210 652 1243 [al.
673 1210 836 1244 aedificare]
856 1210 888 1237 fr.
906 1211 947 1237 30.
971 1211 993 1244 5.
1014 1212 1037 1237 4.

200 1254 233 1280 de
251 1253 282 1280 A.
302 1253 334 1279 R.
355 1252 389 1279 D.
409 1254 451 1279 41.
472 1255 495 1279 1.

234 1296 470 1328 Inaequalis.
507 1295 636 1329 (Adiect.)
673 1297 742 1323 Nou
761 1298 918 1331 aequalis.
937 1296 955 1322 I.
975 1298 1036 1331 Sy.

197 1339 336 1375 lnaequus.
357 1338 404 1371 [al.
425 1338 557 1374 Iniquus]
582 1338 612 1365 fr.
631 1340 655 1365 3.
679 1339 701 1372 5.
721 1341 745 1365 2.
770 1338 803 1365 de
822 1349 879 1365 ann.
900 1338 975 1376 legat.
994 1341 1036 1366 33.

200 1384 222 1408 1.
259 1382 365 1418 Dispar.
385 1381 415 1407 fr.
437 1383 476 1407 12.
497 1381 528 1407 de
547 1381 636 1408 hered.
656 1383 717 1408 inst.
737 1383 779 1408 28.
798 1384 823 1408 5.

234 1424 511 1456 Inaequalitas.
549 1425 784 1459 Disparilitas.
808 1424 828 1451 I.
847 1426 909 1460 Sy·
929 1425 982 1461 Qui
1002 1425 1036 1452 al-

198 1473 283 1494 terum
307 1466 424 1498 oculum,
449 1471 493 1492 aut
517 1466 623 1493 alteram
646 1466 778 1493 maxillam
801 1469 925 1495 maiorem
949 1468 1034 1495 habet.

198 1510 372 1547 lnaequalitas
391 1509 563 1541 maxillarum,
583 1510 727 1537 oculorum.
747 1509 777 1536 fr.
799 1512 839 1537 12.
859 1512 924 1545 5.1.
945 1511 977 1538 de
986 1512 1037 1538 Ae-

200 1553 244 1580 dil.
264 1553 342 1580 edict.
361 1554 403 1578 ⁵21.
425 1554 447 1578 l.

234 1595 511 1628 Inaequafiter.
542 1595 654 1629 (Advb.)
687 1597 762 1622 Cum
782 1598 1034 1631 inaequalitate.

199 1639 218 1665 1.
243 1640 304 1673 Sy.
323 1638 434 1665 Maiores
453 1637 534 1664 factae
553 1637 706 1664 divisiones.
726 1638 830 1675 Inaequ.
851 1639 955 1666 factum.
977 1650 998 1666 c.
1010 1642 1034 1666 3.

200 1691 291 1707 comm.
310 1685 359 1707 utr.
379 1680 431 1707 iud.
450 1682 474 1706 3.
493 1681 534 1706 38.
571 1680 613 1707 111.
637 1683 702 1709 Gn.
732 1681 812 1716 Quod
831 1683 980 1720 improbum
999 1688 1035 1709 at-

200 1734 251 1760 que
269 1723 438 1759 inaequaliter
457 1723 552 1750 factum
577 1734 636 1750 esse
659 1725 814 1751 constiterit.
841 1725 963 1752 Consult.
982 1731 1034 1752 vet.

200 1766 273 1793 I.Cti.
294 1776 314 1792 c.
330 1768 354 1792 2.

234 1811 440 1841 Inaequus·
478 1808 606 1841 (Adiect.)
643 1811 846 1844 Inaequalis.
872 1811 890 1837 I.
911 1812 973 1845 Sy.
996 1810 1036 1837 In-

199 1851 322 1888 aequalis.
343 1850 384 1877 Cf.
403 1851 427 1877 h.
448 1861 471 1877 v.
491 1850 521 1877 11.
542 1852 608 1884 Op.
628 1851 744 1887 Aequae,
765 1868 797 1871 —
816 1852 944 1890 Inaequae
965 1855 1035 1891 (par—

199 1901 247 1927 tes,
265 1905 290 1921 v.
312 1894 475 1931 pensiones.)
500 1904 521 1919 c.
541 1895 565 1919 6.
584 1903 623 1930 pr.
644 1894 676 1920 ad
695 1894 760 1921 S.C.
781 1894 826 1922 Tr.
846 1898 869 1922 6.
888 1898 930 1922 49.
951 1896 982 1923 cf.
1003 1896 1034 1924 fr.

197 1940 220 1964 3.
241 1939 278 1972 55.
300 1939 321 1963 l.
341 1946 399 1973 sqq.
420 1936 452 1962 de
472 1946 529 1962 ann.
550 1935 625 1972 legat.
645 1938 687 1963 33.
709 1939 731 1963 l.

233 1979 543 2007 Inaestimabilis.
597 1981 854 2008 Aestimationis
879 1984 1034 2016 pecunia·

198 2026 269 2051 riae
287 2033 344 2049 non
362 2024 498 2056 patiens.
536 2021 578 2048 Ill.
605 2023 671 2049 Gn.
693 2021 815 2050 Libertas
836 2025 1033 2052 inaestimabilis

198 2076 240 2093 res
260 2071 307 2092 est.
328 2065 358 2092 fr.
380 2066 436 2090 106.
457 2065 489 2091 de
507 2064 539 2091 R.
560 2064 578 2090 l.
599 2065 641 2090 50.
663 2066 703 2091 17.

233 2108 516 2135 Inaestimatus.
553 2106 690 2140 (Adiect.)
733 2109 800 2135 Non
828 2113 1032 2138 aestimatus.

199 2150 220 2176 11
249 2152 315 2184 Op.
334 2150 502 2177 Aestimatus.
523 2149 564 2176 Cf.
584 2160 608 2176 v.
627 2150 808 2178 Aestimatum.
828 2152 850 2185 5.
866 2155 888 2179 l.
908 2153 951 2180 III.
967 2155 1033 2181 Gn.

200 2192 229 2219 Si
247 2193 273 2218 in
292 2192 379 2219 dotem
397 2193 505 2219 fundum
524 2194 716 2219 iuaestimatum
735 2193 815 2220 dedit.
840 2195 869 2222 fr.
890 2197 930 2222 75.
951 2196 982 2222 cf.
1002 2196 1032 2223 fr.

202 2237 241 2260 10.
262 2244 299 2270 pr.
318 2234 340 2266 5.
362 2237 384 2261 l.
404 2235 437 2262 de
456 2237 511 2261 iure
531 2235 584 2262 dot.
603 2238 645 2262 23.
664 2238 688 2262 3.
727 2236 780 2271 Qui
804 2239 936 2265 aestimata
960 2250 1033 2276 prae-

201 2277 241 2302 dia
266 2277 290 2302 in
317 2276 402 2304 dotem
430 2283 578 2315 acceperat.
599 2295 631 2298 —
651 2283 743 2315 pactus
769 2284 809 2306 est
828 2296 859 2300 —
880 2286 908 2307 ut
926 2282 1032 2319 praedia

201 2320 360 2345 inaestimata
379 2326 472 2347 essent.
492 2321 522 2347 sr.
542 2322 583 2347 29.
603 2331 642 2358 pr.
663 2321 695 2348 de
714 2327 782 2358 pact.
800 2324 842 2349 2-3.
859 2325 883 2349 4.

201 2489 231 2515 C.
252 2488 309 2514 XII.
330 2490 352 2514 l.
372 2499 392 2515 c.
414 2491 470 2515 12-3.
491 2490 512 2523 5
530 2492 553 2516 6.
579 2491 610 2518 de
629 2492 763 2519 decurion.
801 2493 868 2519 Vasa
889 2495 980 2522 inania.
1000 2496 1030 2522 fr.

202 2533 223 2557 1.
245 2532 265 2564 ξ.
285 2533 309 2557 3.
330 2530 362 2557 de
379 2532 459 2568 peric.
480 2536 505 2557 et
524 2542 614 2560 comm.
628 2536 668 2561 18.
683 2537 706 2562 6.
744 2536 846 2563 Plostra
861 2537 953 2564 inania.
966 2537 1030 2565 Tab.

201 2573 301 2600 Heracl.
321 2573 365 2599 lin.
384 2575 424 2599 66.
444 2584 494 2600 aer.
514 2574 558 2600 ΒΓ.
587 2591 618 2595 —
647 2578 677 2610 δ.
698 2580 733 2605 2.
757 2581 875 2612 Vanus,
896 2581 1032 2607 Futilis.

200 2616 217 2642 I.
230 2618 291 2650 Sy.
311 2616 485 2651 maginarius.
505 2627 525 2643 c.
548 2619 586 2643 15.
606 2618 639 2644 de
656 2624 757 2647 testam.
777 2623 800 2648 6.
820 2624 861 2648 23.
898 2622 941 2649 HI.
966 2625 1031 2650 Gn.

200 2658 325 2695 Alioquin
344 2660 419 2684 inane
438 2663 463 2684 et
480 2659 607 2686 lusorium
620 2660 750 2689 Praetoris
768 2665 905 2701 imperium
924 2666 981 2692 erit.
1000 2666 1031 2693 1“1·.

200 2703 222 2727 7.
247 2712 279 2728 116
303 2711 345 2738 qu.
370 2702 395 2727 in
419 2700 477 2727 loco
501 2702 564 2738 pub.
590 2704 632 2729 43.
656 2704 679 2730 8.
719 2704 814 2733 Postea
837 2708 948 2745 epistola
967 2708 1031 2736 salsa
1052 2705 1053 2710 ¹

1051 2770 1052 2780 t
1075 2758 1219 2790 opponunt.
1240 2753 1308 2780 Coll.
1329 2753 1380 2779 LL.
1401 2753 1433 2778 M.
1452 2752 1510 2778 XV.
1529 2754 1551 2779 3.
1577 2752 1608 2779 cf.
1632 2752 1681 2779 Th.
1701 2753 1731 2779 C.
1751 2753 1820 2780 XVI.
1839 2755 1862 2779 8.
1883 2764 1902 2778 6.

200 2743 241 2769 vel
260 2745 330 2770 inani
349 2749 458 2780 reperta.
478 2744 509 2771 fr.
527 2746 568 2772 38.
589 2745 620 2772 de
640 2745 664 2772 (1.
683 2756 716 2772 111.
735 2749 759 2773 4.
777 2751 802 2775 3.
838 2751 972 2785 Quaedam
991 2761 1032 2788 ge-

200 2795 260 2812 nera
278 2787 428 2813 inanissima
447 2797 476 2813 ac
495 2789 645 2824 turpissima
670 2788 802 2817 doctrinae
825 2795 1029 2830 superstitionis.

1864 151 1924 181 447

1066 230 1067 240 ¹
1088 227 1156 254 Coll.
1180 227 1232 254 LL.
1256 227 1289 255 Μ.
1312 228 1370 255 XV.
1396 230 1420 256 3.
1458 229 1493 255 Se
1517 228 1647 255 sumtibus
1672 229 1792 256 inanibus
1812 239 1864 256 non
1883 240 1924 256 ve-

1087 281 1155 297 xare.
1176 270 1205 297 fr.
1227 273 1248 297 1.
1268 270 1300 297 de
1318 272 1390 298 inoff.
1413 277 1516 299 testam.
1541 275 1565 298 5.
1584 274 1608 298 2.
1645 271 1699 298 Nec
1719 272 1862 309 quidquam
1881 273 1924 299 he·

1086 313 1142 340 redi
1160 313 1316 350 relinquere.
1335 319 1518 351 praeterquam
1537 317 1613 342 inane
1625 324 1719 341 nomen
1739 314 1850 342 heredis.
1866 315 1922 342 Gai.

1086 356 1115 382 Il.
1134 358 1193 383 224.
1212 356 1284 383 Inani
1302 356 1449 384 honestatis
1469 357 1558 385 colore
1577 357 1666 384 velari.
1687 357 1736 384 Th.
1758 357 1787 384 C.
1802 357 1844 385 III.
1864 360 1887 385 1.
1901 370 1922 385 6.

1085 400 1108 425 6.
1129 399 1161 425 de
1181 404 1262 426 contr.
1283 404 1342 426 emt.
1383 399 1488 427 Inanem
1512 400 1650 427 clamorem
1675 399 1777 436 eligere.
1803 400 1832 427 fr.
1858 403 1880 429 l.
1900 402 1921 436 5.

1085 443 1125 467 36.
1146 441 1178 468 de
1198 442 1262 469 S.C.
1282 442 1363 469 Silan.
1383 444 1424 469 29.
1449 445 1473 470 5.
1514 443 1618 470 Inanem
1642 444 1761 470 timorem
1784 453 1881 480 gerere.
1900 454 1921 471 c.

1085 486 1108 510 5.
1129 485 1152 510 si
1171 490 1233 511 cert.
1254 489 1331 522 petat.
1351 487 1374 512 4.
1393 487 1418 512 2.
1444 501 1474 505 —
1500 486 1530 519 §0
1555 488 1592 512 3.
1618 488 1775 518 Inutilis,
1793 488 1921 514 Invali-

1085 529 1148 553 dus.
1185 527 1215 553 11.
1243 530 1309 562 Op.
1333 528 1413 555 Vtilis
1433 528 1544 562 (actio.)
1568 528 1598 554 fr.
1618 530 1660 555 24.
1684 530 1706 562 5.
1725 531 1749 556 2.
1769 529 1801 556 de
1819 529 1922 556 liberali

1086 579 1106 595 c.
1128 572 1168 596 40.
1190 572 1230 596 12.
1267 571 1310 597 Ob
1330 572 1419 597 inanes
1439 572 1477 598 rei
1496 572 1621 603 actiones,
1633 587 1665 590 —
1677 571 1720 598 Ob
1739 572 1814 599 aliam
1827 573 1921 599 iustam

1086 622 1189 639 causam
1209 614 1408 646 (excusationes
1427 613 1574 650 adlegare.)
1599 614 1629 640 fr.
1648 616 1690 640 24.
1712 624 1751 651 sq.
1775 615 1861 642 mand.
1881 617 1920 641 17.

1087 657 1108 681 l.
1129 654 1200 682 Paul.
1220 655 1249 682 II.
1272 658 1312 683 15.
1332 657 1353 690 5.
1374 659 1396 683 1.
1432 657 1554 685 IH.G²1.
1573 656 1629 683 Nec
1647 662 1732 684 tamen
1751 659 1852 684 inanem
1866 668 1921 685 eam

1085 698 1133 731 (56.
1153 698 1352 734 obligationem)
1372 699 1496 726 creditori
1509 700 1630 731 suturam,
1649 700 1782 727 nonnullis
1801 702 1868 727 enim
1882 711 1921 728 ca-

1085 741 1159 767 sibus
1179 741 1381 769 emolumentum
1401 742 1554 769 habituram.
1573 742 1604 769 sr.
1617 744 1659 769 21.
1679 744 1700 777 5.
1714 745 1737 770 4.
1758 743 1790 770 (16
1802 744 1920 770 fideiuss.

1084 785 1124 810 46.
1147 785 1168 810 l.
1205 784 1343 812 Solutione
1367 785 1540 823 chirographo
1563 786 1634 812 inani
1657 784 1740 818 sacto.
1765 791 1790 812 et
1808 788 1920 824 pignori-

1084 826 1133 852 bus
1152 826 1277 853 liberatis.
1300 828 1330 854 fr.
1356 829 1396 854 18.
1421 828 1454 855 ad
1479 828 1565 855 exhib.
1597 830 1637 855 10.
1656 830 1680 855 4.
1700 828 1730 855 sr.
1751 831 1790 855 12.
1811 829 1842 856 de
1861 840 1920 866 pro-

1084 868 1136 901 bat.
1155 871 1196 896 22.
1215 871 1239 896 3.
1260 869 1288 896 sr.
1308 873 1350 897 27.
1370 882 1408 908 pr.
1429 871 1461 898 de
1481 871 1540 898 furt.
1559 873 1601 898 47.
1619 874 1644 898 2.
1681 871 1789 898 Sublata
1801 873 1919 909 proxima

1085 922 1162 938 causa
1185 912 1377 949 stipulationis,
1406 925 1472 951 quae.
1494 919 1605 952 propter
1628 916 1808 952 exceptionem
1836 916 1919 941 inanis

1085 959 1163 981 esset.
1184 954 1214 981 fr.
1233 956 1256 982 8.
1276 955 1309 982 (16
1328 956 1403 983 cond.
1424 957 1456 983 ob
1482 962 1550 994 turp.
1576 968 1597 984 c.
1619 959 1659 984 12.
1678 960 1702 984 5.
1740 957 1919 994 Quaecunque

1084 999 1204 1034 gerimus,
1224 1014 1256 1018 —
1276 999 1327 1025 nisi
1346 1009 1378 1025 ex
1397 1005 1486 1026 nostra
1505 1010 1617 1037 persona
1631 1000 1798 1037 obligationis
1816 1001 1919 1027 initium

1083 1046 1197 1073 sumant.
1215 1042 1317 1068 inanem
1338 1046 1423 1068 actum
1441 1048 1559 1069 nostrum
1579 1043 1702 1070 efficiunt.
1722 1043 1753 1070 fr.
1773 1045 1813 1070 ll.
1833 1043 1866 1070 de
1885 1043 1917 1069 0.

1084 1088 1109 1109 et
1127 1083 1159 1110 A.
1184 1085 1225 1110 44.
1251 1086 1274 1111 7.
1315 1083 1351 1110 Vt
1370 1086 1454 1112 inanis
1479 1086 1603 1121 obligatio
1628 1086 1743 1112 aditione
1765 1086 1918 1112 hereditatis

1084 1127 1259 1154 confirmetur.
1279 1126 1310 1153 sr.
1330 1129 1371 1154 95.
1392 1128 1413 1161 5.
1433 1130 1456 1154 2.
1476 1128 1508 1155 de
1528 1128 1606 1155 solut.
1625 1130 1666 1155 46.
1685 1131 1709 1155 3.

1120 1170 1309 1197 Inaniter.
1347 1170 1468 1205 (Advb.)
1506 1172 1536 1204 ξ.
1556 1173 1591 1198 1.
1624 1174 1725 1203 Nude,
1746 1174 1917 1205 Simplici-

1082 1218 1136 1238 ter.
1156 1212 1187 1238 II.
1202 1214 1268 1247 Op.
1288 1213 1402 1240 Inaniter
1421 1214 1596 1241 conscribere.
1618 1230 1647 1235 —
1669 1214 1850 1251 Corporaliter
1868 1219 1917 1240 tra-

1083 1255 1150 1282 dere.
1171 1255 1221 1282 Th.
1242 1255 1270 1282 C.
1292 1256 1335 1282 IX.
1355 1258 1395 1282 42.
1417 1267 1438 1283 6.
1459 1259 1498 1283 15.
1520 1257 1552 1283 (16
1571 1257 1632 1284 bon.
1652 1267 1753 1294 proscr.
1774 1274 1805 1277 —
1826 1258 1856 1291 §.
1881 1259 1916 1284 2.

1086 1299 1184 1330 Vane,
1204 1300 1353 1326 Frustra.
1373 1299 1403 1326 II.
1426 1301 1492 1333 Op.
1512 1300 1584 1326 Beue
1605 1301 1782 1337 (provocare.)
1802 1300 1843 1327 Cf.
1857 1300 1882 1326 h.
1893 1310 1916 1326 v.

1080 1340 1123 1367 III.
1144 1342 1208 1368 Cn.
1228 1340 1341 1368 Inauiter
1360 1352 1403 1368 eas
1423 1344 1472 1375 (sc.
1493 1342 1621 1379 apochas)
1647 1345 1713 1369 sciat
1733 1353 1791 1370 esse
1810 1342 1917 1369 delatas.

1081 1383 1130 1410 Th.
1151 1383 1181 1410 C.
1200 1384 1256 1410 XII.
1271 1386 1294 1410 6.
1315 1395 1335 1411 c.
1349 1386 1390 1411 28.
1411 1384 1443 1411 (16
1462 1390 1609 1422 susceptor.
1646 1385 1761 1413 Inaniter
1774 1386 1916 1414 resedisse.

1081 1426 1151 1463 quod
1171 1432 1218 1454 etc.
1240 1426 1360 1454 Consult.
1381 1432 1432 1454 vet.
1452 1427 1526 1454 Leti.
1547 1428 1568 1461 5.
1589 1430 1612 1455 9.

1115 1472 1289 1503 Inaptus.
1326 1470 1455 1504 (Adiect.)
1493 1472 1561 1497 Non
1580 1473 1718 1498 idoneus.
1745 1471 1798 1504 (Cf.
1818 1482 1843 1498 v.
1862 1471 1917 1498 Ine—

1080 1514 1163 1550 111115.)
1200 1512 1242 1539 111.
1264 1515 1328 1541 Gn.
1348 1513 1397 1540 Rei
1417 1513 1535 1540 familiari
1554 1513 1705 1550 gaudentes.
1726 1519 1751 1540 et
1769 1516 1852 1552 inapti
1872 1514 1915 1548 [al.

1079 1556 1173 1593 inepti]
1193 1556 1308 1582 militiae.
1328 1556 1377 1583 Th.
1398 1556 1429 1583 C.
1449 1556 1505 1583 Vll.
1524 1558 1567 1582 22.
1587 1566 1608 1583 6.
1627 1558 1650 1582 5.
1671 1556 1704 1583 de
1722 1556 1760 1583 fil.
1778 1557 1882 1584 militar.

1115 1601 1291 1626 Inarare.
1328 1601 1458 1626 Αναηᾱο
1478 1601 1623 1630 obruere.
1648 1609 1666 1625 ε.
1686 1606 1830 1626 evertere
1853 1603 1915 1629 (se-

1077 1644 1206 1678 getem.)
1244 1641 1286 1668 Ill.
1308 1643 1373 1669 Cn.
1393 1642 1422 1668 Si
1446 1643 1504 1678 quis
1530 1642 1595 1668 clam
1623 1647 1666 1668 aut
1683 1643 1709 1668 vi
1728 1652 1816 1678 agrum
1834 1643 1915 1668 inara-

1081 1686 1154 1716 verit.
1176 1684 1218 1717 [al.
1239 1685 1370 1718 araverit]
1390 1684 1432 1711 vel
1451 1685 1547 1711 fossam
1568 1685 1659 1711 fecerit
1682 1690 1731 1711 etc.
1755 1684 1786 1711 1ἰ·.
1805 1686 1828 1711 9.
1849 1686 1870 1719 5.
1890 1686 1913 1711 3.

1081 1727 1132 1763 Qu.
1152 1729 1178 1753 vi
1198 1732 1241 1753 aut
1260 1727 1291 1753 61.
1312 1728 1352 1753 43.
1372 1729 1414 1753 24.

1115 1770 1379 1796 lnardescere.
1417 1771 1595 1805 Ignescere.
1620 1770 1664 1796 III.
1684 1771 1749 1798 Cn.
1772 1769 1856 1796 Novis
1876 1781 1914 1797 ca-

1079 1812 1234 1838 lumniarum
1257 1811 1357 1838 facibus
1382 1811 1553 1839 inardescere.
1579 1812 1628 1839 Th.
1654 1812 1684 1839 C.
1710 1813 1767 1839 XII.
1788 1815 1828 1839 ll.
1849 1824 1870 1840 c.
1889 1816 1912 1840 2.

1080 1855 1112 1881 de
1131 1860 1209 1882 curat.
1229 1854 1328 1881 calend.
1364 1854 1393 1881 In
1413 1856 1508 1892 quibus
1533 1857 1581 1888 (sc.
1601 1856 1734 1887 vestibus)
1755 1855 1798 1882 alii
1817 1855 1914 1882 admix—

1080 1903 1120 1924 tus
1140 1897 1223 1924 colori
1240 1899 1300 1934 puri
1319 1897 1400 1924 rubor
1417 1899 1524 1925 muricis
1543 1898 1691 1925 inardescit.
1711 1898 1749 1925 lb.
1768 1898 1826 1925 XV.
1847 1901 1870 1925 7.
1892 1909 1912 1925 c.

1080 1943 1119 1967 ll.
1139 1941 1172 1968 de.
1191 1941 1301 1967 scaenic.
1591 1969 1593 1971 ,

1114 1986 1380 2017 Inargentare.
1418 1986 1564 2019 Argenta
1583 1991 1697 2019 tegere.
1734 1984 1753 2011 I.
1773 1985 1834 2019 Sy.
1862 1985 1910 2010 Ar-

1078 2032 1190 2063 gemat-e.
1222 2026 1263 2053 Cf.
1287 2026 1311 2053 h.
1331 2037 1354 2053 v.
1391 2027 1420 2053 11.
1444 2029 1511 2061 Op.
1542 2027 1742 2063 inargentatum.
1764 2044 1794 2048 —-
1815 2027 1912 2053 Totum

1077 2070 1218 2106 argentum.
1238 2069 1268 2096 fr.
1287 2071 1311 2096 3.
1331 2070 1353 2103 5.
1373 2072 1398 2096 3.
1417 2069 1450 2096 de
1468 2070 1562 2107 supell.
1580 2070 1630 2106 leg.
1650 2072 1690 2097 33.
1712 2072 1751 2096 10.
1782 2070 1824 2096 ΙΙΙ.
1846 2071 1910 2097 Cn.

1078 2112 1151 2139 Lecti
1170 2113 1331 2148 inargentati.
1351 2112 1392 2139 vel
1412 2114 1530 2145 inaurati,
1550 2118 1628 2149 atque
1647 2114 1773 2149 gemmati.
1794 2113 1824 2139 l'r.
1844 2114 1868 2138 3.
1888 2113 1910 2145 5.

1076 2157 1100 2182 3.
1120 2155 1151 2182 cs.
1171 2166 1209 2192 pr.
1229 2155 1246 2182 l.
1266 2155 1281 2182 l.
1301 2157 1402 2182 33.10.
1423 2156 1452 2182 sr.
1475 2158 1531 2182 10⁰.
1551 2157 1573 2190 5.
1587 2159 1610 2182 4.
1630 2156 1663 2182 (16
1675 2155 1751 2192 legat.
1771 2155 1813 2182 111,
1830 2156 1897 2189 (32.)

1112 2200 1329 2231 Inargutus.
1367 2199 1503 2231 (Adiect.)
1548 2201 1736 2230 Insubeilis‚
1768 2201 1908 2233 Ineptzts.

1076 2241 1118 2267 III.
1141 2243 1206 2269 Gn.
1227 2241 1311 2276 Quam
1331 2243 1485 2268 sententiam
1504 2247 1529 2268 et
1548 2241 1644 2268 Celsus
1660 2241 1805 2278 —.probat.
1837 2242 1909 2277 Quae

1076 2284 1138 2310 mihi
1157 2294 1209 2310 non
1228 2285 1344 2320 inarguta
1368 2284 1479 2310 videtur.
1506 2284 1534 2310 l'r.
1558 2286 1582 2310 5.
1606 2285 1628 2317 5.
1650 2286 1671 2311 l.
1696 2284 1729 2311 de
1754 2285 1834 2311 usul‘r.
1859 2293 1907 2309 ear.

238 2361 381 2388 luanis‘
419 2363 544 2397 (Δωροῖ)
581 2365 612 2397 ἓ·
633 2366 668 2391 l·
696 2366 838 2397 Vacuus.
866 2367 993 2393 (jassus.
1013 2367 1031 2394 I.
1053 2361 1054 2372 ¹
1077 2337 1125 2353 ¹¹0¹·
1150 2340 1169 2353 Ι,
1189 2337 1211 2353 δ’

201 2406 262 2438 '⁵¹3¹'
281 2404 436 2431 EWCUMUS·
468 2404 507 2431 Cf.
533 2416 556 2432 v.
576 2406 717 2433 Evacuare.
737 2407 759 2441 §-
781 2409 802 2434 1.
840 2407 882 2434 III.
899 2410 964 2436 Gn.
985 2409 1033 2436 Va-
1053 2415 1054 2420 ¹

200 2457 263 2472 cuae
282 2451 307 2472 ct
325 2447 414 2472 inanes
434 2448 490 2473 sine
511 2449 621 2475 naturali
649 2451 818 2477 successione
836 2451 962 2478 fortunae.
982 2452 1031 2479 Th.
1053 2459 1054 2470 ¹

1112 2370 1308 2397 Inaudire.
1345 2369 1385 2396 Cf.
1406 2380 1428 2395 v.
1448 2369 1579 2404 Inaugere.

1112 2413 1327 2439 Inauthus.
1359 2412 1488 2445 (Adiect.)
1519 2414 1549 2446 ξ.
1569 2414 1604 2439 1.
1626 2415 1688 2445 Qui
1706 2413 1907 2438 audientiam

1075 2466 1183 2482 coram
1203 2457 1407 2490 magistratu
1427 2462 1541 2482 nactus
1560 2466 1618 2482 71011
1637 2462 1689 2481 est.
1721 2454 1848 2481 111011.
1868 2453 1907 2479 Ne

1077 2498 1198 2523 absentes
1219 2497 1379 2527 damnentur.
1400 2508 1484 2534 neque
1503 2499 1571 2524 euim
1594 2497 1706 2524 inaudita
1726 2506 1802 2522 causa
1821 2506 1907 2533 quem-

1077 2550 1153 2576 quam
1173 2540 1287 2566 damnari
1308 2541 1445 2577 aequitatis
1465 2542 1530 2567 ratio
1549 2541 1652 2577 patitur.
1673 2539 1702 2565 fr.
1719 2541 1739 2565 l.
1759 2549 1799 2576 pr.
1819 2539 1850 2565 (16
1869 2549 1906 2565 re-

1077 2584 1142 2619 quir.
1163 2593 1186 2609 v.
1207 2583 1261 2609 abs.
1287 2583 1371 2609 damn.
1395 2585 1435 2610 48.
1460 2585 1500 2609 17.
1537 2582 1669 2608 lnaudiius
1689 2592 1718 2608 ac
1737 2583 1793 2608 sine
1812 2582 1906 2608 effectu

1053 2653 1054 2656 ,
1075 2636 1189 2652 remeare
1207 2627 1328 2662 protinus
1347 2626 1473 2652 iubeatur.
1503 2625 1551 2651 Th.
1572 2624 1602 2650 C.
1626 2624 1682 2650 ΧΠ.
1705 2627 1742 2650 12.
1767 2635 1787 2651 6.
1814 2627 1852 2651 ll.
1873 2625 1905 2651 (16

1076 2668 1150 2704 legat.
1171 2673 1196 2694 et
1216 2668 1284 2695 decr.
1306 2686 1336 2690 —
1357 2670 1388 2702 ξ.
1403 2670 1437 2694 2.
1457 2669 1634 2699 Insolstus,
1656 2669 1769 2694 Novus.
1789 2667 1904 2695 [Iton.

1076 2711 1129 2746 Qui
1148 2710 1265 2736 novellas
1286 2716 1311 2737 et
1330 2711 1457 2737 inauditas
1477 2715 1561 2736 sectas
1584 2710 1717 2736 veteribus
1736 2710 1904 2747 religionibus

1075 2797 1114 2822 19.
1134 2795 1166 2822 (16
1185 2795 1239 2822 Ιιι(1.
