2197 3121
258 188 322 219 212

261 270 373 308 impetu.
393 274 531 305 utrumque
550 268 678 295 occidere.
708 268 738 295 sr.
752 269 794 294 23.
815 268 837 301 3.
858 269 880 294 4,
901 266 933 294 ad
952 266 982 293 L.
1003 266 1050 293 Iul.
1071 267 1104 294 de
1126 267 1128 294 !

261 312 342 340 adult.
361 315 402 339 48.
422 314 445 338 5.
475 311 545 338 Coll.
559 311 612 337 LL.
627 310 660 337 Jt.
680 311 697 337 l.
717 310 734 337 l.
755 327 787 330 —
806 311 837 344 §.
856 311 893 337 3.
915 312 1104 341 Abstineas,

265 357 459 390 Temperans
499 356 754 385 (consuetudine
786 353 1014 390 feminarum).
1062 352 1104 378 111.

262 400 328 426 (3¹11.
364 397 558 424 Ecclesiastici.
588 401 631 423 aut
657 407 689 423 ex
712 413 745 416 —
770 396 973 427 ecclesiasticis,
998 394 1041 421 vel
1061 395 1106 431 qui

263 442 452 467 continentium
471 450 500 466 se
519 439 613 466 volunt
632 441 737 466 nomine
750 440 903 476 nuncupari.
924 437 974 465 Th.
989 438 1020 465 C.
1034 437 1106 465 XVI.

261 486 286 510 2.
306 494 327 509 c.
346 485 388 509 20.
409 483 441 510 de
455 484 536 520 episc.
552 482 616 509 eccl.
637 482 704 510 Νῦν.
718 482 840 510 Marcian.
855 482 887 508 de
901 486 1003 508 testam.
1019 480 1106 508 cleric.

262 525 305 552 III.
326 528 350 552 5.
372 536 392 552 c.
415 528 436 552 1.
457 536 496 563 pr.

297 568 559 596 rontinenter.
595 569 717 603 (Advb.)
755 570 902 603 Iugiter,
935 568 1106 594 Continue.
1128 580 1129 602 ¹

262 610 304 637 [tl.
320 612 386 639 Gn.
405 611 489 638 Nemo
508 617 560 638 tam
579 611 718 649 perpetuo,
737 616 789 637 tam
808 611 975 637 continenter
993 611 1031 637 ire
1049 614 1108 647 pot·
1128 622 1130 648 ¹

262 659 314 686 est.
334 659 362 680 ut
381 654 455 681 nullo
474 660 606 681 momento
633 655 788 692 (possessio
809 655 865 680 cius
884 652 1051 690 interpellari
1071 653 1107 679 vi·
1128 653 1130 679 Ξ

262 697 378 731 dentur).
400 698 430 724 fr.
451 699 491 724 14.
511 708 551 735 pr.
572 697 604 724 de
624 698 714 724 servit.
735 700 758 723 δ’.
780 699 802 723 l.

298 740 555 768 Continentia.
593 741 624 774 §.
645 741 680 766 1.
711 741 944 771 Continuatio,
964 740 1107 766 coniun-
1129 764 1130 767 ,

260 784 328 810 ctio
349 784 540 811 indiscreta.
577 783 595 809 1.
610 784 672 816 Sy.
692 782 782 809 Tenor
801 783 1015 820 (programmatis
1035 781 1106 814 etc.).

262 824 312 852 Th.
336 825 367 852 C.
388 826 420 853 X.
444 828 484 852 10.
505 837 526 853 c.
545 828 587 853 29.
608 826 645 860 33.
665 827 690 851 2.
710 835 749 862 sq.
770 825 803 852 de
822 826 942 862 petition.
971 823 1051 862 Apud
1071 823 1108 850 di·
1128 831 1129 834 ’

261 878 354 895 versos
374 868 475 895 iudices
494 869 631 895 ventilare.
661 867 764 895 Causae
779 869 967 895 continentiam
980 866 1106 894 dividere.

261 911 298 938 lb.
319 911 349 937 II.
372 914 411 938 15.
433 922 453 938 c.
473 915 496 938 2.
518 912 550 938 de
570 911 648 938 iudic.
692 911 735 938 111.
757 912 823 939 011.
854 910 891 939 Vt
910 916 935 937 et
953 914 1107 948 praesentes

261 953 369 980 videant
387 954 593 991 subscriptores.
614 970 647 974 --
667 955 769 981 etiamsi
783 954 877 981 iisdem
890 955 1037 991 scripturae
1048 962 1108 979 con·
1129 961 1130 972 ¹

261 998 371 1024 tinentia
394 1008 447 1023 non
472 997 551 1024 suerit
575 998 700 1024 intimata.
734 997 771 1024 lb.
790 996 836 1024 IV.
855 999 879 1024 4.
900 1007 921 1023 c.
940 999 965 1023 3.
985 997 1007 1030 3.
1026 998 1050 1022 2.
1075 995 1108 1022 de

261 1045 363 1067 testam.
384 1045 409 1067 et
430 1040 513 1067 codic.
539 1056 571 1059 —
601 1041 632 1074 §-
652 1042 687 1067 2.
717 1042 935 1067 Abstinentia.
973 1039 1017 1066 111.
1041 1040 1107 1066 Cn.

262 1082 330 1109 Cum
353 1099 386 1102 —
411 1084 589 1110 continentiae
613 1083 693 1110 fuerit
716 1084 896 1110 testimouium
926 1083 1040 1116 (census
1065 1091 1108 1108 an·
1129 1095 1131 1099 ⁴

260 1126 388 1162 gustior).
425 1125 492 1152 Nov.
513 1126 636 1153 Marciau.
661 1126 694 1153 de
717 1127 827 1153 matrim.
852 1125 941 1152 Senat.
961 1125 1005 1152 111.
1030 1127 1054 1152 4.
1085 1135 1107 1152 c.

262 1171 284 1195 1.
305 1169 371 1203 5.1.

297 1212 515 1240 Continet-e.
557 1214 588 1247 §0
618 1214 652 1240 1.
691 1214 978 1247 Comprehendere,
1017 1212 1107 1238 Com-

257 1257 371 1289 plecti.
409 1255 427 1281 I.
448 1257 511 1289 Sy.
544 1255 786 1292 Comprehendere.
820 1255 851 1282 fr.
878 1257 918 1282 10.
948 1254 979 1281 fr.
1008 1256 1048 1280 12.
1074 1253 1107 1280 de
1129 1287 1130 1291 Ἰ

261 1297 314 1324 LL.
336 1299 358 1324 1.
377 1299 402 1324 3.
431 1298 462 1324 sr.
484 1300 541 1324 178.
561 1299 598 1332 33.
618 1301 642 1325 2.
662 1309 702 1335 sq.
727 1298 758 1326 l'r.
781 1300 838 1325 195.
858 1299 880 1333 3.
900 1300 924 1325 3.
944 1297 975 1324 fr.
994 1299 1053 1323 201.
1074 1296 1107 1323 de
1128 1302 1129 1309 ¹

261 1339 293 1366 V.
314 1340 342 1366 S.
367 1342 409 1367 50.
436 1342 475 1367 16.
518 1340 677 1378 Complecti.
706 1341 737 1368 fr.
758 1343 781 1368 7.
806 1352 845 1379 pr.
870 1342 892 1376 3.
914 1343 936 1368 l.
962 1341 994 1368 de
1013 1340 1105 1367 iurisd.

261 1384 287 1409 2.
308 1385 331 1409 l.
361 1383 392 1409 sr.
414 1385 435 1409 l.
462 1383 493 1409 de
513 1383 544 1410 Υ.
565 1383 592 1410 S.
618 1386 659 1410 50.
681 1386 721 1410 16.
759 1383 911 1416 Contineri.
932 1384 1035 1416 Inesse,
1055 1383 1107 1410 De-

1076 184 1179 216 CON.

1185 266 1428 301 confingere·
1453 267 1484 301 ξ.
1499 268 1534 294 l.
1557 269 1721 303 Tangere,
1741 271 1992 304 Adprehendere.

1126 330 1128 335 ,
1149 308 1169 335 I.
1188 310 1250 344 Sy.
1282 308 1409 345 Tangere.
1438 309 1470 336 fr.
1489 311 1531 337 65.
1551 311 1573 344 3.
1593 312 1618 337 2.
1638 310 1671 337 de
1690 311 1722 338 A.
1743 311 1774 339 R.
1794 313 1827 340 D.
1846 315 1888 340 41.
1910 315 1932 340 l.
1961 313 1992 340 fr.

1152 353 1173 377 1.
1194 352 1216 385 3
1236 354 1260 378 3.
1281 351 1314 378 de
1332 352 1363 378 A.
1383 361 1407 378 v.
1428 351 1460 378 A.
1479 351 1508 379 P.
1532 355 1574 380 41.
1595 356 1620 380 2.
1657 353 1793 391 Vsurpare
1813 355 1993 388 (liorreaticas

1151 395 1280 431 species).
1309 393 1360 420 Th.
1383 393 1414 420 C.
1432 394 1479 421 XI.
1501 397 1540 422 14.
1561 407 1582 423 c.
1601 398 1626 423 3.
1646 396 1679 423 de
1698 397 1774 423 cond.
1794 399 1820 424 in
1839 399 1902 436 pub.
1922 399 1992 426 horr.

1151 437 1193 464 111.
1210 439 1276 465 Cn.
1301 437 1356 473 Qui
1370 438 1522 473 contingere
1535 444 1652 466 nostram
1671 450 1814 477 purpuram
1833 441 1918 478 (digni
1932 447 1994 468 sunt

1151 481 1306 513 aestimati).
1334 479 1372 506 Ib.
1397 479 1441 506 ΥΙ.
1465 482 1507 507 24.
1537 491 1559 508 c.
1582 483 1606 508 4.
1637 482 1669 509 de
1693 482 1805 509 domest.
1834 488 1860 509 et
1882 488 1992 520 protect.

1152 523 1318 561 Corporibus
1338 533 1390 549 non
1410 524 1552 556 contactis,
1572 524 1787 558 (monumentum
1806 526 1939 559 reticere).
1962 526 1993 554 fr.

1152 568 1175 593 7.
1196 566 1228 593 de
1246 565 1347 604 sepulc.
1368 566 1430 592 viol.
1455 568 1497 593 47.
1518 568 1559 593 ll.
1604 567 1634 594 Si
1657 567 1755 595 fundus
1774 569 1843 595 viam
1861 568 1995 606 publicam

1152 611 1293 645 contingat.
1323 609 1353 636 sr.
1374 611 1396 635 1.
1417 609 1439 643 3.
1457 610 1500 636 28.
1525 619 1558 636 ne
1577 620 1620 646 qu.
1639 611 1665 637 in
1686 610 1745 637 loco
1764 611 1826 649 pub.
1851 613 1892 638 43.
1912 613 1936 638 8.
1961 628 1994 632 —

1153 653 1183 685 §-
1205 653 1241 678 2.
1270 654 1480 687 Perlingere‚
1512 654 1674 686 Specture.
1716 653 1734 679 I.
1758 656 1820 688 Sy.
1851 654 1995 691 Adtingere

1152 694 1283 731 (aliquem
1307 695 1490 730 cognatione).
1525 693 1610 721 Yatic.
1634 696 1671 730 33.
1696 698 1756 723 216.
1775 699 1835 724 2913.
1877 698 1994 735 Adtiugi‚

1153 737 1278 773 Contingi
1298 737 1437 770 (crimine,
1457 747 1480 764 v.
1501 738 1654 774 suspicione
1673 739 1747 771 ete).
1777 738 1807 765 fr.
1828 741 1851 766 1.
1875 740 1898 774 3.
1917 742 1942 766 2.
1962 739 1995 766 de

1152 779 1252 816 fugitiv.
1274 782 1314 806 11.
1328 781 1352 806 4.
1376 779 1407 806 fr.
1428 782 1451 807 l.
1471 781 1493 814 3.
1513 782 1554 807 30.
1575 780 1608 807 de
1626 780 1654 807 S.
1675 780 1706 807 C.
1726 781 1808 808 Silan.
1827 784 1870 809 29.
1889 785 1913 809 5.
1950 782 1986 809 111

1153 825 1218 851 Gn.
1249 822 1291 855 Si,
1311 833 1370 850 cum
1390 823 1468 850 alium
1489 825 1652 860 contingeret
1671 823 1775 860 legatio,
1795 824 1838 851 alii
1857 825 1908 852 hoc
1927 835 1994 852 onus

1152 866 1221 893 llvir
1240 866 1373 893 indixerit.
1397 866 1428 892 fr.
1449 868 1482 893 13
1510 867 1532 900 3.
1552 869 1576 893 5.
1596 866 1629 893 de
1649 867 1724 893 iniur.
1744 869 1786 894 47.
1807 870 1847 894 10.
1868 868 1899 895 cf.
1919 868 1950 895 fr.
1969 869 1994 895 6.

1152 920 1191 947 pr.
1211 909 1244 936 de
1262 919 1332 936 mun.
1351 914 1377 935 et
1396 909 1457 936 hon.
1476 911 1518 936 50.
1533 911 1558 936 4.
1595 909 1631 936 Vt
1650 910 1790 945 ignominia
1809 926 1842 930 ——
1861 910 1930 937 hunc
1949 921 1995 949 po-

1152 954 1205 979 tins
1225 952 1362 984 heredem.
1387 962 1464 989 quam
1487 953 1574 989 ipsum
1594 957 1747 979 testatorem
1767 954 1907 990 contingat.
1936 953 1994 980 Gai.

1152 995 1256 1021 11.154.
1286 994 1398 1027 Poenae,
1419 1005 1485 1032 quae
1499 996 1719 1022 existimationem
1739 997 1901 1032 contingunt.
1926 996 1956 1023 fr.
1969 999 1994 1024 5.

1152 1049 1191 1076 pr.
1213 1038 1246 1065 de
1265 1048 1342 1076 poen.
1373 1040 1414 1064 48.
1436 1039 1476 1064 19.
1520 1038 1596 1074 Quos
1621 1038 1693 1064 nulla
1722 1040 1886 1075 contingeret
1909 1039 1994 1077 culpa.

1152 1081 1183 1108 fr.
1204 1083 1227 1108 7.
1247 1091 1286 1119 pr.
1307 1081 1339 1107 de
1358 1081 1419 1108 bon.
1440 1080 1552 1107 damnat.
1572 1083 1613 1108 48.
1627 1083 1669 1108 20.
1707 1081 1817 1109 Omnes.
1837 1092 1904 1119 quos
1918 1092 1996 1109 causa

1153 1125 1289 1161 contingit.
1319 1123 1350 1150 fr.
1375 1126 1417 1150 47.
1441 1133 1481 1161 pr.
1509 1123 1543 1150 de
1565 1134 1593 1150 re
1617 1124 1696 1151 indic.
1724 1127 1767 1151 42.
1794 1127 1815 1151 1.
1852 1125 1899 1157 Hi.
1927 1135 1996 1162 quos

1129 1177 1131 1187 Ν
1152 1168 1273 1205 proxima
1292 1177 1354 1204 spes
1378 1167 1557 1193 successionis
1583 1168 1719 1204 contingit.
1750 1168 1780 1194 t'r.
1803 1170 1825 1194 l.
1850 1169 1938 1202 3.14.
1963 1168 1996 1195 de

1152 1211 1246 1247 inspic.
1266 1214 1366 1236 ventre.
1386 1212 1428 1236 25.
1442 1211 1466 1236 4.
1504 1209 1534 1236 Si
1553 1211 1679 1246 sanguine
1697 1221 1756 1237 eum
1775 1212 1892 1247 contigit.
1912 1211 1942 1238 fr.
1955 1213 1994 1238 12..

1153 1253 1185 1279 de
1203 1263 1316 1280 manum.
1342 1252 1413 1279 vind.
1438 1254 1472 1278 -10
1499 1255 1524 1279 2.
1562 1252 1615 1288 Qui
1636 1253 1783 1285 adfinitate.
1808 1255 1995 1290 cognationeve

1152 1296 1305 1323 defunctum
1325 1297 1461 1332 contingit.
1488 1295 1519 1322 fr.
1539 1298 1562 1322 5.
1582 1296 1604 1329 3.
1624 1297 1648 1322 5.
1668 1295 1701 1322 de
1720 1295 1744 1322 h.
1765 1307 1808 1333 qu.
1828 1297 1906 1324 essud.
1927 1298 1951 1324 9.
1969 1299 1994 1324 3.

1152 1340 1206 1376 Qui
1226 1344 1305 1373 (sunt
1324 1339 1508 1375 cognatarum)
1528 1343 1678 1365 nostrarum
1697 1338 1748 1366 hoe
1766 1339 1848 1376 gradu
1867 1349 1915 1366 nos
1935 1349 1995 1366 con-

1151 1383 1307 1419 tingentium
1325 1382 1419 1413 mariti,
1439 1381 1483 1408 vel
1502 1391 1601 1413 eorum,
1621 1382 1667 1418 qui
1686 1384 1787 1408 suntin
1800 1387 1933 1420 potestate
1950 1392 1996 1409 no-

260 1425 327 1452 beri.
357 1426 387 1452 fr.
409 1428 448 1452 14.
478 1427 500 1460 3.
522 1428 561 1452 10.
591 1427 643 1462 Qu.
668 1432 728 1454 met.
755 1437 776 1453 c.
802 1428 826 1454 4.
850 1429 875 1453 2.
909 1426 994 1453 Yatic.
1021 1427 1043 1460 3
1064 1428 1105 1452 54.
1128 1442 1130 1456 ¹
1151 1431 1214 1458 stra,
1234 1426 1336 1462 cognati
1357 1426 1539 1461 contingentes
1559 1434 1605 1451 ess
1619 1435 1648 1451 ea
1662 1426 1817 1461 cognatione
1837 1431 1886 1452 etc.
1908 1425 1995 1452 Vatic.

263 1468 425 1496 Consistere.
455 1469 512 1496 Gai.
533 1469 577 1496 IV.
598 1472 656 1496 103.
687 1469 718 1496 fr.
737 1471 761 1496 5.
785 1470 807 1503 3.
829 1472 851 1496 1.
881 1469 911 1496 fr.
933 1472 956 1496 7.
986 1469 1019 1496 de
1038 1468 1106 1496 usuf.
1128 1484 1130 1493 ι
1151 1470 1173 1503 3.
1192 1470 1252 1495 216.
1272 1484 1305 1488 —-
1334 1469 1365 1502 §-
1385 1470 1423 1495 3.
1453 1470 1658 1502 ίόιιιρειεπε,
1678 1470 1859 1496 Pertinere.
1895 1468 1914 1495 I.
1932 1469 1995 1504 Sy.

263 1522 314 1538 ear.
334 1522 384 1538 rer.
405 1514 427 1538 7.
447 1514 471 1538 5.
508 1512 552 1539 ΙΙΙ.
567 1514 633 1541 Cn.
654 1512 722 1540 Cum
736 1512 856 1544 dicimus.
876 1528 909 1532 -
924 1517 1034 1549 utraque
1047 1522 1108 1539 con·
1128 1517 1130 1538 ἔ
1151 1511 1312 1544 Proeedere,
1336 1512 1405 1538 Esse
1423 1512 1631 1548 (usucapionem
1651 1511 1727 1544 etc).
1759 1510 1789 1537 fr.
1810 1513 1851 1538 l7.
1876 1511 1899 1545 3.
1917 1513 1942 1537 2.
1962 1511 1995 1538 de

262 1555 384 1581 tinemus.
414 1555 444 1582 fr.
464 1557 505 1582 53.
525 1566 564 1593 pr.
590 1555 622 1582 de
642 1555 674 1582 V.
695 1556 722 1582 S.
748 1558 790 1582 50.
811 1557 851 1582 16.
890 1555 970 1591 Quod
989 1560 1032 1582 aut
1051 1557 1107 1582 iure
1129 1574 1130 1596 ¹
1153 1555 1220 1582 usus.
1241 1557 1263 1581 7.
1285 1557 1307 1582 1.
1327 1555 1358 1581 fr.
1378 1557 1420 1581 25.
1440 1554 1471 1581 fr.
1484 1556 1526 1581 30.
1546 1554 1568 1588 3.
1587 1556 1611 1580 2.
1632 1553 1662 1580 sr.
1676 1555 1718 1580 31.
1739 1554 1761 1588 3.
1781 1555 1804 1580 3.
1826 1554 1856 1580 l'r.
1870 1555 1913 1580 32.
1932 1554 1993 1588 3.1.

262 1599 373 1635 proprio
398 1599 529 1635 ipsorum.
558 1603 602 1625 aut
628 1599 759 1625 communi
782 1599 920 1625 universae
944 1600 1107 1635 cognationis
1129 1607 1130 1637 ¹
1152 1598 1185 1624 de
1203 1608 1294 1635 usurp.
1314 1600 1356 1624 41.
1375 1599 1400 1624 3.
1438 1597 1520 1628 Fieri.
1544 1596 1625 1623 Nasci
1648 1596 1848 1630 (liberationem
1867 1598 1935 1630 etc.)
1963 1596 1994 1624 fr.

263 1641 421 1667 continetur.
447 1641 477 1667 sr.
498 1643 556 1668 195.
577 1642 598 1675 3
618 1642 643 1666 2.
668 1641 702 1667 ib.
723 1643 764 1667 50.
785 1642 825 1668 16.
862 1641 955 1678 Aeque
974 1643 997 1668 si
1016 1641 1107 1678 plures
1128 1655 1130 1678 ¹
1153 1643 1193 1667 73.
1222 1641 1253 1667 sr.
1273 1643 1314 1668 94.
1335 1641 1400 1675 3.1.
1430 1640 1460 1667 sr.
1480 1642 1522 1667 98.
1547 1640 1568 1673 3.
1588 1641 1612 1666 6.
1637 1639 1669 1665 de
1689 1639 1767 1666 solut.
1787 1641 1828 1666 46.
1848 1641 1872 1666 3.
1902 1639 1931 1666 i'r.
1953 1641 1994 1666 ll.

262 1683 373 1710 heredes
393 1685 454 1716 siut,
475 1686 643 1711 continentur
662 1683 841 1720 stipulatione.
872 1684 903 1710 fr.
924 1686 982 1710 15⁸.
1010 1684 1044 1710 ib.
1064 1686 1105 1710 50.
1129 1711 1130 1714 ,
1152 1685 1173 1718 3
1193 1686 1217 1710 2.
1239 1684 1268 1710 fr.
1291 1685 1329 1710 13.
1352 1684 1388 1718 33.
1408 1685 1432 1710 3.
1455 1685 1494 1709 12.
1521 1682 1551 1709 fr.
1573 1684 1613 1709 18.
1633 1693 1672 1719 pr.
1697 1682 1727 1708 fr.
1749 1684 1789 1709 19.
1813 1683 1879 1716 5.1.
1904 1683 1936 1709 de
1955 1692 1995 1709 ac-

264 1728 304 1752 16.
341 1727 478 1753 Arbitratu
497 1727 592 1753 iudicis
612 1742 645 1746 —-
665 1728 827 1759 continetur,
848 1732 876 1753 ut
895 1732 944 1754 etc.
973 1728 1003 1754 i'r.
1024 1729 1064 1754 10.
1084 1727 1105 1761 3.
1128 1732 1129 1767 ¹
1152 1726 1239 1764 ceptil.
1259 1728 1300 1753 46.
1320 1729 1344 1753 4.
1382 1726 1542 1763 Competere
1562 1725 1754 1759 (libertatem).
1774 1725 1804 1752 sr.
1825 1727 1848 1752 4.
1869 1736 1908 1763 pr.
1927 1726 1949 1760 3.
1971 1727 1993 1752 l.

265 1772 286 1796 l.
313 1770 365 1805 Qu.
386 1775 445 1797 met.
467 1780 488 1796 c.
509 1772 532 1796 4.
552 1772 576 1796 2.
615 1769 713 1796 Officio
734 1769 828 1796 iudicis
848 1771 984 1797 contineri.
1006 1769 1105 1796 Gaul.
1128 1782 1129 1787 ¹
1151 1770 1184 1797 de
1203 1780 1314 1796 manum.
1334 1769 1404 1796 vind.
1430 1772 1471 1796 40.
1491 1771 1515 1795 2.
1549 1769 1580 1795 fr.
1602 1771 1642 1795 19.
1662 1779 1701 1806 pr.
1729 1768 1759 1795 fr.
1781 1770 1820 1795 16.
1846 1768 1877 1795 sr.
1896 1771 1938 1795 22.
1962 1768 1994 1795 fr.

262 1813 322 1837 219.
342 1811 385 1838 11'.
406 1814 447 1839 63.
486 1813 603 1848 Quarum
623 1812 745 1850 probatio
765 1814 895 1849 scriptura
915 1812 1107 1850 codicibusque
1128 1804 1129 1839 Ῐ
1151 1815 1192 1839 23.
1212 1814 1233 1847 3.
1257 1815 1278 1839 l.
1307 1812 1339 1838 de
1358 1822 1469 1838 manum.
1495 1816 1597 1838 testam.
1621 1813 1662 1837 40.
1688 1813 1712 1837 4.
1758 1811 1801 1838 III.
1822 1813 1888 1839 Cn.
1919 1811 1996 1838 Sicut

265 1864 354 1880 eorum
382 1856 492 1882 maxime
517 1857 674 1882 continetur.
703 1856 734 1882 fr.
754 1858 777 1882 9.
804 1855 826 1890 3.
846 1859 870 1882 2.
896 1856 928 1883 de
947 1855 1058 1883 edendo.
1081 1858 1106 1882 2.
1128 1851 1129 1881 l
1151 1856 1294 1883 dominium
1314 1866 1367 1882 non
1386 1860 1476 1892 potest
1495 1856 1546 1881 nisi
1565 1865 1597 1881 ex
1617 1865 1668 1881 una
1687 1864 1764 1881 causa
1779 1856 1940 1891 contingere,
1958 1855 1994 1881 ita

266 1899 305 1923 13.
344 1897 587 1925 Constitutionibus
608 1898 759 1935 Principum
779 1900 929 1926 continetur
948 1904 996 1925 etc.
1023 1899 1053 1926 fr.
1064 1901 1106 1925 24.
1128 1890 1129 1923 l
1152 1905 1177 1926 et
1201 1899 1339 1937 possidere.
1363 1903 1412 1925 etc.
1450 1898 1480 1925 fr.
1499 1900 1524 1925 3.
1548 1898 1570 1932 3.
1589 1899 1613 1924 4.
1642 1897 1675 1924 dc
1698 1897 1730 1924 A.
1750 1907 1773 1924 v.
1800 1898 1831 1925 A.
1851 1897 1879 1924 P.
1908 1899 1949 1924 41.
1968 1898 1992 1923 2.

265 1940 298 1966 ad
317 1942 414 1967 munic.
439 1943 479 1967 50.
502 1943 523 1968 1.
555 1941 585 1968 fr.
607 1943 629 1967 1.
654 1942 720 1975 3.1.
746 1941 778 1967 de
801 1941 912 1978 pollicit.
941 1944 983 1968 50.
1005 1944 1044 1969 12.
1074 1958 1106 1962 ——
1127 1939 1129 1978 'j
1152 1942 1220 1969 Cum
1238 1942 1302 1969 haec
1327 1941 1403 1968 aliter
1427 1943 1450 1968 ei
1474 1943 1626 1977 contingere
1650 1950 1702 1967 non
1727 1946 1850 1977 possent,
1876 1939 1942 1967 nihil
1961 1949 1993 1966 eo

264 1983 296 2016 §.
311 1985 346 2010 ἓ.
377 1986 541 2015 Retinere,
562 1985 724 2010 coercere.
755 1983 797 2010 111.
813 1986 878 2012 Gn.
905 1984 934 2011 Si
954 1986 1043 2022 operis
1063 1985 1107 2012 ali·
1128 1999 1129 2010 κ
1152 1987 1257 2012 nomine
1275 2001 1308 2005 -
1327 1989 1461 2022 praestare
1481 1984 1586 2011 debere.
1615 1983 1645 2010 fr.
1660 1985 1684 2010 4.
1704 1984 1748 2010 ubi
1767 1993 1829 2020 pup.
1848 1985 1890 2009 27.
1903 1985 1928 2009 2.
1959 1982 1994 2009 Et

265 2026 329 2062 quid
348 2026 425 2053 faciat
444 2028 517 2063 quis.
543 2036 595 2063 quo
614 2028 695 2063 magis
715 2037 807 2063 aquam
827 2032 967 2054 conservet
985 2027 1027 2054 vel
1048 2038 1107 2054 con·
1128 2025 1129 2051 l
1152 2028 1223 2065 quod
1242 2029 1268 2054 in
1287 2029 1375 2065 priore
1395 2032 1514 2065 tempore
1532 2028 1576 2053 vix
1595 2031 1657 2063 post
1677 2026 1877 2062 quadriennium
1900 2026 1994 2063 priori-

265 2070 354 2096 tineat.
383 2069 414 2096 fr.
433 2072 457 2096 3.
478 2080 516 2107 pr.
541 2069 572 2095 cf.
593 2069 622 2096 fr.
645 2072 666 2097 l.
692 2070 714 2104 3.
734 2073 758 2096 4.
779 2070 811 2096 de
830 2071 878 2097 riv.
897 2072 939 2097 43.
959 2073 1000 2097 21.
1043 2070 1107 2108 Spe-
1128 2068 1129 2126 ¹
1152 2072 1201 2098 bus
1221 2071 1397 2107 contingebat,
1417 2086 1449 2090 —
1469 2070 1519 2096 hoc
1538 2078 1586 2095 vos
1606 2079 1619 2095 a
1638 2069 1783 2106 primordio
1801 2068 1992 2105 ingrediamini.

266 2113 332 2139 ciem
351 2114 488 2150 pristinam
509 2122 561 2139 non
581 2115 706 2140 continet.
726 2114 756 2140 l'r.
771 2116 794 2139 5.
815 2113 875 2147 3.1.
896 2113 928 2140 dc
946 2113 978 2140 R.
992 2113 1024 2140 V.
1043 2116 1067 2140 6.
1084 2116 1106 2140 1.
1128 2129 1129 2150 ¹
1152 2114 1270 2141 Prooem.
1290 2113 1308 2140 1.
1328 2114 1350 2147 3.
1369 2115 1393 2139 3.
1423 2113 1548 2139 Omnium
1562 2112 1696 2138 civitatum
1710 2113 1766 2138 iure
1780 2112 1915 2147 contingit,
1935 2112 1994 2145 (im-

267 2156 336 2191 Quia
357 2156 479 2187 heredi-S.
504 2166 571 2192 quos
596 2156 667 2183 volui
688 2156 783 2183 habere
802 2156 879 2189 mihi,
900 2158 1035 2184 continere
1054 2167 1106 2184 non
1151 2157 1266 2195 puberes
1290 2157 1316 2183 in
1340 2156 1422 2183 tutela
1446 2156 1531 2189 esse).
1563 2154 1620 2181 Gai.
1646 2155 1664 2181 I.
1690 2156 1747 2181 189.
1789 2154 1994 2191 contingentem

267 2199 354 2235 potui.
374 2198 424 2231 (M.
444 2198 529 2225 Rufus
549 2199 625 2225 heres
646 2201 729 2232 esto).
761 2200 791 2226 sr.
812 2202 853 2226 92.
878 2199 911 2226 de
936 2199 1025 2227 hcred.
1045 2201 1106 2226 inst.
1129 2191 1130 2230 J
1151 2201 1202 2227 sibi
1221 2205 1331 2237 partem,
1350 2210 1371 2226 s.
1391 2201 1548 2237 portionem,
1569 2198 1695 2234 consequi
1714 2207 1738 2224 v.
1759 2198 1886 2235 accipere.
1906 2197 1937 2224 fr.
1951 2198 1992 2224 16.

265 2243 308 2267 28.
328 2243 351 2267 5.
389 2242 531 2268 Servorum
556 2242 712 2279 obsequium
732 2259 764 2262 —
783 2244 861 2269 iustis
881 2243 1006 2279 operibus
1026 2244 1108 2269 conti·
1129 2236 1130 2274 J
1151 2244 1184 2270 de
1203 2243 1230 2270 S.
1251 2242 1282 2269 C.
1302 2242 1383 2269 Silan.
1403 2244 1444 2269 29.
1464 2244 1488 2269 5.
1513 2252 1535 2268 c.
1556 2243 1596 2267 12.
1615 2240 1707 2277 depos.
1727 2241 1750 2266 4.
1771 2242 1813 2266 34.
1838 2256 1870 2259 —
1900 2240 1930 2273 §-
1952 2241 1992 2267 4.

267 2284 324 2310 neri
348 2289 460 2320 oportet.
498 2284 566 2311 coll.
591 2285 644 2312 LL.
665 2285 698 2312 Μ.
722 2285 765 2312 111.
789 2287 813 2312 3.
852 2285 983 2318 FuriosiS.
1009 2287 1031 2312 si
1056 2296 1107 2312 non
1129 2287 1131 2300 '¹
1152 2288 1319 2317 Accidere,
1339 2287 1488 2312 Evenire.
1526 2284 1545 2311 I.
1566 2285 1627 2318 Sy.
1658 2282 1797 2310 Accidere.
1822 2282 1879 2309 Gai.
1899 2282 1930 2309 II.
1951 2285 1992 2310 74.

266 2327 373 2364 possint
391 2337 438 2363 per
457 2329 620 2354 necessarius
640 2330 777 2360 contineri,
798 2339 828 2355 eo
842 2328 957 2355 remedio
971 2339 1019 2366 per
1033 2328 1108 2356 Prae·
1130 2302 1131 2351 l
1152 2340 1192 2366 sq.
1218 2328 1248 2355 fr.
1269 2331 1292 2354 5.
1313 2328 1336 2362 3
1355 2330 1379 2355 4.
1399 2327 1527 2355 commod.
1548 2328 1587 2352 13.
1608 2327 1631 2352 6.
1658 2326 1687 2352 sr.
1708 2328 1749 2352 41.
1769 2326 1791 2359 5.
1811 2327 1834 2352 7.
1854 2325 1887 2352 de
1905 2325 1991 2352 fideic.

269 2369 353 2396 sidem
373 2370 475 2396 obviam
496 2370 608 2397 eundum
628 2376 680 2403 est,
700 2371 801 2398 scilicet
822 2375 849 2397 ut
869 2381 973 2398 carcere.
993 2373 1108 2398 contine·
1130 2366 1132 2404 l
1152 2372 1216 2399 libb.
1235 2374 1277 2398 40.
1297 2373 1321 2398 5.
1358 2370 1485 2397 Futurum
1505 2380 1571 2397 esse.
1600 2369 1657 2395 Gai.
1672 2369 1702 2395 II.
1715 2370 1774 2395 241.
1806 2368 1928 2395 Inveniri.
1954 2368 1991 2395 lb.

269 2417 352 2439 antur.
381 2412 412 2439 fr.
434 2415 472 2439 13.
493 2414 513 2446 3.
536 2415 558 2439 1.
583 2414 613 2440 fr.
636 2416 675 2440 14.
699 2414 731 2441 dc
750 2415 794 2441 off.
815 2413 902 2441 Praes.
928 2417 950 2441 1.
978 2417 1017 2441 15.
1061 2416 1108 2441 So·
1130 2406 1132 2438 l
1153 2415 1182 2442 ΙΙ,
1205 2416 1262 2441 176.
1282 2424 1322 2450 sq.
1359 2413 1402 2440 111.
1417 2415 1483 2441 011.
1508 2412 1587 2448 Quod
1607 2413 1715 2449 proprie
1733 2413 1760 2438 in
1779 2411 1820 2438 his
1839 2410 1893 2438 sere
1912 2411 1992 2443 rebus

270 2455 325 2481 lent
344 2455 481 2482 Praesides
501 2457 527 2482 in
547 2467 650 2482 carcere
670 2457 844 2483 cotitinendos
864 2457 998 2490 damnare.
1018 2463 1062 2484 aut
1082 2464 1107 2484 ut
1130 2454 1131 2482 Ῑ
1153 2459 1287 2493 contingit.
1320 2456 1356 2483 lb.
1376 2456 1418 2482 111.
1433 2458 1473 2483 90.
1511 2455 1591 2491 Quod
1612 2465 1663 2481 non
1683 2454 1804 2481 similiter
1822 2455 1950 2491 contingit.
1965 2455 1992 2480 in

270 2499 296 2524 in
316 2498 428 2525 vinculis
448 2500 638 2525 confirmantur.
668 2500 697 2525 l'r.
717 2504 740 2526 S.
761 2501 783 2534 3.
803 2502 826 2527 9.
852 2500 884 2527 de
903 2511 980 2537 poen.
1006 2503 1046 2527 45.
1069 2503 1108 2527 19.
1130 2488 1131 2517 l
1154 2506 1203 2527 etc.
1229 2500 1259 2526 fr.
1280 2501 1321 2525 40.
1342 2509 1381 2536 pr.
1401 2498 1434 2525 dc
1453 2498 1541 2536 adopt.
1564 2501 1585 2525 1.
1607 2500 1629 2525 7.
1667 2498 1781 2533 Quoties
1800 2498 1852 2534 ipsi
1870 2498 1992 2524 testatori

271 2557 302 2560 —
322 2542 353 2575 ξ.
377 2543 413 2568 3.
443 2544 624 2569 διιειίιιενε.
656 2543 779 2569 Tenere.
818 2543 836 2570 I.
863 2545 924 2577 sy.
956 2544 991 2569 Se
1010 2548 1108 2576 tenere,
1130 2567 1131 2583 ¹
1153 2543 1252 2580 ailquid
1272 2543 1388 2578 contigit,
1408 2547 1470 2578 puta
1491 2543 1513 2567 si
1533 2542 1664 2567 civitatem
1682 2541 1782 2567 amittat
1801 2545 1850 2567 etc.
1875 2540 1905 2567 fr.
1925 2542 1948 2567 6.
1967 2540 1990 2573 3.

271 2593 294 2610 ν.
316 2583 424 2616 Tem-ri,
445 2584 583 2611 Contine-ri
602 2585 692 2617 (terra,
712 2594 735 2610 v.
756 2587 856 2621 opere).
886 2587 916 2612 fr.
937 2588 977 2613 77.
997 2586 1028 2613 fr.
1047 2589 1107 2613 241.
1152 2589 1176 2612 5.
1201 2586 1234 2612 do
1257 2586 1355 2611 iniusto
1379 2589 1447 2621 rupt.
1471 2586 1513 2611 28.
1532 2585 1557 2610 3.
1605 2584 1634 2610 Si
1657 2583 1720 2610 mihi
1743 2593 1791 2620 per
1814 2582 1991 2610 conditionem

271 2625 304 2652 de
323 2626 354 2652 Υ.
372 2628 398 2653 S.
418 2630 458 2654 50.
475 2630 514 2653 16.
551 2627 632 2653 Terra
652 2628 786 2653 continere
806 2638 834 2654 se
853 2629 983 2661 desinere.
1004 2629 1106 2667 I'ercipi
1129 2617 1130 2643 l
1152 2629 1289 2655 hmnanam
1308 2628 1453 2662 contigerit.
1485 2626 1515 2653 fr.
1535 2628 1576 2653 38.
1601 2627 1622 2661 5.
1642 2629 1666 2652 2.
1696 2626 1728 2653 de
1747 2636 1809 2653 auro
1829 2635 1880 2662 arg.
1903 2626 1945 2652 34.
1964 2626 1988 2651 2.

271 2668 412 2701 (fruetus).
432 2670 462 2696 fr.
484 2673 524 2696 78.
543 2670 576 2697 de
594 2669 625 2696 R.
646 2669 677 2696 V.
697 2672 720 2696 6.
742 2671 764 2695 1.
802 2670 843 2697 111,
861 2673 925 2699 Cn.
946 2672 981 2698 Yt
1000 2682 1047 2709 per
1066 2682 1108 2699 co·
1128 2681 1129 2699 ¹
1153 2671 1233 2707 Quod
1252 2674 1387 2696 senectute
1407 2670 1528 2705 contigit,
1547 2669 1589 2695 vel
1609 2669 1709 2696 morbo.
1738 2669 1768 2695 i'r.
1788 2672 1811 2695 5.
1831 2669 1852 2703 3.
1873 2670 1896 2694 4.
1922 2677 1990 2694 com-

272 2711 360 2737 lonum
378 2714 514 2747 possessio
534 2714 593 2746 (et)
614 2714 782 2744 retineretur.
807 2718 832 2738 vt
858 2715 1043 2741 contineretur.
1075 2714 1106 2741 fr.
1128 2710 1129 2747 l
1151 2713 1220 2740 mod.
1241 2714 1280 2739 13.
1295 2715 1318 2738 6.
1351 2712 1379 2739 Si
1394 2712 1524 2744 incendio⁷
1544 2712 1586 2738 vel
1600 2713 1673 2738 ruina
1693 2711 1793 2748 aliquid
1812 2711 1927 2745 contigit,
1947 2710 1989 2737 vel

270 2755 312 2780 40.
332 2754 391 2787 5.1.
411 2754 443 2780 de
456 2756 485 2782 Λ.
500 2766 524 2782 v.
538 2757 569 2782 Α.
585 2755 612 2782 P.
632 2757 708 2782 4l.2.
736 2755 817 2791 Magis
832 2756 1010 2791 rrlIgIonibus,
1030 2768 1107 2794 quam
1151 2755 1258 2792 aliquod
1278 2755 1398 2781 ‹lamnum
1419 2754 1502 2781 fatale.
1529 2756 1559 2781 fr.
1579 2757 1602 2781 5.
1623 2755 1644 2788 5.
1665 2756 1688 2780 4.
1708 2754 1725 2781 l.
1746 2755 1786 2780 13.
1806 2754 1829 2780 6.

272 2796 367 2823 officiis
387 2812 418 2815 -
442 2802 558 2824 nostram
581 2809 662 2836 remp.
687 2799 823 2825 contineri.
857 2798 906 2825 Th.
931 2799 961 2826 C.
986 2800 1027 2826 ΚΧ
1038 2800 1056 2827 1.
1081 2804 1105 2827 2.
1186 2798 1432 2826 continuare.
1474 2800 1688 2832 Perpetuare,
1719 2799 1794 2824 Sine
1821 2797 1989 2822 intermis-

273 2850 294 2867 c.
313 2841 353 2866 16.
373 2839 405 2866 de
425 2840 503 2876 episc.
524 2841 585 2867 eccl.
1150 2844 1241 2869 sione
1260 2844 1471 2877 coniungere,
1490 2843 1538 2868 vel
1555 2841 1714 2875 persequi.
1750 2839 1769 2865 I.
1785 2839 1847 2873 Sy.
1873 2838 1989 2866 Coniun-
