2197 3121
290 189 354 220 500

289 280 430 306 greseor.
467 269 485 296 I.
506 271 568 305 Sy.
595 268 712 306 Irreptor
729 268 894 305 (agrorum.)
923 268 974 296 Th.
994 267 1025 295 C.
1045 267 1075 295 11.
1094 269 1137 300 26,

292 324 314 340 c.
336 316 357 340 l.
377 323 417 349 sq.
437 311 541 345 (ch)
560 312 603 338 lin.
625 312 733 349 regund.
754 312 915 350 Occupator.
936 312 976 338 Cf.
990 311 1014 338 b.
1034 322 1059 338 v.
1091 311 1135 338 111.
1159 335 1161 343 ,

292 358 359 385 (1η.
384 356 500 382 Iniustus
519 365 676 392 possessor,
700 355 743 382 vel
762 357 915 382 temerarius
935 356 1048 381 invasor.
1070 364 1092 381 c.
1111 356 1136 380 2.

293 404 319 426 ut
340 408 414 424 nemo
435 399 527 435 privat.
548 400 571 424 2.
588 400 626 425 16.
641 399 672 425 cf.
694 398 744 425 Th.
760 398 790 425 C.
804 398 848 425 IV.
865 400 903 425 18.
925 408 945 424 c.
968 399 990 424 l.
1010 397 1043 423 de
1058 396 1135 423 fruct.

293 446 317 468 et
332 441 368 467 lit.
383 451 442 478 exp.
480 440 599 467 Genialis
619 441 689 468 thori
709 452 739 468 ac
757 441 847 468 lectuli
867 443 973 468 invasor
988 440 1073 467 alieni.
1098 439 1135 466 lb.

293 484 336 510 IX.
356 484 398 509 38.
419 494 439 510 c.
459 485 483 510 6.
504 483 536 510 (16
556 484 653 520 indulg.
674 485 745 511 crim.

328 528 503 554 lnvasus.
541 526 662 560 <Pan-tic.)
700 527 742 554 Cf.
762 538 787 554 v.
806 526 940 554 Invadere.
966 526 987 560 ξ.
1007 527 1031 552 2.

328 571 522 597 Invertus.
560 570 690 604 (Partic.)
722 572 766 597 1111
775 576 939 604 portatus.
976 569 995 596 1.
1016 570 1078 603 Sy.
1098 568 1137 595 In·

292 617 366 639 vecta
387 617 413 639 rt
431 612 510 640 illata.
542 612 647 640 Frivola
661 613 750 647 (mea.)
771 612 812 639 Cf.
825 623 848 639 v.
862 611 995 639 Frivolus.
1020 611 1137 643 luducta,

292 655 374 682 lllata.
395 655 508 683 Invecta.
528 656 559 683 fr.
573 658 597 683 2.
611 666 670 693 sqq.
691 656 721 682 sr.
736 658 758 682 7.
778 656 800 690 §.
818 657 838 682 1.
858 656 884 681 in
904 665 947 691 qu.
968 665 990 681 c.
1009 656 1080 692 pign.
1094 657 1135 681 20.

291 701 316 724 2.
346 697 387 724 Cf.
412 708 436 725 v.
461 698 571 725 lllatum.
614 699 657 725 111.
677 700 742 726 Gn.
775 699 956 735 Quaecunque
980 699 1006 724 in
1030 697 1136 735 praedia

292 742 396 779 pignori
416 741 483 773 data,
502 741 620 774 inducta,
642 744 753 774 invecta,
773 742 924 778 importata,
944 741 980 767 ibi
1000 746 1075 772 nata,
1094 751 1138 778 pa-

291 789 380 811 ratave
400 789 497 811 essent.
518 784 548 811 fr.
567 787 609 811 32.
630 784 662 811 de
680 785 782 822 pigrior.
796 786 838 810 20.
854 786 876 810 1.
896 784 926 811 fr.
943 786 981 810 14.
1002 783 1054 819 Qu.
1068 783 1135 810 med.

292 828 361 864 pign.
381 830 422 854 20.
442 828 466 853 6.
504 826 594 853 Tacita
615 828 754 854 conventio
775 827 807 853 de
826 828 938 854 invectis
958 826 1047 853 illatis.
1067 826 1098 852 fr.
1111 828 1137 853 3.

291 870 322 896 fr.
343 872 366 896 5.
387 880 426 906 pr.
447 869 476 896 fr.
497 871 520 896 6.
541 871 567 896 iu
587 880 629 907 qu.
650 880 671 896 c.
691 871 761 907 pign.
780 872 822 896 20.
842 872 866 896 2.

328 915 532 941 Invehere.
569 914 600 947 §.
615 914 650 939 l.
671 915 862 947 Importare.
883 912 937 946 (Cf.
953 923 976 939 v.
990 912 1136 945 Invectus.)

290 956 310 982 I.
330 957 392 990 Sy.
412 956 569 993 Deportare‚
589 955 709 983 perferre
728 956 863 990 (merces.)
889 955 919 982 sr.
941 958 998 982 122.
1018 956 1040 990 §.
1062 958 1084 982 l.
1104 955 1137 982 de

291 998 323 1025 V.
344 999 377 1025 0.
398 1001 439 1025 45.
462 1001 483 1025 l.
505 1014 535 1019 —-
555 999 586 1031 §0
606 1000 641 1025 Β.
666 1000 790 1026 Vetere.
827 999 846 1025 Ι.
861 1000 927 1033 Sy·
949 998 1051 1025 Vehere
1071 999 1137 1031 (car-

290 1042 408 1079 pentis)
445 1041 494 1068 Th.
516 1040 633 1068 C.V111.
658 1044 682 1068 5.
712 1052 733 1068 c.
759 1044 799 1068 17.
824 1051 862 1079 pr.
890 1052 910 1068 c.
937 1043 976 1068 18.
1005 1042 1026 1075 ξ.
1053 1043 1075 1067 1.
1105 1040 1137 1067 de

292 1094 371 1111 cursu
389 1084 451 1121 pub.

328 1127 570 1154 Invenditus.
595 1126 725 1161 (Adiect.)
752 1129 821 1154 Nou
840 1129 997 1153 venditus.
1036 1126 1055 1153 1.
1075 1128 1137 1161 Sy.

291 1169 415 1196 lnemtus.
442 1169 483 1196 Cf.
509 1169 533 1196 h.
558 1180 582 1196 v.
624 1169 667 1196 111.
696 1171 762 1197 Cn.
799 1169 847 1201 Vt,
873 1171 895 1196 si
915 1185 947 1189 -
967 1169 1090 1196 venditor
1110 1180 1138 1195 ea

290 1213 397 1250 praedia
417 1214 524 1239 venisse
542 1212 635 1245 nollet,
654 1212 788 1239 invendita
808 1217 904 1239 essent.
925 1211 955 1239 fr.
972 1214 1011 1239 10.
1032 1213 1054 1246 §.
1070 1214 1092 1239 1.
1106 1212 1139 1239 de

291 1265 357 1282 rese.
377 1255 454 1282 vend.
476 1257 515 1282 18.
536 1258 559 1282 5.

327 1298 523 1326 Invenire.
560 1299 592 1332 ξ.
615 1300 650 1325 1.
680 1301 852 1333 Reperire,
884 1299 1139 1333 Deprelcendere.

291 1341 309 1368 1.
329 1342 391 1375 Sy.
416 1341 631 1378 Deprehendcre.
659 1341 700 1368 Cf.
721 1341 745 1368 h.
766 1352 789 1368 v.
810 1341 832 1375 ξ
854 1343 876 1367 1.
917 1342 998 1373 Esse,
1024 1340 1139 1367 Inveniri

291 1385 331 1417 (in
350 1384 517 1416 hereditate.)
538 1384 568 1410 fr.
588 1386 629 1411 65.
649 1395 688 1422 pr.
710 1384 742 1411 de
762 1384 838 1421 legat.
858 1384 876 1411 1.
897 1385 973 1419 (30.)
1010 1383 1053 1410 III.
1073 1385 1138 1412 οη.

290 1426 328 1453 Yt
346 1437 438 1463 aquam
458 1437 598 1463 quaerere,
619 1432 644 1454 et
664 1429 796 1454 inventam
816 1427 913 1454 ducere
932 1427 1017 1454 liceat.
1046 1427 1076 1453 fr.
1097 1429 1137 1454 10.

292 1470 323 1496 cf.
344 1470 374 1496 sr.
394 1472 436 1496 20.
456 1470 477 1503 §.
499 1472 521 1496 l.
542 1469 575 1496 de
595 1470 622 1496 S.
643 1469 671 1496 P.
691 1470 722 1497 R.
742 1472 766 1497 8.
786 1472 810 1497 3.
849 1470 917 1497 Cum
936 1470 1005 1507 apud
1025 1470 1138 1507 aliquem

291 1529 322 1533 -—
344 1512 438 1539 furtiva
462 1522 505 1539 res
530 1514 647 1549 quaesita
673 1518 699 1540 et
722 1515 827 1540 iuventa
852 1518 900 1540 est.
939 1513 996 1540 Gai.
1016 1513 1059 1540 111.
1080 1514 1137 1539 186.

292 1557 349 1582 192.
369 1565 408 1592 sq.
428 1554 500 1582 Paul.
520 1555 550 1582 ΙΙ.
570 1558 612 1582 31.
632 1556 669 1590 ἑξ.
686 1557 710 1583 3.
731 1558 755 1583 5.
793 1556 848 1583 Nec
868 1557 1011 1588 iuvenisse,
1032 1566 1079 1582 nec
1099 1566 1138 1582 re-

291 1599 395 1635 cepisse
415 1598 500 1635 (quod
519 1609 567 1636 per
586 1609 644 1625 eum
664 1604 735 1625 esset
755 1600 937 1636 adquisitum.)
961 1599 991 1625 fr.
1011 1601 1052 1625 35.
1072 1600 1093 1633 ξ.
1113 1601 1137 1625 2.

291 1641 323 1667 de
344 1640 374 1667 N.
395 1640 426 1667 G.
445 1643 469 1668 3.
490 1643 513 1668 5.
557 1641 624 1668 Cum
648 1641 778 1668 fructibus
803 1643 918 1668 inventis
942 1643 968 1668 in
992 1641 1138 1668 hereditate

291 1684 378 1716 (bona
398 1684 518 1721 capere.)
544 1684 573 1710 fr.
595 1686 635 1710 15.
660 1684 693 1711 de
716 1685 785 1721 vulg.
807 1690 832 1711 et
850 1695 914 1722 pnp.
933 1686 976 1711 28.
996 1686 1019 1711 6.
1058 1684 1138 1720 Quod
1160 1707 1161 1710 ,

291 1726 393 1753 dicatur
412 1728 471 1763 quis
491 1727 642 1754 thesaurum
662 1728 804 1754 invenisse.
824 1728 854 1754 fr.
872 1730 892 1754 l.
913 1738 951 1765 pr.
971 1727 1001 1754 fr.
1015 1729 1039 1754 3.
1060 1728 1081 1762 ξ
1097 1729 1137 1754 11.

291 1769 324 1796 de
343 1771 399 1796 iure
417 1770 484 1796 fisci.
505 1772 545 1797 49.
568 1772 607 1797 14.
644 1769 770 1797 Habenda
791 1771 911 1807 quaestio
931 1775 980 1802 est,
1002 1775 1031 1796 ut
1050 1770 1138 1797 caedis

290 1813 428 1839 mandator
451 1813 562 1839 inveniri
587 1814 682 1850 possiL
711 1813 784 1840 Paul.
811 1813 852 1840 Ill.
877 1816 901 1840 5.
926 1814 947 1847 §
974 1815 1013 1839 12.
1050 1812 1087 1839 Vt
1109 1829 1137 1834 -

292 1857 483 1893 quamprimum
503 1857 619 1882 inveniat
636 1858 685 1889 (sc.
700 1855 821 1890 Praetor)
840 1866 1030 1882 successorem.
1050 1856 1081 1883 fr.
1098 1858 1137 1883 10.

291 1897 325 1924 de
349 1899 405 1924 iure
424 1898 502 1925 delib.
522 1901 565 1925 28.
585 1900 608 1925 8.
630 1898 661 1925 cf.
687 1899 716 1925 fr.
739 1901 760 1925 1.
785 1909 824 1937 pr.
850 1899 882 1925 de
908 1909 960 1925 cur.
984 1898 1076 1925 surius.
1096 1901 1138 1926 27.

292 1942 333 1967 10.
365 1940 394 1967 Si
414 1942 559 1968 sessionem
579 1943 709 1969 invenerit
727 1951 775 1978 pro
790 1942 922 1968 tribunali.
943 1941 1027 1968 Vatic.
1041 1943 1064 1976 ς.
1080 1943 1136 1968 163.
1159 1954 1161 1965 ι

290 1983 360 2010 lllud
379 1984 512 2011 diversum
533 1986 672 2013 invenitur,
693 1985 753 2021 quia
773 1989 820 2011 etc.
841 1984 898 2011 Gai.
918 1984 947 2011 11.
969 1986 1026 2011 177.
1064 1984 1138 2011 lure·
1159 1975 1160 1998 3
1182 1983 1242 2010 Non
1261 1985 1319 2011 sine
1337 1984 1434 2011 rubore
1458 1984 1653 2018 (desiderare.)
1681 1984 1711 2011 sr.
1731 1987 1755 2011 8.
1780 1985 1801 2019 §.
1821 1986 1845 2011 6.
1883 1983 1934 2019 Qu.
1954 1982 2025 2010 mod.

291 2027 344 2059 nio,
364 2036 384 2053 s.
405 2027 563 2055 Invenimus.
583 2029 740 2064 rescriptum
753 2032 801 2054 etc.
828 2027 913 2054 Vatic.
932 2028 953 2062 ς’.
976 2029 1033 2054 189.
1054 2027 1084 2054 fr.
1097 2030 1137 2054 14.

291 2070 313 2103 ξ.
333 2071 355 2095 4.
377 2069 409 2096 ad
428 2070 455 2096 S.
464 2070 493 2096 C.
515 2069 594 2096 Treb.
614 2072 656 2097 36.
679 2072 699 2096 l.
725 2071 754 2096 l'r.
774 2072 797 2096 2.
823 2071 845 2104 ξ.
865 2073 906 2097 47.
926 2070 958 2097 ad
977 2070 1043 2097 S.C.
1064 2070 1137 2097 Tert.

290 2114 333 2139 38.
355 2115 393 2139 17.
415 2130 445 2133 —
466 2114 497 2147 ξ.
514 2114 598 2139 LA.
621 2114 792 2145 Naue-issi,
813 2115 946 2148 Compos
960 2115 1057 2150 fieri.
1095 2113 1136 2140 111.
1159 2123 1160 2136 ι

292 2156 359 2183 011.
380 2155 408 2182 Si
426 2166 455 2182 ea
475 2160 554 2187 esset,
575 2165 641 2192 quae
661 2155 740 2181 aliubi
761 2157 866 2192 nuptias
886 2166 938 2182 non
958 2156 1033 2183 facilc.
1050 2157 1138 2193 possit

291 2198 417 2224 iuvenire.
442 2199 473 2225 fr.
493 2200 534 2225 64.
556 2199 577 2232 ξ
600 2201 620 2225 l.
641 2198 673 2225 (le
694 2198 768 2225 cond.
789 2204 815 2225 ct
834 2199 900 2225 dem.
920 2201 961 2225 35.
983 2201 1005 2226 1.
1043 2199 1072 2226 Si
1093 2200 1137 2236 qui

291 2250 340 2278 per
363 2243 506 2277 potentiam
535 2241 678 2268 adversarii
705 2252 757 2268 non
786 2243 904 2268 invenire
929 2252 957 2268 se
982 2241 1137 2269 advocatum

292 2282 369 2309 dicat.
391 2282 420 2309 fr.
440 2285 463 2309 9.
483 2284 504 2317 ξ.
519 2286 543 2310 5.
564 2284 596 2310 de
615 2285 658 2311 off.
680 2284 754 2311 Proc.
775 2290 800 2311 et
812 2284 874 2321 Leg.
890 2287 912 2311 l.
928 2286 967 2311 16.
988 2284 1018 2311 fr.
1035 2287 1056 2311 l.
1076 2286 1098 2319 ᾗ.
1112 2287 1136 2312 4.

292 2325 325 2352 dc
343 2325 442 2363 postul.
461 2328 486 2352 3.
508 2328 529 2352 1.
571 2327 776 2359 Snstinmnlum,
801 2327 885 2354 donec
909 2328 996 2364 possit
1019 2329 1137 2354 invenire

291 2368 472 2395 fideiussores.
493 2368 523 2395 sr.
542 2372 566 2395 2.
587 2370 608 2403 ξ.
628 2372 652 2397 9.
672 2371 704 2397 de
723 2370 810 2396 rollat.
831 2371 892 2396 bon.
912 2372 953 2396 37.
973 2372 996 2396 6.
1018 2370 1048 2397 cs.
1068 2371 1098 2397 sr.
1112 2373 1135 2397 2.

291 2412 314 2446 §.
334 2413 357 2438 6.
378 2411 410 2437 dc
429 2410 507 2437 indic.
527 2413 550 2437 5.
573 2414 594 2437 1.
632 2413 660 2439 Si
685 2423 770 2450 neque
794 2413 864 2440 domi
889 2413 967 2439 babet
986 2415 1040 2445 (sc.
1060 2424 1137 2451 pecu·
1158 2427 1160 2446 ς

291 2456 388 2486 niam.)
409 2464 494 2491 neque
513 2455 627 2480 inveniat
648 2456 811 2484 creditorem.
834 2456 863 2483 fr.
888 2458 942 2482 137.
967 2456 988 2490 ξ.
1008 2457 1032 2482 4.
1053 2456 1085 2482 de
1105 2456 1136 2483 V.

292 2498 325 2524 Ο.
345 2500 386 2523 45.
408 2499 430 2523 1.
468 2497 497 2523 Si
521 2498 585 2523 satis
615 2507 722 2534 opernm
748 2500 840 2525 civitas
860 2499 967 2531 babeat,
987 2504 1013 2525 ct
1031 2509 1084 2525 non
1103 2499 1137 2526 fa-

293 2540 343 2567 cile
362 2540 394 2566 ad
417 2539 559 2567 reficienda
585 2550 612 2566 ea
633 2542 742 2577 pecnnia
767 2542 920 2568 inveniatur.
945 2541 976 2568 sr.
997 2544 1020 2568 7.
1045 2552 1084 2579 pr.
1104 2542 1136 2569 dc

293 2593 354 2619 opp.
374 2582 436 2619 pub.
455 2585 496 2609 50.
519 2585 558 2609 10.
596 2582 654 2609 Nisi
673 2584 739 2609 intra
760 2589 858 2610 cri-tum
878 2589 982 2622 tempus
1001 2584 1136 2611 meliorem

294 2625 471 2651 conditionem
495 2626 649 2652 invenisset.
675 2625 704 2651 l'r.
724 2628 748 2651 3.
788 2627 838 2661 Qu.
863 2627 931 2654 mod.
955 2629 1024 2665 pign.
1049 2630 1091 2654 20.
1111 2630 1134 2654 6.

294 2667 361 2693 Cum
381 2669 470 2704 utique
491 2678 538 2705 pro
553 2668 682 2695 fruetuum
699 2668 777 2694 morlo
798 2670 909 2704 pretium
929 2671 1083 2697 inventurus
1101 2672 1136 2697 sit

293 2711 342 2742 (sc.
363 2710 480 2743 fundus)
500 2711 530 2737 l'r.
553 2713 590 2736 13.
611 2711 643 2737 de
669 2711 722 2737 reb.
749 2721 800 2737 cor.
822 2721 864 2747 qn.
885 2722 905 2737 s.
931 2718 978 2739 tut.
997 2715 1039 2740 27.
1058 2715 1082 2739 9.
1103 2712 1134 2739 cf.

293 2751 324 2778 fr.
343 2754 367 2778 3.
388 2762 425 2788 pr.
446 2754 477 2779 ad
496 2753 525 2779 L.
546 2753 615 2779 Falc.
635 2756 676 2780 35.
696 2756 720 2780 2.
746 2770 777 2773 -
802 2754 833 2786 §.
854 2755 888 2781 l·
903 2756 946 2780 Β.
972 2757 1133 2788 Inveniri,

294 2795 310 2820 i.
329 2804 350 2820 e.
371 2796 549 2828 Adparere,
569 2799 718 2823 Probari.
757 2797 774 2823 I.
788 2798 849 2831 Sy.
870 2796 1008 2829 convinci,
1028 2798 1133 2825 Nocens

294 2837 412 2863 inveniri.
433 2836 489 2863 Gai.
508 2838 526 2864 1.
549 2841 585 2865 13.
606 2839 666 2871 le.
680 2839 698 2866 1.
721 2841 759 2866 11.
796 2840 863 2866 Esse
883 2840 936 2873 (sui
954 2840 1040 2873 iuris.)
1059 2840 1090 2867 fr.
1110 2842 1131 2866 1.

1120 186 1199 218 INS.

1183 269 1204 303 §.
1217 270 1260 295 20.
1279 273 1308 295 ut
1327 267 1402 305 legat.
1422 278 1490 296 serv.
1511 279 1531 296 c.
1551 270 1593 296 36.
1613 270 1636 296 3.
1674 269 1716 298 ΙΙΙ.
1732 271 1798 298 Cn.
1822 270 1851 298 Si
1870 281 1960 298 verum
1979 271 2025 298 ali-

1183 316 1223 338 ter
1241 321 1294 338 uon
1313 312 1453 343 invenitur,
1473 312 1626 345 (credantur
1645 313 1708 345 cte.)
1732 313 1763 340 fr.
1782 316 1806 340 2.
1827 314 1849 348 §.
1870 316 1892 340 1.
1917 314 1949 341 de
1968 316 2025 341 iure

1182 354 1248 380 fisci.
1273 356 1314 381 49.
1342 355 1382 381 14.
1423 353 1531 382 Nullum
1554 360 1659 393 tempus
1683 356 1810 388 inveniri,
1836 366 1887 393 quo
1911 358 2024 394 (pignus

1183 397 1368 424 convalescere
1391 398 1503 434 possit.)
1532 397 1561 425 fr.
1581 400 1610 435 9.
1631 399 1653 432 ξ.
1672 399 1696 425 3.
1734 398 1787 434 Qui
1811 401 1907 436 potior.
1932 402 1975 426 20.
1999 401 2024 426 4.

1182 440 1266 466 Cuius
1285 450 1347 477 pars
1367 450 1419 466 uon
1443 441 1586 473 invenitur,
1612 451 1678 477 quac
1702 443 1786 479 repeti
1811 443 1904 479 possit.
1933 442 1962 469 fr.
1982 444 2024 469 84.

1181 493 1220 520 pr.
1241 482 1274 509 de
1292 482 1324 509 R.
1344 482 1362 509 1.
1387 485 1429 509 50.
1450 485 1490 510 17.
1532 483 1561 510 Si
1585 484 1718 511 filiusfam.
1739 499 1773 504 --
1791 486 1884 511 mortis
1907 490 2026 523 tempore

1181 525 1315 563 paterl'am.
1335 527 1491 552 inveniatur.
1516 526 1545 553 sr.
1567 529 1589 553 1.
1609 528 1630 561 §.
1650 529 1672 554 8.
1694 527 1726 553 de
1745 527 1776 553 B.
1796 526 1824 553 P.
1845 537 1866 554 s.
1885 532 1903 553 t.
1922 529 1964 554 37.
1984 529 2025 554 11.

1182 568 1214 595 cf.
1234 569 1264 595 fr.
1281 571 1319 595 11.
1340 569 1361 603 §.
1376 570 1400 595 6.
1421 569 1453 595 de
1472 568 1533 596 don.
1552 571 1599 596 int.
1619 569 1706 596 1³:24.
1729 572 1751 597 1.
1790 570 1866 606 Quae
1884 580 1954 597 nune
1967 580 2026 607 pro-

1182 613 1250 638 xima
1273 612 1418 643 invenitur,
1443 622 1501 638 cum
1525 616 1607 639 mater
1632 612 1760 650 repudiat.
1787 614 1816 639 fr.
1835 615 1860 640 2.
1885 614 1906 647 §.
1926 615 1968 640 22.
1994 612 2026 640 ad

1182 654 1248 681 S.C.
1269 654 1341 681 Tert.
1360 657 1402 681 38.
1425 656 1463 681 17.
1491 670 1521 674 ——
1549 655 1580 687 §.
1600 656 1635 682 2.
1659 657 1884 691 Excogitare,
1915 657 2026 683 Intro·

1180 700 1300 724 ducere.
1337 697 1380 724 111.
1401 699 1466 725 Cn.
1496 697 1525 724 Si
1549 697 1626 724 aliter
1650 698 1822 730 observetur,
1849 699 1953 725 inventa
1977 699 2027 725 erit

1181 742 1256 773 ratio,
1276 740 1494 777 quemadmodum
1508 745 1558 767 etc.
1579 740 1609 767 fr.
1625 743 1646 767 1.
1666 742 1687 775 §.
1701 743 1725 768 5.
1746 741 1778 768 de
1793 741 1871 768 Carb.
1892 741 1970 768 edict.
1983 742 2026 768 37.

1184 785 1222 809 10.
1242 783 1274 810 cf.
1294 783 1325 810 fr.
1345 785 1368 809 5.
1387 784 1409 817 ς’.
1429 786 1452 810 5.
1474 783 1506 810 de
1525 784 1579 810 reb.
1600 793 1653 810 eor.
1674 794 1717 820 qu.
1738 794 1758 810 s.
1780 789 1827 811 tut.
1841 786 1882 811 27.
1898 786 1922 811 9.
1950 783 2027 811 Prae-

1181 825 1275 853 cedere
1294 826 1373 852 debet
1391 827 1418 852 iu
1438 828 1537 853 crimen
1556 826 1727 864 subscriptio,
1748 838 1813 864 quae
1830 837 1873 854 res
1893 827 1925 854 ad
1944 826 1971 854 id
1990 827 2027 853 in-

1180 874 1258 896 venta
1277 874 1333 900 est.
1353 879 1385 895 ne
1405 874 1454 896 ete.
1474 869 1504 896 sr.
1525 871 1548 896 7.
1568 879 1607 906 pr.
1628 869 1661 896 de
1680 875 1792 897 accusat.
1812 871 1853 898 48.
1872 873 1897 897 2.
1934 870 2027 897 Iuven-

1182 917 1222 938 tae
1241 916 1303 938 sunt
1322 911 1472 939 huiusmodi
1492 912 1667 948 obligationes
1687 912 1718 939 ad
1739 912 1797 945 hoc,
1817 918 1845 939 ut
1865 918 1913 940 etc.
1933 912 1964 939 fr.
1983 914 2025 940 38.

1181 955 1202 988 ξ.
1230 956 1270 981 17.
1298 954 1331 981 de
1354 953 1385 981 V.
1406 955 1439 982 O.
1462 956 1503 981 45.
1530 957 1552 982 l.
1594 954 1755 992 Pragmatica
1778 957 1894 988 sanctio,
1924 965 1990 992 quae
2013 965 2027 982 a

1183 997 1295 1024 Proculo
1321 1013 1353 1018 —
1377 999 1427 1024 rite
1452 1002 1493 1024 est.
1517 999 1636 1030 inventa.
1661 1004 1687 1024 et
1711 998 1743 1025 ad
1762 998 1900 1036 Imperiale
1924 998 2027 1025 culmen

1182 1040 1262 1066 relata
1283 1045 1331 1066 cst.
1361 1039 1430 1066 Nor.
1448 1042 1491 1067 35.
1516 1051 1537 1068 c.
1559 1043 1581 1068 l.
1601 1041 1633 1068 cs.
1658 1041 1707 1068 Th.
1729 1041 1759 1068 C.
1780 1041 1825 1068 IX.
1847 1043 1886 1068 10.
1909 1052 1931 1068 c.
1950 1043 1975 1068 3.
1995 1040 2028 1068 ad

1182 1083 1211 1110 L.
1233 1083 1279 1110 lut.
1300 1083 1333 1109 de
1352 1084 1379 1109 vi
1397 1083 1460 1120 pub.

1218 1127 1501 1154 Inventarium.
1544 1128 1757 1154 Enumeratio
1780 1137 1816 1154 co
1829 1129 2027 1162 nse-ripen,

1182 1171 1354 1196 Elenclcus.
1393 1168 1411 1195 1.
1432 1170 1494 1203 Sy.
1507 1168 1700 1207 Repertorium.
1720 1170 1750 1196 fr.
1766 1171 1788 1196 7.
1808 1180 1847 1206 pr.
1868 1169 1900 1196 de
1919 1169 1986 1196 adm.
2002 1174 2029 1196 et

1183 1222 1238 1249 per.
1257 1213 1299 1238 26.
1320 1214 1344 1239 7.
1381 1211 1423 1238 ΙΙΙ.
1441 1213 1507 1240 Gn.
1528 1211 1596 1238 Cum
1615 1223 1701 1250 neque
1719 1214 1863 1239 inventaria
1882 1223 1968 1250 neque
1987 1222 2028 1240 au-

1184 1254 1306 1282 ctionalia
1325 1254 1500 1292 proferentur.
1527 1254 1557 1282 fr.
1579 1257 1601 1282 l.
1626 1256 1648 1290 ξ.
1667 1257 1691 1282 3.
1711 1255 1744 1282 de
1762 1260 1810 1281 tut.
1832 1260 1857 1281 et
1876 1260 1922 1282 rat.
1941 1257 1983 1282 27.
2002 1256 2028 1281 3.

1184 1298 1216 1325 cf.
1236 1298 1267 1325 fr.
1286 1299 1328 1324 32.
1348 1308 1387 1335 pr.
1412 1297 1442 1324 fr.
1462 1299 1503 1324 57.
1523 1307 1562 1334 pr.
1589 1297 1622 1324 dc
1641 1298 1706 1325 adm.
1726 1302 1752 1324 et
1770 1308 1824 1335 per.
1843 1300 1885 1324 26.
1907 1300 1930 1324 7.
1967 1297 2029 1324 Nou

1184 1346 1212 1367 ut
1231 1340 1384 1367 describant
1403 1342 1460 1378 ipsa
1480 1349 1592 1377 corpora
1614 1341 1861 1373 instrumentorum,
1892 1340 1939 1368 sed
1964 1345 2029 1378 quot
2062 1358 2067 1361 .

1183 1385 1250 1416 sint,
1275 1383 1308 1410 de
1327 1394 1377 1420 qua
1396 1394 1424 1410 re
1443 1385 1510 1416 sint,
1534 1383 1679 1410 subnotent
1703 1383 1754 1410 sibi
1774 1388 1800 1410 et
1818 1385 1893 1420 quasi
1912 1385 2029 1410 inventa-

1184 1428 1250 1453 rium
1274 1426 1376 1453 faciant.
1402 1426 1432 1453 fr.
1454 1428 1494 1453 15.
1519 1437 1557 1464 pr.
1578 1426 1611 1453 de
1635 1426 1689 1453 reb.
1710 1431 1777 1453 auct.
1797 1427 1849 1454 iud.
1869 1429 1910 1454 42.
1930 1429 1954 1453 5.
1992 1426 2029 1454 Vt

1183 1480 1231 1496 uec
1249 1470 1422 1496 inventarium
1441 1470 1572 1501 minuere,
1596 1479 1645 1496 nec
1668 1475 1781 1503 mutare,
1806 1470 1849 1496 vel
1873 1470 2029 1497 subtrahere

1183 1512 1283 1550 aliquid
1307 1514 1398 1546 (tutor
1416 1512 1527 1546 valeat.)
1553 1523 1574 1539 c.
1593 1514 1635 1539 22.
1661 1512 1694 1539 de
1713 1512 1779 1540 adm.
1799 1518 1847 1540 tut.
1866 1515 1890 1540 5.
1909 1515 1951 1540 37.
1988 1513 2029 1540 Ex

1182 1557 1329 1582 inventario
1353 1556 1515 1589 (convenire
1538 1555 1700 1589 debitores.)
1725 1555 1755 1582 fr.
1775 1558 1817 1583 57.
1837 1566 1876 1593 pr.
1905 1556 1938 1583 de
1960 1556 2027 1583 adm.

1183 1603 1209 1624 et
1227 1608 1283 1636 per.
1303 1600 1345 1625 26.
1366 1600 1388 1625 7.

1218 1643 1418 1669 Inventor.
1459 1643 1521 1674 Qui
1539 1643 1664 1675 reperit
1683 1644 1823 1676 aliquid.
1859 1641 1878 1668 I.
1899 1643 1962 1677 Sy.
1992 1641 2027 1674 Is,

1183 1685 1227 1721 qui
1247 1685 1348 1710 invenit
1368 1684 1562 1717 (thesaurum.)
1588 1683 1619 1710 fr.
1640 1685 1681 1710 63.
1701 1695 1741 1721 pr.
1761 1685 1798 1719 §§.
1819 1686 1840 1711 l.
1860 1694 1919 1722 sqq.
1944 1684 1977 1711 de
1995 1684 2027 1711 A.

1182 1727 1214 1755 R.
1234 1727 1268 1753 D.
1288 1729 1329 1753 41.
1351 1729 1373 1754 1.
1394 1727 1415 1761 §.
1434 1728 1476 1754 39.
1496 1726 1514 1753 Ι.
1534 1726 1567 1753 de
1586 1725 1617 1753 R.
1638 1726 1671 1753 D.
1691 1729 1717 1753 2.
1737 1730 1760 1754 1.

1218 1772 1438 1798 Inventum.
1481 1769 1608 1803 (Subst.)
1653 1771 1884 1802 Commeatum,
1912 1772 2027 1797 Statu-

1183 1819 1258 1839 tum.
1296 1812 1338 1839 ΙΙΙ.
1359 1814 1425 1841 011.
1449 1812 1558 1839 Inventa
1581 1813 1708 1839 maiorum
1728 1813 1914 1846 (obscuritatis
1934 1813 2028 1839 iniuria

1182 1855 1337 1889 vindicare.)
1357 1855 1450 1882 Const.
1473 1855 1522 1882 Th.
1542 1855 1574 1882 11.
1594 1855 1627 1882 de
1646 1855 1695 1882 Th.
1717 1855 1748 1882 C.
1767 1860 1834 1882 auct.
1854 1855 1946 1890 (ch.
1965 1855 1988 1890 §.
2001 1856 2026 1890 4,

1182 1899 1499 1969 Ptlliizwrecunde.
1531 1941 1644 1975 (Advb.)
1681 1943 1897 1976 Impudeuter.
1928 1940 1946 1967 1.
1963 1941 2025 1975 Sy·

1182 2028 1252 2064 pign.
1271 2030 1313 2054 20.
1333 2028 1357 2053 6.
1384 2027 1414 2054 fr.
1434 2029 1458 2054 3.
1478 2028 1500 2062 §.
1519 2029 1543 2054 4.
1565 2028 1598 2054 (16
1616 2037 1688 2054 usur.
1707 2029 1748 2054 22.
1771 2029 1793 2053 l.
1831 2026 1930 2053 Contra
1949 2025 2024 2063 pudi-

1183 2071 1269 2096 citiam
1288 2071 1377 2103 (scxui
1391 2071 1598 2106 congruentem.)
1618 2070 1648 2096 fr.
1664 2072 1686 2096 1.
1706 2070 1728 2103 ξ.
1743 2071 1766 2095 5.
1787 2068 1819 2095 (16
1838 2068 1971 2105 postul.3.
1984 2071 2007 2096 1.
2036 2066 2040 2068 .

1218 2114 1519 2140 luverecundus.
1558 2112 1686 2145 (Adiect.)
1724 2114 1914 2145 Impudens,
1934 2114 2024 2139 Inde-

1181 2165 1286 2181 corus.
1323 2154 1365 2180 111.
1387 2156 1452 2182 Gn.
1479 2153 1687 2181 Inverecundum
1706 2158 1760 2185 (θεῖς
1792 2154 1868 2180 deret
1887 2155 1956 2181 enim
1975 2159 2024 2182 etc.

1182 2198 1212 2224 fr.
1231 2200 1273 2224 23.
1293 2197 1325 2224 (16
1344 2197 1420 2234 legat.
1440 2197 1481 2224 111.
1503 2198 1579 2231 (32.)
1600 2197 1631 2224 cf.
1656 2196 1686 2223 fr.
1705 2198 1747 2223 22.
1768 2196 1800 2223 de
1820 2197 1908 2224 lit-red.
1927 2202 1980 2235 pet.
1999 2199 2024 2225 5.

1181 2242 1206 2267 3.
1243 2240 1421 2267 Inverecnnda
1439 2245 1575 2278 petentum
1594 2240 1710 2267 inhiatio.
1731 2239 1781 2266 Τ1ι.
1793 2239 1824 2266 C.
1837 2240 1871 2267 X.
1886 2242 1926 2267 10.
1946 2251 1968 2268 c.
1984 2242 2023 2268 15.

1182 2284 1214 2311 de
1233 2285 1307 2322 petit.
1328 2289 1354 2310 et
1373 2283 1442 2310 ultro
1463 2283 1514 2310 dat.

1218 2327 1472 2361 investigare.
1492 2328 1681 2360 Inquirerc,
1702 2327 1904 2360 Perquirere.
1931 2325 2024 2362 LSy·

1181 2370 1317 2407 Inquirere
1336 2369 1503 2406 (fugitivos.)
1528 2368 1569 2395 Cf.
1589 2367 1613 2394 h.
1634 2378 1657 2394 v.
1678 2369 1699 2402 §.
1719 2371 1744 2394 2.
1780 2368 1824 2394 111.
1845 2370 1911 2396 (3¹11.
1938 2368 1968 2396 Si
1986 2379 2025 2396 ar-

1182 2413 1250 2439 biter
1278 2422 1338 2439 sese
1365 2412 1450 2439 celare
1472 2412 1626 2439 tentaverit.
1652 2411 1761 2437 Praetor
1784 2421 1842 2438 eum
1865 2412 2025 2448 investigare

1181 2455 1268 2484 (lebet,
1289 2460 1314 2482 et
1332 2456 1355 2481 si
1374 2455 1418 2481 diu
1438 2464 1489 2480 non
1509 2455 1625 2491 paruerit
1645 2459 1694 2481 etc.
1714 2454 1744 2480 fr.
1760 2455 1802 2480 32.
1822 2455 1844 2488 §.
1860 2456 1899 2481 12.
1920 2454 1953 2481 de
1971 2464 2022 2481 rec.

1181 2509 1223 2535 qu.
1244 2498 1298 2525 arb.
1318 2500 1342 2524 4.
1361 2499 1385 2524 S.
1421 2496 1578 2523 Huiusmodi
1598 2496 1717 2523 homines
1737 2497 1887 2533 inquirendi
1907 2498 1960 2531 (sc.
1980 2506 2023 2523 ne-

1181 2542 1313 2574 cessitas),
1328 2545 1356 2566 nt
1369 2540 1518 2576 investigati
1536 2539 1672 2566 tradantur
1685 2539 1798 2566 iudiciis.
1819 2539 1870 2566 Th.
1881 2539 1912 2566 C.
1923 2539 1967 2566 IX.
1979 2540 2020 2565 21.
2041 2535 2045 2539 ’

1181 2594 1202 2610 c.
1221 2586 1246 2610 2.
1265 2593 1304 2620 pr.
1334 2582 1366 2609 de
1394 2582 1451 2609 fals.
1477 2587 1573 2609 monet.
1612 2582 1680 2609 Cum
1705 2582 1825 2620 capitalia
1850 2587 1876 2609 ct
1894 2583 2021 2609 atrociora

1180 2626 1306 2653 maleficia
1334 2635 1387 2651 nou
1414 2625 1490 2652 aliter
1518 2625 1649 2663 explorari
1677 2630 1703 2651 et
1725 2626 1878 2662 investigari
1900 2628 2020 2663 possunt,

1181 2680 1257 2706 quam
1277 2673 1324 2695 rte.
1348 2668 1378 2694 sr.
1399 2672 1422 2695 8.
1442 2678 1482 2705 pr.
1503 2668 1535 2695 de
1555 2668 1701 2705 quaestion.
1720 2669 1761 2694 48.
1783 2669 1823 2694 18.

1214 2711 1478 2745 luvet-rigatio.
1522 2713 1720 2745 Indagaeio,
1746 2711 1934 2745 Inquisitio.
1976 2708 2018 2744 III.

1180 2756 1246 2782 Gn.
1269 2754 1298 2780 Si
1319 2754 1395 2790 quid,
1420 2759 1482 2791 post
1506 2753 1599 2780 factam
1619 2765 1632 2780 a
1651 2753 1788 2790 praedicto
1807 2753 1894 2779 officio
1913 2752 2020 2778 investi—

1178 2798 1315 2833 gationem.
1337 2813 1366 2817 —
1388 2797 1500 2834 amplius
1521 2796 1633 2823 sortasse
1652 2797 1788 2822 invenerit.
1810 2795 1858 2822 Th.
1873 2793 1903 2820 C.
1917 2793 1962 2820 IX.
1975 2797 2017 2820 42.

1178 2850 1197 2866 ε,
1220 2841 1242 2866 7.
1263 2840 1295 2866 de
1315 2840 1374 2866 bon.
1395 2850 1496 2877 proscr.
1534 2839 1577 2866 Ad
1601 2840 1827 2875 investigationem
1850 2838 1969 2863 veritatis
1988 2838 2017 2871 (a
