2197 3121
928 148 1006 179 INN
1030 166 1072 171 —
1095 148 1186 180 INO.

200 233 297 261 nemini
315 237 418 258 maneat
437 232 594 267 incognitus,
615 245 647 250 ·-
666 228 714 255 sed
729 228 822 255 edictis
842 245 874 249 —
894 231 1039 267 propositis

200 274 322 301 omnibus
344 276 500 301 innotescat.
525 284 546 300 c.
568 275 589 299 1.
614 273 636 306 §.
657 273 697 298 16.
718 271 749 298 de
769 271 857 298 caduc.
878 272 934 299 toll.
954 274 978 300 6.
997 275 1039 300 51.

200 317 231 344 cf.
252 316 302 343 Th.
323 317 353 344 C.
374 317 418 344 lx.
438 318 479 343 38.
500 327 521 343 c.
540 318 565 343 9.
584 315 616 342 de
637 314 734 350 indulg.
755 316 827 341 crim.
845 314 903 341 XII.
917 316 940 341 6.
962 326 982 342 c.
996 318 1038 342 20.

200 360 233 386 de
252 365 399 397 susceptor.
448 359 490 386 Ab
515 358 648 385 advocatis
674 375 704 378 —
733 362 759 384 et
782 357 913 384 iudicibus
939 359 1041 385 innote-

198 407 274 429 scant
293 403 455 440 (impetrata)
475 406 501 428 et
520 402 665 428 sortiantur
685 401 813 427 effectum.
832 399 868 426 lb.
882 399 953 427 XVI.
972 403 997 428 2.
1017 411 1038 427 c.

198 446 240 472 38.
267 445 298 472 de
323 446 402 483 episc.
428 444 491 471 eccl.
541 443 577 471 Vt
604 445 793 475 innotesceret,
817 442 967 469 Praetorem
993 443 1036 477 [al.

198 488 328 521 Praetor.]
349 497 436 514 curam
456 496 530 522 agere
555 486 736 524 reprimendae
761 485 944 523 improbitatis.
965 486 995 513 fr.
1015 489 1038 513 3.

198 531 221 564 ξ.
242 532 265 557 1.
285 536 354 557 naut.
375 540 447 567 caup.
467 532 492 557 4.
512 531 535 555 9.
557 546 586 550 —
608 530 685 563 §.20
707 531 915 564 Cognoscere.
936 528 954 554 Ι.
977 530 1039 563 Sy.

188 573 375 609 ,Cognoscere
395 573 425 599 fr.
446 574 469 598 ἶ).
489 572 510 606 §.
532 574 572 599 10.
593 572 625 599 de
644 572 711 598 adm.
732 576 757 598 et
775 571 855 608 peric.
874 572 916 597 26.
937 573 960 598 7.

235 618 441 644 Innovate.
484 616 515 648 ξ.
541 616 575 641 1.
613 617 733 642 Novum
757 616 887 650 facere,
921 615 1039 649 Befor-

199 669 290 685 mare.
328 658 345 684 Ι.
362 660 423 692 Sy.
448 657 560 684 Novaro.
580 657 610 683 fr.
632 659 656 683 1.
675 667 714 694 pr.
733 657 755 690 §.
774 659 796 683 l.
817 656 869 683 nih.
889 657 977 683 innov.
997 658 1039 683 49.

199 703 223 728 7.
260 701 290 728 II.
316 703 383 735 Op.
407 700 521 727 Plurima
547 701 672 726 innovare
696 699 804 726 studuit.
831 715 862 719 —
886 698 1040 726 Persevera-

199 744 243 771 bat.
261 745 288 770 in
307 743 362 775 his,
383 754 449 780 quae
469 744 492 770 ei
513 742 605 769 tradita
624 742 733 769 fuerant.
756 741 787 769 fr.
806 744 830 768 2.
850 742 872 776 §.
892 744 933 769 47.
954 742 986 769 de
1006 742 1038 769 O.

198 787 217 813 I.
239 788 260 812 l.
280 788 304 813 2.
341 786 383 813 III.
409 788 474 820 Cn.
511 786 621 812 Innovat
645 784 745 821 aliquid
770 789 874 822 praeter
897 785 936 817 id,
963 795 1039 822 quam

198 829 373 866 praecedente
398 839 464 855 anno
489 839 552 855 usus
579 832 626 854 est.
651 827 681 853 sr.
704 829 724 854 l.
752 827 774 861 ξ.
791 829 818 862 ,9.
847 827 879 854 de
898 827 978 854 fonte.
998 829 1038 854 43.

197 874 239 898 22.
277 872 321 898 Ius
341 873 493 909 provinciae
513 881 563 898 non
588 871 696 896 innovat
721 872 890 908 (temporaria
910 875 1040 908 permuta-

196 915 257 945 tio.)
281 914 311 941 fr.
333 916 391 941 123.
416 915 438 948 ξ.
459 916 481 940 1.
506 914 538 940 de
562 913 592 939 R.
612 912 630 939 I.
656 915 696 939 50.
724 915 763 940 17.
806 913 846 940 Ne
867 913 931 950 quid
950 919 1039 940 contra

196 962 312 984 veterem
332 957 440 984 sormam
459 973 490 976 —
511 957 658 982 innovetur.
679 966 700 982 c.
714 958 737 982 7.
758 955 790 983 de
809 958 940 983 servitutt.
959 958 984 982 3.
996 958 1038 983 34.

198 1000 229 1034 §.
257 1002 292 1027 2.
324 1002 531 1031 Restituere‚
565 1001 703 1026 Iterare.
745 998 764 1025 I.
788 1001 850 1034 sy.
891 998 1040 1036 Reparare,

197 1042 272 1069 Nova
291 1053 432 1080 prorogare
451 1042 603 1078 (tempora.)
623 1041 672 1067 Th.
693 1041 724 1068 C.
744 1042 789 1068 XI.
809 1045 851 1069 31.
872 1053 892 1069 c.
905 1044 928 1068 9.
949 1041 981 1068 de
1001 1052 1040 1068 re-

197 1096 252 1123 par.
272 1096 331 1123 app.
350 1085 394 1112 XI.
413 1086 455 1111 35.
475 1095 496 1111 c.
518 1086 540 1110 l.
561 1085 581 1110 si
602 1084 680 1121 pend.
702 1095 761 1121 app.
792 1085 835 1111 III.
856 1087 909 1113 Cn
940 1084 1040 1111 Recen-

197 1128 268 1155 tibus
288 1133 444 1154 vetustatem
463 1128 589 1153 innovare
608 1128 781 1164 temporibuS.
808 1127 845 1154 Ib.
866 1127 909 1154 11‘.
929 1130 953 1154 4.
974 1138 995 1154 c.
1015 1130 1038 1154 6.

197 1170 230 1198 de
248 1176 348 1197 testam.
369 1176 395 1196 et
413 1170 496 1197 codic.

231 1214 450 1241 Innovatio.
489 1214 712 1248 Reformntio,
736 1215 888 1240 Mutatio.
908 1213 951 1239 ΠΙ.
974 1214 1040 1241 Cn.

196 1256 262 1283 Post
286 1257 341 1283 eins
367 1256 634 1285 administrationem,
659 1265 706 1281 nec
730 1256 928 1283 innovationem
952 1266 1040 1293 quam-

196 1299 264 1332 dam,
278 1310 326 1325 nec
341 1299 522 1328 adiectionem,
537 1308 585 1324 nec
600 1299 819 1334 excogitationem
833 1300 945 1332 (firmam
959 1299 1039 1331 esse.)
1061 1309 1063 1333 g

195 1341 264 1368 Nor.
284 1341 333 1368 Th.
354 1342 384 1368 11.
405 1342 437 1368 (le
456 1341 562 1368 relevat.
583 1340 601 1366 Ι.
621 1343 663 1367 25.
685 1351 706 1367 c.
729 1343 749 1367 l.
771 1342 791 1375 §.
811 1343 835 1368 3.
856 1342 887 1368 cf.
908 1343 929 1376 §.
949 1344 973 1368 2.
1011 1341 1040 1368 Si

196 1385 301 1422 quidem
321 1384 392 1411 nulla
412 1385 556 1415 innovatio,
575 1383 620 1409 vel
640 1385 770 1410 contraria
790 1385 913 1411 voluntas
932 1390 1040 1411 testato-

195 1428 232 1454 ris
253 1427 410 1465 adparuerit.
432 1438 453 1453 c.
472 1429 514 1453 27.
535 1426 567 1453 de
587 1431 688 1453 testam.
709 1429 733 1453 6.
753 1429 794 1453 23.
833 1427 913 1454 Omni
933 1429 1040 1454 innova-

195 1471 267 1497 tione
288 1475 418 1499 cessante.
436 1484 468 1488 —
489 1470 596 1495 servari.
622 1469 672 1495 Th.
697 1469 727 1496 C.
752 1469 823 1497 XVI.
848 1473 872 1497 2.
898 1481 919 1497 c.
944 1473 986 1497 45.
1007 1470 1039 1497 de
1060 1473 1062 1496 ἰ

195 1514 276 1550 episc.
298 1513 360 1540 eccl.
398 1513 457 1539 Non
477 1523 524 1550 per
544 1513 753 1545 innovationem,
774 1527 805 1532 —
825 1513 872 1540 sed
892 1515 973 1550 magis
992 1523 1040 1551 per
1060 1502 1062 1514 r

197 1556 439 1593 interpretationem
459 1555 680 1589 (introductum.)
705 1555 752 1582 Iul.
773 1566 813 1594 ep.
832 1567 892 1583 nov.
914 1567 935 1584 c.
955 1558 997 1583 84.
1016 1556 1038 1590 §.

196 1599 255 1624 332.

232 1643 456 1669 lnam-atus.
493 1641 630 1674 (Adiort.)
670 1642 737 1668 Nou
763 1648 917 1675 novatus,
947 1640 1062 1670 lata-¹

197 1689 275 1710 ctus.
311 1684 354 1710 111.
373 1686 439 1712 Cn.
470 1683 499 1709 ln
518 1694 564 1710 sua
588 1684 711 1710 firmitate
731 1685 852 1711 innovata
871 1693 1040 1723 permaneant

196 1726 311 1759 (caetera
330 1728 407 1760 iura.)
426 1726 473 1753 Iul.
494 1726 510 1752 l.
530 1726 547 1753 l.
568 1737 589 1753 c.
610 1728 649 1752 76.
671 1727 692 1760 §
711 1729 770 1754 294.

234 1770 406 1797 Innoxie.
445 1769 566 1802 (Advb.)
605 1771 682 1796 Sine
705 1772 797 1797 vitio.
834 1770 876 1797 ΙΙΙ.
903 1772 969 1798 On.
993 1771 1053 1809 Vim

198 1810 269 1846 quod
289 1812 395 1838 innoxie
414 1812 561 1843 habuerint,
581 1812 774 1838 transmittendi
797 1814 898 1849 copiam
917 1813 1037 1840 habeant.

198 1852 248 1879 Th.
269 1852 300 1880 C.
320 1853 364 1880 IX.
383 1856 424 1881 42.
445 1865 465 1880 c.
488 1856 510 1880 1.
530 1855 552 1887 ς’.
572 1856 596 1880 4.
618 1854 650 1881 de
669 1854 729 1880 bon.
749 1865 850 1891 proscr.

233 1897 430 1923 Innoxius.
468 1896 607 1929 (Adiect.)
645 1898 675 1930 ξ.
702 1898 736 1923 1.
778 1899 905 1924 Vacuus
924 1902 1038 1931 noxia.

197 1949 219 1965 v.
240 1941 376 1970 delicto,
397 1941 564 1966 Innocens.
602 1939 631 1966 II.
653 1942 720 1973 Op·
746 1939 860 1967 Nocens.
885 1940 915 1967 fr.
943 1943 982 1968 12.
1007 1941 1039 1968 de

197 1980 260 2018 pub.
280 1981 332 2007 iud.
353 1983 393 2007 48.
416 1983 437 2007 1.
476 1981 518 2008 III.
539 1983 604 2009 Gn.
625 1982 771 2009 Verberare
790 1984 920 2010 innoxios
942 1983 991 2011 Th.
1007 1985 1037 2011 C.

196 2023 241 2050 IX.
263 2025 285 2049 1.
307 2034 327 2050 c.
344 2026 382 2050 15.
404 2024 436 2050 de
455 2034 540 2050 arcus.
579 2024 702 2061 Vndique
721 2025 846 2062 adpareat
864 2028 986 2053 innoxius
1006 2029 1037 2060 is,

198 2067 242 2102 qui
261 2066 293 2093 ad
313 2068 493 2104 episcopatum
513 2072 630 2094 vocatur.
655 2068 703 2094 Iul.
728 2078 769 2105 ep.
789 2079 849 2096 nov.
870 2080 891 2096 c.
911 2071 934 2096 6.
955 2070 976 2104 §.
996 2072 1037 2097 24.

199 2124 231 2128 -
250 2110 280 2142 ᾖ.
295 2111 330 2136 2.
355 2112 478 2137 Poenae
501 2120 632 2144 expers,
658 2112 815 2145 Impunis.
852 2112 882 2139 11,
904 2115 971 2147 011.
991 2113 1038 2139 Im-

198 2153 292 2187 putari,
311 2163 335 2179 v.
356 2152 460 2179 Teneri.
482 2170 510 2173 —
533 2153 670 2179 Innoxium
691 2164 758 2180 esse.
778 2154 808 2181 fr.
823 2156 845 2181 6.
865 2156 887 2189 ξ.
903 2157 925 2182 7.
946 2155 979 2182 de
993 2157 1036 2182 off.

200 2192 287 2219 praes.
307 2197 329 2221 1.
351 2197 389 2222 18.
410 2195 440 2222 s..
460 2198 500 2222 45.
526 2197 548 2230 ξ.
568 2198 591 2222 4,
616 2196 648 2222 ad
667 2195 696 2222 L.
717 2196 786 2233 ΑΨ..
810 2199 833 2223 9.
853 2200 877 2224 2.
898 2214 930 2218 -
950 2200 980 2232 §·
1000 2201 1037 2225 3.
1059 2190 1061 2203 '

200 2237 371 2264 Innocuua.
407 2239 425 2266 I.
442 2241 504 2274 Sy.
523 2239 652 2266 Innocens
673 2240 774 2275 (ignis)
794 2239 835 2266 Cf.
856 2240 880 2266 h.
900 2251 924 2267 v.
945 2241 967 2274 §.
989 2243 1010 2268 1.
1058 2238 1061 2249 ’

236 2280 440 2309 lunubere.
461 2284 598 2317 Nuptiis
616 2284 770 2316 copulari
782 2285 909 2310 marito.
921 2283 1037 2312 IIIC'u.

201 2319 302 2350 Mulier.
322 2331 387 2356 quae
410 2325 436 2350 in
459 2325 567 2351 secundi
587 2325 744 2351 matrimonii
769 2325 861 2352 foedus
882 2327 1037 2363 innupserit.
1058 2323 1060 2350 l

202 2361 251 2388 Th.
271 2362 301 2389 C.
322 2363 389 2390 Ylll.
410 2367 449 2392 13.
469 2377 489 2393 c.
512 2370 534 2394 1.
553 2378 593 2405 pr.
618 2367 650 2394 de
674 2377 760 2394 revoc.
788 2368 875 2395 donat.
899 2368 930 2395 cs.
949 2369 993 2396 III.
1013 2372 1036 2397 8.
1058 2382 1060 2405 Ι

203 2416 223 2431 c.
245 2407 266 2431 1.
287 2405 319 2432 de
339 2416 390 2432 sec.
410 2414 481 2444 nupt.

238 2449 544 2480 Innumerabilis.
586 2453 724 2486 (Adit-ct.)
774 2455 838 2486 Qui
868 2457 1060 2481 numerariy

203 2501 259 2517 non
277 2498 396 2524 potest.
434 2492 476 2518 III.
497 2496 561 2521 Gn.
591 2496 625 2521 Et.
645 2495 757 2533 denique
777 2496 841 2523 aliae
861 2507 902 2523 res
922 2498 1037 2524 innume-

203 2532 306 2559 rabiles.
327 2533 356 2559 sr.
373 2536 393 2560 l.
414 2535 435 2567 ξ.
456 2536 478 2561 1.
500 2535 531 2562 de
543 2536 576 2563 D.
590 2537 621 2564 R.
642 2540 664 2565 1.
678 2541 701 2565 8.
722 2539 754 2565 cf.
774 2540 795 2573 §.
811 2542 850 2566 12.
864 2539 882 2565 1.
897 2539 928 2566 de
942 2542 1036 2567 action.

203 2577 226 2601 4.
251 2577 273 2601 6.
324 2575 463 2603 Interdicta
487 2579 711 2615 innumerabilium
736 2583 907 2609 sanctionum.
932 2582 981 2609 Th.
1006 2583 1036 2610 C.

203 2618 271 2644 XJH.
291 2620 313 2644 5.
335 2629 355 2644 c.
378 2621 415 2645 16.
435 2630 475 2657 pr.
496 2620 528 2647 dc
547 2622 686 2650 navicular.
1059 2645 1060 2653 η

238 2663 480 2688 Innumerus.
517 2662 646 2696 (Adiect.)
681 2665 760 2694 Idem.
796 2667 840 2694 111.
860 2670 926 2696 (7η.
962 2669 1038 2695 Innu·
1059 2667 1060 2673 ¹

202 2705 282 2730 meris
302 2719 332 2723 -
354 2705 490 2741 rescriptis
513 2707 669 2733 continetur.
693 2718 714 2734 c.
735 2712 756 2736 l.
781 2711 807 2737 in
827 2721 868 2748 qu.
890 2722 911 2738 c.
930 2711 948 2739 1.
969 2712 987 2738 1.
1007 2711 1037 2738 R.

203 2749 228 2772 2.
248 2748 288 2773 41.
326 2746 470 2773 Innumeris
490 2749 688 2776 auctoritatibus
708 2753 745 2784 (te
758 2754 824 2780 tueri
843 2755 942 2790 potes.)
963 2765 983 2781 c.
997 2756 1038 2780 24.
1060 2762 1061 2792 1

206 2788 238 2815 ad
255 2788 284 2815 L.
304 2789 351 2816 Iul,
372 2790 403 2815 de
423 2789 502 2816 adult.
523 2792 546 2817 9.
566 2793 581 2818 9

1862 152 1925 183 475

1120 231 1303 264 Innupta.
1344 233 1430 264 Quae
1448 239 1552 267 nupta
1570 242 1630 258 non
1648 238 1702 258 est.
1734 231 1765 258 Il.
1787 233 1853 266 Op·
1873 232 1926 259 Nu-

1086 278 1138 310 pta.
1158 288 1192 293 —
1211 273 1330 310 Innupta.
1351 290 1382 294 —
1403 274 1496 301 Vidua.
1517 274 1583 301 Nov.
1604 274 1653 301 Th.
1673 275 1703 301 II.
1723 275 1755 301 de
1774 274 1799 301 h.
1820 285 1862 312 qu.
1884 286 1924 313 sp.

1085 326 1153 343 mun.
1174 316 1192 342 I.
1211 318 1253 343 22.
1274 326 1295 343 c.
1315 318 1339 343 2.
1359 318 1395 351 §§.
1416 319 1438 343 7.
1459 327 1499 354 sq.

1121 359 1349 386 lnnutritus.
1387 360 1516 392 (Partic.)
1556 361 1618 392 Qui
1646 362 1793 386 nutritus
1821 368 1868 388 ea!
1892 363 1925 388 in

1088 404 1154 428 loco
1174 404 1294 436 aliquo.
1331 401 1374 428 111.
1395 404 1461 430 Gn.
1491 402 1642 438 Indigenae,
1667 407 1744 439 atque
1763 404 1847 440 ipsius
1865 414 1925 441 pro-

1086 445 1187 471 vinciae
1211 444 1307 471 finibus
1332 446 1464 477 innutriti,
1488 445 1531 471 vel
1555 444 1634 471 adfixi
1659 445 1790 472 censibuS.
1815 446 1864 473 Th.
1892 446 1924 474 C.

1085 486 1141 513 Vll.
1163 489 1201 513 13.
1222 498 1243 513 c.
1263 489 1287 514 6.
1307 488 1328 522 §.
1349 490 1371 515 l.
1392 488 1424 514 de
1444 489 1521 514 tiron.

1118 531 1346 558 lnofl'ensus.
1379 530 1507 564 (Adiect.)
1540 532 1773 564 Intemeratns,
1793 534 1923 560 Salvas.

1084 572 1127 599 111.
1150 574 1215 600 (7η.
1247 572 1303 599 Nec
1326 573 1498 600 offensionem
1523 583 1551 599 se
1576 573 1728 609 parentibus
1750 576 1924 611 praestitisse,

1061 647 1063 658 b
1088 615 1136 642 sed
1156 616 1250 652 iugiter
1276 616 1417 643 obsecutos
1437 633 1470 637 —
1490 615 1655 652 disciplinam
1679 616 1793 643 illaesam
1817 618 1926 644 inoffen-

1086 668 1194 694 samque
1213 668 1340 686 servasse.
1362 659 1412 686 Th.
1432 659 1462 686 C.
1482 658 1512 685 ll.
1534 660 1573 685 19.
1593 669 1614 685 c.
1632 660 1656 685 2.
1677 658 1710 685 de
1729 660 1800 686 inoff.
1821 665 1923 688 testam.

1085 701 1217 727 Inoffensa
1241 701 1426 729 observatione
1450 701 1558 735 (talibus
1583 700 1674 727 insulis
1698 701 1837 736 decorari.)
1856 703 1923 731 Nov.

1085 743 1220 770 Maiorian.
1240 743 1272 770 de
1291 744 1482 771 sanctimonial.
1502 744 1546 771 IV.
1565 746 1589 770 6.
1610 753 1630 770 c.
1653 746 1673 770 1.
1693 745 1715 778 §.
1737 747 1758 772 l.

1119 787 1375 814 Inofficiosus.
1414 787 1542 821 (Adiect.)
1580 787 1611 820 §0
1630 787 1665 813 l·
1687 788 1819 824 Officio
1839 799 1924 816 reve-

1085 832 1213 856 reneiae
1235 840 1294 856 uon
1317 832 1547 867 satisfaciens.
1584 829 1626 855 111.
1653 831 1718 857 Gn.
1750 830 1779 857 Si
1807 832 1924 867 ingratus

1085 871 1196 898 libertus
1216 874 1251 898 sit
1270 878 1318 899 etc.
1337 889 1369 893 —
1389 873 1442 899 Sed
1462 874 1484 899 si
1504 872 1610 909 quidem
1629 872 1794 900 inofficiosus
1813 879 1924 911 patrono

1085 919 1133 941 etc.
1153 914 1184 940 [Γ.
1205 916 1228 941 l.
1249 915 1281 941 de
1300 916 1357 941 iure
1376 921 1478 953 patron.
1496 917 1539 942 37.
1560 917 1600 942 14.
1621 915 1652 942 cs.
1673 915 1703 942 fr.
1723 918 1765 942 25.
1786 915 1818 943 de
1838 918 1862 943 in
1883 919 1924 944 ius

1085 967 1142 984 voc.
1162 960 1187 984 2.
1207 959 1229 983 4.
1251 974 1282 979 —
1303 959 1334 991 §.
1355 960 1390 984 2.
1415 960 1559 985 Pietatis
1578 960 1702 995 officio
1721 962 1923 987 contrarius.

1084 1000 1102 1026 I.
1123 1001 1184 1034 Sy.
1203 1000 1263 1026 Non
1283 1010 1315 1026 ex
1334 1001 1422 1027 ot'ticio
1436 1002 1541 1038 pietatis
1555 1000 1659 1033 factum,
1678 1001 1857 1029 Inofticiosum
1877 1007 1925 1035 (te-

1086 1044 1265 1077 stamentum.)
1285 1042 1357 1070 Paul.
1377 1043 1421 1070 IV.
1441 1046 1464 1070 5.
1485 1044 1505 1077 §.
1527 1045 1549 1070 l.
1570 1044 1599 1070 fr.
1613 1046 1637 1071 2.
1657 1044 1687 1071 fr.
1701 1046 1725 1071 5.
1746 1044 1777 1071 de
1796 1046 1868 1072 inoff.
1888 1051 1925 1073 te-

1084 1091 1159 1113 stam.
1179 1088 1203 1113 5.
1223 1088 1247 1112 2.
1284 1086 1326 1122 111.
1343 1088 1408 1114 011.
1429 1086 1458 1113 Si
1477 1086 1664 1118 inofficiosum.
1682 1087 1725 1114 vel
1744 1089 1869 1115 iniustum
1888 1094 1925 1116 te-

1084 1134 1241 1155 stamentum
1260 1131 1456 1166 pronuncietur.
1476 1129 1508 1155 I'r.
1525 1132 1566 1156 26.
1586 1130 1620 1156 ib.
1639 1132 1663 1156 5.
1677 1132 1701 1156 2.
1738 1131 1823 1167 Agere
1842 1131 1875 1158 de
1888 1133 1925 1158 in-

1085 1171 1220 1203 osticioso,
1245 1172 1288 1198 vel
1312 1172 1378 1198 salso
1403 1177 1567 1198 testamento.
1592 1172 1622 1199 t'r.
1642 1175 1683 1199 30.
1708 1174 1729 1207 ξ.
1755 1176 1777 1200 l.
1802 1174 1835 1200 ib.
1856 1177 1880 1200 5.
1899 1177 1923 1201 2.

1086 1214 1178 1250 'Neque
1198 1214 1230 1241 de
1250 1215 1398 1242 inofficioso
1418 1220 1575 1242 testamento
1595 1217 1735 1248 accusatio,
1755 1226 1840 1253 neque
1858 1217 1923 1244 BP.

1086 1258 1108 1283 ei
1129 1258 1262 1294 competit.
1283 1268 1303 1284 c.
1325 1260 1365 1284 ll.
1386 1257 1443 1284 eod.
1462 1260 1486 1284 3.
1506 1260 1547 1284 25.
1584 1258 1704 1289 Admitti.
1723 1269 1747 1285 v.
1767 1258 1872 1292 Venire.
1893 1260 1924 1287 ad

1085 1301 1278 1327 accusationem
1299 1301 1369 1327 inoff.
1390 1302 1548 1327 testamenti.
1574 1300 1604 1327 fr.
1626 1303 1665 1328 17.
1689 1312 1728 1339 pr.
1749 1302 1778 1328 sr.
1797 1304 1838 1329 29.
1858 1303 1879 1336 ξ.
1899 1305 1923 1330 2.

1085 1342 1115 1369 fr.
1135 1345 1176 1369 31.
1197 1353 1236 1380 sq.
1256 1343 1304 1370 1.1.
1325 1346 1348 1370 5.
1362 1346 1386 1371 2.
1425 1343 1623 1371 Testamentum
1643 1361 1675 1364 -
1696 1344 1872 1372 inofficiosum
1887 1356 1925 1372 ar-

1084 1386 1126 1422 gui
1146 1396 1234 1422 posse.
1255 1385 1327 1413 Paul.
1347 1386 1391 1413 IV.
1411 1389 1434 1413 5.
1455 1388 1475 1421 §.
1495 1389 1520 1414 3.
1541 1387 1626 1414 1“ι“.28.
1646 1387 1676 1414 fr.
1690 1389 1732 1414 31.
1752 1389 1774 1422 ξ.
1794 1391 1818 1415 2.
1838 1388 1855 1415 I.
1870 1389 1886 1415 l.
1900 1391 1925 1416 5.

1083 1431 1107 1455 2.
1146 1429 1174 1455 Si
1195 1429 1227 1455 de
1246 1430 1395 1456 inofficioso
1415 1430 1524 1462 dixerit,
1550 1440 1598 1456 nec
1617 1430 1768 1457 obtinuerit.
1788 1431 1860 1458 Paul.
1880 1431 1923 1458 IV.

1084 1473 1108 1498 5.
1133 1472 1154 1505 §.
1176 1474 1216 1498 10.
1252 1472 1296 1498 Ad
1321 1473 1469 1510 exemplum
1492 1474 1640 1509 praeteriti,
1665 1473 1808 1501 inofliciosi
1835 1485 1925 1512 quere-

1085 1514 1134 1541 lam
1154 1520 1225 1541 recte
1245 1516 1367 1542 instituit.
1387 1516 1424 1542 lb.
1444 1516 1466 1549 ξ.
1485 1517 1509 1541 2.
1547 1515 1648 1547 Liberi,
1674 1522 1812 1553 parentum
1830 1517 1924 1544 iudicia

1085 1557 1232 1584 inofficiosa
1253 1564 1398 1585 causantes.
1418 1558 1468 1585 Th.
1483 1557 1616 1585 01119.
1634 1569 1655 1585 c.
1670 1561 1692 1586 5.
1714 1559 1771 1586 eod.
1791 1560 1831 1585 tit.
1860 1560 1925 1595 Qui-

1084 1600 1133 1627 bus
1158 1600 1300 1628 inofliciosi
1325 1602 1405 1628 actio.
1434 1606 1478 1627 aut
1502 1600 1534 1627 de
1558 1601 1704 1627 immodicis
1729 1601 1924 1633 donationibus,

1085 1645 1202 1680 coeperit
1229 1649 1386 1681 competere.
1411 1643 1447 1670 Ib.
1468 1643 1516 1670 1.1.
1542 1654 1562 1670 c.
1588 1645 1612 1670 6.
1648 1644 1777 1671 Actiones
1796 1645 1924 1671 inoflicio—

1085 1696 1136 1712 sae.
1158 1686 1194 1713 Ih.
1215 1697 1236 1713 c.
1259 1689 1279 1713 1.
1300 1688 1322 1720 §.
1341 1688 1365 1713 5.

1118 1731 1351 1756 lnolescere.
1389 1728 1430 1755 Cf.
1450 1739 1473 1754 v.
1494 1728 1609 1754 Molitus.

1120 1772 1269 1804 lnopIa.
1294 1772 1324 1804 ξ.
1345 1773 1379 1798 l.
1405 1773 1609 1806 Indigentia,
1630 1773 1780 1807 Egestas.
1818 1772 1836 1798 I.
1862 1774 1923 1807 sy.

1060 1824 1061 1847 i
1083 1813 1235 1850 Paupertas.
1257 1813 1287 1840 sr.
1307 1815 1330 1840 8.
1351 1815 1371 1848 §.
1392 1815 1415 1840 8.
1441 1813 1526 1840 mand.
1553 1815 1592 1840 17.
1614 1815 1636 1840 l.
1660 1814 1690 1840 fr.
1710 1816 1752 1840 31.
1777 1815 1814 1848 §§
1838 1817 1862 1841 4.
1883 1826 1922 1851 sq.

1060 1850 1061 1862 l
1084 1856 1116 1882 de
1134 1856 1189 1882 reb.
1210 1861 1276 1882 auct.
1296 1856 1349 1882 iud.
1369 1858 1410 1882 42.
1430 1858 1453 1882 5.
1491 1856 1533 1882 III.
1556 1857 1621 1884 Cn.
1645 1856 1688 1883 Ius
1712 1857 1860 1894 prohibitae
1880 1858 1924 1884 do-

1084 1900 1198 1925 nationis
1218 1899 1389 1927 tractandum.
1404 1915 1436 1918 —
1450 1904 1478 1925 ut
1497 1901 1565 1925 inter
1585 1901 1739 1926 coniunctos
1754 1901 1866 1926 maximo
1881 1900 1923 1927 ad-

1060 1966 1061 1975 .
1083 1941 1160 1974 fectu.
1181 1947 1207 1968 et
1226 1942 1308 1968 solam
1332 1943 1447 1979 inopiam
1470 1943 1602 1968 timentes.
1627 1942 1657 1968 sr.
1677 1943 1718 1968 28.
1742 1942 1764 1976 §.
1784 1945 1807 1969 2,
1828 1943 1860 1970 de
1880 1944 1923 1970 do-

1083 1990 1133 2011 nat.
1159 1985 1204 2011 int.
1226 1984 1257 2011 V.
1282 1987 1324 2011 24.
1346 1987 1367 2011 l.

1059 2023 1060 2049 ἶ
1082 2027 1286 2054 fideiussoribus
1306 2029 1425 2064 insigniS,
1444 2028 1486 2054 vel
1505 2038 1595 2064 inagna
1610 2029 1697 2065 inopia
1711 2028 1813 2055 accidit.
1834 2028 1863 2055 fr.
1883 2031 1922 2055 10.

1410 1985 1515 2020 Quodsi
1539 1985 1625 2011 medio
1649 1990 1767 2022 tempore
1791 1985 1923 2012 calamitas

1083 2071 1104 2104 ξ.
1126 2072 1147 2096 l.
1187 2071 1239 2106 Qui
1259 2070 1350 2096 satisd.
1371 2080 1426 2107 cog.
1446 2072 1469 2097 2.
1490 2072 1513 2097 8.
1534 2071 1564 2097 cf.
1585 2071 1615 2097 fr.
1636 2073 1676 2097 26.
1697 2071 1729 2097 de
1748 2071 1866 2097 fideiuss.
1881 2073 1921 2098 46.

1084 2115 1105 2139 l.
1145 2113 1209 2145 Cui,
1234 2118 1344 2150 propter
1367 2115 1482 2151 inopiam
1506 2113 1660 2145 adversarii.
1681 2115 1765 2140 inaniS
1785 2115 1852 2141 actio
1873 2119 1921 2141 est.

1059 2176 1060 2188 ,
1083 2156 1112 2182 fr.
1138 2158 1161 2183 6.
1187 2156 1219 2182 de
1243 2156 1266 2182 d.
1291 2167 1323 2182 m.
1348 2158 1371 2182 4.
1395 2161 1418 2183 3.
1444 2157 1473 2183 fr.
1493 2159 1534 2183 30.
1559 2158 1580 2190 ξ.
1602 2159 1624 2183 l.
1649 2156 1681 2182 ad
1700 2156 1729 2182 L.
1749 2157 1818 2193 Aq’u.
1844 2158 1867 2183 9.
1896 2159 1920 2182 2.

1083 2199 1195 2236 Propter
1219 2200 1333 2236 inopiam
1357 2201 1466 2226 remissa
1490 2200 1596 2226 mulcta.
1620 2199 1651 2225 sr.
1675 2201 1698 2225 6.
1724 2200 1745 2233 §.
1770 2201 1793 2226 9.
1821 2199 1852 2226 de
1877 2200 1919 2225 off.

1082 2242 1170 2268 Praes.
1192 2244 1214 2268 1.
1236 2244 1275 2268 Ιδ.
1313 2242 1340 2268 In
1365 2252 1470 2274 servos,
1496 2258 1527 2261 —
1552 2247 1578 2267 et
1602 2252 1647 2267 eos
1670 2243 1715 2279 qui
1740 2243 1826 2279 inopia
1851 2242 1920 2268 laho-

1083 2290 1149 2316 rant,
1169 2285 1283 2321 (corpus
1303 2285 1478 2321 torquendum
1498 2286 1562 2317 est.)
1588 2284 1618 2311 fr.
1641 2287 1663 2311 7.
1689 2286 1710 2319 ξ
1730 2286 1753 2311 3.
1779 2285 1810 2311 de
1828 2284 1919 2310 iurisd.

1081 2330 1105 2354 2.
1127 2330 1149 2354 l.
1172 2328 1202 2358 qs,
1224 2328 1254 2354 sr.
1273 2330 1315 2354 25.
1336 2327 1367 2353 de.
1388 2329 1412 2353 in
1434 2329 1473 2353 ius
1494 2338 1550 2354 voc.
1570 2329 1594 2353 2.
1613 2330 1636 2354 4.
1662 2344 1692 2348 —-
1717 2328 1747 2360 §.
1768 2328 1802 2352 2.
1823 2328 1919 2362 Defe-

1082 2377 1165 2402 ctus,
1186 2372 1350 2397 Absentia.
1389 2370 1431 2396 111.
1455 2371 1520 2397 (721.
1552 2370 1641 2407 Inopia
1661 2370 1851 2407 probationum,
1872 2370 1920 2402 (iu-

1083 2413 1221 2439 reiurando
1241 2423 1282 2439 res
1303 2413 1388 2439 decidi
1408 2414 1537 2449 oportet.)
1561 2424 1582 2439 c.
1602 2415 1625 2439 3.
1647 2412 1678 2438 de
1697 2412 1727 2437 R.
1749 2411 1778 2438 C.
1799 2413 1822 2437 4.
1844 2414 1865 2437 l.
1887 2412 1918 2438 cs.

1082 2466 1102 2482 cv
1124 2458 1145 2482 l.
1167 2455 1199 2482 de
1219 2457 1364 2491 quaestion.
1386 2457 1401 2482 9
1430 2457 1470 2482 41.

1118 2499 1340 2531 InopInans.
1362 2499 1423 2524 Nec
1442 2501 1592 2532 opinans,
1614 2508 1634 2523 r.
1655 2502 1854 2529 exspectans.
1875 2495 1917 2522 III.

1083 2542 1148 2568 Gn.
1168 2540 1368 2577 Inopinantibus
1388 2541 1457 2567 ultro
1477 2541 1615 2567 deserimus
1635 2538 1796 2571 (beneficia.)
1818 2538 1866 2565 Th.
1887 2538 1917 2565 C.

1059 2612 1060 2621 ἵ
1082 2583 1141 2609 XV.
1163 2585 1202 2609 14.
1223 2594 1245 2609 c.
1268 2585 1306 2609 ll.
1328 2583 1360 2609 de
1379 2584 1472 2610 insu-m.
1495 2584 1517 2609 h.
1539 2592 1579 2618 qu.
1600 2592 1620 2607 s.
1642 2586 1691 2617 tyr.

1118 2626 1335 2659 Inopinato.
1373 2626 1484 2658 (Advb.)
1521 2626 1747 2657 Inopinanter.
1785 2623 1827 2650 111.
1852 2625 1917 2652 Gn.

1082 2668 1156 2705 Inop.
1177 2674 1267 2695 exorta
1287 2669 1424 2705 (negotia.)
1444 2667 1510 2693 Nov.
1524 2667 1645 2693 Μαι-(13η.
1660 2666 1692 2692 de
1711 2671 1811 2692 testam.
1832 2666 1916 2693 cleric.

1059 2731 1061 2741 1
1084 2711 1126 2737 111.
1146 2714 1168 2738 5.
1190 2722 1211 2738 c.
1232 2713 1254 2738 l.
1275 2722 1314 2749 pr.

1120 2755 1357 2788 Inopinatus.
1389 2752 1516 2785 (Adiect.)
1555 2753 1616 2778 Nec
1634 2754 1805 2786 opinatus,
1826 2762 1847 2778 v.
1867 2762 1914 2778 ea*-

1084 2804 1266 2831 spectatus,
1287 2797 1500 2826 Improvisus.
1538 2794 1580 2820 III.
1597 2796 1662 2822 Gn.
1693 2795 1793 2821 Incerta
1812 2794 1874 2819 hacc
1891 2798 1915 2818 ct

1417 2838 1450 2863 60
1461 2838 1473 2850 *‘
