2197 3121
970 149 1046 179 VRI
1057 167 1095 172 —
1105 149 1201 180 VSU.

223 233 334 260 maxime
354 232 467 269 urgenda
487 232 626 259 commotio
649 236 697 258 est.
723 230 773 258 Th.
793 230 823 258 C.
843 230 914 258 XVI.
933 233 957 258 5.
982 241 1004 258 c.
1023 232 1064 258 62.

224 275 256 302 de
276 276 373 302 haeret.

259 319 390 345 Vrina.
415 320 538 345 Humor
555 319 705 352 corporis
723 318 926 348 animalium,
951 317 1065 353 (quiex

223 361 332 387 renibus
352 362 493 397 vesicaque
512 360 701 398 profunditur.)
732 359 775 386 111.
790 361 855 387 Cn.
872 358 942 386 Yiiio
962 360 1065 386 vesicae

223 403 517 430 collectumbumorem
531 405 666 429 continere
680 412 731 429 non
745 406 843 439 potest,
862 412 914 429 non
934 403 992 439 quia
1013 403 1064 429 uri-
1085 425 1086 428 ,

222 447 320 472 namin
334 446 402 472 lecto
417 446 478 472 sarit
491 450 539 472 etc.
557 445 586 472 fr.
604 447 642 472 14.
657 446 678 479 §.
693 447 716 472 4.
731 445 763 471 de
776 443 861 471 Aedil.
876 445 951 472 edict.
966 447 1007 471 21.
1023 447 1045 471 1.
1085 470 1086 484 χ

256 489 448 516 Vrinator.
489 491 551 522 Qui
569 491 622 515 sub
642 498 725 523 aqua
745 493 846 514 natat.
884 487 925 514 Ill.
947 489 1012 516 Gn.
1034 487 1063 514 Si
1085 486 1086 511 ἶ

222 531 295 557 navis
320 545 351 550 —-
375 531 511 558 submersa
535 536 591 563 est,
615 536 641 557 et
665 547 696 551 —
721 539 821 556 merces
844 540 892 567 per
915 532 1063 557 urinatores

221 578 352 600 extractae
372 579 441 606 suut,
461 573 520 600 data
540 573 667 600 mercede.
693 573 723 600 fr.
742 575 766 600 4.
789 573 811 606 ξ.
832 575 854 599 1.
876 573 907 599 (18
926 573 956 600 L.
976 573 1062 600 Rhod.
1084 588 1086 594 ι

223 617 262 642 14.
283 618 306 642 2.

254 660 370 686 Vrna.
408 660 437 692 ἓ.
456 661 491 686 1.
530 662 635 686 Genus
659 668 824 686 mensurae
848 661 1060 693 liquidorum.

219 700 262 728 III.
278 703 343 729 Cn.
364 701 452 728 Vrnae
471 712 569 732 aereae,
589 707 614 729 et
634 702 772 738 congiaria,
788 706 813 727 et
832 702 953 727 sextaria.
973 700 1005 727 fr.
1021 703 1060 728 13.

219 754 258 781 pr.
280 743 312 770 de
330 745 405 771 iustr.
426 744 475 781 leg.
494 746 536 771 33.
557 747 579 771 7.
602 761 630 765 -—
656 745 687 778 §.
703 745 738 770 2.
763 745 822 770 l'as
841 746 1061 778 sepulchrale,

220 787 396 820 (mortuorum
421 798 481 813 ossa
507 793 532 814 et
552 789 653 814 cineres
674 787 826 820 recipiens.)
866 786 908 813 111.
928 787 994 814 Gn.
1015 786 1062 812 Su-

218 839 265 866 pra
279 826 374 856 terram
389 831 461 856 urnis
476 830 572 862 clausa,
592 829 632 856 vel
647 829 824 866 sarcophagis,
844 830 990 866 (corpora.)
1011 828 1060 856 Th.

219 871 250 899 C.
271 872 316 899 IX.
339 875 378 899 17.
400 883 421 899 c.
439 875 462 899 6.
483 874 515 900 de
534 872 633 911 sepulc.
652 872 713 899 viol.

253 916 407 943 vrnale.
441 918 515 948 Vas,
540 926 650 942 urnam
672 917 825 952 referens.
863 914 904 940 111.
924 915 989 941 Cn..
1019 913 1062 940 Vi-

217 968 287 990 num.
308 959 378 995 quod
399 960 424 985 in
446 958 580 986 urnalibus
600 958 702 990 suisset.
722 957 841 994 legatum.
862 957 891 984 fr.
909 959 948 984 16.
969 967 1008 994 pr.
1029 956 1061 983 de

217 1002 270 1027 trit.
290 1002 359 1027 vino.
381 1004 423 1028 33.
443 1003 466 1028 6.

251 1045 405 1071 Vrseius
418 1046 553 1071 Ferox.
574 1045 690 1071 Nomen
704 1045 725 1070 I.
734 1045 786 1070 Cei
806 1042 919 1076 (Tiberii
938 1042 1002 1079 Imp.
1022 1053 1061 1068 ae.-
1083 1056 1084 1062 π

217 1087 323 1123 qualis.)
360 1087 403 1113 III.
424 1088 490 1114 Cn.
515 1086 625 1113 Cassius
646 1087 811 1113 existimasse
830 1085 952 1112 Vrseium
973 1084 1059 1111 refert.

216 1128 247 1155 fr.
270 1131 290 1155 l.
311 1130 332 1163 ξ.
354 1131 393 1156 10.
414 1129 495 1164 Quar.
516 1139 565 1155 rer.
586 1134 634 1155 act.
654 1131 694 1154 44.
716 1131 739 1155 5.
760 1128 874 1155 Iulianus
895 1128 926 1154 ad
938 1127 1059 1154 Vrseium
1082 1157 1083 1161 Ἰ

216 1171 349 1198 Ferocem.
373 1172 404 1198 fr.
424 1174 464 1198 45.
491 1172 523 1198 de
542 1173 598 1198 iure
618 1172 672 1198 dot.
691 1173 732 1198 23.
751 1174 775 1198 3.
795 1172 908 1204 (inser.)
924 1170 1006 1198 Libro
1026 1171 1058 1197 X.
1081 1185 1082 1202 ἢ

215 1213 325 1241 Vrseius
345 1215 433 1246 refert,
455 1215 580 1241 Sabinum
600 1214 779 1252 respondisse.
800 1214 869 1241 Coll.
885 1213 1057 1240 LL.M.X11.
1080 1237 1082 1249 ,

214 1258 237 1283 7.
256 1257 337 1294 Apud
356 1257 481 1284 Ferocem
500 1257 629 1285 Proculus
648 1259 691 1284 ait.
711 1257 742 1284 fr.
759 1258 796 1283 11.
817 1257 839 1290 ξ.
853 1259 877 1283 2.
897 1256 929 1283 de
948 1267 1014 1293 aqua
1033 1262 1059 1283 et

212 1308 270 1336 aqu.
290 1300 324 1337 pl.
344 1302 386 1327 39.
405 1301 429 1326 3.

248 1344 375 1370 Vrsus.
390 1345 552 1370 Animalis
565 1344 751 1379 ferigenus
771 1344 986 1370 notissimum.
1015 1342 1056 1369 111.

213 1386 280 1412 Cn.
300 1385 364 1412 Fera
384 1386 476 1418 bestia,
496 1385 569 1412 velut
589 1396 674 1417 ursuS,
693 1385 744 1412 leo.
765 1385 821 1412 Gai.
840 1385 952 1412 III.217.
974 1385 1005 1412 οἳ.
1026 1386 1056 1412 ll.
1078 1405 1080 1407 .

214 1429 254 1454 16.
274 1428 303 1454 fr.
327 1431 347 1455 1.
367 1429 388 1462 ξ.
404 1431 444 1455 10.
464 1430 487 1455 si
506 1428 633 1465 quadrup.
654 1430 678 1455 9.
693 1431 716 1456 l.
736 1428 827 1461 Canis,
846 1438 945 1460 verrcS,
966 1444 997 1448 —
1019 1428 1057 1455 lu-

211 1481 271 1508 pus.
291 1481 382 1503 ursus,
404 1487 435 1491 —-
455 1471 573 1503 aliudve,
598 1471 668 1508 quod
693 1477 813 1503 noceret,
838 1471 941 1497 animal.
963 1471 993 1498 fr.
1013 1473 1054 1498 40.

211 1514 233 1548 §.
255 1515 277 1540 1.
298 1513 328 1540 l'r.
347 1516 389 1541 41.
410 1514 442 1541 de
461 1514 548 1540 Aedil.
574 1514 652 1540 edict.
677 1516 718 1541 2l.
741 1516 762 1542 l.
800 1514 899 1541 Foveas
925 1524 1055 1546 ursorum,

211 1567 409 1594 cervorumque,
433 1557 620 1594 capiendorum
639 1567 716 1583 causa
736 1556 828 1584 facere.
853 1557 883 1584 fr.
903 1559 945 1583 28.
964 1567 1003 1594 pr.
1023 1557 1055 1584 ad

210 1598 240 1626 L.
260 1600 327 1636 Aqu.
348 1602 371 1626 9.
391 1602 415 1627 2.

245 1643 344 1669 Vsio.
380 1644 468 1670 Vsus.
504 1643 522 1669 1.
544 1644 605 1677 Sy.
630 1642 709 1669 Vsus.
730 1642 759 1670 fr.
781 1644 822 1670 60.
841 1644 863 1677 §
882 1645 906 1670 2.
926 1643 959 1669 dc
978 1643 1054 1679 legat.

210 1684 253 1712 111.
273 1686 340 1719 (32.)
376 1685 420 1712 111.
433 1687 498 1713 Gn.
519 1685 594 1721 Quae
614 1685 724 1712 huiusce
743 1687 855 1721 generis,
874 1686 967 1722 longae
986 1688 1055 1712 usio-

210 1729 252 1754 nis
271 1729 361 1764 gratia,
382 1728 579 1755 contrahuntur.
596 1728 637 1755 Fr.
652 1729 703 1764 Qu.
718 1729 805 1760 Mucii,
819 1728 893 1755 Leti.
913 1730 963 1766 Ap.
985 1729 1053 1756 Gell.
1074 1753 1076 1759 ,

210 1769 255 1797 IV.
277 1773 298 1797 1.
319 1771 359 1798 Ex
379 1781 431 1808 quo
451 1782 513 1797 auro
533 1771 632 1808 aliquid
652 1776 699 1797 est.
720 1772 850 1803 effectum,
870 1773 926 1798 sive
945 1771 972 1798 id
991 1782 1053 1798 suae
1074 1766 1076 1808 l

211 1814 267 1840 sive
286 1813 393 1840 alterius
413 1815 515 1840 usionis
535 1824 612 1840 eausa
632 1819 749 1851 paratum
770 1819 848 1841 esset.
874 1814 904 1841 fr.
924 1816 966 1841 27.
986 1816 1008 1849 ξ.
1028 1816 1051 1841 4.

211 1855 244 1882 (18
263 1866 325 1882 auro
346 1867 398 1893 arg.
417 1858 457 1884 34.
478 1859 502 1883 2.

245 1899 431 1926 Vestalium.
452 1899 565 1932 (Advb.)
586 1902 763 1927 Secundum
782 1903 1051 1927 consuetudinem.
1073 1906 1075 1921 ⁸

209 1941 252 1968 ΠΙ.
268 1943 334 1970 Gn.
353 1942 500 1969 Provinciis
514 1942 695 1979 praesidentes
710 1952 757 1980 per
770 1944 884 1969 omnium
898 1942 975 1969 villas
995 1953 1051 1970 sen-

210 1986 258 2011 sim
278 1990 355 2021 atque
375 1986 503 2016 usitatim.
528 1986 656 2022 vicosque
675 1990 797 2017 cunctos,
821 1985 976 2012 discurrant.
1001 1985 1051 2013 Th.

210 2027 240 2054 C.
260 2027 278 2054 1.
301 2029 339 2054 16.
360 2038 380 2054 c.
404 2030 442 2055 12.
462 2027 565 2061 (wok.)
586 2028 618 2054 de
636 2028 680 2054 off.
700 2028 773 2055 Reet.
793 2028 835 2055 Pr.

244 2071 424 2098 Vsitatus.
443 2070 564 2103 (Partic.)
588 2073 650 2098 Vsu
668 2078 823 2106 receptus.
860 2070 890 2098 11.
912 2073 979 2106 Op.
999 2070 1052 2098 No-

209 2122 267 2139 vus.
288 2113 329 2140 Cf.
350 2113 374 2139 11.
393 2123 418 2139 v.
437 2114 459 2147 ξ.
479 2115 502 2139 2.
540 2113 582 2140 ΠΙ.
605 2115 672 2141 Gn.
699 2113 724 2140 A
742 2113 822 2140 nullis
842 2114 993 2141 auctoribus
1013 2125 1052 2141 re-

210 2160 309 2192 ceptae,
329 2166 377 2182 nec
397 2157 508 2182 usitatae
526 2161 588 2182 sunt
607 2157 765 2193 (scripturae
779 2158 890 2189 corum.)
910 2168 931 2184 c.
949 2159 970 2183 l.
989 2158 1011 2191 §.
1026 2159 1049 2184 4.

211 2197 244 2223 de
262 2204 312 2225 vet.
332 2200 390 2225 iuro
409 2199 493 2225 cnucl.
514 2201 536 2225 1.
559 2201 596 2225 17.
634 2199 814 2226 Dubitandum
834 2210 885 2226 non
905 2201 963 2231 erit.
988 2202 1050 2237 quin
1072 2226 1073 2231 ,

212 2245 260 2266 etc.
280 2256 311 2260 —
329 2251 387 2268 nam
409 2247 433 2268 et
453 2243 575 2268 usitatum
595 2241 649 2268 fere.
667 2247 707 2268 est
727 2247 774 2269 etc.
800 2242 830 2269 fr.
852 2244 909 2269 108.
932 2244 953 2277 §.
975 2245 997 2270 7.
1018 2243 1050 2270 (18

211 2282 287 2318 legat.
310 2282 328 2308 1.
347 2286 423 2317 (30.)
461 2285 589 2320 Quamvis
613 2286 736 2312 usitatum
760 2296 811 2312 non
836 2287 883 2317 sit.
909 2302 939 2306 --
965 2291 1050 2312 tamen
1072 2297 1074 2326 ἑ

211 2335 320 2361 aequum
340 2326 391 2352 sibi
407 2327 498 2354 videri.
518 2327 547 2353 fr.
561 2329 603 2354 21.
623 2328 644 2361 ξ.
659 2330 683 2354 3.
704 2327 736 2354 de
755 2328 812 2365 adp.
834 2334 859 2355 et
878 2329 950 2355 relat.
971 2331 1011 2355 49.
1029 2331 1049 2356 1.
1072 2333 1074 2357 l

212 2367 243 2393 cf.
264 2378 285 2394 c.
308 2370 329 2394 l.
350 2369 372 2394 si
392 2374 453 2395 cert.
473 2375 525 2406 pet.
549 2372 573 2396 4.
593 2372 616 2396 2.
654 2370 687 2397 Et
711 2372 832 2397 usitatius
857 2376 882 2397 et
906 2371 1050 2407 elegantius
1072 2367 1074 2384 :

212 2420 279 2436 esse.
299 2410 329 2436 l'r.
351 2412 408 2436 137.
427 2411 448 2444 ξ.
463 2413 486 2437 7.
506 2413 538 2439 de
557 2413 589 2439 V.
609 2412 641 2439 Ο.
661 2415 740 2439 45.1.
762 2413 883 2449 Vulgaria
903 2420 980 2451 atque
1000 2416 1050 2441 usi-
1072 2420 1073 2439 1

213 2459 263 2479 tata
282 2454 424 2485 (actionum
444 2456 567 2488 nomina.)
587 2456 617 2482 sr.
637 2458 660 2481 2.
681 2455 712 2482 cf.
733 2455 762 2482 fr.
783 2457 805 2482 l.
825 2466 863 2493 pr.
884 2456 916 2483 de
936 2467 1049 2494 praescr.
1071 2455 1073 2475 ³

212 2506 252 2522 vv.
273 2497 312 2522 19.
333 2498 356 2521 5.
379 2495 483 2521 Vsitato
502 2506 580 2524 more.
602 2509 622 2525 c,
641 2500 682 2525 32.
703 2498 735 2524 de
754 2503 876 2525 trausact.
896 2501 920 2526 2.
940 2501 963 2526 4.
984 2510 1005 2526 c.
1025 2502 1048 2526 3.
1071 2500 1072 2528 i

213 2538 245 2564 de
264 2538 362 2575 postul.
381 2540 404 2564 2.
425 2539 448 2564 6.
468 2538 536 2564 Illud
555 2541 753 2568 usitatissimum
773 2546 822 2572 est,
842 2547 869 2568 ut
889 2547 937 2569 etc.
958 2542 988 2569 fr.
1010 2544 1049 2568 19.
1071 2533 1072 2539 ¹

212 2581 244 2608 de
262 2586 375 2607 excusat.
394 2582 436 2607 27.
458 2582 479 2606 l.
499 2580 628 2618 Tempora
647 2586 749 2611 usitata.
770 2583 819 2610 Th.
840 2583 870 2611 C.
890 2585 908 2611 1.
925 2587 964 2612 16.
984 2596 1005 2612 c.
1027 2587 1049 2611 1.

211 2623 315 2655 (ch.)
335 2623 367 2649 de
386 2623 429 2650 off.
450 2623 522 2650 cht.
543 2624 584 2650 Pr.

246 2666 536 2699 Tspian1.(Advb.)
556 2669 626 2693 l'llo
645 2669 676 2694 in
695 2671 769 2697 loco.
802 2670 919 2698 lucu.
933 2670 1050 2707 Vspiam,
1071 2659 1073 2714 ἶ

213 2708 254 2734 vel
274 2710 298 2734 in
319 2710 424 2741 itinere,
449 2709 491 2736 vel
510 2710 536 2735 in
555 2709 626 2735 urbe.
648 2709 697 2736 Th.
717 2712 747 2739 C.
767 2713 836 2739 XVI.
858 2715 896 2739 10.
918 2724 938 2740 c.
960 2715 998 2739 10.
1019 2712 1051 2738 (18
1072 2720 1073 2742 1

215 2761 304 2789 pagan.
326 2751 367 2778 Cf.
387 2751 417 2778 ll.
437 2753 478 2777 33.
499 2762 520 2778 c.
540 2755 563 2778 2.
585 2751 617 2778 (18
637 2762 707 2778 usur.

249 2795 427 2827 Vsquam.
441 2794 554 2827 (Advb.)
574 2794 652 2821 ldem.
683 2794 702 2821 1.
718 2797 778 2830 Sy.
798 2797 914 2835 Vsquam
929 2798 1052 2834 gentium.

1869 152 1953 183 1019

1111 230 1275 268 Vbicunque.
1296 231 1337 258 Cf.
1357 231 1381 258 b.
1400 242 1423 258 v.
1443 233 1464 266 §.
1487 233 1508 259 l.
1543 231 1585 258 ΙΙΙ.
1600 232 1666 259 Gn.
1686 230 1741 258 Nec
1760 241 1868 268 usquam
1888 232 1951 259 rcla-

1110 279 1174 306 tum,
1193 284 1240 300 nec
1260 284 1372 311 unquam
1392 280 1533 311 receptum.
1553 274 1582 301 [ι’.
1600 276 1620 301 l.
1640 274 1661 308 ξ.
1676 276 1697 300 1.
1719 273 1750 300 de
1770 274 1858 302 Senat.
1874 277 1895 301 1.
1909 277 1933 302 9.

1145 318 1282 350 Vsque.
1308 317 1421 349 (Advb.)
1450 318 1481 351 ᾖ.
1496 319 1530 344 1.
1562 320 1656 344 Intra
1670 319 1760 353 fines
1780 320 1862 344 cerei
1880 325 1951 345 tem-

1107 362 1212 394 poris,
1233 363 1280 386 vel
1298 363 1374 392 Ioci,
1393 363 1442 387 vel
1460 362 1585 387 numeri
1603 365 1651 386 etc.
1690 359 1708 386 Ι.
1725 361 1786 394 sy.
1806 360 1842 386 In.
1864 360 1903 387 Cf.
1925 361 1949 388 h.

1109 413 1130 429 v.
1151 404 1172 437 §.
1192 404 1216 429 4.
1253 402 1283 429 11.
1304 404 1371 436 ΟΡ.
1390 403 1478 429 Extra.
1504 402 1545 430 Cf.
1565 403 1589 429 h.
1610 413 1634 430 v.
1658 403 1681 436 ξ.
1703 404 1724 428 1.
1749 402 1839 440 Vsque
1858 403 1897 430 ad.
1918 420 1949 423 —

1085 432 1087 466 i
1108 445 1136 472 In
1156 446 1295 477 infinitum.
1314 455 1338 472 v.
1358 451 1521 483 perpetuum.
1547 445 1576 472 sr.
1596 447 1619 472 4.
1646 446 1666 479 ξ.
1687 448 1711 472 2.
1736 445 1768 472 de
1787 447 1812 472 iu
1832 447 1872 472 ius
1892 456 1949 473 voc.

1107 491 1131 514 2.
1152 490 1175 514 4.
1195 488 1225 514 sr.
1244 490 1268 514 3.
1288 498 1326 524 sq.
1353 488 1385 514 de
1404 498 1508 525 procur.
1530 490 1554 515 3.
1574 490 1598 515 3.
1637 488 1726 525 Vsque
1746 488 1778 514 ad
1801 489 1877 521 (eum
1896 498 1949 524 gra-

1108 531 1190 563 dum.)
1212 545 1241 549 —
1260 531 1345 557 Etiam
1366 541 1397 557 ex
1416 531 1479 564 (illo
1499 531 1605 567 gradu.)
1626 531 1686 568 le.
1707 531 1736 558 V.
1756 532 1780 558 6.
1818 531 1860 558 111.
1883 532 1949 559 Gn.

1109 573 1198 610 Vsque
1219 574 1244 599 in
1263 573 1428 606 hodiernum.
1448 584 1471 600 v.
1491 584 1567 601 nunc.
1593 573 1624 600 fr.
1647 576 1702 600 135.
1726 574 1748 607 ξ.
1767 576 1791 600 2.
1812 574 1844 600 de
1864 573 1895 600 V.
1916 574 1949 601 Ο.

1108 619 1149 643 45.
1171 618 1192 642 1.
1218 626 1239 642 c.
1259 618 1282 642 6.
1308 616 1340 643 dc
1365 616 1414 643 SS.
1440 616 1502 643 eccl.
1524 619 1545 643 l.
1564 619 1588 643 2.
1616 616 1665 643 Th.
1691 616 1723 643 C.
1748 616 1819 643 XVI.
1840 619 1862 643 l.
1883 628 1904 643 c.
1923 619 1948 644 2.

1108 669 1147 696 pr.
1167 658 1199 685 de
1218 659 1269 685 fide
1289 659 1354 686 calli.
1375 659 1483 685 Praedia
1503 670 1531 685 ea
1551 661 1645 691 omnia.
1666 670 1732 696 quae
1745 665 1806 686 sunt
1821 670 1904 696 usque
1918 659 1950 686 ad

1108 701 1250 738 praedium.
1270 701 1342 738 quod
1360 707 1470 728 vocatur
1489 707 1537 728 etc.
1558 702 1587 729 fr.
1607 704 1649 730 35.
1676 703 1697 736 ξ.
1719 704 1740 728 l.
1761 702 1793 729 de
1812 702 1887 739 legat.
1907 702 1949 730 111.

1107 746 1174 778 (32.)
1195 744 1226 771 cf.
1245 744 1276 771 fr.
1295 746 1336 771 30.
1357 755 1395 782 pr.
1416 745 1448 771 (18
1467 745 1542 781 legat.
1563 745 1594 771 ΙΙ.
1608 746 1675 777 (31.)
1696 745 1790 780 Quoad
1811 755 1893 782 usque
1912 747 1950 772 in-

1106 797 1212 824 gressus
1232 792 1283 819 est.
1301 803 1332 806 —
1353 798 1383 813 eo
1402 797 1486 824 usque
1505 793 1553 814 etc.
1573 787 1603 814 fr.
1620 790 1640 814 1.
1661 788 1682 821 ξ.
1697 790 1720 813 5.
1741 787 1773 814 de
1792 789 1848 815 itin.
1863 793 1948 825 actuq.

1107 832 1171 867 priv.
1192 832 1232 856 43.
1254 831 1293 856 19.
1332 830 1385 865 Qui
1405 841 1417 856 a
1437 831 1555 868 patriciis
1576 836 1601 857 et
1621 830 1794 862 Consulibus,
1814 841 1898 867 usque
1917 831 1948 858 ad

1107 883 1197 899 omnes
1218 872 1336 899 illustres
1355 874 1434 905 viros,
1459 872 1630 900 descendunt.
1656 874 1684 900 fr.
1707 875 1745 900 12.
1766 873 1788 906 ξ.
1809 875 1831 900 l.
1852 874 1884 900 de
1903 873 1949 900 Se-

1107 921 1158 942 nat.
1181 918 1202 942 l.
1222 918 1246 942 9.
1284 915 1418 947 Parentes.
1438 926 1521 952 usque
1540 916 1571 943 ad
1591 918 1728 947 tritavum3
1746 931 1778 935 —-
1797 917 1948 953 superiores

1108 963 1155 984 otc.
1178 958 1208 984 sr.
1228 961 1252 984 4.
1273 959 1294 992 ξ.
1313 960 1337 985 2.
1358 958 1391 985 de
1410 960 1436 985 iu
1455 960 1496 985 ius
1515 969 1571 986 voc.
1592 962 1615 985 2.
1635 962 1659 986 4.
1692 959 1732 985 Ex
1752 958 1836 985 tribus
1855 960 1947 991 servis.

1107 1017 1138 1021 —
1159 1011 1242 1037 usque.
1261 1001 1292 1027 ad
1312 1002 1350 1033 X3
1375 1018 1405 1022 —-—
1430 1012 1444 1027 a
1463 1002 1487 1028 X
1508 1012 1590 1038 usque
1609 1002 1640 1028 ad
1660 1002 1737 1028 XXX
1761 1006 1810 1028 etc.
1848 1001 1909 1039 le.
1928 1002 1947 1028 l.

1083 1043 1084 1049 ¹
1105 1045 1147 1070 24.
1168 1043 1226 1069 Gai.
1247 1043 1265 1069 1.
1285 1045 1326 1069 43.
1346 1047 1387 1070 45.
1421 1061 1450 1064 -
1484 1045 1515 1078 §.
1536 1046 1571 1071 2.
1599 1047 1778 1071 Admodum.
1816 1044 1859 1071 111.
1881 1046 1946 1072 Gn.

1082 1085 1083 1105 i
1105 1085 1200 1112 Procul
1221 1095 1304 1122 usque
1324 1097 1335 1111 a
1355 1086 1509 1113 liberalibus
1529 1088 1615 1114 causis
1635 1097 1694 1113 sese
1714 1088 1871 1113 contineant.
1897 1087 1946 1114 Th.

1106 1128 1137 1156 C.
1158 1128 1225 1156 V111.
1246 1131 1269 1155 9.
1290 1139 1311 1154 c.
1332 1130 1354 1155 l.
1376 1129 1407 1155 de
1426 1129 1490 1157 lucr.
1511 1130 1580 1157 offic.

1138 1173 1264 1205 Vsque
1284 1172 1386 1198 dum.
1412 1172 1522 1205 (Advh.)
1552 1175 1675 1206 Quoad,
1698 1174 1865 1206 Quamdiu.
1903 1172 1946 1199 111.

1104 1216 1171 1242 Gn.
1191 1214 1283 1251 Vsque
1302 1214 1363 1240 dum
1382 1215 1459 1241 vivet.
1479 1216 1508 1241 fr.
1522 1218 1563 1242 21.
1584 1226 1622 1253 pr.
1643 1216 1674 1242 de
1695 1226 1751 1243 ann.
1772 1216 1847 1252 legat.
1867 1218 1908 1243 33.
1923 1218 1946 1243 1.

1104 1257 1185 1284 Adire
1204 1257 1291 1289 debet,
1317 1267 1400 1294 usque
1420 1257 1481 1283 dum
1501 1268 1603 1285 causam
1622 1259 1703 1285 finiat.
1723 1258 1807 1285 Vatic.
1827 1259 1849 1293 ᾗ.
1871 1260 1928 1286 161.

1137 1301 1263 1333 Vsque
1283 1308 1340 1327 eo.
1354 1299 1466 1333 (Advb.)
1487 1302 1523 1327 Iu
1542 1307 1675 1328 tautum.
1714 1301 1756 1328 III.
1769 1303 1834 1330 Gn.
1855 1301 1946 1339 Vsque

1079 1345 1081 1349 '
1103 1353 1133 1369 eo
1153 1343 1287 1369 dumtaxat
1310 1343 1363 1376 (sc.
1384 1342 1606 1375 condemnandi.)
1631 1353 1683 1379 quo
1705 1344 1893 1381 locupletiores
1913 1355 1945 1372 ex

1102 1396 1130 1412 ea
1150 1396 1178 1412 re
1197 1386 1258 1412 facti
1277 1390 1374 1412 essent.
1395 1385 1425 1412 fr.
1439 1388 1480 1412 20.
1501 1387 1522 1419 §.
1539 1388 1562 1412 6.
1584 1385 1615 1412 de
1634 1386 1722 1412 liered.
1743 1392 1794 1423 pet.
1815 1389 1837 1413 5.
1852 1389 1876 1413 3.
1896 1387 1946 1414 Vs-

1101 1439 1152 1466 que
1172 1439 1203 1455 co
1228 1430 1281 1461 (sc.
1302 1430 1388 1466 capite
1406 1429 1591 1461 minuuntur‚)
1616 1434 1644 1455 ut
1668 1430 1800 1456 civitatem
1819 1431 1945 1457 amittant.

1077 1467 1079 1497 ἶ
1101 1472 1130 1499 fr.
1150 1474 1173 1498 5.
1194 1472 1215 1506 ξ,
1237 1474 1258 1499 1.
1279 1471 1312 1498 de
1332 1482 1387 1509 cap.
1407 1473 1467 1498 min.
1488 1474 1511 1498 4.
1532 1474 1555 1498 5.
1576 1471 1630 1505 (Cf.
1651 1482 1672 1497 v.
1691 1472 1752 1505 Eo.)

1135 1516 1428 1548 Vsquequaque.
1460 1514 1573 1547 (Advb.)
1604 1516 1653 1540 Ex
1672 1517 1876 1548 omniparte.
1914 1515 1944 1542 Il.

1102 1559 1169 1591 (Dp.
1189 1559 1337 1594 Quousque
1357 1558 1558 1594 (permissum.)
1584 1573 1614 1577 ——
1641 1556 1723 1593 Vsqu.
1748 1557 1829 1584 libera
1849 1558 1945 1591 (admi-

1100 1600 1246 1633 nistratio.)
1271 1600 1302 1626 fr.
1324 1602 1345 1626 1.
1370 1601 1391 1633 ξ.
1415 1602 1435 1626 1.
1461 1600 1511 1636 Qu.
1537 1610 1578 1627 res
1598 1601 1668 1637 pigri.
1688 1602 1728 1626 20.
1749 1601 1773 1627 3.
1798 1600 1828 1627 fr.
1851 1603 1889 1629 12.
1911 1601 1944 1628 de

1100 1653 1152 1670 cur.
1173 1643 1222 1670 fur.
1242 1645 1339 1670 27.10.
1370 1642 1412 1669 ΙΙΙ.
1429 1644 1494 1670 Cn.
1514 1643 1554 1669 Ne
1573 1659 1605 1663 --
1625 1653 1822 1680 usquequaque.
1842 1649 1867 1670 et
1886 1645 1943 1670 sine

1099 1685 1151 1713 ulla
1171 1686 1354 1717 distinctione.
1378 1687 1527 1722 recipiatur.
1552 1685 1582 1712 sr.
1606 1688 1648 1712 30.
1673 1686 1694 1719 ξ.
1718 1688 1741 1713 2.
1766 1686 1797 1712 ad
1821 1686 1850 1713 L.
1872 1686 1941 1714 Falc.

1097 1730 1139 1755 35.
1159 1730 1184 1755 2.
1209 1728 1287 1764 Quod
1312 1729 1390 1765 vulgo
1414 1729 1522 1759 dicitur,
1547 1739 1598 1755 non
1619 1739 1695 1765 usqu.
1715 1738 1804 1755 verum
1823 1739 1890 1756 esse.
1911 1729 1941 1757 fr.

1099 1773 1139 1797 14.
1158 1771 1180 1804 ς’.
1204 1773 1223 1797 1.
1244 1771 1277 1798 de
1296 1771 1342 1798 lib.
1364 1777 1389 1798 et
1408 1771 1495 1808 posth.
1516 1774 1591 1798 2892.
1612 1772 1727 1798 laternis
1747 1773 1844 1807 negotii
1864 1782 1941 1809 usqu.

1097 1814 1224 1840 decursis.
1245 1813 1294 1840 Th.
1314 1814 1345 1841 C.
1366 1814 1383 1840 1.
1404 1817 1427 1841 5.
1451 1824 1472 1841 c.
1492 1816 1516 1841 3.
1537 1814 1640 1847 (er.)
1661 1814 1692 1840 (18
1712 1814 1754 1841 off.
1776 1814 1827 1841 Prf.
1847 1814 1888 1841 Pr.

1131 1858 1257 1889 ''sque
1280 1865 1367 1890 quo.
1400 1857 1520 1890 (Advb.)
1555 1860 1733 1892 Quousque.
1767 1859 1940 1890 Quatenus.

1096 1899 1138 1926 111.
1160 1901 1225 1927 Cn.
1255 1899 1346 1936 Vsque
1369 1910 1421 1937 quo
1441 1899 1555 1926 Falcidia
1580 1900 1721 1937 permittit,
1746 1909 1819 1926 suam
1844 1899 1940 1926 habeut

1096 1947 1254 1979 potestatem
1273 1943 1322 1975 (sc.
1343 1942 1425 1980 legata
1440 1944 1501 1976 etc.)
1522 1942 1550 1969 l'r.
1566 1945 1606 1969 29.
1620 1943 1642 1976 ξ.
1656 1944 1679 1969 2.
1695 1942 1726 1969 de
1746 1942 1817 1968 inoll'.
1838 1947 1939 1970 testam.

1097 1987 1120 2012 5.
1140 1988 1163 2013 2.

1130 2029 1296 2055 Vsu-ina.
1324 2030 1440 2060 Locus,
1469 2031 1580 2063 inquo
1603 2030 1742 2054 cadaver
1765 2033 1937 2054 crematur.

1095 2070 1137 2098 111.
1158 2072 1224 2099 Un-
1256 2071 1324 2098 Intra
1349 2081 1437 2098 muros
1458 2071 1571 2097 civitatis
1597 2079 1692 2107 eorpus
1714 2069 1865 2106 sepulturae
1883 2069 1938 2098 dari

1096 2123 1147 2140 non
1168 2119 1265 2150 polest.
1285 2114 1324 2141 vel
1344 2115 1444 2141 ustrina
1464 2114 1528 2140 sieri.
1550 2112 1620 2139 Paul.
1642 2112 1658 2138 1.
1677 2114 1719 2138 21.
1739 2112 1761 2145 ξ
1780 2113 1804 2138 3.

1129 2157 1289 2184 Vsualis.
1310 2156 1440 2190 (Adiect.)
1461 2157 1491 2189 ξ.
1513 2157 1547 2182 l.
1571 2157 1618 2182 :ch
1637 2164 1724 2181 naum
1741 2161 1889 2188 paratus.
1918 2155 1936 2181 Ι.

1096 2201 1157 2234 Sy·
1178 2198 1249 2226 Vsus
1269 2201 1309 2226 sui
1330 2209 1414 2229 causa,
1435 2198 1541 2225 Ysualia
1561 2199 1701 2234 (mancipia
1716 2196 1831 2230 habere.)
1852 2196 1881 2223 fr.
1898 2199 1936 2224 16.

1072 2233 1073 2245 ¹
1095 2243 1116 2276 ξ.
1135 2244 1158 2268 3.
1179 2242 1211 2268 de
1232 2242 1362 2279 publicari.
1381 2243 1423 2267 39.
1443 2243 1466 2267 4.
1488 2242 1517 2267 fr.
1537 2242 1595 2267 203.
1616 2240 1648 2266 (18
1670 2239 1698 2266 V.
1720 2239 1746 2266 S.
1766 2241 1808 2265 50.
1831 2241 1868 2265 16.
1906 2239 1932 2266 11.

1097 2287 1164 2319 ΟΡ.
1185 2284 1301 2311 Venalis.
1321 2284 1362 2311 Cf.
1384 2283 1407 2310 l1.
1428 2294 1451 2310 v.
1472 2285 1493 2318 ξ.
1516 2286 1536 2310 1.
1562 2299 1587 2302 ⁴—
1610 2284 1641 2316 §.
1657 2284 1691 2309 2.
1716 2284 1776 2309 Vsu
1795 2292 1935 2316 collepro-

1095 2330 1193 2355 balus.
1225 2327 1266 2353 111.
1289 2328 1354 2354 οη.
1374 2326 1402 2353 In
1422 2326 1565 2363 Vprdibus
1585 2331 1611 2352 et
1630 2325 1677 2351 ΥΠ
1696 2326 1780 2351 unciis
1800 2324 1935 2351 usualibus

1095 2370 1227 2403 (delectus
1247 2369 1393 2399 habeatur.)
1415 2368 1464 2395 Th.
1485 2369 1516 2396 C.
1537 2369 1592 2395 Vll.
1614 2370 1653 2394 13.
1674 2378 1695 2393 c.
1715 2369 1738 2393 3.
1759 2367 1791 2393 de
1811 2368 1888 2394 tiron.

1129 2413 1323 2439 Vsuarius.
1344 2412 1473 2444 (Adiect.)
1497 2413 1528 2445 §.
1543 2413 1576 2438 l.
1598 2413 1644 2437 Ad
1663 2420 1749 2437 usum
1771 2412 1933 2444 quotidia-

1094 2466 1164 2482 num
1181 2461 1303 2489 paratu
1312 2465 1330 2480 a.
1363 2454 1405 2481 111.
1427 2455 1493 2482 Gn·
1513 2453 1696 2484 l'romercalia,
1716 2457 1741 2478 et
1760 2453 1871 2479 usuaria.
1890 2452 1932 2480 Fr.

1095 2498 1195 2529 Sabini,
1215 2497 1288 2524 Leti.
1313 2497 1361 2534 Ap.
1383 2496 1451 2523 Gell.
1472 2496 1515 2523 IV.
1537 2499 1558 2522 l.
1585 2512 1615 2516 —
1640 2496 1671 2529 δ.
1692 2497 1727 2522 2.
1755 2497 1817 2528 Qui
1834 2498 1933 2522 serni-

1094 2548 1194 2568 tutem
1219 2550 1293 2566 usus
1310 2542 1451 2574 patitur.
1490 2539 1532 2566 111.
1555 2540 1621 2566 Un-
1650 2538 1748 2564 Servus
1767 2537 1932 2569 fructuarius,

1094 2583 1135 2610 vel
1156 2584 1284 2609 usuarius.
1304 2582 1334 2609 fr.
1354 2584 1376 2608 2.
1401 2582 1432 2608 de
1451 2581 1536 2619 pecul.
1559 2583 1597 2607 15.
1619 2582 1639 2606 1.
1686 2579 1736 2606 Per
1754 2581 1872 2607 usuarias
1891 2591 1932 2606 an-

1071 2641 1073 2658 ξ
1095 2626 1169 2653 cillas
1189 2636 1256 2662 opus
1275 2626 1410 2662 perficere.
1430 2624 1459 2650 sr.
1476 2626 1514 2650 12.
1534 2625 1555 2657 §.
1570 2625 1593 2650 6.
1614 2623 1647 2650 de
1666 2633 1715 2649 usu
1734 2628 1759 2649 et
1777 2623 1856 2650 habit.
1871 2625 1893 2649 7.
1907 2625 1929 2649 8.

1095 2669 1222 2695 Vsuariae
1247 2669 1283 2694 rei
1307 2668 1421 2704 speciem
1446 2667 1481 2695 is.
1511 2667 1584 2692 cuius
1609 2667 1757 2703 proprietas
1781 2672 1833 2697 est,
1857 2664 1930 2691 nullo

1095 2711 1173 2738 modo
1194 2715 1352 2737 commutare
1372 2714 1469 2746 potest.
1488 2708 1518 2736 sr.
1537 2711 1578 2736 23.
1600 2709 1633 2735 ib.
1655 2711 1678 2735 7.
1697 2710 1721 2736 8.

1129 2753 1322 2780 Vsunrius.
1338 2752 1453 2785 (Subst.)
1476 2753 1537 2784 Qui
1551 2754 1621 2778 iure
1635 2755 1805 2779 dumtaxat
1819 2752 1928 2776 aliena

1096 2807 1129 2823 re
1149 2798 1258 2823 utendi
1273 2797 1448 2830 praeditus
1467 2801 1520 2821 est.
1552 2794 1570 2821 I.
1586 2796 1647 2830 Sy.
1666 2794 1700 2826 Is,
1719 2794 1791 2819 cuius
1805 2802 1867 2819 usus
1881 2797 1928 2818 cst.

1418 2838 1490 2863 128*
