2197 3121
258 182 301 212 30

259 261 393 289 consessio
413 277 444 282 —
459 261 557 288 deesse
575 261 702 288 videatur.
722 261 752 287 fr.
774 261 796 286 l.
817 260 839 294 3.
860 261 882 286 l.
903 259 935 286 de
955 259 1100 296 quaestion.

260 307 301 332 4³3.
324 307 362 332 15.

295 361 520 387 Adam-tere.
562 361 699 391 Addere,
732 360 957 392 Incorporare.
999 356 1018 383 I.
1038 356 1100 390 Sy.

259 403 416 437 Adiungere.
451 402 501 429 Th.
526 402 556 429 C.
581 402 625 429 XI.
651 404 690 427 16.
716 412 737 427 r.
763 402 803 427 14.
834 400 866 426 de
891 405 956 426 extr.
982 409 1003 425 s.
1028 397 1099 425 sord.

259 446 374 472 Soeiare.
403 446 439 472 lb.
458 445 503 472 IX.
524 448 564 472 42.
586 456 606 471 r.
623 446 662 470 11.
683 454 722 480 sq.
744 443 776 470 de
795 443 856 470 bon.
876 453 978 480 proscr.
997 441 1043 468 XI.
1057 443 1099 468 29.

258 500 280 515 e.
301 492 323 515 4.
349 488 380 515 de
404 489 522 515 relation.
559 487 706 514 Accedere.
735 486 824 514 Necti.
851 486 961 512 Adnecti
987 484 1097 517 (tisco).

258 532 294 558 lh.
316 532 360 558 IX.
380 534 421 558 42.
446 542 466 558 r.
488 533 510 557 7.
530 542 550 557 c.
575 533 612 557 12.
638 541 659 556 e.
679 532 721 556 20.
758 529 800 555 III.
823 530 888 557 ΓΠ.
920 527 1056 563 Coliegio‚
1075 537 1099 553 V.

258 575 427 612 CorporaIIS.
448 574 549 600 adnecti
570 574 736 610 (peregrinos
756 573 827 605 ehu).
856 571 893 598 1b.
915 570 957 597 1⁷1.
977 572 1019 597 36.
1040 581 1061 597 c.
1077 572 1100 596 l.

257 618 290 645 de
310 619 424 654 equestri
443 617 532 651 dignit.
556 616 626 643 XIV.
647 619 671 642 ὅ,
692 626 713 642 r.
735 617 756 642 1.
787 615 819 641 de
839 619 942 641 centon.
963 618 987 640 et
1008 613 1099 640 dendr.

258 660 391 697 'Numquid
411 661 470 686 novi
491 659 617 686 resideat.
638 658 708 695 quod
728 658 831 685 adnecti
851 656 1060 693 adlegationibus
1075 657 1101 682 in

257 704 390 730 iudiciaria
417 704 586 729 contentione
611 703 757 728 conveniat.
796 701 833 727 lb.
852 700 882 727 II.
909 702 948 726 18.
974 710 995 726 r.
1017 701 1039 726 1.
1068 699 1101 726 (le

257 747 336 773 iudir.
362 746 393 772 eI'.
413 746 459 772 XI.
478 748 520 772 30.
541 756 561 772 c.
584 747 604 771 l.
631 745 662 771 de
682 755 741 782 app.
762 749 786 770 et
806 754 882 781 poen.

294 798 482 830 Adnepos.
524 796 720 829 Adneptis.
768 796 949 829 Abnepotis
978 795 1101 831 filius,

256 841 412 876 rel-filia.
449 839 491 866 III.
513 841 578 867 sn.
613 839 714 874 Quinto
738 837 819 874 gradu
843 842 919 864 sunt:
943 853 975 857 —-
1001 842 1101 865 atavus.

255 884 351 909 atavia.
377 898 409 902 —-
433 882 563 920 adnepos.
589 881 718 918 adneptis.
753 881 784 908 sr.
805 883 827 907 l.
853 881 875 915 3.
896 883 919 908 7.
952 880 983 906 rs.
1010 880 1040 906 fr.
1060 881 1100 905 10.

254 927 276 960 ς’.
299 927 337 951 16.
358 925 390 951 d.-
410 925 479 961 grad.
501 931 532 952 ει.
555 925 632 951 adun.
652 926 693 950 33.
715 926 756 950 10.
792 923 866 951 Paul.
886 923 930 950 lv.
952 926 991 950 ll.
1012 924 1033 958 ς.
1054 925 1078 949 5.

289 975 640 1010 Adnexum(1‘artie.).
678 975 709 1009 ᾖ.
729 976 764 1002 l.
793 977 1014 1009 Adplicitnm,
1040 976 1101 1001 Ad-

253 1023 366 1048 iuncta
376 1030 406 1046 m.
444 1019 462 1046 1.
482 1020 542 1054 Sy.
573 1018 706 1045 Subiecta.
736 1017 834 1044 Subter
853 1017 953 1044 adnexa
973 1017 1101 1051 (notitia).

254 1074 275 1089 c.
295 1065 319 1089 2.
340 1062 423 1096 317.
443 1061 476 1088 de
496 1063 539 1089 oss.
559 1061 612 1089 Prs.
632 1061 674 1088 Pr.
694 1061 750 1088 Afr.
773 1063 795 1088 1.
815 1063 857 1088 27.
896 1060 938 1087 III.
953 1061 1018 1088 011.
1038 1060 1102 1086 Bre-

254 1107 293 1132 vis
314 1105 404 1132 subter
424 1104 541 1132 adnexus
561 1106 679 1132 continet
698 1110 746 1131 etc.
781 1115 803 1131 r.
823 1106 846 1131 4.
872 1103 905 1130 de
931 1104 1101 1130 castrensian.

255 1151 294 1175 12.
315 1149 355 1175 ⁸26.
385 1147 459 1174 quta
479 1149 692 1174 instruetionmn.
713 1164 746 1167 —
766 1158 832 1184 quae
852 1146 952 1173 adnexa
972 1151 1020 1173 est.
1050 1145 1100 1173 Th.

253 1192 284 1219 C.
306 1191 349 1217 11.
370 1192 412 1217 30.
439 1200 459 1217 c.
482 1193 521 1217 15.
546 1201 585 1228 pr.
614 1191 646 1217 de
670 1190 751 1217 Palat.
778 1190 805 1217 S.
826 1190 904 1226 largg.
943 1205 975 1209 —
1013 1189 1044 1223 §.
1065 1190 1100 1216 ἓ.
1123 1191 1124 1200 ’

252 1237 441 1265 Addictum,
461 1235 682 1261 Adtrihutnm.
720 1234 762 1260 III.
779 1235 844 1261 (ΤΠ.
869 1233 969 1259 Servus
983 1233 1102 1269 proprie-

253 1279 318 1304 tario
338 1287 386 1303 suo
406 1276 532 1303 adnexus.
567 1287 587 1303 c.
610 1278 631 1303 1.
657 1287 749 1303 comm.
776 1276 809 1303 de
828 1286 894 1302 man.
920 1277 943 1302 7.
965 1277 1004 1301 15.
1043 1274 1101 1301 Soli

255 1321 336 1348 rebus
356 1320 472 1346 adnexae
491 1320 640 1346 servitutes.
667 1330 687 1346 c.
709 1321 749 1347 13.
770 1319 803 1346 de
822 1320 913 1346 servit.
933 1319 957 1345 3.
976 1320 1019 1345 34.

286 1371 430 1399 Adniti.
490 1372 658 1398 Intendere
695 1373 796 1402 vires,
841 1371 980 1405 Operam
1017 1372 1102 1397 dare.

253 1414 295 1441 lII.
311 1416 376 1443 Cn·
406 1413 474 1441 Cum
488 1414 558 1439 omni
577 1414 655 1440 modo
675 1414 746 1440 filios
766 1413 893 1440 conducat
914 1412 1004 1441 adniti.
1026 1417 1052 1439 ut
1068 1429 1100 1432 —

251 1463 408 1485 mereantur.
448 1456 498 1483 Th.
524 1456 553 1482 C.
579 1456 646 1483 VIII.
675 1459 714 1483 la.
745 1467 766 1483 c.
790 1458 814 1483 2.
843 1456 876 1483 de.
903 1460 1012 1482 matern.
1038 1455 1100 1482 bou.

251 1501 320 1539 Ipsis
350 1502 463 1538 primum
494 1499 685 1533 adnitentibus.
724 1499 809 1526 Vobis
841 1499 1021 1526 adnitentibus
1051 1504 1100 1525 etc.

251 1545 288 1571 lb.
309 1544 365 1571 XII.
392 1546 413 1570 l.
439 1554 460 1569 c.
480 1545 522 1569 49.
547 1543 568 1577 3.
588 1546 616 1569 2.
645 1543 678 1570 de
701 1543 835 1570 decurion.
877 1541 946 1569 Nov.
965 1542 1099 1570 Maiorian.

252 1587 284 1614 de
304 1593 363 1614 ortu
383 1588 474 1623 imper.
494 1585 538 1612 IV.
560 1588 581 1612 l.
603 1597 623 1612 c.
645 1589 667 1613 l.

287 1639 495 1666 Adnotare.
533 1637 564 1671 ξ.
584 1638 618 1663 1.
658 1639 810 1664 Notitiae
834 1646 934 1664 causa
954 1638 1099 1663 conscri-

251 1684 328 1709 bere.
367 1680 409 1707 Ill.
431 1682 496 1708 (ἠ.
526 1680 652 1716 Sequitur
671 1680 814 1706 videamus.
835 1696 867 1699 —
892 1679 926 1706 Et
946 1679 1051 1716 quidem
1071 1679 1100 1706 il-

252 1724 297 1751 lud
316 1723 494 1750 adnotandum
514 1728 562 1749 est.
592 1723 623 1750 fr.
643 1726 667 1750 2.

252 1767 363 1805 Proprio
388 1766 563 1803 chirographo
588 1771 637 1792 etc.
663 1765 750 1792 adnot.
789 1766 819 1792 fr.
843 1768 884 1792 30.
919 1766 971 1802 Qu.
996 1770 1098 1792 testam.

252 1811 299 1837 Iar.
321 1821 345 1847 p.
365 1811 407 1836 28.
430 1812 451 1836 l.
473 1809 504 1836 cs.
525 1820 546 1836 c.
568 1812 607 1835 15.
628 1809 660 1835 de
680 1808 753 1835 milit.
774 1813 835 1835 test.
855 1810 878 1835 6.
897 1810 940 1835 ⁵21.
960 1825 993 1829 -—
1014 1810 1044 1843 §.
1063 1811 1098 1836 2.

252 1854 287 1880 In
312 1855 442 1879 tabulas
465 1855 618 1886 publicas
648 1854 776 1888 referre
803 1861 911 1878 nomen
940 1854 1098 1879 alicuius.

252 1895 269 1922 l.
284 1897 346 1930 Sy.
374 1895 562 1931 Requirendus
583 1895 674 1921 fartus.
704 1894 854 1921 Adnotatus
874 1896 914 1928 (ut
928 1895 1098 1931 requiratur).

252 1939 283 1965 sr.
304 1941 326 1964 4.
348 1938 369 1972 3.
391 1940 414 1964 5.
439 1938 471 1964 de
490 1937 521 1964 R.
542 1937 574 1964 M.
594 1940 636 1964 49.
658 1938 697 1963 16.
725 1947 746 1963 c.
767 1939 790 1963 1.
816 1937 848 1964 de
867 1937 1016 1974 requirend.
1036 1939 1098 1964 reis.
1121 1944 1122 1956 ¹

251 1984 275 2009 9.
297 1984 337 2007 io,
382 1980 423 2007 III.
446 1982 507 2009 sn.
541 1980 569 2007 Si
593 1981 652 2017 quis
679 1980 832 2017 deportatus
858 1980 918 2007 fuit.
943 1997 976 2000 —
994 1980 1037 2007 vel
1057 1981 1099 2007 ad·
1121 2012 1122 2024 ¹

251 2030 366 2051 notatus.
397 2024 426 2050 fr.
450 2026 471 2050 l.
494 2024 514 2057 3.
535 2025 559 2050 3.
585 2023 636 2049 nih.
657 2024 745 2049 innov.
766 2024 807 2049 49.
828 2025 851 2050 7.
881 2023 912 2050 cs.
937 2023 967 2050 fr.
988 2025 1012 2050 6.
1032 2024 1098 2057 3.1.
1120 2026 1122 2057 j

727 2066 833 2092 Absens
858 2066 1032 2103 requirendus
1057 2066 1099 2093 ad·
1120 2067 1121 2092 ἶ

252 2068 284 2094 de
309 2067 403 2094 interd.
429 2072 455 2093 ei.
479 2067 557 2103 reio-g.
582 2067 623 2092 48.
647 2068 689 2093 22.

252 2116 358 2138 notatus
380 2115 428 2136 est.
449 2115 473 2136 ut
497 2111 598 2147 copiam
619 2110 659 2136 sui
678 2114 802 2146 praestet.
824 2109 853 2135 sr.
875 2111 897 2136 l.
918 2110 939 2144 3.
962 2112 984 2136 l.
1009 2109 1042 2136 de
1061 2120 1099 2136 re-

254 2153 375 2191 quirend.
400 2164 423 2179 v.
449 2153 504 2179 ahs.
529 2153 614 2179 damu.
640 2154 680 2178 48.
707 2154 746 2178 17.
781 2152 812 2179 ef.
838 2163 858 2179 c.
881 2155 902 2179 l.
930 2152 987 2179 eod.
1012 2154 1036 2179 9.
1055 2155 1097 2180 40.

255 2197 325 2223 Inter
345 2206 404 2222 reos
425 2196 550 2222 adnotari.
571 2207 592 2222 r.
612 2198 636 2222 3.
661 2195 696 2222 ih.
717 2197 740 2221 9.
760 2197 801 2221 1⁰.
841 2195 1018 2233 Praesrriptio
1037 2196 1096 2222 XX.

252 2250 389 2266 annorum.
412 2250 477 2275 qusst·
497 2241 573 2265 eiialn
594 2240 661 2265 CII‘f'ss
681 2238 899 2274 requirendorum
913 2238 1098 2266 adnotatorum
1120 2256 1121 2263 i

254 2283 320 2309 bona
341 2283 503 2308 observ-atur.
534 2282 564 2308 fr.
588 2284 608 2308 l.
634 2282 654 2315 3.
674 2283 698 2308 3.
724 2281 756 2308 de
776 2282 831 2308 iure
851 2282 916 2308 fisci.
941 2284 981 2309 49.
1004 2284 1043 2309 14.
1065 2298 1097 2302 -—

252 2326 283 2359 ξ.
305 2327 341 2352 3.
376 2327 492 2352 Notum
522 2327 731 2359 adspergere,
761 2326 1009 2359 Reprehendere.
1054 2325 1096 2352 III.

253 2370 318 2396 sn.
348 2367 518 2394 Calumniosa
538 2372 578 2393 est
598 2369 666 2394 euim
685 2368 729 2394 illa
749 2368 896 2400 adnotatio.
921 2384 954 2387 —
978 2368 1097 2405 alioquin

254 2416 276 2436 et
306 2411 370 2437 iliud
395 2410 578 2437 adnotaremus
604 2415 652 2436 ete.
688 2410 717 2437 sr.
741 2413 783 2436 ⁸2.
809 2411 830 2444 3.
854 2413 877 2437 2.
908 2411 941 2437 de
964 2411 1041 2447 legat.
1066 2411 1096 2438 11.
1119 2414 1121 2425 ⁴

254 2454 331 2485 (31.)
368 2454 397 2480 liu
425 2455 511 2480 inveni
536 2453 687 2479 Marcellum
712 2453 781 2490 apud
804 2453 932 2480 Iulianum
956 2454 1099 2481 adnotasse

254 2501 303 2521 ete.
325 2496 353 2522 fr.
376 2498 415 2522 11.
435 2498 456 2530 3.
480 2499 500 2523 1.
528 2496 560 2523 de
579 2495 607 2522 L.
629 2497 709 2522 (forn.
730 2496 762 2522 de
782 2496 838 2523 sals.
858 2498 900 2523 48.
921 2499 961 2523 10.
1000 2496 1097 2524 Celsus

255 2544 338 2565 autem
364 2540 508 2576 respondit.
537 2555 570 2559 -—
598 2539 654 2565 Ilm:
678 2539 855 2566 adnotandum
880 2545 920 2566 est
944 2545 993 2566 etr.
1024 2540 1053 2567 fr.
1074 2542 1096 2567 7.

255 2583 277 2616 3.
300 2584 338 2608 17.
369 2584 421 2617 Qu.
445 2593 475 2609 ex
497 2594 517 2609 e.
545 2584 571 2609 in
591 2592 663 2620 poss.
683 2584 724 2607 42.
745 2584 768 2608 4.
799 2583 830 2609 es.
856 2583 939 2610 Xatic.
961 2584 982 2617 3.
1003 2585 1044 2610 89.
1065 2600 1097 2604 -

255 2625 286 2658 §0
315 2626 353 2651 -Ι-
383 2627 586 2653 Adtribnere.
633 2625 650 2651 I.
678 2626 741 2659 Sy.
773 2625 920 2662 Adsignare
954 2626 1097 2661 (insulas).

256 2668 286 2694 t‘r.
309 2669 331 2693 l.
352 2668 372 2701 3.
392 2670 415 2694 3.
437 2668 469 2694 de
489 2668 536 2702 leg.
557 2669 599 2695 ΙΙΙ.
619 2668 690 2702 (32.)
720 2668 750 2695 sr.
771 2671 793 2695 7.
814 2669 836 2702 3.
858 2671 880 2695 1.
906 2669 938 2695 de
957 2670 1053 2697 interd.
1073 2675 1098 2697 et

257 2710 335 2743 releg.
355 2712 396 2736 48.
416 2712 458 2736 22.
496 2711 663 2748 Adseriptus.
701 2711 850 2738 Adnotatus
871 2713 1039 2746 (rensibus).
1066 2713 1097 2739 ef.
1120 2702 1121 2711 i

256 2763 279 2779 v.
300 2753 467 2790 Adseriptus.
505 2753 546 2780 III.
564 2756 629 2782 Cn.
665 2754 795 2791 Quisquis
816 2755 939 2781 censibus
959 2755 1037 2782 suerit
1056 2756 1099 2782 ad-

257 2801 369 2822 notatus.
391 2806 411 2822 c.
433 2798 472 2822 16.
493 2797 525 2823 de
545 2798 624 2834 episr.
645 2803 669 2823 et
690 2798 750 2824 cler.
772 2800 794 2824 l.
813 2799 837 2824 3.
858 2813 890 2817 —
909 2798 940 2832 ξ.
962 2799 999 2825 5.
1020 2800 1099 2825 Con-

256 2841 397 2873 spicere‚
421 2840 674 2873 Depreheudere.
716 2841 757 2867 III.
778 2842 844 2869 Cn.
872 2840 966 2878 Neque
985 2851 1098 2877 unquam

694 1723 715 1757 3.
737 1725 758 1749 1.
780 1723 812 1749 de
832 1722 856 1749 d.
877 1733 910 1749 m.
931 1733 986 1749 exc.
1012 1724 1054 1749 44.
1074 1725 1098 1749 4.
1121 1744 1122 1747 ,

1071 176 1172 207 ADN.

1145 257 1257 296 posthac
1275 257 1352 285 liceat
1371 259 1398 285 in
1418 258 1476 285 loco
1490 258 1602 287 honesto
1622 259 1774 288 inhonestas
1793 261 1917 289 adnotare
1930 273 1987 300 per-

1145 311 1232 328 sonaS.
1261 301 1311 328 Th.
1331 301 1362 328 C.
1381 300 1440 328 XV.
1461 303 1484 328 7.
1505 313 1526 329 c..
1547 305 1588 330 12.
1608 313 1647 340 pr.
1667 303 1700 330 de
1719 305 1830 331 seaenic.

1178 345 1396 372 Adnotatio.
1442 344 1474 377 §·
1502 346 1536 372 l·
1579 347 1664 373 Nota
1699 349 1890 381 adzeripta,
1926 350 1987 375 Ad—

1144 390 1252 415 iectio.
1290 387 1307 414 1.
1328 389 1389 422 sy.
1416 387 1578 425 Adscriptio.
1610 388 1660 415 Th.
1681 389 1712 416 C.
1732 389 1776 416 Π.
1795 392 1836 416 28.
1863 400 1884 417 c.
1904 392 1928 417 4.
1954 391 1987 417 de

1144 432 1257 468 princip.
1282 435 1366 467 agent.
1391 431 1417 457 in
1437 430 1491 457 reb.
1532 430 1574 458 III.
1596 433 1661 459 Gn.
1690 432 1848 459 Rectissime
1871 433 1986 460 Iulianus

1145 474 1251 506 definit.
1276 490 1308 493 —
1333 473 1493 500 calumniosa
1512 478 1553 500 est
1571 476 1639 501 enim
1659 474 1703 501 illa
1724 475 1858 502 adnotatio
1878 481 1926 502 ete.
1957 476 1986 503 fr.

1145 519 1186 543 52.
1206 517 1228 551 3.
1247 519 1271 543 2.
1292 517 1324 543 de
1344 516 1419 553 legat.
1439 516 1469 542 II.
1489 517 1562 550 (31.)
1581 533 1614 537 ——
1633 518 1664 551 ς’.
1679 520 1714 545 2.
1735 521 1869 546 Relatio
1889 521 1987 546 nomi-

1147 570 1217 586 num
1241 570 1366 587 reorum
1394 561 1676 594 requirendorum,
1704 563 1736 588 in
1764 564 1896 589 tabulas
1918 564 1986 597 pub.

1146 602 1188 629 III.
1209 604 1275 631 (7¹11.
1314 603 1355 629 Ex
1384 612 1435 639 quo
1464 613 1492 628 ea
1521 602 1654 630 adnotatio
1678 604 1744 631 facta
1769 610 1821 632 est.
1851 615 1916 641 quae
1944 604 1987 632 vel

1146 646 1246 677 edin-to.
1265 645 1308 672 vel
1328 646 1423 672 litteris
1443 644 1475 671 ad
1494 646 1660 682 magistratus
1679 647 1769 676 sactis.
1789 648 1896 685 publice
1915 649 1988 674 iuno-

1146 690 1203 715 tuit.
1225 688 1255 715 fr.
1276 691 1300 716 4.
1320 699 1359 726 pr.
1386 688 1417 715 cf.
1439 689 1505 723 3.1.
1532 688 1564 715 de
1588 691 1684 725 requIr.
1708 701 1733 718 v.
1754 692 1809 718 abs.
1834 691 1919 717 damn.
1945 692 1986 717 48.

1148 734 1187 759 17.
1209 732 1240 759 cf.
1261 742 1282 758 c.
1304 734 1343 758 10.
1365 731 1398 758 de
1417 736 1484 758 seut.
1504 742 1575 769 pass.
1595 734 1619 759 9.
1639 735 1681 760 51.
1700 750 1732 753 —
1752 736 1782 768 §.
1798 736 1835 762 3.
1857 736 1987 761 Certum

1146 777 1384 810 rescriptorum
1405 775 1635 809 Imperialium
1652 786 1760 811 genus.
1790 777 1831 803 III.
1847 779 1912 805 Cn.
1932 776 1988 803 Nec

1123 841 1124 845 ,
1146 820 1169 845 si
1189 817 1302 845 caeleste
1322 822 1411 844 contra
1430 818 1579 855 proferatur
1599 818 1745 846 oraculum.
1769 821 1825 847 sive
1844 820 1987 851 adnotatio,

1123 862 1125 885 i
1147 863 1203 888 sive
1223 862 1256 888 sit
1277 861 1365 887 divina
1384 862 1549 898 pragmatica.
1588 861 1656 888 Nm:
1676 861 1726 889 Th.
1747 862 1776 889 Π.
1801 863 1833 890 de
1857 864 1942 890 navib.
1962 873 1986 890 n.

1147 915 1236 931 excus.
1256 904 1274 930 I.
1296 906 1319 931 7.
1341 914 1362 930 c.
1384 906 1406 930 1.
1426 914 1465 941 pr.
1492 904 1523 931 cf.
1544 915 1565 931 c.
1587 907 1609 932 1.
1630 905 1662 931 de
1681 905 1815 942 monopol.
1835 909 1859 933 4.
1878 908 1919 933 59.
1948 906 1988 943 Ip-

1147 958 1189 974 sas
1213 946 1376 973 authenticas
1400 957 1501 979 sacras,
1527 958 1592 984 quae
1617 948 1730 975 divinam
1754 953 1860 975 nostrae
1881 950 1987 986 pietatis

1147 991 1284 1017 continent
1303 989 1506 1017 adnotationem.
1531 1001 1552 1017 c.
1574 993 1613 1018 10.
1635 991 1667 1017 de
1686 991 1738 1018 div,
1759 992 1802 1018 off.
1824 993 1864 1018 12.
1884 993 1925 1018 (50.
1955 992 1986 1019 rs.

1147 1033 1197 1060 Th.
1212 1033 1243 1060 C.
1258 1033 1275 1059 I.
1290 1035 1314 1059 2.
1336 1043 1357 1060 c.
1377 1035 1400 1060 l.
1425 1033 1530 1067 (ch.)
1551 1033 1583 1060 de
1597 1034 1649 1060 div.
1663 1043 1743 1061 rescr.
1779 1034 1930 1061 Personalia
1949 1045 1987 1062 re-

1147 1078 1258 1114 scripta.
1278 1076 1321 1103 vel
1340 1087 1387 1114 per
1407 1076 1590 1103 adnotationes
1611 1077 1705 1104 elicita.
1743 1078 1780 1104 lb.
1799 1077 1858 1104 XV.
1877 1079 1902 1104 3.
1922 1088 1943 1105 c.
1963 1081 1986 1105 5.

1123 1126 1124 1153 ξ
1147 1120 1179 1147 de
1198 1122 1255 1147 itin.
1275 1129 1345 1146 mun.
1371 1119 1402 1146 cs.
1421 1119 1493 1146 XIV.
1512 1122 1536 1147 4.
1558 1130 1579 1146 c.
1598 1121 1622 1147 8.
1642 1131 1681 1158 pr.
1703 1120 1735 1147 de
1754 1130 1823 1147 suar.
1843 1137 1876 1140 —
1895 1122 1926 1155 §-
1948 1123 1987 1149 4.

1123 1181 1124 1190 η
1146 1166 1293 1191 Privata
1312 1165 1492 1198 scriptura.
1512 1162 1554 1189 III.
1567 1164 1629 1191 Cn.
1648 1164 1824 1190 Instrumenta
1835 1164 1987 1197 domestica,

1146 1217 1193 1234 seu
1211 1207 1313 1244 privata
1332 1207 1451 1235 testatio.
1473 1216 1519 1232 seu
1539 1206 1680 1233 adnotatio.
1705 1218 1726 1234 c.
1745 1209 1770 1234 5.
1790 1207 1822 1234 de
1840 1208 1943 1245 probat.
1962 1212 1987 1235 4.

1147 1252 1187 1277 19.
1226 1249 1282 1277 Sub
1302 1250 1425 1287 propriae
1445 1249 1622 1276 adnotationis
1641 1260 1718 1276 mauu
1738 1266 1770 1270 —-
1789 1250 1874 1277 facere
1888 1250 1987 1278 debito-

1146 1304 1209 1320 rem.
1244 1292 1294 1319 Th.
1316 1292 1347 1319 C.
1367 1293 1400 1319 X.
1426 1293 1466 1318 16.
1492 1302 1513 1318 c.
1532 1294 1557 1319 3.
1588 1292 1620 1319 de
1644 1293 1702 1319 fisci
1723 1293 1834 1321 debitor.
1866 1294 1898 1321 cs.
1922 1304 1943 1321 c.
1964 1296 1986 1321 7.

1146 1337 1209 1364 Iust.
1238 1336 1269 1363 C.
1294 1335 1311 1362 l.
1336 1335 1353 1362 l.
1378 1337 1401 1362 4.
1423 1337 1463 1362 19.
1510 1351 1542 1355 ——
1579 1336 1610 1370 ξ.
1632 1337 1669 1363 5.
1710 1339 1883 1374 I'rofessio
1913 1348 1988 1365 con-

1146 1382 1282 1414 scripta.
1310 1379 1434 1407 111.(Ἶι.
1454 1378 1563 1416 Propria
1583 1378 1752 1406 adnotatione
1766 1390 1911 1417 suggerere.
1937 1380 1986 1408 Th.

1147 1423 1177 1450 C.
1198 1422 1242 1449 YI.
1262 1424 1286 1449 ⁶2.
1307 1433 1328 1449 c.
1348 1424 1372 1448 2.
1392 1423 1458 1456 3.1.
1478 1421 1511 1448 de
1530 1422 1619 1449 Senat.
1640 1427 1665 1449 et
1685 1422 1717 1449 de
1736 1422 1804 1459 gleb.
1840 1423 1988 1450 Relationis

1146 1476 1208 1493 suae
1228 1466 1281 1492 fide
1302 1471 1327 1492 et
1346 1465 1514 1492 adnotatione
1533 1465 1707 1502 perscribere.
1744 1466 1781 1493 Ib.
1800 1466 1846 1493 XJ.
1867 1468 1890 1494 7.
1910 1477 1931 1494 c.
1947 1469 1986 1494 14.

1146 1509 1178 1537 de
1197 1510 1326 1536 exaction.

1180 1553 1404 1580 Adnotator.
1434 1553 1497 1584 Qui
1515 1553 1656 1588 conficit
1675 1553 1836 1584 rationes,
1856 1555 1904 1580 rel
1921 1555 1987 1580 bre·

1145 1607 1194 1623 ves
1221 1597 1418 1630 (specierum
1436 1596 1504 1628 pub.
1525 1597 1728 1626 illatarum).
1765 1595 1806 1622 III.
1826 1597 1892 1623 Cn.
1920 1595 1987 1622 Sub-

1145 1640 1303 1676 seriptores.
1328 1654 1361 1658 —
1386 1637 1568 1664 adnotatores.
1598 1643 1813 1675 caeterorumque
1840 1638 1987 1666 officiorum

1145 1683 1242 1710 diversi
1262 1682 1391 1709 homines.
1429 1680 1465 1707 lb.
1485 1680 1542 1707 XII.
1562 1682 1586 1707 6.
1607 1691 1628 1707 c.
1647 1682 1671 1707 3.
1692 1681 1725 1707 de
1743 1686 1890 1719 susceptor.

1181 1727 1373 1754 Adnuere.
1410 1724 1441 1758 ᾗ.
1462 1725 1495 1750 1.
1529 1725 1616 1750 Nutu
1636 1727 1828 1752 consentire.
1862 1724 1986 1753 111.(711.

1145 1769 1208 1796 Siue
1227 1768 1316 1795 verbis
1336 1767 1459 1793 adnuere.
1492 1766 1522 1794 fr.
1544 1769 1566 1793 l.
1593 1768 1613 1801 3.
1634 1769 1657 1793 ¹2.
1683 1767 1715 1793 de
1735 1767 1766 1794 V.
1788 1768 1820 1794 O.
1845 1770 1886 1794 45.
1908 1770 1930 1795 l.
1954 1784 1986 1788 -

1144 1814 1174 1847 §.
1200 1813 1235 1838 2.
1268 1812 1495 1845 Adstipulari,
1524 1811 1702 1837 Exaadt’re.
1750 1810 1792 1837 III.
1819 1812 1884 1839 (711.
1919 1810 1988 1838 Cum

1143 1856 1243 1893 petenti
1267 1854 1330 1881 mihi
1355 1864 1367 1880 a
1393 1859 1431 1880 te.
1456 1853 1560 1879 domine
1583 1854 1730 1882 rarissime.
1760 1853 1879 1880 adnuerit
1903 1853 1987 1880 indul-

1144 1899 1230 1935 gentia
1254 1902 1305 1924 tua.
1340 1897 1369 1924 fr.
1390 1899 1431 1923 57.
1457 1896 1489 1922 de
1508 1895 1568 1923 don.
1589 1897 1634 1923 int.
1656 1896 1687 1923 V.
1710 1898 1752 1923 24.
1774 1899 1796 1923 1.
1835 1896 1940 1932 Quibus
1963 1897 1986 1922 si

1144 1942 1250 1979 perfuga
1270 1950 1322 1967 non
1342 1939 1445 1967 adnuit.
1469 1949 1555 1975 neque
1579 1941 1719 1966 consentit.
1757 1939 1806 1966 Th.
1828 1939 1858 1966 C.
1879 1939 1923 1965 IX.
1942 1941 1984 1965 45.

1145 1996 1166 2012 c.
1186 1987 1210 2011 4.
1237 1985 1259 2018 3.
1278 1986 1302 2010 2.
1332 1983 1364 2009 de
1383 1983 1408 2009 h.
1429 1992 1471 2018 qu.
1497 1982 1529 2008 ad
1553 1982 1616 2008 eccl.
1658 1982 1735 2008 Yotis
1760 1983 1812 2008 tuis
1839 1981 1984 2008 adnuimus.

1145 2039 1165 2054 c.
1186 2030 1210 2054 5.
1240 2026 1272 2053 de
1296 2026 1384 2063 adopt.
1413 2027 1436 2051 ὅ.
1461 2026 1502 2051 48.
1545 2025 1603 2051 Deo
1627 2024 1757 2051 adnuente
1782 2026 1983 2063 (romponere).

1144 2071 1238 2097 Const.
1258 2069 1316 2096 Deo
1337 2073 1449 2095 auctore.
1479 2068 1500 2101 3.
1523 2070 1562 2094 12.

1178 2115 1455 2141 Adnuunerare.
1485 2111 1516 2144 §-
1532 2112 1567 2137 1.
1593 2112 1775 2138 Numerare.
1813 2111 1831 2138 1.
1846 2112 1907 2146 Sy.
1927 2111 1986 2138 Sol-

1120 2163 1121 2172 *
1142 2167 1204 2183 vere
1225 2154 1403 2193 (pecuniam).
1434 2153 1483 2180 Th.
1505 2153 1535 2180 C.
1555 2153 1626 2180 XIV.
1646 2156 1670 2180 4.
1690 2164 1711 2180 e.
1731 2156 1755 2181 2.
1776 2154 1808 2180 de
1827 2165 1895 2181 suar.
1933 2153 1986 2181 Nu-

1144 2210 1250 2226 merare.
1284 2198 1340 2225 Gai.
1356 2197 1398 2223 III.
1418 2198 1460 2223 90.
1481 2196 1510 2223 fr.
1525 2198 1566 2223 35.
1587 2198 1609 2231 3.
1623 2199 1646 2223 5.
1668 2196 1700 2223 de
1720 2202 1803 2224 contr.
1825 2202 1884 2224 emt.
1906 2199 1945 2224 18.
1961 2199 1984 2224 l.

1142 2243 1185 2269 III.
1206 2244 1272 2271 (111.
1301 2241 1329 2267 Si
1350 2241 1408 2277 quis
1429 2241 1565 2277 pecuniam
1585 2245 1756 2268 numeratam.
1777 2257 1809 2260 —
1827 2251 1913 2277 neque
1932 2240 1985 2267 clu-

1143 2296 1197 2312 sam
1216 2295 1302 2321 neque
1321 2284 1483 2320 obsignatam
1508 2283 1634 2313 traderet.
1661 2283 1709 2310 sed
1732 2283 1921 2311 adnumeraret.
1953 2283 1983 2310 fr.

1142 2330 1183 2355 31.
1204 2328 1281 2354 locat.
1304 2328 1344 2354 19.
1364 2329 1388 2353 2.
1410 2326 1441 2353 cf.
1463 2326 1493 2353 [ι’.
1512 2328 1553 2353 24.
1575 2326 1666 2363 depos,
1689 2327 1728 2352 16.
1741 2328 1765 2352 3.
1803 2326 1831 2353 Si
1851 2327 1983 2359 adnuens-¹1,

1143 2371 1272 2409 adpensa.
1302 2370 1503 2396 adnumeratave
1531 2370 1591 2395 sint.
1626 2369 1656 2395 fr.
1681 2371 1723 2396 35.
1748 2370 1770 2404 3.
1790 2372 1814 2396 5.
1843 2370 1875 2397 de
1899 2374 1981 2397 contr.

1143 2419 1202 2441 emt.
1225 2415 1263 2440 18.
1285 2415 1307 2440 1.
1346 2414 1416 2440 Emti
1440 2417 1590 2439 contrartus
1614 2416 1638 2437 et
1662 2412 1774 2439 venditi.
1799 2412 1832 2439 ob
1856 2414 1983 2440 minorem

1119 2442 1121 2487 ,i
1143 2457 1336 2483 adnumeratam
1355 2457 1433 2493 pretii
1447 2456 1625 2492 quantitatem.
1646 2460 1756 2490 nequeat
1771 2456 1902 2482 infirmari.
1932 2455 1981 2482 Th.

1143 2500 1174 2527 C.
1195 2499 1237 2526 III.
1259 2501 1281 2526 l.
1302 2510 1322 2526 c.
1344 2501 1366 2526 7.
1388 2499 1419 2525 de
1439 2503 1522 2524 contr.
1542 2503 1601 2524 emt.
1626 2513 1659 2517 —-
1683 2498 1714 2531 ᾗ.
1735 2499 1770 2525 2.
1802 2500 1982 2525 Accenrere.

1120 2557 1121 2568 κ
1143 2543 1161 2569 Ι.
1182 2544 1243 2577 Sy.
1275 2542 1436 2579 Computare
1460 2542 1494 2567 in.
1523 2540 1553 2567 fr.
1574 2542 1615 2567 49.
1640 2540 1673 2567 de
1692 2540 1723 2567 V.
1744 2540 1770 2567 S.
1794 2542 1835 2567 50.
1856 2542 1896 2567 16,
1933 2540 1982 2567 Re-

1120 2573 1121 2602 i
1143 2585 1209 2621 «ligi.
1229 2584 1338 2617 IIaberi,
1364 2584 1501 2611 Contineri
1522 2584 1595 2618 (in).
1615 2583 1717 2611 Inesse.
1737 2583 1917 2610 Adnumerari.
1950 2583 1980 2610 sr.

1142 2631 1184 2654 55.
1204 2629 1225 2662 3.
1247 2630 1270 2654 7.
1292 2628 1322 2655 sr.
1342 2629 1384 2654 56.
1405 2627 1437 2653 de
1456 2626 1532 2663 legat.
1554 2627 1594 2653 III.
1611 2627 1683 2660 (32.)
1703 2626 1785 2653 11:1⁴2.
1800 2626 1877 2659 323.
1898 2626 1979 2653 fuls.

1143 2671 1180 2705 33.
1200 2672 1224 2697 3.
1246 2672 1286 2697 11.
1307 2670 1339 2697 de
1358 2671 1432 2697 instr.
1453 2669 1502 2705 leg.
1528 2671 1569 2696 33.
1591 2671 1613 2696 7.
1650 2669 1693 2696 III.
1718 2670 1783 2697 οη.
1813 2668 1919 2696 Fabulis
1938 2668 1981 2695 ad-

1143 2714 1280 2741 numerari.
1308 2713 1339 2740 fr.
1358 2714 1382 2739 3.
1407 2714 1429 2739 si
1449 2722 1510 2749 pars
1529 2712 1618 2739 hored.
1642 2715 1666 2739 5.
1685 2714 1708 2739 4.
1752 2712 1854 2750 Culpae
1877 2712 1978 2738 adnum.

1120 2767 1121 2782 π
1144 2757 1173 2783 fr.
1193 2758 1217 2783 9.
1237 2757 1259 2790 3.
1279 2758 1303 2782 5.
1328 2755 1359 2782 sr.
1378 2758 1420 2782 25.
1440 2756 1462 2790 3.
1482 2757 1506 2782 ⁴1.
1527 2755 1603 2782 locat.
1625 2757 1664 2782 19.
1684 2757 1708 2781 2.
1730 2754 1760 2781 fr.
1782 2757 1839 2782 132.
1864 2754 1896 2781 de
1915 2754 1978 2781 111.

1120 2784 1121 2800 ¹
1143 2802 1183 2826 50.
1206 2801 1244 2826 17.

1177 2841 1463 2869 Adnumeratio.

1510 2841 1725 2874 Adtributio,
1758 2841 1977 2874 Comparatio.
