2197 3121
941 154 1037 185 NEM
1048 173 1083 179 --
1096 155 1195 185 NER.
1870 157 1931 188 621

207 238 290 264 larum
309 238 412 265 urbium
432 238 571 275 corporati.
599 236 648 264 Th.
670 235 699 263 C.
720 235 790 262 XIV.
812 237 834 262 7.
857 246 878 262 e.
898 238 922 262 2.
943 236 975 263 de
996 236 1047 263 col-
1093 237 1123 263 cf.
1144 236 1174 263 fr.
1191 238 1230 263 11.
1251 237 1285 264 ib.
1307 239 1328 264 1.
1351 240 1372 264 7.
1410 238 1439 265 Si
1459 238 1591 276 paterfam.
1612 237 1789 274 adrogandum
1809 248 1837 264 se
1856 238 1933 265 dede-

205 280 291 307 leviat.

232 303 368 351 eNemo.
407 325 531 350 Nullus.
568 322 586 349 I.
610 323 672 356 Sy.
701 321 805 349 Nullus.
829 322 860 348 sr.
884 323 925 348 54.
950 332 989 358 sq.
1015 321 1046 348 de

204 366 235 392 R.
256 366 274 393 I.
299 369 340 392 50.
363 368 401 392 17.
444 365 526 392 Nemo
551 369 622 393 ante.
651 364 755 391 Cas-teri
779 364 811 391 ad
835 364 946 397 (hunc.)
972 365 1001 391 l'r.
1021 368 1044 391 2.

202 409 225 442 3.
239 410 280 436 35.
301 409 333 435 de
347 409 379 435 Ο.
400 408 417 435 1.
434 411 456 435 l.
475 411 499 435 2.
536 407 567 434 ΙΙ.
586 409 653 442 Op.
673 408 702 433 Si
722 409 790 444 quis,
810 417 831 434 s.
851 407 956 443 aliquis
977 407 1006 433 fr.
1021 409 1044 433 9.

202 452 225 486 3.
245 454 267 478 5.
289 452 322 478 de
341 452 384 478 off.
405 450 480 477 Proc.
500 455 527 476 et
545 450 607 487 Leg.
628 453 650 476 l.
673 452 711 477 16.
733 451 762 477 l'r.
784 451 840 476 124.
861 449 893 475 de.
914 449 944 476 V.
959 449 986 476 S.
1003 452 1043 476 50.

203 496 243 521 16.
282 494 364 521 Nemo
389 503 469 525 unus,
494 492 541 519 sed
565 498 609 519 aut
635 504 738 520 omnes.
763 498 806 519 aut
830 492 926 518 nullus.
951 493 981 519 l'r.
1005 495 1043 519 17.

202 538 224 571 3.
238 540 261 564 2.
283 537 314 564 de
334 547 384 564 rec.
400 547 442 573 qu.
459 535 513 562 arb.
528 537 550 561 4.
565 538 589 562 8.
627 536 736 568 Omnes,
757 535 884 571 Quilibet.
899 551 931 554 —
951 534 1043 562 Nemo.

202 580 233 606 fr.
252 582 276 606 2.
297 579 327 606 fr.
340 582 364 606 4.
384 589 423 616 pr.
444 578 474 605 fr.
490 580 513 604 5.
533 588 573 615 pr.
593 578 626 605 de
644 578 674 605 R.
690 579 723 605 D.
740 580 761 604 1.
781 579 804 604 8.
842 578 865 604 A
886 579 996 609 nemine,
1011 595 1042 598 —

202 622 302 649 Passim
323 622 476 659 (accipere.)
502 620 532 647 fr.
552 622 575 647 6.
596 621 617 655 3.
637 623 661 647 3.
682 621 714 647 de
733 621 775 648 off.
796 620 872 647 Proc.
893 626 918 647 et
935 620 997 657 Leg.
1020 624 1042 647 l.

202 666 242 691 16.
272 665 314 691 III.
329 666 395 693 Gn.
414 664 498 690 Nemo
512 669 561 696 est,
582 665 625 701 qui
645 665 752 696 nesciat,
772 673 793 690 s.
814 665 858 700 qui
873 669 957 700 neget.
977 665 1006 691 sr.
1021 667 1041 690 l.

201 708 223 741 3.
245 710 266 734 l.
286 707 319 734 de
338 707 362 733 11.
384 718 426 744 qu.
447 707 528 734 deiec.
548 708 572 733 9.
591 710 615 733 3.
652 706 735 733 Nemo
755 717 787 733 ex
807 707 941 739 omnibus,
966 718 989 733 v.
1011 718 1042 734 ex

200 750 250 782 his,
270 760 290 776 s.
312 761 344 776 ex
364 760 394 776 co
414 759 516 785 genere.
537 750 566 776 fr.
580 752 604 776 2.
625 750 646 784 3
659 751 700 776 35.
720 749 752 775 de
773 749 805 775 Ο.
824 749 842 775 I.
858 751 879 775 1.
894 752 917 776 2.
938 750 968 776 fr.
983 752 1041 776 246.

199 803 240 830 pr.
260 792 293 819 de.
312 792 344 818 V.
359 792 386 819 S.
401 795 442 818 50.
458 794 497 819 16.
518 792 548 819 l'r.
560 794 603 818 43.
624 802 662 829 pr.
682 791 714 818 de
733 792 764 818 R.
784 792 802 818 I.
815 794 856 819 50.
873 794 912 818 17.
938 793 1041 828 Quodsi

199 845 275 862 nemo
296 845 385 862 eorum
405 835 506 862 adierit.
543 835 573 861 Si
592 845 689 865 eorum,
712 834 808 871 quibus
828 845 848 861 c.
870 840 886 861 t.
907 837 1041 872 competit.

198 888 275 905 nemo
295 879 338 909 sit,
358 883 402 904 aut
420 883 511 916 petere
530 878 620 904 nolint.
642 877 702 914 le.
716 877 813 904 XXVI.
834 880 857 904 5.
878 878 998 905 XXVIII.
1017 881 1040 905 5.

198 921 227 948 Si
248 926 332 947 tamen
352 921 419 947 alius
439 931 471 948 ex
489 931 520 947 eo
540 925 696 947 testamento
716 931 791 947 nemo
811 920 887 947 heres
908 922 950 948 sit.
971 921 1007 947 lb.
1022 921 1039 948 I.

199 966 240 990 14.
259 964 354 990 XXIII.
375 966 398 990 6.
435 963 518 990 Nemo
537 963 659 995 filiorum,
680 974 703 990 v.
723 974 866 990 servorum.
887 964 918 990 fr.
936 966 959 990 6.
980 965 1039 998 3.1.

198 1007 230 1033 ad
249 1006 315 1033 SC.
335 1006 408 1033 Tei-t.
427 1008 468 1032 373.
489 1008 528 1032 17.
548 1006 579 1033 fr.
599 1008 640 1032 51.
667 1016 704 1043 pr.
730 1007 762 1033 dc
786 1017 852 1033 man.
878 1012 979 1034 testam.
999 1010 1040 1033 41».

196 1052 221 1076 4.
258 1049 341 1075 Nemo
362 1048 560 1081 Proconsulmn,
581 1059 601 1075 s.
622 1049 745 1076 iudicum.
766 1049 796 1076 sr.
816 1052 840 1076 4.
860 1050 882 1083 3'
902 1052 923 1077 l.
944 1050 977 1076 de
996 1051 1039 1077 off.

196 1092 272 1119 Proc.
293 1097 319 1119 et
337 1091 398 1128 Leg.
421 1093 442 1117 l.
464 1094 503 1118 16.
525 1091 574 1118 Th.
589 1092 619 1119 C.
634 1092 692 1119 XV.
714 1094 735 1118 l.
757 1102 777 1118 c.
791 1094 832 1118 37.
850 1092 882 1119 de
902 1104 962 1130 opp.
977 1094 1039 1130 pub.

196 1135 280 1161 Nemo
299 1134 390 1166 iudex.
414 1145 438 1160 v.
458 1134 534 1161 miles
554 1140 602 1161 etc.
632 1135 668 1161 lb.
689 1135 706 1162 Ι.
730 1137 768 1162 19.
789 1145 810 1161 c.
832 1137 853 1162 1.
874 1136 987 1169 (Wek.)
1008 1136 1040 1163 de
1061 1160 1062 1173 3

197 1178 239 1204 off.
260 1177 312 1204 iud.
333 1187 400 1203 omn.
426 1177 493 1204 Νῦν.
515 1177 565 1204 Τ11.
585 1177 615 1204 11.
635 1188 668 1204 ne
687 1177 798 1204 daciani.
818 1178 836 1204 l.
855 1181 879 1204 2.
901 1181 958 1205 c.1.
980 1180 999 1213 3
1017 1181 1039 1206 l.
1061 1183 1062 1190 ¹

196 1220 274 1247 Nulla
293 1220 380 1252 vidua,
401 1230 477 1247 nemo
497 1220 624 1258 pupillus.
651 1220 700 1247 Th.
722 1221 752 1247 C.
773 1221 841 1247 XIII.
863 1223 902 1248 10.
924 1232 944 1248 c.
964 1224 987 1248 (i.
1008 1222 1040 1248 de

195 1273 276 1290 censu
295 1273 315 1290 s.
336 1263 420 1290 adscr.
457 1263 595 1290 Neminem
614 1273 673 1289 esse
693 1274 705 1290 a
726 1273 777 1300 quo
798 1264 952 1301 stipuletur.
981 1275 1037 1291 cuin

194 1307 298 1333 nemine
322 1306 387 1332 nihil
411 1306 521 1333 faciente
547 1306 621 1333 locus
642 1307 699 1343 ipse
719 1305 841 1343 publicus
861 1306 982 1334 damnum
1002 1309 1039 1334 in·
1060 1329 1061 1339 .

194 1350 261 1376 serat
280 1350 321 1376 sui
340 1354 439 1375 natura.
460 1349 490 1375 sr.
510 1352 551 1376 24.
571 1359 610 1386 pr.
631 1349 663 1375 de
683 1349 767 1376 damn.
788 1350 832 1376 inf.
848 1352 889 1376 39.
908 1353 932 1377 2.

229 1394 384 1425 Nempe.
412 1394 562 1424 Scilicet,
586 1394 754 1419 Videlicet.
792 1392 834 1419 111.
856 1394 922 1420 011.
942 1393 995 1420 Sed
1015 1394 1037 1419 si

193 1437 262 1462 inter
281 1445 322 1461 me
341 1440 367 1461 et
386 1440 412 1461 te
432 1445 582 1462 communes
596 1440 658 1462 sunt
668 1435 787 1462 Titianae
800 1435 887 1467 aedes.
899 1452 930 1455 —
945 1446 1038 1473 nempe

192 1483 279 1505 tecum
303 1478 367 1504 mihi
392 1488 467 1513 agere
490 1477 560 1504 licet.
588 1477 619 1504 fr.
638 1479 680 1504 27.
701 1488 740 1515 pr.
766 1478 798 1504 de
822 1478 848 1504 S.
869 1478 896 1505 P.
918 1478 949 1505 V.
969 1480 992 1505 S.
1012 1482 1036 1505 2.

192 1521 257 1548 Item
276 1522 302 1547 in
322 1520 474 1558 stipulando
494 1522 558 1547 satis
577 1520 703 1547 habemus
723 1521 756 1547 de
774 1521 871 1548 herede
889 1532 989 1553 cavere.
1004 1538 1035 1542 ·-—

192 1574 287 1601 nempe
306 1574 387 1600 aeque
407 1565 429 1590 si
448 1563 539 1601 plures
557 1563 669 1590 heredes
685 1565 739 1590 sint
758 1565 938 1597 (continentur
954 1566 1036 1602 stipu-

192 1607 310 1640 latione.)
331 1607 360 1633 sr.
382 1609 439 1633 158.
460 1606 493 1633 de
513 1606 544 1633 V.
564 1606 592 1633 S.
612 1608 652 1633 50.
676 1608 715 1633 16.

226 1652 503 1678 Neocaesarea.
539 1651 771 1684 Cappadociae
790 1652 872 1677 urbs.
910 1650 952 1676 111.
969 1651 1034 1678 011.

192 1693 298 1719 Amasia
322 1697 348 1719 et
367 1692 545 1719 Neocaesarea
572 1694 663 1719 civitas
687 1693 728 1719 ius
752 1693 985 1730 metropolitanum
1009 1699 1035 1720 et

192 1745 287 1762 nomen
306 1735 424 1762 habeant.
445 1735 492 1762 Iul.
513 1746 553 1773 ep.
573 1746 632 1762 nov.
653 1746 673 1762 c.
691 1737 732 1762 27.
753 1736 774 1769 3.
794 1737 835 1762 98.

227 1780 367 1811 Nepos,
388 1778 530 1812 Neptis.
562 1780 636 1812 Qui,
661 1789 792 1813 quaeve,
812 1781 951 1815 exsilio
971 1789 1033 1805 meo

188 1823 315 1857 filiave
333 1823 489 1848 nascitur.
527 1821 620 1855 LSy.
640 1821 693 1856 Qui
713 1831 744 1847 ex
764 1821 820 1847 filio
840 1831 897 1847 meo
914 1827 938 1848 et
951 1832 1033 1848 uxore

192 1865 248 1890 cius
267 1864 390 1890 nascitur.
428 1863 526 1900 Nepos.
550 1864 580 1890 l'r.
601 1866 624 1890 4,
645 1863 676 1889 de
696 1863 720 1889 h.
741 1873 784 1900 qu.
804 1865 853 1890 sui.
876 1866 896 1890 1.
917 1866 941 1891 6.
979 1865 1033 1900 Qui

190 1906 340 1933 inferiorem
354 1906 462 1939 gradum
475 1906 618 1933 liberorum
632 1906 741 1932 obtinet.
761 1906 790 1932 fr.
804 1909 828 1933 2.
844 1917 882 1944 pr.
898 1907 930 1933 de
944 1907 1032 1945 adopt.

192 1951 214 1976 l.
235 1951 257 1975 7.
296 1948 365 1980 Filii.
384 1953 503 1986 nepotes,
524 1954 624 1985 neptes,
645 1954 671 1975 et
690 1949 814 1986 deinceps
832 1950 1031 1977 descendentes.

190 1991 287 2018 Liberi.
309 1991 349 2018 Cf.
370 1992 394 2018 11.
414 2002 437 2018 v.
458 1992 479 2026 3.
496 1994 517 2018 l.
554 1992 597 2018 III.
618 1993 684 2019 Gn.
704 1992 831 2029 Nepotes,
851 1998 954 2030 neptes,
973 2004 1032 2031 pro-

190 2040 318 2072 nepotes,
346 2040 507 2072 proneptes,
532 2045 561 2061 30
584 2034 679 2060 deinde
706 2035 850 2061 masculino
876 2046 942 2063 sexu
970 2043 1032 2074 post
1053 2059 1054 2064 .

190 2078 274 2104 filium
299 2077 498 2104 descendentes.
522 2077 594 2104 Paul.
613 2077 656 2104 lV.
677 2079 700 2104 S.
721 2077 745 2112 3
762 2079 785 2104 8.
806 2079 837 2105 cf.
866 2079 927 2117 le.
946 2081 1030 2107 XXII.
1052 2083 1054 2089 '

189 2123 231 2146 22.
267 2120 417 2152 Paterfam..
437 2120 593 2152 materfam..
617 2120 764 2153 filiusfam..
784 2121 912 2153 filiast-m..
933 2124 1030 2160 quique
1052 2118 1053 2162 J

191 2162 314 2200 deinceps
337 2164 421 2190 vicem
441 2174 530 2190 eorum
556 2168 714 2200 sequuntur.
739 2169 830 2201 utputa
855 2171 980 2202 nepotes.
1005 2171 1031 2193 et
1051 2163 1053 2188 ι’
1075 2165 1107 2191 de
1130 2165 1216 2192 Aedil.
1241 2166 1319 2193 edict.
1339 2168 1380 2193 21.
1402 2168 1424 2192 1.
1450 2166 1480 2192 ct'.
1507 2166 1562 2192 Gai.
1584 2165 1627 2192 [V.
1648 2168 1688 2192 75.
1731 2166 1844 2201 Quando
1869 2166 1916 2192 tibi

191 2210 293 2241 neptes,
313 2211 338 2231 et
357 2206 489 2243 deinceps.
509 2206 540 2233 l'r.
563 2208 619 2232 195.
639 2207 660 2240 3.
680 2209 703 2233 2.
724 2206 756 2233 de
776 2206 806 2233 V.
828 2207 855 2233 S.
875 2210 916 2234 50.
937 2210 976 2235 16.
997 2209 1029 2236 cl'.

191 2246 248 2274 Gai.
268 2246 311 2273 III.
329 2250 353 2274 3.
390 2249 534 2281 Personae,
555 2259 620 2285 quae
639 2254 775 2286 parentum
795 2250 972 2277 liberorumve
991 2251 1029 2278 lo-

191 2300 249 2316 cum
268 2291 336 2315 iuter
352 2300 380 2317 se
394 2291 522 2324 obtinent,
537 2308 568 2312 —
582 2292 654 2318 velut
668 2297 743 2329 pater
762 2297 787 2318 et
806 2293 866 2324 filia,
886 2294 928 2320 vel
948 2299 1029 2321 mater

191 2338 217 2359 et
236 2332 320 2363 fitius.
340 2333 380 2359 vel
400 2345 463 2361 avus
483 2340 507 2362 et
526 2336 622 2372 neptis.
648 2335 685 2361 Ib.
706 2335 724 2360 1.
745 2337 786 2362 59.
823 2335 915 2363 Frater
937 2337 1028 2364 eodem

189 2380 263 2412 patre
282 2379 367 2406 natus,
388 2375 473 2403 fratris
487 2377 567 2409 filius,
586 2388 703 2414 neposve
724 2388 755 2404 ex
770 2388 809 2410 eo,
829 2380 890 2405 item
910 2385 1027 2416 patruus,

190 2423 216 2444 et
235 2418 321 2455 patrui
340 2418 423 2450 1111118,
447 2424 472 2445 et
495 2430 577 2457 nepos
598 2431 628 2447 ex
648 2431 686 2447 eo.
712 2421 748 2447 Ib.
768 2421 786 2447 I.
808 2423 866 2448 156.
903 2422 986 2449 Filius
1006 2425 1027 2449 si

190 2471 247 2487 enm
267 2460 407 2497 nepotibus
428 2471 460 2487 ex
479 2461 529 2488 alio
548 2463 602 2490 filio
622 2465 754 2501 susceptis
774 2465 800 2490 in
820 2464 914 2491 familia
935 2467 1028 2492 retine-

189 2509 238 2530 tur.
266 2502 336 2529 Paul.
357 2502 400 2529 IV.
421 2504 444 2529 8.
465 2504 486 2537 3.
505 2506 528 2531 9.
565 2505 593 2531 Si
613 2506 684 2533 filius
703 2516 776 2533 meus
796 2508 856 2533 vivo
876 2518 916 2533 me
935 2510 1027 2535 morie-

189 2552 244 2577 tur,
264 2551 326 2572 tunc
344 2546 367 2571 si
387 2547 445 2581 quis
465 2545 528 2572 mihi
546 2557 578 2573 ex
597 2558 627 2574 eo
646 2559 742 2586 nepos.
768 2550 825 2575 sive
844 2560 910 2586 quae
929 2553 1025 2588 neptis,

189 2605 221 2609 ——
240 2593 325 2619 natus,
344 2593 402 2614 nala
422 2588 477 2614 erit.
499 2587 528 2614 fr.
547 2590 589 2615 29.
608 2600 647 2626 pr.
672 2592 704 2618 de
723 2592 767 2619 lib.
788 2597 814 2619 et
832 2593 918 2630 posth.
940 2595 981 2620 28.
1001 2596 1024 2621 2.

187 2631 290 2661 Liberi,
314 2632 359 2667 qui
383 2641 414 2657 ex
438 2630 491 2657 filia
511 2636 622 2668 nepteve
640 2640 817 2669 procreantur.
843 2635 899 2662 Gai.
919 2635 962 2662 III.
983 2638 1023 2663 71.

187 2675 218 2702 l'r.
240 2676 296 2701 1:36.
322 2674 354 2700 de
373 2673 404 2700 V.
424 2673 451 2700 S.
471 2676 512 2700 50.
534 2676 573 2700 16.
615 2674 705 2711 Nepos
729 2678 756 2703 in
780 2678 902 2715 adoptiva
928 2678 1023 2706 familia

187 2722 335 2754 susceptus.
356 2716 384 2742 fr.
407 2718 446 2743 10.
471 2717 492 2750 3.
512 2718 534 2743 8.
556 2716 588 2743 de
607 2717 633 2743 in
653 2718 694 2744 ius
712 2728 768 2746 voc.
788 2723 811 2747 2.
829 2723 852 2747 4.
874 2722 905 2748 cs.
929 2721 960 2748 fr.
982 2724 1021 2749 14.

187 2760 219 2786 de
238 2760 325 2797 adopt.
340 2761 362 2785 1.
379 2761 400 2785 7.
438 2758 474 2785 Vt
492 2759 587 2796 aliquis
606 2770 689 2797 nepos
708 2767 797 2789 noster
816 2774 874 2791 esse
892 2764 1021 2797 videatur,

186 2802 295 2839 perinde
313 2803 387 2839 quasi
406 2812 438 2829 cx
457 2802 512 2829 filio
531 2802 574 2830 vel
593 2803 693 2830 incerto
712 2809 787 2831 natus
807 2807 849 2833 sit.
868 2807 898 2834 fr.
919 2809 959 2834 43.
980 2818 1019 2845 sq.

1091 281 1133 311 rit,
1153 279 1230 306 liberi
1250 290 1355 317 quoque
1369 282 1433 312 eiuS,
1454 282 1529 318 quasi
1544 285 1662 318 nepotes.
1683 281 1707 306 in
1723 285 1853 317 potestate
1867 280 1933 307 liunt

1092 322 1262 359 adrogatoris.
1282 322 1343 360 le.
1356 323 1422 350 VIII.
1443 326 1466 350 8.
1488 324 1544 351 Gai.
1565 324 1582 350 1.
1604 325 1660 350 107.
1698 323 1823 360 Nepotes.
1844 324 1888 359 qui
1906 324 1932 349 in

1091 365 1176 392 locum
1202 366 1316 392 filiorum
1341 367 1493 394 succedunt.
1523 366 1605 393 Vatic.
1631 367 1650 400 3.
1674 368 1730 392 198.
1755 365 1815 403 le.
1835 366 1931 393 XXIII.

1089 409 1113 434 3.
1151 408 1236 440 Suus,
1256 425 1286 429 ——
1308 409 1430 441 Alienus,
1450 420 1541 447 nepos.
1567 409 1596 435 l'r.
1617 411 1658 435 44.
1678 408 1694 435 l.
1716 408 1731 435 Ι.
1754 411 1774 436 l.
1796 411 1818 435 7.
1839 409 1868 435 l'r.
1890 411 1930 436 10.

1090 451 1111 484 3.
1125 453 1149 478 8.
1170 451 1202 478 de
1220 452 1246 478 in
1266 453 1306 478 ius
1320 462 1376 478 voc.
1391 455 1414 478 2.
1429 455 1453 479 4.
1490 452 1597 480 ParenS.
1617 453 1661 488 qui
1675 451 1763 481 filiam,
1783 457 1930 489 neptemve,

1090 499 1133 520 aut
1153 491 1320 532 proneptem.
1340 494 1414 521 alteri
1435 506 1463 522 ea
1482 495 1538 531 lege
1557 496 1687 532 mancipio
1707 494 1779 521 dedit
1798 500 1846 521 etc.
1872 495 1930 521 Gai.

1090 536 1107 563 1.
1129 539 1186 564 172.
1208 539 1265 563 175.
1301 538 1375 564 Avus
1400 539 1487 575 neptis
1513 539 1630 569 nomine,
1656 548 1732 574 quam
1757 548 1789 564 ex
1812 538 1868 564 filio
1888 538 1930 564 ha-

1089 579 1175 611 bebat,
1196 580 1297 613 (dotem
1316 581 1438 617 promisit
1457 580 1519 613 etc.)
1539 580 1568 606 l'r.
1582 582 1624 607 33.
1645 580 1676 606 de
1695 585 1763 618 pact.
1776 583 1799 607 2.
1815 582 1855 607 14.
1878 580 1930 607 Ne-

1089 632 1139 658 que
1159 624 1235 649 matri
1254 623 1337 649 filium
1357 623 1479 654 filiamve,
1500 632 1584 659 neque
1604 633 1652 649 avo
1671 629 1787 650 materno
1807 628 1930 661 nepotem

1088 670 1227 702 neptcmve
1247 665 1420 698 (exheredare
1440 676 1549 692 necesse
1569 667 1630 698 est.)
1656 666 1710 692 Gai.
1732 666 1772 693 111.
1793 668 1833 692 71.

1122 710 1306 741 Nequam.
1345 708 1486 742 (Adit-ct.)
1523 710 1686 735 I'erditus.
1723 708 1764 735 III.
1785 711 1851 737 Cn.
1879 708 1929 735 Nc—

1087 752 1231 786 quissimus
1252 751 1371 778 verbero.
1398 762 1418 778 c.
1439 753 1462 778 6.
1487 751 1518 778 de
1541 761 1609 777 serv.
1629 751 1701 787 sugit.
1721 753 1744 778 6.
1767 754 1787 779 l.
1825 752 1928 778 Persida

1086 803 1160 819 mens
1180 799 1205 820 et
1219 795 1378 830 nequissima
1393 800 1464 821 secta
1478 794 1733 828 (Eunomianorum.)
1754 794 1802 821 Th.
1815 794 1846 822 C.
1857 794 1927 822 XVI.

1086 838 1109 862 5.
1131 846 1151 862 c.
1170 838 1211 863 25.
1231 838 1252 870 3.
1276 839 1296 863 l.
1318 837 1350 863 de
1370 837 1468 864 haeret.

1122 880 1385 912 Nequaquam.
1410 880 1522 914 (Advb.)
1549 882 1695 912 Minime,
1716 882 1814 907 Nullo
1833 883 1927 907 modo.

1085 921 1103 947 I.
1123 922 1187 956 Sy.
1213 921 1273 948 Nou
1294 924 1416 959 (posse.)
1437 923 1467 949 sr.
1486 926 1510 949 2.
1530 933 1569 960 pr.
1589 923 1610 957 3.
1633 925 1654 949 1.
1675 923 1706 949 l'r.
1726 925 1749 949 5.
1770 933 1809 960 pr.
1831 923 1862 950 de
1882 924 1926 950 off.

1085 965 1149 990 eius.
1172 966 1194 990 1.
1215 967 1257 991 2l.
1294 965 1336 992 111.
1356 968 1421 993 Cn.
1447 965 1503 992 Nec
1522 976 1651 1002 quaquam
1672 965 1719 999 [al.
1740 965 1926 1003 Nequaquam]

1085 1008 1135 1033 erit
1159 1007 1307 1035 dicendum.
1334 1008 1364 1035 sr.
1384 1011 1407 1035 5.
1432 1009 1453 1042 3.
1475 1011 1496 1035 l.
1522 1009 1553 1035 de
1577 1009 1607 1035 R.
1628 1008 1660 1035 V.
1685 1010 1709 1035 6.
1731 1011 1752 1036 l.
1794 1009 1860 1036 Puto
1885 1009 1927 1035 ab—

1085 1051 1169 1076 sentis
1194 1052 1299 1077 nomine
1322 1051 1461 1088 petendam
1485 1051 1670 1083 hereditatem.
1694 1053 1779 1088 ipsius
1801 1062 1865 1079 vero
1885 1062 1928 1079 ne—

1085 1103 1223 1130 quaquam.
1243 1093 1272 1120 fr.
1294 1096 1334 1120 13.
1361 1095 1444 1128 312.
1469 1093 1499 1121 l'r.
1521 1096 1560 1120 16.
1585 1095 1606 1128 3.
1625 1096 1650 1120 3.
1671 1094 1702 1121 de
1722 1094 1810 1121 hered.
1830 1100 1882 1132 pet.
1901 1098 1926 1122 5.

1083 1137 1107 1162 3.
1145 1136 1273 1173 Alioquin
1293 1147 1370 1173 nequ.
1391 1136 1549 1163 credendum
1569 1141 1617 1163 est.
1636 1136 1721 1163 vatic.
1741 1138 1762 1171 3.
1779 1140 1837 1164 225.
1874 1138 1927 1164 An-

1085 1179 1147 1210 diat,
1158 1196 1190 1199 -—
1205 1190 1257 1206 non
1272 1184 1424 1206 accusantes
1438 1179 1567 1207 dominos.
1588 1179 1651 1212 (hoc
1664 1181 1732 1206 enim
1751 1191 1828 1217 nequ.
1848 1191 1926 1207 servo

1084 1222 1288 1258 permittendum
1309 1227 1356 1253 est,
1377 1224 1428 1249 nisi
1447 1233 1479 1249 ex
1499 1223 1585 1248 causis
1605 1224 1743 1260 receptis.)
1767 1224 1796 1250 [ι’.
1818 1225 1839 1250 1.
1860 1224 1881 1258 3.
1901 1226 1925 1250 8.

1084 1264 1116 1290 de
1136 1265 1179 1291 off.
1200 1264 1252 1291 Prf.
1273 1265 1318 1292 Vr.
1340 1268 1361 1292 1.
1384 1267 1423 1292 12.
1460 1265 1541 1301 Quod
1564 1275 1641 1302 nequ.
1661 1265 1711 1291 fuit
1730 1265 1847 1293 Praetori
1866 1277 1925 1304 pro—

1083 1309 1207 1344 positum.
1228 1308 1258 1334 sr.
1277 1309 1301 1334 3.
1322 1308 1344 1342 3.
1365 1310 1389 1334 4.
1409 1308 1441 1334 de
1460 1310 1553 1335 minor.
1574 1310 1597 1334 4.
1617 1310 1641 1334 4.
1678 1309 1712 1335 Et
1732 1310 1767 1335 ait
1786 1309 1876 1346 Papin.
1892 1324 1922 1328 —-

1083 1350 1137 1376 Sed
1156 1350 1219 1377 1111111
1238 1350 1288 1377 hoc
1307 1361 1383 1388 nequ.
1404 1351 1504 1388 placet,
1529 1352 1647 1388 iniquuni
1672 1352 1740 1377 enim
1760 1357 1807 1378 est.
1833 1352 1863 1379 fr.
1883 1354 1924 1379 60.

1083 1394 1104 1427 3.
1125 1395 1149 1419 4.
1169 1393 1201 1420 de
1220 1393 1251 1420 R.
1272 1394 1304 1420 N.
1324 1396 1366 1421 23.
1385 1396 1409 1420 2.
1434 1394 1465 1421 fr.
1484 1396 1526 1421 25.
1547 1394 1579 1420 de
1598 1394 1700 1421 liberat.
1720 1394 1769 1431 leg.
1788 1396 1830 1422 34.
1849 1397 1873 1422 3.

1117 1438 1261 1469 Neque.
1299 1436 1340 1463 Cf.
1360 1448 1384 1464 v.
1404 1437 1466 1464 Nec.

1117 1480 1297 1512 Nequire.
1319 1482 1385 1507 Non
1402 1490 1502 1514 posse.
1540 1479 1559 1505 I.
1573 1481 1634 1514 Sy.
1654 1480 1713 1506 'Non
1727 1482 1809 1517 quire.
1829 1480 1878 1508 Tb.
1893 1481 1924 1508 C.

1081 1521 1126 1548 IX.
1145 1524 1188 1548 39.
1208 1533 1229 1548 c.
1251 1524 1273 1548 l.
1294 1522 1326 1549 de.
1346 1523 1456 1549 calumn.
1493 1522 1524 1549 II.
1541 1524 1609 1556 ⁰1¹·
1633 1522 1803 1559 Nequeunte,
1824 1539 1854 1543 —-
1875 1523 1924 1550 Va-

1081 1564 1152 1591 lente
1173 1564 1357 1602 (prohibere.)
1383 1576 1403 1592 c.
1423 1568 1447 1592 4.
1472 1565 1504 1592 de
1524 1575 1584 1591 nox.
1606 1570 1652 1592 act.
1672 1568 1696 1592 3.
1717 1568 1758 1592 41.
1795 1566 1838 1593 III.
1857 1568 1923 1595 Cn.

1080 1607 1184 1635 Licebit
1209 1624 1241 1627 —
1266 1610 1439 1635 temeritatem
1467 1608 1582 1645 legitime
1611 1608 1748 1645 repellere.
1791 1610 1876 1645 Quam
1900 1611 1922 1636 si

1080 1650 1250 1687 provincIaIis
1270 1651 1377 1688 pulsare
1397 1652 1545 1688 nequiverit
1559 1656 1607 1677 etc.
1629 1651 1679 1678 Th.
1692 1652 1722 1678 C.
1734 1652 1790 1678 XII.
1801 1654 1824 1679 6.
1845 1663 1866 1679 c.
1880 1654 1922 1679 32.

1079 1694 1102 1727 3.
1120 1696 1144 1720 2.
1166 1693 1198 1720 de
1217 1699 1365 1731 susceptor.
1403 1695 1456 1730 Qui
1477 1695 1594 1720 decrevit
1618 1694 1703 1721 facere
1729 1700 1921 1727 testamentum,

1079 1737 1102 1762 si
1121 1736 1147 1762 id
1167 1736 1311 1774 adimplere
1335 1739 1483 1773 nequiverit
1503 1742 1551 1763 etc.
1577 1748 1598 1764 c.
1619 1738 1642 1764 8.
1668 1738 1689 1772 3.
1712 1739 1733 1764 l.
1754 1738 1786 1764 de
1806 1738 1920 1765 codicill.

1078 1780 1102 1805 6.
1121 1780 1163 1806 36.

1112 1822 1305 1854 Nequifia.
1343 1824 1555 1857 ΙηιμνοΙιίιαε,
1582 1825 1782 1859 Indignilas.
1818 1824 1837 1850 I.
1858 1825 1920 1858 Sy.

1078 1864 1236 1902 Turpitudo.
1257 1875 1278 1892 c.
1293 1867 1316 1891 7.
1337 1865 1369 1891 de
1389 1865 1504 1902 postlim.
1525 1876 1578 1892 rev.
1592 1867 1616 1892 8.
1636 1868 1678 1892 51.
1715 1865 1745 1892 II.
1761 1868 1828 1900 Op.
1849 1866 1920 1893 Dolo

1077 1907 1153 1939 malo,
1174 1913 1199 1934 et
1218 1918 1265 1945 per
1284 1909 1435 1944 nequitiam,
1450 1924 1481 1927 —
1496 1908 1601 1940 Errore,
1622 1918 1683 1934 casu
1698 1909 1816 1941 (facere.)
1836 1909 1865 1936 fr.
1876 1912 1917 1936 23.

1077 1951 1098 1984 3.
1119 1953 1142 1977 2.
1165 1950 1197 1977 de
1217 1950 1303 1977 Aedil.
1324 1951 1400 1978 edict.
1421 1953 1461 1978 21.
1483 1953 1505 1977 l.
1542 1951 1730 1984 Auctoritatis,
1754 1951 1918 1989 prudentiae.

1053 1998 1055 2004 '
1076 1993 1138 2019 fidei
1159 1993 1318 2030 exploratae.
1340 2010 1371 2013 —
1392 1993 1512 2024 Humilis,
1532 1994 1712 2025 calumniator,
1732 2000 1810 2021 notae
1829 1996 1919 2031 nequi-

1076 2037 1134 2062 tiae.
1155 2036 1221 2063 1“1·.3.
1243 2038 1264 2071 3.
1279 2039 1302 2063 4.
1323 2037 1355 2063 dc
1375 2037 1449 2064 liber.
1470 2037 1557 2063 exliib.
1573 2039 1614 2064 43.
1630 2039 1671 2064 30.
1710 2037 1752 2064 III.
1769 2039 1833 2065 Gn.
1855 2038 1917 2073 Qui,

1076 2084 1185 2116 propter
1204 2081 1355 2116 nequitiam,
1375 2080 1511 2117 malosque
1525 2090 1619 2112 mores,
1638 2080 1797 2116 flagitiumve
1810 2080 1917 2116 aliquod

1075 2122 1227 2155 admissum,
1247 2125 1370 2156 (mortem
1385 2123 1435 2149 sibi
1449 2124 1615 2149 consciscere
1628 2123 1732 2153 voluit.)
1752 2123 1782 2149 fr.
1794 2125 1835 2150 43.
1856 2124 1877 2157 3.
1892 2127 1915 2150 ⁴.

1075 2208 1122 2241 [al.
1143 2209 1202 2242 tua]
1223 2209 1290 2235 bona
1309 2214 1417 2246 paterna
1437 2210 1557 2245 avitaque
1577 2209 1691 2244 nequitia
1712 2213 1754 2235 tua
1774 2209 1914 2246 disperdis.

1074 2251 1145 2277 Paul.
1160 2251 1202 2278 III.
1222 2252 1275 2278 4Α.
1296 2252 1317 2285 3.
1333 2254 1355 2278 7.
1392 2252 1540 2288 Nequitiam
1560 2252 1677 2288 recipcre
1690 2252 1795 2278 servilis
1808 2252 1913 2287 ingenii.

1074 2294 1115 2320 Ad
1134 2296 1211 2321 imam
1230 2305 1314 2331 usque
1338 2294 1467 2321 scelerum
1487 2295 1628 2330 nequitiam
1648 2296 1792 2331 pervenire.
1813 2294 1862 2320 Th.
1881 2294 1912 2320 C.

1074 2337 1117 2364 lV.
1140 2340 1178 2363 11.
1200 2348 1220 2364 c.
1240 2340 1265 2364 ⁴3.
1285 2348 1324 2374 pr.
1350 2338 1382 2363 de
1401 2337 1488 2363 libert.
1509 2342 1533 2363 et
1553 2347 1606 2363 cor.
1626 2337 1671 2363 lib.
1691 2336 1761 2363 XVI.
1781 2339 1804 2362 5.
1829 2347 1850 2362 c.
1870 2338 1911 2363 65,

1073 2381 1094 2414 3.
1114 2383 1137 2407 2.
1164 2381 1196 2407 de
1220 2381 1318 2407 haeret.
1354 2380 1390 2406 Yt
1415 2395 1446 2398 —
1470 2381 1598 2417 amputari
1622 2380 1686 2406 mala
1711 2379 1773 2405 haec
1797 2380 1911 2414 nequitia

1072 2423 1104 2449 de
1118 2423 1223 2450 saeculo
1238 2424 1390 2449 beatissimo
1404 2427 1495 2448 nostro
1508 2424 1602 2460 possit.
1617 2422 1685 2449 Colt.
1699 2421 1748 2447 LL.
1760 2421 1858 2448 MXV.
1869 2424 1893 2449 3.

1106 2467 1297 2494 Neratills-
1335 2464 1376 2491 CF.
1397 2475 1420 2491 v.
1440 2465 1554 2492 Priscus.

1106 2511 1218 2536 Nere-
1256 2508 1297 2535 Cf.
1317 2518 1341 2534 v.
1362 2507 1453 2534 Notus.

1105 2552 1357 2579 Neronianus.
1377 2551 1507 2584 (Adiect.)
1529 2553 1574 2577 Aa
1588 2552 1724 2577 Neronis
1745 2552 1818 2585 Imp.
1838 2557 1909 2578 tem-

1066 2605 1149 2629 pora
1169 2601 1327 2628 spectans.
1364 2593 1382 2620 I.
1401 2595 1463 2628 Sy.
1484 2593 1562 2628 Quod
1582 2597 1688 2619 auctore
1707 2592 1812 2620 Nerone
1832 2593 1909 2621 Caes.

1069 2637 1165 2664 sactum
1185 2642 1233 2666 est.
1253 2636 1430 2663 Neronianum
1451 2635 1542 2668 (SC.)
1564 2635 1619 2661 Gai.
1640 2635 1670 2661 II.
1692 2638 1748 2662 197.
1768 2638 1827 2663 212.
1847 2639 1906 2664 218.

1068 2679 1129 2717 le.
1143 2679 1239 2706 XXIV.
1256 2680 1324 2706 llA.
1362 2679 1404 2705 III.
1420 2680 1485 2706 Cn.
1505 2678 1534 2704 Si
1554 2683 1678 2704 extraneo
1693 2678 1806 2715 legatum
1820 2679 1906 2711 fuerit,

1067 2722 1159 2749 inutile
1179 2727 1219 2749 cst
1238 2722 1362 2759 legatum,
1388 2721 1451 2747 adeo
1472 2726 1499 2746 ut
1519 2736 1550 2740 -—
1575 2722 1776 2754 existimaverit,
1800 2732 1833 2748 ne
1852 2724 1907 2758 qni-

1066 2765 1125 2792 dem
1150 2776 1181 2792 ex
1207 2765 1272 2792 S.C.
1297 2765 1446 2792 Neroniano
1470 2773 1550 2800 posse
1574 2763 1765 2791 convalescere.
1794 2765 1850 2791 Gai.
1875 2765 1904 2791 II.

1064 2810 1123 2835 218.
1149 2808 1180 2835 cf.
1210 2808 1294 2835 Vatic.
1324 2808 1344 2840 3.
1365 2809 1406 2832 85.
1448 2805 1598 2833 'Neroniano
1622 2806 1709 2834 S.Cto
1733 2813 1852 2838 cavetur.
1877 2812 1904 2833 nt
