2197 3121
259 180 324 212 628

261 263 382 300 potiores
406 262 540 288 nominare
563 260 668 298 possit?
697 259 781 288 Vatic.
805 260 842 295 55.
862 261 921 287 206.
945 269 1004 296 sqq.
1046 258 1105 286 Non

261 311 333 333 recte
352 307 482 342 potiorem
501 304 606 331 videtur
625 305 772 335 nominare,
792 304 836 340 qui
857 313 960 330 causam
980 303 1105 328 nominati

261 350 374 386 potioris
394 358 446 374 non
470 348 640 385 expresserit.
668 346 740 374 Paul.
761 346 791 373 11.
811 348 852 373 28.
877 347 899 380 5.
922 348 943 372 l.
964 345 996 372 cf.
1020 344 1104 372 Vatic.

279 413 284 418 .
312 392 366 417 157.

261 392 424 471 {robaverit,
438 449 469 453 -
484 433 550 459 alios
564 434 682 470 potiores
697 437 786 470 potest
799 434 940 459 nominare.
961 431 998 458 lb.
1013 432 1105 465 5164.

298 476 541 503 Nominatim.
570 475 684 509 (Λᾶν-11.)
712 478 887 510 Expresse,
908 476 1049 501 Diserte.
1086 473 1105 501 1.

262 520 323 553 Sy.
343 517 492 549 Nominum,
513 518 615 545 Nomen
632 518 753 550 adiicere,
773 518 942 554 Singulorum
956 517 1106 544 nominibus
1128 525 1129 549 ζ

261 563 313 592 uti,
338 560 469 588 Nominat.
490 561 642 598 (stipulari,
666 572 690 588 v.
711 561 796 597 legare
816 562 881 593 rte.)
907 560 964 588 Gai.
984 560 1026 588 111.
1050 562 1105 587 103.

261 606 320 631 166.
340 613 380 640 sq.
407 604 436 631 l'r.
458 607 480 631 l.
502 614 541 641 sq.
567 603 599 631 (10
618 604 664 631 lib.
684 608 709 630 ct
729 603 815 641 posth.
836 606 879 630 28.
898 606 922 630 2.
943 603 973 630 fr.
995 605 1053 631 124.
1073 603 1105 631 de

260 647 338 683 legat.
358 646 376 673 l.
391 648 459 680 (30.)
479 646 510 674 fr.
530 649 570 674 17.
591 647 624 674 de
643 646 721 673 duob.
742 648 802 673 reis.
816 648 857 674 45.
871 649 895 674 2.
915 646 946 673 fr.
963 648 1001 673 16.
1021 646 1052 673 fr.
1064 648 1104 673 30.

261 700 301 727 sq.
322 689 352 716 fr.
366 691 407 716 39.
428 689 461 716 de
479 690 571 727 stipul.
590 700 658 717 serv.
673 692 714 716 45.
733 691 757 716 3.
794 690 902 727 Aperte.
922 689 953 716 fr.
967 691 1008 716 77.
1028 689 1061 716 de
1074 689 1105 716 R.
1127 718 1128 726 ἵ

260 732 279 759 1.
300 734 342 759 50.
364 735 403 760 17.
440 733 606 770 Specialiter.
627 732 657 759 fr.
676 734 699 759 3.
721 742 760 769 sq.
781 732 814 759 de
833 738 901 770 pact.
920 735 944 759 2.
960 735 1000 760 14.
1019 732 1050 759 sr.
1064 735 1105 759 47.

261 785 303 813 sq.
323 775 355 802 (10
375 786 480 813 procur.
499 778 523 802 3.
542 778 566 802 3.
587 776 615 802 sr.
636 778 678 802 25.
704 776 770 810 5.1.
790 776 821 803 sr.
841 778 882 802 26.
902 786 940 813 pr.
961 775 994 802 de
1012 777 1105 803 minor.

260 821 285 845 4.
299 821 323 846 4.
361 819 392 846 11.
405 821 472 853 Op.
493 819 664 845 Generaliter.
686 819 742 845 Gai.
757 818 801 845 IV.
815 820 857 845 53.
877 819 899 852 5.
914 820 937 845 7.
956 818 974 845 I.
995 818 1028 846 de
1043 829 1105 856 pup.

260 861 346 888 subst.
367 864 391 888 2.
413 864 452 888 16.
491 861 590 888 Tacite.
616 862 644 888 fr.
665 864 706 888 52.
731 861 764 888 de
788 861 864 889 cond.
889 866 914 888 rt
934 861 1000 888 dem.
1020 863 1063 888 35.
1083 863 1105 888 1.

261 905 292 932 sr.
314 907 354 932 77.
375 905 451 932 (1011.
472 904 490 931 1.
510 907 550 930 50.
573 907 612 932 17.
650 905 721 931 Inter
740 909 866 931 caeteros.
887 904 928 931 Cf.
948 915 971 931 v.
986 904 1105 931 Caetera.

260 949 283 982 5.
302 951 327 975 2.
365 948 414 975 Per
434 949 637 983 consequentias
661 947 801 981 (deferri.)
826 948 856 974 l'r.
875 949 892 974 3
920 958 958 985 pr.
983 947 1105 984 delegit.

260 996 309 1019 tut.
322 993 363 1018 26.
378 994 401 1018 4.
439 990 481 1017 111.
497 992 563 1018 Gn.
585 990 690 1017 Viritim
710 992 915 1026 nominatimque
934 991 1105 1028 (suscipere.)
1127 1002 1128 1030 ζ

261 1034 312 1061 Τ11.
333 1034 366 1061 C.
385 1033 442 1061 XII.
467 1036 490 1061 6.
517 1045 538 1060 0.
561 1035 600 1060 12.
626 1033 659 1060 de
683 1038 830 1071 susceptor.
868 1032 1039 1070 Specialiter,
1063 1033 1106 1059 vel

260 1078 422 1104 nominatim.
449 1076 480 1103 l‘r.
500 1078 524 1103 3.
545 1087 584 1114 pr.
606 1076 622 1103 l.
642 1078 684 1103 26.
704 1078 728 1103 4.
754 1076 785 1102 cf.
811 1075 840 1102 fr.
862 1078 902 1102 72.
927 1075 960 1102 de
983 1077 1105 1102 eviction.
1127 1075 1129 1113 'V

259 1122 301 1147 21.
320 1122 344 1146 2.

382 1120 410 1146 Si
431 1121 489 1156 quis
510 1119 573 1146 velit
593 1130 645 1146 non
665 1129 756 1146 omnes
770 1118 881 1145 heredes
896 1134 927 1138 -—
941 1129 1059 1151 onerare,
1074 1135 1104 1139 --

260 1173 330 1190 nom.
345 1163 467 1190 damnare
481 1162 568 1189 debet.
588 1163 618 1189 sr.
633 1164 674 1189 98.
695 1163 727 1189 (10
741 1162 816 1198 legat.
831 1161 872 1188 III.
887 1163 954 1195 (32.)
969 1162 1000 1188 cf.
1020 1162 1050 1188 l‘r.
1063 1163 1106 1188 33.
1128 1157 1129 1184 i

260 1206 322 1240 5.1.
342 1205 374 1232 de
395 1205 470 1242 legat.
485 1205 514 1232 11.
536 1206 604 1239 (31.)
641 1205 749 1237 Deberi,
770 1210 848 1242 atque
867 1206 888 1231 si
909 1204 935 1231 id
953 1214 1021 1230 nom.
1036 1209 1107 1230 esset

261 1258 424 1286 expressum.
445 1248 475 1275 fr.
492 1250 534 1275 40.
555 1248 587 1275 de
606 1248 637 1275 R.
658 1248 688 1275 C.
711 1250 750 1275 12.
772 1250 794 1275 l.
815 1248 847 1275 cf.
867 1247 897 1274 fr.
915 1249 952 1274 14.
973 1247 995 1281 5.
1008 1249 1033 1274 2.
1053 1247 1106 1282 Qu.

261 1291 318 1318 dies
341 1291 418 1327 legat.
438 1294 480 1318 36.
499 1294 524 1318 2.
562 1291 638 1318 Nom.
659 1291 685 1318 id
710 1292 812 1317 cavisse
831 1290 947 1326 (leges.)
968 1290 1045 1316 Nom.
1065 1300 1107 1316 ex-

260 1344 382 1372 pressum
403 1339 444 1361 est
463 1335 520 1372 ipsa
539 1334 604 1371 lege.
624 1350 657 1354 —
682 1334 757 1362 Nom.
778 1334 912 1371 prohiberi
932 1332 997 1369 lege.
1022 1332 1106 1360 Vatic.

261 1378 283 1411 5.
302 1379 361 1404 303.
382 1377 411 1404 l'r.
433 1379 455 1403 l.
476 1388 515 1414 pr.
536 1377 568 1404 de
588 1378 631 1404 off.
653 1379 716 1403 eius.
738 1379 759 1404 l.
779 1379 821 1404 21.
842 1377 872 1404 fr.
891 1378 933 1403 81.
953 1377 974 1410 5
988 1378 1012 1402 2.
1033 1375 1065 1403 ad
1075 1375 1106 1403 L.

261 1420 332 1446 Falc.
351 1422 392 1446 35.
413 1423 436 1446 2.
457 1419 519 1457 Ylp.
534 1421 592 1447 XX.
609 1423 648 1447 14.
679 1420 754 1447 Nom.
775 1420 895 1447 edicebat
914 1418 958 1452 (C.
973 1419 1106 1453 Cassius.)
1128 1436 1129 1451 1

261 1462 292 1490 sr.
306 1465 348 1489 26.
369 1464 391 1497 5.
407 1464 430 1489 7.
450 1474 482 1490 ex
502 1473 544 1499 qu.
566 1474 586 1489 c.
606 1464 664 1489 mai.
679 1466 702 1489 4.
722 1465 746 1490 6.
784 1462 843 1489 Nisi
863 1467 976 1494 constet,
996 1464 1018 1489 ei
1038 1472 1107 1489 man—

261 1505 350 1532 datum
376 1516 443 1532 nom.
470 1506 500 1532 fr.
520 1508 562 1533 39.
588 1507 609 1540 5.
632 1508 654 1532 7.
679 1506 709 1533 l'r.
729 1508 770 1532 40.
795 1516 835 1543 pr.
859 1506 892 1532 de
915 1516 1019 1543 procur.
1039 1507 1063 1532 3.
1081 1507 1106 1532 3.
1128 1522 1129 1526 =

260 1548 320 1575 Nisi
340 1550 361 1575 si
382 1549 445 1585 quid
465 1548 543 1575 suerit
563 1554 702 1586 exceptum
722 1559 791 1576 nom.
812 1551 862 1583 (ne
881 1550 994 1582 vvniat.)
1013 1548 1044 1575 fr.
1065 1550 1105 1575 13.

261 1602 352 1619 comm.
374 1592 425 1618 div.
447 1594 486 1618 10.
505 1594 530 1618 3.

298 1635 527 1662 Nominatio.
565 1636 596 1668 §-
618 1637 652 1662 1.
678 1636 926 1667 Denominatiu‚
951 1636 1105 1669 Adpella-
1127 1656 1128 1669 ,

260 1679 316 1704 tio.
353 1677 396 1704 111.
411 1679 478 1705 Gn..
498 1678 555 1704 Dos
575 1679 631 1704 sive
651 1678 805 1709 adventicia,
825 1679 880 1704 sive
895 1677 1047 1715 prosecticia
1062 1678 1105 1709 sit,

261 1720 405 1746 secundum
425 1722 522 1747 veteris
543 1721 607 1746 iuris
627 1722 832 1747 nominationem
854 1720 896 1754 [al.
918 1720 1104 1753 novationem]

262 1773 283 1789 c.
306 1765 325 1790 1.
346 1764 367 1797 §-
390 1765 412 1790 1.
438 1763 668 1790 de1{.v.A.5.
690 1765 729 1790 13.
755 1779 787 1783 -
813 1763 843 1796 §-
863 1764 898 1789 2.
922 1754 1128 1798 Lanatum}

261 1808 441 1842 I'rosersio.
478 1806 497 1832 1.
519 1808 580 1840 Sy.
600 1805 698 1832 Mentio
719 1807 831 1832 nominis
852 1805 1019 1839 (dominici.)
1039 1817 1061 1832 0.
1080 1808 1104 1833 3.

260 1858 300 1885 pr.
324 1859 366 1885 qu.
392 1860 461 1886 pers.
487 1849 547 1875 nob.
573 1849 650 1885 adqn.
670 1852 694 1876 4.
718 1851 759 1876 27.
785 1865 817 1869 —-
846 1850 877 1883 §.
898 1851 935 1876 3·
963 1851 1104 1882 Electiu,

263 1892 411 1923 Gremio,
433 1895 579 1919 ludit-tio
595 1895 762 1926 (publicae
774 1894 994 1928 functionis.)
1016 1892 1104 1927 LSy.

261 1932 377 1960 Creatio.
403 1945 424 1961 0.
447 1937 468 1961 l.
493 1937 515 1961 si
535 1945 574 1972 pr.
599 1936 695 1962 inimic.
721 1937 760 1961 10.
779 1937 820 1961 66.
862 1935 906 1961 Ius
930 1936 1104 1972 (potiorum.)

261 1975 346 2003 Vatic.
366 1977 388 2010 5.
407 1979 465 2003 242.
503 1977 545 2004 111.
566 1979 633 2005 Gn.
656 1978 810 2009 Excusatio,
830 1983 855 2004 et
873 1979 1006 2014 potiorum
1025 1980 1106 2005 nomi-
1127 1986 1128 1990 ¹

262 2020 341 2046 natio.
361 2020 397 2046 lb.
419 2021 455 2054 55.
469 2022 528 2047 207.
544 2023 603 2046 242.
633 2021 812 2047 Consensisse
831 2026 906 2058 pater
925 2021 1106 2048 decurionatui

261 2062 309 2089 11111
333 2062 451 2095 videtur,
477 2064 499 2089 si
526 2074 651 2100 praesens
676 2065 847 2090 nominationi
867 2074 919 2090 non
939 2064 1106 2091 contradixit.

262 2105 292 2131 fr.
312 2108 335 2131 2.
356 2116 395 2143 pr.
421 2106 453 2132 ad
477 2108 571 2133 munic.
592 2109 633 2132 50.
656 2108 676 2132 1.
715 2106 756 2132 Ad
781 2106 935 2139 editionem,
959 2106 1002 2133 vel
1026 2108 1107 2133 nomi-
1128 2112 1129 2117 ¹

262 2150 393 2175 nationvm
412 2154 549 2186 praeturae
568 2150 735 2186 (pertinere.)
755 2149 804 2176 Th.
817 2150 847 2176 C.
868 2149 911 2176 VI.
931 2152 954 2176 4.
974 2161 996 2176 c.
1015 2152 1056 2176 28.
1074 2149 1106 2176 (10

261 2190 347 2217 Praet.
368 2197 393 2217 et
410 2194 461 2228 Qu.
500 2192 639 2219 Vniversis
658 2192 810 2219 muneribus
830 2193 1107 2229 nominationibusque
1128 2220 1129 2230 ἵ

263 2233 409 2271 completis.
435 2235 470 2261 lb.
490 2235 547 2262 XII.
570 2237 591 2262 1.
612 2246 633 2262 c.
654 2237 694 2262 95.
723 2235 755 2261 (10
775 2235 909 2261 ‹lt-curion.
946 2235 1108 2262 Bominatio-

262 2286 318 2309 nes,
338 2286 385 2303 scu
405 2280 597 2314 susceptiones.
618 2278 654 2305 lb.
674 2278 745 2305 XVI.
765 2280 790 2303 2.
811 2288 831 2303 c.
848 2280 870 2304 1.
891 2278 923 2304 dc
943 2279 1023 2315 episc.
1045 2279 1106 2305 eccl.
1128 2306 1129 2312 ¹

263 2319 287 2345 A
307 2319 430 2356 palatinis
452 2336 481 2340 -
502 2322 595 2357 procul
615 2323 751 2348 universas
772 2320 928 2352 calumnias,
951 2322 1007 2347 sive
1027 2322 1107 2347 nomi-

262 2364 398 2394 nationes,
427 2363 563 2395 (inlu-mus
584 2374 643 2390 esse
662 2364 825 2396 submotas.)
850 2363 887 2390 lb.
912 2363 954 2390 VI.
973 2366 1015 2390 35.
1041 2375 1063 2390 c.
1085 2366 1106 2390 1.

262 2405 295 2432 (10
314 2407 379 2442 priv.
403 2416 456 2432 cor.
477 2416 519 2442 qu.
544 2407 569 2432 in
589 2407 616 2432 S.
636 2406 686 2443 pal.
708 2406 739 2433 cl'.
760 2406 827 2433 VIII.
848 2409 872 2433 3.
897 2416 918 2433 e.
940 2409 961 2432 l.
987 2406 1019 2433 (10
1039 2408 1106 2443 priv.

262 2448 350 2486 adpar.

299 2492 532 2519 NonnInator.
573 2493 634 2524 Qui
659 2498 773 2518 auctor
792 2494 910 2528 factus
935 2498 980 2519 est
1006 2494 1106 2518 numi-

261 2537 362 2561 uandi
381 2537 525 2561 alterius
545 2537 584 2561 ad
602 2544 713 2560 munna
730 2534 1012 2569 publicum.1.sy.
1028 2535 1107 2561 Crea-

263 2582 311 2603 tor.
332 2588 353 2603 c.
373 2580 397 2603 2.
424 2578 484 2612 Quo
505 2578 591 2613 quisq.
617 2576 673 2603 ord.
696 2577 734 2602 11.
754 2579 795 2603 35.
833 2577 875 2604 III.
897 2579 963 2605 Cn.
987 2576 1043 2604 Nec
1062 2588 1106 2604 no-

263 2621 404 2646 minatorvs
428 2621 625 2655 magistratuum
645 2629 676 2645 ex
696 2618 744 2645 hac
763 2629 839 2646 causa
862 2621 1034 2651 tenebuntur,
1058 2620 1106 2647 scd

262 2661 313 2687 soli
337 2664 511 2698 magistratus.
536 2663 566 2689 l'r.
589 2665 610 2688 1.
631 2672 669 2699 pr.
694 2662 726 2688 de
749 2672 813 2697 mag.
834 2673 908 2690 conv.
928 2665 970 2690 27.
991 2667 1014 2690 8.
1052 2663 1105 2690 Ma-

405 390 434 417 Si
459 392 518 427 quis
545 400 605 421 005,
634 400 702 426 quos
725 391 844 427 potiores
868 390 1025 420 nominavit,
1053 398 1105 415 non
1127 418 1128 421 Ἴ

1003 177 1105 209 ’ΝΟΜ
1119 195 1158 201 -
1172 177 1278 208 NON.

1151 259 1233 296 peric.
1258 259 1384 286 nominat.
1404 261 1444 286 11.
1462 261 1505 286 33.
1547 259 1733 288 Nominatores
1757 268 1942 300 susceptorum
1962 279 1993 283 —

1151 306 1288 328 teneantur
1307 301 1424 328 obnoxii.
1445 301 1494 329 Th.
1516 302 1547 329 C.
1566 303 1624 330 XII.
1641 306 1665 331 6.
1687 315 1708 332 c.
1728 306 1752 331 8.
1772 305 1805 331 de
1823 311 1970 344 susceptor.

1184 345 1479 372 Nominntorhm.
1503 345 1643 380 (Affieci.)
1668 349 1807 375 Nomina
1826 351 1993 376 continens

1152 389 1372 418 (debitorum)
1411 386 1454 414 111.
1469 389 1535 416 Cu.
1555 388 1648 427 Neque
1667 400 1680 416 a
1700 395 1855 428 susceptore
1868 401 1993 418 summani

1150 429 1292 461 illatorum,
1312 440 1397 466 neque
1411 431 1599 459 nominatorios
1614 433 1708 460 breves
1724 445 1737 460 a
1757 433 1886 460 tabulario
1905 439 1993 470 postu-

1128 508 1129 518 *
1150 472 1223 500 labit.
1243 473 1280 499 lb.
1300 473 1318 500 1.
1341 475 1379 499 10.
1399 483 1420 500 c.
1435 475 1460 500 8.
1479 473 1584 508 (Wek.)
1603 475 1636 502 (10
1655 476 1699 503 off.
1720 486 1786 503 com.
1806 476 1834 503 S.
1854 475 1932 513 largg.
1948 476 1992 504 XI.

1149 517 1192 542 28.
1212 527 1233 543 c.
1252 518 1277 543 3.
1297 516 1329 543 de
1349 516 1446 553 indulg.
1467 516 1548 544 debit.

1184 559 1390 586 Nomisma.
1428 559 1470 587 Cf.
1490 569 1514 586 v.
1534 559 1678 588 Numisma.

1127 607 1129 626 l
1184 603 1279 629 Non.
1316 602 1430 636 (Advb.)
1467 603 1497 636 ξ.
1518 604 1552 630 l.
1572 606 1682 638 Hand,
1704 607 1852 637 Minime,
1872 606 1994 639 Nequa-

1127 656 1129 667 <
1150 654 1250 679 quam.
1287 644 1305 671 1.
1321 647 1382 679 Sy.
1403 646 1467 672 Sine
1487 645 1541 672 ullo
1561 647 1681 680 (iudice.)
1712 648 1771 675 Non
1786 658 1833 685 per
1848 647 1994 680 (iudicem.)

1151 688 1181 714 l‘r.
1203 689 1242 714 13.
1262 687 1313 723 Qu.
1334 694 1394 715 met.
1414 699 1435 715 c.
1455 691 1478 715 4.
1498 690 1522 715 2.
1542 705 1574 709 -
1599 690 1756 718 1ndebitum.
1789 690 1848 717 Non
1868 689 1993 716 debitum.

1151 729 1192 757 Cf.
1212 740 1235 757 v.
1253 729 1399 758 Iudebitus.
1419 732 1440 766 5.
1459 734 1483 758 2.
1521 731 1564 759 III.
1584 735 1650 761 Gn.
1675 734 1801 766 Omnem,
1826 743 1879 760 non
1903 733 1995 769 utique

1151 772 1250 806 (latam,
1271 782 1308 799 sc.
1328 774 1452 812 eulpam.)
1481 775 1511 802 l'r.
1531 777 1572 802 31.
1592 777 1675 810 §.12.
1696 777 1729 804 de
1747 776 1834 804 Aedil.
1854 776 1932 803 edict.
1950 777 1993 802 21.

1127 814 1129 852 l
1152 818 1174 842 1.
1212 815 1273 842 Non
1293 817 1392 853 utIque‚
1412 833 1443 837 —
1463 818 1511 844 sed
1531 819 1607 845 etiam
1628 825 1677 846 etc.
1697 820 1728 847 fr.
1748 822 1772 847 9.
1793 819 1825 846 ad
1843 818 1874 845 L.
1894 818 1941 845 101.
1961 817 1994 845 de

1127 863 1129 896 ξ
1150 860 1176 885 vi
1196 858 1258 896 pub.
1278 861 1319 885 48.
1339 861 1363 886 6.
1383 860 1414 886 fr.
1433 861 1474 887 96.
1495 862 1561 895 5.1.
1581 861 1613 888 de
1632 862 1663 889 V.
1678 862 1705 890 S.
1725 865 1768 889 50.
1788 864 1828 888 16.
1866 861 1926 888 Non
1945 861 1994 888 uti-

1127 900 1129 920 1
1151 912 1203 939 que
1222 907 1250 928 ut
1269 906 1318 929 etc.
1347 902 1376 929 sr.
1396 905 1436 930 20.
1457 903 1490 930 do
1509 904 1540 930 Α.
1560 913 1584 930 ν.
1604 905 1635 931 Α.
1656 905 1684 932 Ρ.
1704 907 1745 932 41,
1764 907 1788 932 2.
1826 904 1886 932 Non
1909 909 1938 931 ut
1961 914 1993 931 ex

1128 956 1129 965 1
1151 950 1199 972 etc.
1221 960 1253 964 —
1272 946 1307 971 ita
1327 955 1358 972 ex
1377 951 1426 973 etc.
1446 946 1476 973 fr.
1499 948 1555 973 159.
1576 947 1609 973 de
1628 947 1659 974 R.
1680 948 1698 974 1.
1718 951 1761 974 50.
1777 950 1817 974 17.
1837 947 1869 974 cf.
1888 947 1918 974 fr.
1934 948 1992 973 169.

1150 988 1183 1014 (10
1202 987 1234 1015 V.
1255 987 1281 1014 S.
1302 990 1343 1014 50.
1365 990 1403 1015 16.
1445 988 1475 1015 81
1503 999 1555 1016 non
1583 989 1704 1017 adhibuit
1728 990 1871 1023 medicum,
1895 1005 1927 1010 --
1950 988 1994 1015 vel

1150 1030 1246 1057 malum
1270 1030 1397 1058 adhibuit.
1422 1031 1452 1058 fr.
1471 1033 1514 1059 31.
1538 1033 1621 1066 §.12.
1647 1033 1679 1059 de
1698 1033 1786 1060 Aedil.
1811 1033 1888 1060 edict.
1906 1034 1949 1059 21.
1970 1033 1993 1058 l.

1151 1073 1180 1100 Si
1199 1083 1252 1100 non
1270 1079 1380 1111 propter
1399 1074 1574 1102 valetudinem
1592 1076 1687 1103 mulier
1701 1086 1751 1102 non
1767 1077 1870 1103 steterit
1887 1075 1993 1107 iudicio,

1127 1144 1129 1155 t
1150 1116 1198 1143 sed
1218 1116 1289 1153 quod
1309 1122 1357 1143 etc.
1378 1117 1408 1144 sr.
1428 1120 1452 1144 2.
1472 1118 1493 1152 5.
1508 1120 1531 1145 4.
1551 1120 1574 1145 si
1594 1129 1636 1156 qu.
1657 1124 1736 1146 cautt.
1750 1122 1774 1145 2.
1790 1121 1830 1146 11.
1851 1118 1912 1145 Nou
1925 1118 1994 1145 enini

1150 1159 1219 1186 velle
1239 1159 1318 1186 debet
1337 1159 1467 1193 domiuus,
1487 1161 1535 1187 sed
1554 1172 1607 1188 nou
1625 1161 1705 1189 nolle.
1725 1162 1756 1188 sr.
1777 1164 1799 1188 1.
1819 1162 1841 1196 5.
1854 1164 1880 1188 3.
1899 1161 1932 1188 de
1950 1161 1995 1187 tri-

1151 1203 1206 1229 but.
1221 1207 1269 1229 act.
1291 1204 1330 1229 14.
1350 1204 1374 1229 4.
1411 1202 1439 1229 Si
1460 1204 1528 1240 quis,
1548 1214 1606 1230 cum
1624 1209 1719 1242 posset
1737 1214 1790 1231 non
1810 1204 1925 1231 incidere
1944 1208 1994 1230 etc.

1151 1246 1182 1272 fr.
1200 1248 1224 1273 2.
1245 1246 1266 1280 5.
1287 1248 1310 1272 8.
1336 1246 1359 1272 51
1379 1255 1422 1282 qu.
1447 1251 1526 1273 cautt.
1545 1248 1569 1273 2.
1590 1249 1630 1274 11.
1667 1248 1721 1283 Qui
1746 1258 1799 1274 non
1822 1247 1896 1280 facit,
1922 1246 1994 1284 quod

1151 1289 1236 1315 facere
1256 1288 1343 1315 debet.
1363 1304 1395 1308 —-
1422 1288 1475 1324 Qui
1495 1289 1569 1322 facit,
1589 1290 1661 1326 quod
1680 1291 1765 1317 facere
1781 1300 1834 1316 non
1853 1290 1940 1316 debet.
1962 1289 1993 1315 I'r.

1128 1327 1129 1339 ¹
1153 1334 1209 1358 121.
1230 1331 1263 1358 de
1282 1331 1313 1358 R.
1333 1331 1352 1358 1.
1371 1333 1413 1358 50.
1434 1333 1475 1358 17.
1495 1332 1527 1359 cf.
1548 1332 1633 1359 11.-12.
1653 1334 1675 1368 ς.
1688 1336 1712 1360 3.
1733 1333 1765 1360 de
1784 1343 1845 1360 nox.
1865 1338 1914 1359 aet.
1930 1334 1954 1359 9.
1969 1334 1993 1358 4.

1152 1369 1211 1401 Non'
1230 1385 1278 1412 pro
1298 1374 1402 1401 modico
1422 1374 1552 1402 beneficio
1571 1375 1655 1402 datur.
1675 1376 1706 1402 fr.
1725 1378 1749 1403 4.
1769 1377 1790 1410 5.
1811 1378 1833 1402 l.
1853 1375 1886 1402 (10
1904 1375 1929 1401 11.
1950 1385 1994 1412 qu.

1151 1423 1205 1445 not.
1225 1418 1312 1445 iusum.
1330 1421 1354 1445 3.
1374 1420 1398 1444 2.
1436 1418 1512 1453 Quae
1531 1419 1580 1452 (sc.
1600 1420 1678 1453 uvae)
1698 1420 1754 1445 eius
1773 1420 1876 1456 generis
1895 1423 1994 1451 essent,

1152 1471 1216 1498 quas
1235 1472 1288 1488 non
1307 1461 1362 1487 vini
1382 1470 1458 1487 causa
1482 1461 1646 1489 haberemus.
1671 1461 1702 1488 sr.
1720 1464 1779 1490 205.
1800 1462 1833 1488 (10
1851 1461 1883 1488 V.
1903 1461 1930 1488 S.
1951 1463 1993 1487 50.

1154 1506 1192 1531 16.
1230 1504 1259 1531 Si
1279 1505 1338 1541 quis
1357 1505 1508 1542 promittat,
1533 1506 1608 1532 cuius
1632 1515 1684 1532 non
1704 1507 1887 1532 commercium
1906 1504 1993 1531 habet.

1127 1549 1129 1575 ζ
1151 1547 1181 1573 fr.
1201 1549 1242 1574 34.
1269 1547 1302 1573 de
1321 1546 1353 1573 V.
1374 1547 1407 1574 O.
1430 1549 1473 1574 45.
1500 1550 1522 1574 1.
1565 1548 1619 1583 Qui
1647 1549 1844 1586 possessionem
1871 1558 1924 1574 non
1952 1548 1994 1574 sui

1151 1589 1224 1616 fundi
1244 1590 1360 1617 tradidit.
1386 1590 1416 1617 fr.
1436 1592 1477 1617 21.
1503 1591 1524 1624 5.
1544 1593 1568 1617 2.
1593 1591 1645 1626 Qu.
1664 1596 1725 1617 met.
1750 1601 1771 1618 0.
1790 1593 1814 1617 4.
1833 1593 1858 1617 2.
1900 1589 1960 1617 Non
1980 1600 1994 1617 a

1151 1632 1266 1665 domino,
1286 1638 1312 1659 et
1331 1633 1447 1660 nondum
1467 1639 1631 1671 usucaptum,
1651 1629 1774 1671 (petere.)
1791 1634 1821 1661 fr.
1836 1635 1859 1660 1.
1873 1644 1912 1671 pr.
1932 1633 1955 1667 5.
1970 1634 1994 1660 1.

1150 1675 1182 1702 de
1196 1675 1261 1702 Pub.
1281 1677 1307 1702 in
1322 1676 1353 1702 R.
1370 1677 1402 1703 A.
1417 1679 1440 1703 6.
1460 1679 1484 1704 2.
1522 1676 1582 1703 Non
1601 1678 1657 1703 suis
1676 1678 1788 1703 nummis
1808 1676 1994 1713 (comparare.)

1126 1713 1128 1753 i
1150 1718 1180 1746 sr.
1200 1722 1242 1745 45.
1263 1720 1284 1753 5.
1304 1721 1328 1746 2.
1349 1719 1381 1746 (10
1400 1719 1432 1746 R.
1448 1719 1479 1746 N.
1496 1721 1537 1746 23.
1557 1722 1582 1746 2.
1618 1720 1653 1746 Et
1673 1721 1708 1746 ait
1726 1720 1801 1747 Mela.
1816 1735 1848 1739 —-
1868 1718 1922 1746 Sed
1941 1728 1994 1745 non

1151 1763 1274 1799 exprimit
1293 1762 1325 1788 de
1345 1763 1500 1789 actionibus.
1520 1762 1550 1789 l'r.
1563 1765 1606 1789 20.
1626 1764 1648 1797 5.
1670 1765 1691 1789 l.
1712 1762 1744 1789 (10
1763 1772 1877 1800 praescr.
1896 1772 1938 1788 vv.
1953 1763 1993 1788 19.

1150 1806 1173 1831 5.
1188 1821 1219 1825 —
1240 1806 1271 1839 ᾖ.
1291 1807 1326 1832 2.
1348 1807 1401 1837 Ne,
1419 1808 1488 1833 Nec.
1523 1805 1543 1832 I.
1563 1807 1625 1840 Sy.
1644 1805 1692 1832 Ne.
1713 1806 1754 1832 Cf.
1767 1806 1791 1832 h.
1805 1816 1829 1832 v.
1849 1806 1870 1840 5.
1884 1807 1909 1832 2.
1929 1804 1993 1831 Nec.

1152 1848 1193 1874 Cf.
1214 1848 1238 1874 h.
1259 1858 1282 1874 v.
1302 1849 1324 1882 5.
1347 1851 1368 1875 1.
1406 1848 1471 1875 Nisi.
1492 1848 1521 1875 Si
1541 1859 1600 1875 non.
1621 1848 1662 1875 Cf.
1678 1859 1702 1875 v.
1719 1848 1784 1874 Nisi.
1821 1848 1864 1875 llI.
1877 1849 1944 1876 Cn.
1963 1847 1993 1874 Si

1151 1892 1218 1928 quis,
1239 1901 1291 1917 non
1311 1891 1395 1917 dicam
1409 1902 1509 1929 rapere,
1525 1892 1572 1918 sed
1585 1891 1627 1918 vel
1641 1891 1775 1918 adtentare
1788 1893 1880 1925 (ausus
1893 1891 1992 1923 fuerit.)

1151 1933 1200 1960 Th.
1222 1933 1252 1960 C.
1272 1934 1317 1960 IX.
1337 1937 1379 1961 25.
1400 1945 1420 1961 0.
1440 1937 1464 1961 2.
1489 1935 1521 1961 (10
1545 1940 1621 1972 raptu
1645 1936 1725 1971 virgg.
1747 1934 1777 1961 cf.
1798 1934 1842 1961 IX.
1862 1936 1904 1961 27.
1927 1943 1947 1959 c.
1966 1934 1991 1959 3.

1151 1977 1182 2003 ad
1206 1976 1235 2003 L.
1260 1976 1307 2003 101.
1331 1983 1413 2014 repet.
1456 1977 1602 2015 Sepulchra
1626 1978 1741 2004 hostium
1771 1977 1891 2013 religiosa
1914 1975 1991 2002 nobis

1127 2026 1129 2070 ἱ
1151 2030 1202 2046 non
1223 2025 1297 2052 sunt,
1317 2019 1429 2057 ideoque
1450 2037 1479 2040 —
1500 2031 1552 2047 non
1572 2020 1706 2058 sepulchri
1726 2020 1816 2047 violati
1835 2019 1902 2045 actio
1921 2028 1992 2044 com-

1128 2071 1129 2095 }
1150 2064 1225 2100 petit.
1249 2062 1279 2089 fr.
1299 2064 1322 2088 4.
1348 2063 1380 2090 (10
1404 2063 1504 2100 sepulc.
1528 2063 1590 2090 viol.
1610 2065 1652 2089 47.
1673 2065 1712 2090 12.
1737 2079 1769 2082 -
1793 2063 1824 2095 ᾖ.
1844 2063 1881 2089 3.
1908 2062 1992 2088 Nou-

1150 2108 1228 2132 dnm.
1264 2105 1308 2131 111.
1329 2107 1395 2133 Cn.
1424 2107 1452 2132 Si
1481 2116 1533 2132 non
1557 2107 1666 2143 pecunia
1692 2105 1777 2132 soluta
1801 2109 1880 2131 esset.
1905 2120 1936 2124 -
1961 2103 1991 2131 Si

1151 2148 1237 2175 soluta
1254 2153 1331 2175 esset.
1353 2148 1382 2174 l'r.
1396 2150 1434 2174 12.
1455 2148 1487 2175 de
1506 2154 1592 2175 novat.
1606 2150 1647 2174 46.
1666 2150 1690 2174 2.
1728 2148 1757 2174 Si
1776 2148 1880 2173 interim
1898 2148 1992 2174 moria-

1152 2196 1193 2217 tur
1212 2191 1291 2223 filius,
1312 2191 1453 2228 posthumo
1473 2201 1525 2217 non
1546 2196 1614 2217 nato.
1634 2190 1718 2217 sr.16.
1739 2190 1772 2216 de
1791 2189 1836 2216 lib.
1857 2194 1883 2216 et
1901 2189 1991 2227 posth.

1150 2236 1192 2260 28.
1211 2236 1235 2260 2.
1273 2234 1302 2260 Si
1327 2244 1379 2260 non
1403 2239 1464 2260 sunt
1488 2233 1554 2260 clavi
1573 2234 1736 2260 vestimentis
1761 2234 1873 2259 consuti.
1899 2232 1929 2259 sr.
1950 2234 1991 2260 19.

1151 2277 1172 2310 5.
1192 2278 1215 2302 5.
1237 2276 1269 2302 (10
1288 2287 1351 2303 auro
1371 2287 1422 2313 arg.
1441 2279 1482 2303 34.
1502 2280 1526 2304 2.
1547 2293 1578 2297 —
1598 2277 1628 2309 §0
1650 2277 1688 2302 4.
1715 2278 1782 2302 Nou
1802 2279 1909 2303 solum.
1946 2275 1990 2303 111.

1152 2321 1217 2347 Cn.
1237 2318 1296 2346 *Non
1316 2321 1351 2351 si.
1374 2334 1402 2338 —
1424 2319 1470 2346 sed
1490 2321 1512 2346 si
1532 2325 1563 2346 et.
1600 2319 1659 2346 Non
1679 2320 1746 2345 enim
1767 2324 1815 2345 etc.
1838 2335 1868 2340 —
1889 2319 1936 2346 sed
1956 2323 1989 2346 et.

1128 2357 1130 2403 ἰ
1152 2363 1181 2388 l'r.
1203 2364 1243 2389 ll.
1263 2363 1284 2396 5.
1304 2365 1328 2389 2.
1349 2362 1381 2389 de
1400 2373 1450 2389 rec.
1471 2373 1514 2399 qu.
1534 2362 1587 2388 arb.
1606 2365 1630 2388 4.
1645 2365 1668 2388 8.
1690 2362 1719 2388 [ι’.
1734 2364 1757 2388 5.
1778 2372 1816 2398 pr.
1837 2361 1869 2388 de
1888 2363 1990 2399 pigner.

1150 2408 1191 2431 20.
1215 2407 1236 2431 1.
1262 2405 1291 2431 fr.
1311 2407 1352 2431 38.
1377 2405 1409 2431 ad
1429 2405 1456 2431 S.
1467 2405 1496 2431 C.
1517 2403 1595 2430 Trrh.
1615 2406 1657 2430 36.
1680 2406 1701 2430 1.
1739 2405 1851 2431 Invitum
1873 2421 1901 2425 —
1926 2406 1991 2431 acci-

1128 2447 1129 2487 ]
1151 2458 1213 2484 perc
1237 2447 1376 2480 debemus,
1401 2457 1451 2474 non
1471 2457 1529 2473 euin
1548 2448 1591 2483 qui
1611 2447 1780 2479 contradicit,
1800 2447 1847 2474 sed
1867 2457 1925 2474 eum
1945 2448 1990 2484 qui

1151 2502 1202 2517 non
1223 2493 1362 2518 consentit.
1382 2490 1412 2517 sr.
1423 2493 1446 2516 5.
1467 2489 1499 2516 de
1512 2490 1539 2516 S.
1552 2489 1578 2516 1¹.
1593 2489 1622 2516 Υ.
1639 2494 1663 2516 δ’.
1680 2493 1704 2516 2.
1734 2489 1882 2516 Consilium
1902 2491 1990 2517 unius-

1127 2505 1129 2583 1
1151 2535 1292 2570 cuiusque,
1317 2544 1368 2560 non
1392 2532 1501 2564 sactum,
1522 2532 1699 2569 (puniendum
1719 2535 1784 2565 est.)
1804 2532 1876 2560 Paul.
1896 2532 1928 2560 V.
1947 2534 1988 2559 23.

1127 2594 1129 2617 Ι
1151 2578 1171 2611 5.
1191 2579 1215 2604 3.
1236 2576 1267 2603 cs.
1287 2576 1317 2602 l'r.
1339 2577 1378 2602 14.
1399 2575 1431 2602 ad
1450 2575 1480 2602 L.
1501 2575 1581 2602 Corn.
1602 2575 1634 2602 (10
1653 2577 1728 2602 sicar.
1749 2578 1789 2601 48.
1810 2577 1834 2602 8.
1854 2591 1885 2595 -—
1906 2575 1936 2608 δ.
1951 2575 1988 2602 5-

1127 2618 1128 2677 γ
1153 2622 1218 2647 Non
1247 2625 1384 2649 tantum,
1414 2628 1475 2655 pro:
1506 2620 1571 2645 Non
1595 2625 1721 2645 tantum
1746 2629 1813 2645 ηοιι.
1855 2617 1898 2644 111.
1921 2618 1987 2645 Gn·

1127 2680 1128 2689 i
1150 2662 1209 2689 Non
1229 2666 1326 2688 tantum
1345 2665 1430 2686 autem
1450 2661 1570 2693 civiliter,
1590 2661 1636 2687 sed
1656 2671 1704 2687 nec
1718 2660 1871 2687 naturaliter
1890 2659 1988 2695 obliga-

262 2704 386 2739 gistratus
411 2705 598 2742 municipales,
627 2710 742 2731 tutorum
767 2705 951 2733 nominatores.
981 2717 1002 2733 c.
1021 2709 1045 2732 5.
1072 2706 1103 2733 cs.
1126 2718 1128 2760 1
1151 2711 1199 2732 tur.
1220 2705 1249 2731 fr.
1272 2706 1293 2730 1.
1313 2704 1334 2737 5.
1354 2706 1378 2730 2.
1399 2703 1431 2729 (10
1451 2703 1481 2730 Υ.
1503 2704 1536 2731 O.
1556 2706 1596 2730 45.
1619 2705 1641 2729 1.

264 2757 285 2772 c.
305 2748 328 2772 4.
350 2746 406 2772 eod.
424 2750 447 2774 5.
469 2750 508 2774 75.
546 2747 678 2774 Nominati
698 2748 862 2774 successoris
882 2747 1015 2775 dumtaxat
1035 2750 1105 2785 quis·
1126 2766 1127 2769 =

263 2798 314 2825 qur.
333 2789 476 2825 periculum
495 2792 631 2827 suscipere
651 2790 826 2828 compellitur,
846 2800 894 2816 nec
913 2791 944 2816 ad
961 2793 1104 2818 nominato-

1184 2749 1325 2774 Nonae.
1364 2748 1472 2773 Nonus
1497 2749 1532 2774 ab
1556 2748 1666 2774 letibus
1693 2748 1810 2773 mensis
1833 2747 1906 2772 dies.
1944 2743 1986 2770 lll.

1149 2792 1214 2818 Cn.
1239 2788 1262 2816 V
1282 2788 1370 2815 Nonas
1390 2789 1506 2821 Martias,
1525 2799 1591 2826 quae
1610 2790 1745 2826 proximae
1765 2788 1876 2815 suerunt.
1896 2786 1926 2812 fr.
1945 2789 1987 2813 20.

263 2832 300 2858 ris
324 2832 511 2859 nominatorem
531 2843 622 2860 manus
646 2834 701 2860 iure
720 2834 819 2870 porrigi
838 2838 958 2870 possunt.
986 2844 1006 2860 c.
1026 2837 1050 2860 2.
1071 2834 1103 2861 de
1148 2833 1168 2867 5.
1189 2834 1212 2859 6.
1233 2832 1265 2858 dc
1289 2832 1377 2859 hei-cd.
1402 2837 1454 2870 pet.
1474 2835 1498 2859 5.
1517 2834 1541 2859 3.
1582 2832 1654 2859 Idem
1682 2833 1709 2858 in
1739 2831 1829 2858 Idibus
1857 2831 1934 2857 etiam
1963 2836 1989 2856 et

1124 2880 1125 2888 .
