2197 3121
938 134 1010 166 110
1037 153 1075 158 -
1100 136 1188 180 IAM,

234 216 441 244 lactantia.
482 217 644 247 Iactatio,
671 216 867 243 ostentatio.
912 216 955 243 ΙΠ.
976 218 1042 244 Cn.

201 259 230 286 Si
249 259 359 296 quadam
377 260 507 292 iactantia,
527 258 570 286 vel
590 259 751 285 contumacia
768 260 887 285 cervices
901 261 1041 286 erexerint.

200 301 250 329 Th.
271 301 301 328 C.
321 301 365 328 IV.
386 304 426 329 10.
447 312 467 329 c.
494 304 515 328 1.
536 300 639 336 (Ivnzlz.)
664 301 696 327 de
720 301 806 328 libert.
826 306 852 328 01.
871 311 924 328 eor.
943 301 989 328 lib.
1010 301 1041 328 cf.

199 345 245 372 XI.
263 346 304 371 30.
326 355 346 371 c.
368 347 408 371 11.
428 345 449 378 ξ
471 347 492 371 1.
512 344 545 370 de
564 354 624 380 app.
651 348 677 370 et
696 354 772 381 poen.

235 389 403 415 lactare.
441 388 471 421 ἕ.
491 389 526 414 l·
557 388 718 414 Iaculari.
756 386 773 413 I.
791 388 852 422 Sy.
875 387 963 413 Iacere
986 387 1042 424 (pi-

199 430 248 462 las,
268 440 291 457 v.
312 429 417 462 moles.)
440 430 471 456 fr.
495 431 537 456 30.
563 429 584 462 ξ.
604 430 628 457 4.
654 429 686 455 de
705 429 737 456 A.
757 429 788 456 R.
808 430 840 457 D.
861 431 902 456 41.
923 432 946 456 1.
967 429 996 456 fr.
1016 432 1039 456 2.

200 473 222 506 §.
243 475 268 500 8.
288 473 318 499 sr.
338 474 362 499 3.
383 473 404 506 §.
426 474 447 499 l.
468 482 500 498 110
520 482 562 508 qu.
583 473 609 498 in
629 471 688 497 loco
707 473 769 509 pub.
788 474 830 498 43.
849 473 873 499 8.
910 471 953 498 111.
974 473 1040 499 011.

200 515 330 551 Quolibet
348 514 515 552 prohibentis
540 520 611 541 actu.
632 516 647 540 i.
670 525 690 541 e.
711 515 753 541 vel
773 515 886 541 dicentis
905 524 934 540 se
953 515 1041 551 prohi-

199 558 277 590 bere,
296 558 338 584 vel
357 568 460 584 manum
479 558 652 594 opponentis,
673 557 824 594 lapillumve
842 558 963 584 iactantis
982 568 1041 595 pro-

200 600 309 627 hibendi
328 602 416 637 gratia.
436 600 467 627 fr.
487 602 529 626 20.
549 600 570 634 ξ.
592 602 614 626 l.
635 600 687 635 Qu.
712 601 738 626 vi
757 605 800 626 aut
819 600 851 627 cl.
870 602 912 627 43.
932 602 973 626 24.
1012 600 1041 626 Si

200 645 296 671 iactum
319 644 382 670 retis
409 653 509 673 emero,
534 648 560 669 et
582 644 678 670 iacta're
702 647 784 669 retem
809 644 927 680 piscator
948 643 1040 669 noluit.

200 686 231 713 fr.
254 688 293 713 12.
312 685 345 713 de
363 686 395 712 A.
414 686 444 712 E.
464 685 496 712 V.
518 688 557 712 19.
580 688 601 712 1.
632 701 663 705 —
693 685 724 718 ξ.
743 686 778 712 2.
798 687 943 718 Eiicere,
964 688 1040 712 Dis-

200 731 312 760 iicere,
337 730 497 755 Abiicere.
533 728 552 754 I.
578 730 639 763 Sy.
659 728 757 756 lacere.
777 728 888 761 Eiicere.
908 729 1041 755 Proiicere

200 772 278 804 (reS.)
298 770 339 798 Cs.
359 782 383 797 v.
403 771 498 797 Iacere.
519 771 541 805 ᾗ.
560 773 584 797 2.
613 770 655 797 III.
676 772 741 798 Cn.
768 771 821 806 Qui
840 782 951 800 merces,
969 771 1040 798 salva

200 824 274 846 nave,
294 815 406 842 iactavit.
427 813 499 840 Paul.
519 814 549 840 11.
570 816 592 840 7.
612 813 634 846 §.
653 815 677 840 2.
698 813 729 839 cf.
750 813 780 840 fr.
796 816 817 840 7.
837 824 886 851 pro
906 814 1039 841 derel.4l.

200 858 223 882 7.
262 856 315 891 Qui
335 856 445 883 missilia
465 858 543 883 iactat
561 857 588 882 in
607 855 710 892 vulgus.
731 856 760 882 fr.
781 857 804 883 9.
825 857 844 890 ξ.
868 859 890 883 7.
911 857 943 884 de
962 857 993 883 A.
1008 857 1038 883 R.

198 898 232 925 D.
252 900 293 925 41.
315 901 337 925 l.
376 899 429 935 Qui
454 899 550 931 solvit,
569 909 710 935 numquam
729 899 763 925 ita
783 901 924 936 resupinus
944 905 992 931 est,
1013 904 1040 926 ut

198 940 275 968 facile
293 952 354 968 suas
373 943 497 979 pecunias
516 943 602 973 iactet,
623 947 648 968 et
662 941 792 968 indebitas
806 942 930 969 effundat.
950 943 980 969 sr.
997 945 1038 969 25.

198 994 238 1021 pr.
259 983 291 1010 de
310 985 413 1021 probat.
432 987 473 1011 22.
492 986 516 1011 3.
555 985 630 1020 Quae
649 986 675 1011 iu
698 990 793 1011 terram
813 985 921 1011 alienam
941 987 1035 1012 iactan-

200 1031 248 1053 tur.
270 1027 340 1064 Epit.
361 1028 421 1054 inst.
442 1027 508 1053 Gaii.
529 1027 559 1054 II.
581 1030 603 1053 1.
624 1028 645 1062 ᾗ.
669 1030 693 1053 4.
714 1044 746 1047 —
766 1028 797 1061 ξ.
814 1030 851 1055 3.
875 1030 1040 1055 Vehemen-

199 1075 247 1095 ter
266 1079 398 1101 movere,
417 1080 439 1096 v.
458 1072 601 1105 agitare.
638 1069 681 1096 III.
697 1072 762 1098 Cn.
783 1071 863 1106 Quod
884 1086 914 1090 -
934 1072 960 1097 in
980 1081 1040 1097 con-

199 1112 280 1144 vivio,
294 1112 354 1138 dum
369 1122 430 1148 sago
444 1113 562 1145 iactatur.
583 1113 659 1150 culpa
679 1113 712 1139 Μ.
727 1113 841 1140 Evaristi
861 1116 895 1140 ita
914 1114 981 1141 male
1000 1125 1040 1141 ae-

200 1159 292 1191 ceptus
312 1154 402 1187 suerit,
422 1160 450 1181 ut
475 1160 523 1181 etc.
549 1155 619 1182 Coll.
639 1155 691 1182 LL.
712 1156 745 1182 M.
764 1157 784 1183 I.
806 1159 845 1184 11.
883 1157 954 1184 Inter
972 1157 1040 1184 sana-

198 1198 266 1223 ticos
286 1203 363 1234 eaput
382 1199 489 1227 iactare.
511 1200 553 1231 (et
577 1199 663 1235 aliqua
682 1200 802 1236 profari.)
827 1199 856 1226 sr.
879 1202 901 1227 1.
922 1201 943 1234 ξ.
963 1202 987 1227 9.
1007 1200 1039 1227 de

198 1239 284 1266 Aedil.
310 1240 387 1267 edict.
411 1243 452 1267 21.
474 1243 496 1267 1.
523 1257 555 1260 —
580 1242 610 1275 §.
634 1244 673 1269 4.
704 1245 867 1270 Gloriari.
904 1243 946 1270 III.
973 1245 1038 1271 Cn.

198 1282 274 1318 Quae
293 1284 331 1309 sic
351 1283 482 1315 dicuntur.
503 1289 531 1310 ut
549 1289 723 1321 praestentur,
744 1296 796 1311 non
811 1290 838 1312 ut
858 1287 994 1313 iactentur.
1008 1286 1038 1313 sr.

198 1326 238 1352 19.
259 1325 281 1359 §.
299 1327 324 1352 3.
344 1325 377 1353 de
392 1326 477 1353 Aedil.
498 1326 574 1353 edict.
594 1329 635 1353 21.
657 1329 680 1354 1.
718 1328 771 1363 Qui
791 1328 877 1354 solum
901 1329 1039 1355 consilium

198 1383 232 1388 --
251 1370 378 1406 suscepit,
398 1369 460 1395 licet
479 1369 506 1395 id
525 1380 554 1396 se
574 1370 701 1397 facturum
721 1372 862 1397 iactaverit.
883 1371 912 1398 fr.
927 1374 978 1398 225
1007 1371 1039 1398 de

198 1410 230 1437 V.
251 1411 278 1438 S.
298 1414 339 1438 50.
361 1413 400 1438 16.
439 1412 493 1447 Qui
512 1417 563 1438 tam
577 1412 621 1439 diu
635 1414 826 1446 conticuerunt.
847 1414 917 1450 quod
936 1425 984 1452 pro
998 1425 1038 1441 sa-

198 1453 253 1480 lute
273 1453 404 1492 Principis
428 1455 525 1482 111111οΓ0
550 1466 578 1482 se
605 1455 692 1483 dicere
716 1458 819 1483 iactant.
844 1457 874 1484 sr.
899 1458 923 1484 6.
947 1468 986 1495 pr.
1007 1457 1038 1484 de

197 1507 275 1534 poen.
294 1499 336 1524 48.
358 1499 398 1524 19.
438 1498 530 1525 Effuso
556 1508 676 1525 sermone
700 1510 760 1525 sese
784 1501 887 1526 iactare.
913 1511 933 1527 c.
959 1502 981 1527 7.
1006 1500 1038 1527 de

198 1538 253 1566 dot.
272 1540 396 1576 promiss.
415 1543 439 1567 5.
461 1543 501 1567 ll.
530 1557 562 1560 —
591 1541 621 1574 ᾖ.
647 1543 684 1569 5.
705 1544 897 1578 Divulgare.
935 1543 952 1569 l.
976 1545 1037 1578 Sy.

199 1581 337 1609 Traditum
357 1588 405 1614 est.
429 1583 542 1609 Iactatur
561 1584 674 1620 (vulgo.)
695 1585 724 1611 fr.
746 1587 785 1611 ll.
806 1596 853 1623 pro
874 1591 934 1612 emt.
953 1588 994 1613 41,
1014 1588 1037 1613 4.

198 1624 230 1651 fr.
249 1626 290 1652 95.
315 1626 336 1660 §.
356 1627 380 1652 3.
406 1626 438 1652 de
462 1626 540 1652 solut.
564 1628 605 1653 46.
631 1630 655 1654 3.
693 1627 817 1655 HLCn.
838 1629 903 1664 Qui,
924 1629 972 1655 sub
993 1629 1039 1655 ob-

199 1672 273 1694 tentu
293 1673 318 1695 et
336 1670 437 1695 monitu
456 1669 578 1701 deorum,
603 1670 729 1706 quaedam
753 1671 795 1697 vel
815 1673 977 1701 renunciant.
997 1672 1039 1699 vel

199 1711 308 1743 iactant,
330 1712 374 1738 vel
397 1713 511 1738 scientes
535 1712 694 1748 confingunt.
720 1713 789 1740 Coll.
810 1714 862 1741 LL.
882 1715 915 1741 Μ.
935 1715 994 1741 XV.
1014 1717 1038 1741 2.

200 1752 230 1779 Si
248 1753 333 1790 palam
356 1759 382 1781 01.
404 1760 493 1792 aperte
517 1757 637 1781 testatori
661 1756 838 1789 maledixerit,
863 1762 888 1783 et
912 1757 1038 1784 infaustas

200 1806 280 1822 voces
299 1796 425 1823 adversus
451 1807 508 1823 eum
532 1799 676 1824 iactaverit.
701 1799 731 1825 fr.
757 1801 779 1825 9.
809 1800 830 1832 ξ.
852 1802 873 1826 1.
899 1799 931 1826 de
950 1800 974 1826 h.
995 1811 1037 1836 qu.

200 1843 229 1865 ut
247 1838 344 1875 indign.
363 1841 405 1865 34.
430 1841 453 1866 9.

199 1881 343 1918 petulantia
363 1882 442 1908 verba
462 1883 598 1909 iactentur.
618 1893 638 1909 c.
659 1886 682 1909 2.
703 1883 734 1909 de
754 1884 872 1911 seditios.
892 1887 915 1911 9.
934 1887 976 1912 30.

235 1925 414 1952 Iactatio.
437 1926 644 1957 Ostentatio,
666 1928 800 1954 Gloriae
819 1930 975 1962 captatio.
995 1928 1037 1955 III.

200 1968 267 1995 Gn.
287 1967 315 1994 Si
335 1969 393 2004 quis
414 1967 500 1994 taedio
519 1969 596 2000 vitae,
616 1968 658 1994 vel
672 1968 829 1996 valetudinis
849 1970 974 1998 adversae
993 1973 1037 1998 im-

199 2011 333 2046 patientia,
352 2010 394 2036 vel
408 2012 556 2043 iactatione,
578 2010 621 2044 [al.
635 2012 803 2046 iactationis]
824 2018 852 2039 ut
865 2013 969 2050 quidam
983 2014 1038 2051 phi-

200 2052 315 2090 losophi,
335 2054 413 2085 (mori
437 2054 531 2089 magis,
556 2064 633 2090 quam
653 2053 783 2083 damnari.
803 2056 944 2087 maluerit.)
964 2057 993 2083 fr.
1013 2059 1037 2084 6.

201 2095 223 2128 ᾗ.
243 2097 265 2121 7.
285 2095 317 2122 de
336 2096 424 2122 iniust.
445 2101 513 2133 rnpt.
537 2098 579 2123 28.
603 2098 626 2123 3.
664 2097 761 2124 Metum
781 2108 833 2124 non
852 2100 1038 2127 iactationibus

201 2142 309 2170 tantum,
328 2139 371 2165 vel
391 2139 639 2171 contestationibus,
658 2141 798 2177 (probari.)
819 2152 839 2168 c.
854 2143 877 2168 9.
898 2142 930 2169 de
949 2143 974 2169 h.
995 2154 1037 2180 qu.

202 2180 236 2205 vi.
254 2183 278 2206 2.
295 2183 337 2208 20.

239 2224 406 2251 lactura.
445 2225 475 2257 §-
499 2226 534 2251 1.
572 2227 691 2252 Iactus.
729 2225 748 2251 I.
768 2227 830 2260 Sy.
854 2227 939 2254 Iactus
960 2229 1038 2261 (mer-

204 2265 293 2296 cium.)
313 2265 353 2291 Cs.
371 2266 396 2293 h.
415 2277 439 2293 v.
460 2267 481 2301 §.
504 2269 526 2293 1.
555 2283 586 2287 ’-
616 2269 647 2301 §.
668 2269 703 2294 2.
732 2269 903 2301 Damnum,
922 2273 1037 2298 Poena.

204 2306 245 2332 111.
259 2308 324 2334 Cn.
342 2307 385 2339 Vt,
405 2310 449 2345 qui
468 2310 565 2336 iactura
585 2310 702 2337 adfectus
722 2316 770 2342 est.
793 2311 878 2338 damni
898 2313 1037 2351 disceptet,

203 2349 259 2381 (vel
277 2349 379 2376 modice
398 2351 593 2385 vindicaretur.)
621 2352 651 2379 fr.
670 2354 712 2379 28.
736 2353 757 2387 ξ.
779 2356 817 2381 12.
843 2354 875 2381 de
898 2365 975 2392 poen.
995 2358 1037 2384 48.

206 2394 245 2418 19.
266 2392 297 2418 ef.
320 2392 350 2418 sr.
378 2394 417 2418 17.
441 2393 473 2419 de
492 2400 557 2422 auct.
582 2400 608 2421 et
627 2406 698 2422 cons.
721 2397 762 2422 26.
782 2398 806 2423 8.
831 2397 860 2423 fr.
880 2400 921 2424 21.
942 2399 974 2425 de
994 2400 1035 2426 off.

205 2434 292 2460 Praes.
314 2436 335 2460 1.
358 2436 396 2460 18.
434 2434 473 2461 Ne
492 2447 523 2463 ex
543 2438 625 2464 aliena
644 2440 741 2465 iactura
759 2440 810 2466 sibi
830 2440 930 2467 lucrum
949 2442 1038 2479 adqui-

205 2483 252 2503 rat.
271 2477 300 2503 sr.
322 2479 360 2503 12.
381 2478 402 2510 §
423 2479 445 2503 l.
466 2477 498 2504 de
515 2479 631 2507 distract.
650 2482 720 2517 pigu.
739 2484 780 2508 20.
801 2485 824 2509 5.
861 2483 961 2510 Iactura
981 2496 1037 2512 cau-

205 2530 249 2546 sae
268 2519 352 2546 adlici.
378 2530 398 2546 c.
424 2522 446 2546 1.
471 2531 502 2547 00
524 2521 566 2548 lic.
584 2528 684 2560 potent.
708 2526 732 2550 2.
754 2526 794 2551 14.
831 2525 923 2552 Parem
943 2529 1037 2565 capitis

206 2572 235 2588 ac
253 2562 321 2588 vitae
341 2578 373 2581 —
393 2568 499 2599 cogetur
517 2564 605 2591 subire
622 2566 754 2593 iacturam.
775 2567 825 2594 Th.
840 2568 870 2595 C.
890 2569 933 2595 IX.
953 2572 994 2597 27.
1015 2582 1036 2598 c.

206 2607 228 2631 5,
249 2604 281 2630 ad
304 2604 332 2630 L.
358 2604 404 2631 Iul.
428 2611 508 2642 repet.

555 2606 659 2634 Praeter
681 2610 804 2636 iacturam
829 2612 1038 2645 existimationis,

206 2648 283 2673 etiam
302 2657 386 2673 rerum
407 2647 546 2675 discrimen
565 2650 702 2677 incumbat.
727 2652 763 2679 lb.
782 2653 838 2680 XII.
860 2656 882 2680 l.
903 2665 924 2681 e.
945 2657 985 2682 76.
1006 2655 1038 2682 de
1058 2654 1060 2665 ¹

206 2690 340 2716 decurion.
377 2689 573 2718 Praeiudicialis
596 2692 692 2719 multae
714 2696 835 2732 excipere
858 2707 886 2723 ac
906 2699 1038 2726 sustinere
1058 2709 1060 2718 ¹

206 2733 339 2759 iacturam.
359 2732 396 2759 Ib.
415 2733 460 2759 XI.
479 2735 520 2760 30.
540 2745 560 2761 c.
580 2736 620 2760 50.
641 2734 673 2761 de
691 2746 749 2773 app.
769 2743 795 2764 et
814 2749 890 2775 poen.

242 2776 384 2802 lactu·-
423 2774 539 2809 (Subst.)
576 2777 607 2810 ἕ.
627 2778 662 2804 1.
691 2780 875 2813 Iac-ulatio,
899 2785 1037 2811 Eiectio.

498 1839 553 1866 Nec
577 1840 609 1867 ad
633 1840 715 1867 solam
739 1843 891 1878 cuiusquam
915 1843 1038 1869 invidiam
1060 1853 1061 1860 ¹

1060 2137 1149 2171 ’4.0.

1865 142 1927 172 425

1086 218 1104 244 1.
1129 219 1191 253 Sy.
1210 218 1310 245 Iactura
1331 219 1489 252 (mercium.)
1509 219 1539 246 sr.
1561 221 1583 246 l.
1607 219 1638 246 fr.
1657 221 1680 246 2.
1706 231 1744 258 pr.
1769 222 1790 255 ξ.
1810 223 1833 248 2.
1851 221 1881 248 sr.
1902 225 1924 248 4.

1086 270 1125 297 pr.
1145 261 1182 295 ἕξ.
1203 263 1226 288 1.
1246 271 1286 297 sq.
1307 261 1339 287 de
1358 261 1386 288 L.
1407 262 1493 289 ltlmd.
1516 264 1554 289 14.
1574 264 1598 289 2.
1636 262 1678 289 III.
1696 265 1761 291 Cn.
1783 263 1835 299 Qui
1855 275 1925 296 casu.

1086 304 1155 329 iactu
1175 303 1228 336 teli,
1248 303 1379 330 hominem
1399 305 1580 342 imprudenter
1599 306 1731 333 occiderit.
1752 306 1823 333 Paul.
1839 307 1869 334 V.
1883 310 1924 334 23.

1086 346 1107 379 ξ,
1129 348 1150 372 7.
1189 346 1217 373 Si
1237 346 1321 384 lapilli
1341 348 1409 373 iactu
1430 348 1587 385 impedierit.
1615 348 1644 375 fr.
1665 350 1687 375 6.
1708 349 1729 382 ξ.
1752 351 1773 375 l.
1794 351 1815 375 5ἰ
1836 352 1924 377 servit.

1085 389 1109 414 8.
1129 390 1152 414 5.
1173 389 1203 415 cf.
1224 389 1254 416 fr.
1275 392 1297 416 1.
1318 390 1340 424 §.
1360 391 1383 416 6.
1409 390 1460 425 Qu.
1487 392 1511 417 vi
1537 396 1581 417 aut
1599 391 1630 417 cl.
1650 393 1692 417 43.
1711 393 1753 418 2'1.
1791 392 1820 418 Si
1839 393 1925 420 levan·

1086 430 1133 457 dae
1153 433 1227 458 navis
1246 433 1337 468 gratia,
1357 442 1377 458 5.
1398 432 1534 459 laborante
1552 444 1625 460 nave.
1645 435 1728 460 iactus
1747 436 1871 462 mercium
1890 436 1923 462 sa-

1086 478 1143 500 01115
1164 479 1212 501 051.
1232 475 1262 501 fr.
1284 478 1306 502 l.
1326 475 1357 502 fr.
1376 478 1400 501 2.
1420 485 1459 512 pr.
1487 476 1518 501 de
1538 475 1566 502 L.
1586 476 1671 503 Rhod.
1694 479 1733 503 14.
1753 480 1776 504 2.
1802 477 1873 504 Paul.
1894 479 1922 505 Il.

1086 518 1108 542 7.
1129 517 1150 549 ξ.
1172 519 1194 543 l.
1214 532 1247 536 —
1268 519 1298 551 §.
1323 520 1358 545 2.
1385 520 1433 549 Id.
1454 521 1534 553 quod
1551 521 1683 546 eiectum
1703 527 1759 547 est.
1796 523 1857 547 Res
1877 524 1923 548 ia·

1085 565 1143 585 cta.
1178 559 1222 586 III.
1237 562 1302 588 Gn.
1323 560 1352 587 Si
1372 562 1467 587 iactum
1487 572 1518 587 ex
1538 572 1603 588 nave
1623 563 1718 589 factum
1738 563 1805 589 alius
1825 564 1922 591 tulerit.

1085 601 1115 628 sr.
1135 603 1175 628 453.
1197 603 1218 636 §.
1240 605 1279 630 11.
1300 603 1333 630 de
1352 603 1412 630 furt.
1432 605 1474 630 47.
1496 606 1520 630 2.
1534 620 1562 624 —
1576 605 1606 638 ξ.
1627 606 1664 632 3.
1682 607 1847 641 Quidquid
1865 610 1923 634 eii-

1085 646 1196 672 ciendo
1220 648 1433 673 consecuturi
1454 657 1570 673 sumus.
1598 649 1754 682 Caplttra.
1792 649 1833 675 111.
1857 651 1922 678 Cn.

1086 686 1152 713 Cum
1172 687 1287 715 futurum
1306 690 1400 715 iactum
1421 690 1485 716 retis
1504 700 1518 716 a
1536 691 1669 727 piscatore
1689 692 1806 724 emimus,
1825 698 1869 719 aut
1887 695 1924 720 in·

1085 730 1203 766 daginem
1228 731 1311 768 plagis
1339 733 1435 769 positis
1459 743 1472 758 a
1495 738 1634 765 venatore,
1658 733 1701 759 vel
1720 735 1872 771 pantheram
1891 737 1922 763 ab

1061 765 1063 803 l
1085 783 1194 810 aucupe..
1215 774 1244 800 sr.
1268 777 1306 801 11.
1325 775 1346 808 §
1368 777 1406 801 18.
1428 774 1459 801 cl'.
1480 774 1509 801 fr.
1533 777 1572 801 12.
1593 775 1626 802 de
1644 775 1676 802 A.
1696 776 1726 802 E.
1747 777 1778 803 V.
1800 780 1839 805 19.
1861 781 1882 805 1.

1120 818 1305 844 Inculari.
1342 818 1373 851 ᾖ.
1399 819 1433 844 l.
1473 819 1627 845 Missilia
1651 821 1786 846 mittere.
1823 821 1841 847 I.
1862 824 1922 857 Sy.

1084 858 1179 885 laculis
1200 859 1298 886 ludere.
1326 859 1357 886 fr.
1378 862 1403 887 9.
1429 860 1450 893 ξ.
1470 862 1494 887 4.
1519 861 1551 888 ad
1573 861 1603 888 L.
1628 861 1696 898 Aqu.
1721 863 1744 888 9.
1768 865 1792 889 2.
1817 865 1838 898 §
1862 867 1885 891 4.
1906 866 1922 892 I.

1085 901 1141 927 eod.
1162 903 1185 928 4.
1205 903 1229 928 3.
1250 918 1281 921 ——
1302 902 1381 935 §.2-
1402 904 1640 939 Depugnandis
1660 906 1775 932 bestiis
1794 916 1923 941 operam

1084 947 1165 971 dare.
1203 945 1246 971 III.
1260 946 1326 972 Gn.
1347 945 1399 981 Qui
1419 946 1550 973 iaculandi
1569 957 1646 973 causa
1666 947 1698 974 ad
1717 948 1807 975 urbem
1826 951 1923 977 missus

1085 992 1132 1019 est,
1153 989 1209 1014 erit.
1230 987 1300 1014 Coll.
1319 987 1372 1014 LL.
1393 988 1426 1015 M.
1446 989 1490 1015 IX.
1504 991 1528 1015 2.

1119 1031 1391 1058 Iafeulatoriun.
1421 1032 1550 1065 (Adiect.)
1580 1035 1626 1060 Ad
1644 1036 1855 1061 iaculantium
1876 1037 1923 1062 in-

1084 1076 1238 1100 serviens.
1275 1073 1318 1100 111.
1331 1075 1392 1101 Gn.
1413 1074 1463 1100 Per
1481 1085 1601 1112 campum
1620 1075 1800 1103 iaculatorium
1819 1079 1869 1104 iter
1887 1079 1923 1105 in-

1084 1118 1241 1153 tempestive
1260 1116 1352 1143 facere.
1374 1116 1403 1143 sr.
1423 1119 1446 1143 9.
1467 1118 1488 1151 §.
1509 1119 1532 1144 4.
1553 1118 1585 1144 ad
1604 1118 1632 1144 l..
1653 1119 1722 1155 Aqu.
1741 1121 1764 1146 9.
1783 1122 1807 1146 2.

1119 1161 1307 1186 luculum.
1343 1161 1451 1186 Telum
1472 1163 1600 1187 missile.
1633 1161 1725 1195 [Sy.
1750 1161 1866 1190 Iaculari.
1888 1164 1923 1191 Ia-

1085 1202 1150 1229 011115
1170 1202 1268 1229 111(101“0.
1307 1202 1348 1229 Cf.
1368 1213 1391 1229 v.
1412 1203 1530 1230 Iaculari.

1119 1247 1216 1272 Ialn.
1238 1245 1350 1278 (Advb.)
1371 1246 1401 1279 ᾖ.
1418 1247 1452 1272 l.
1478 1249 1799 1281 Iupraesentiarum,
1820 1251 1922 1279 Nunc.

1085 1290 1217 1315 Statim.
1250 1288 1280 1314 ll.
1294 1290 1361 1322 Op.
1380 1288 1472 1315 Futuri
1492 1289 1581 1316 iudicii
1601 1300 1686 1322 01111511,
1706 1300 1758 1317 uon
1778 1292 1833 1318 eius
1853 1293 1923 1329 quod

1084 1332 1133 1357 iam
1152 1332 1193 1357 sit.
1219 1330 1249 1358 fr.
1269 1334 1292 1357 8.
1319 1332 1340 1365 ς’.
1363 1334 1383 1358 1.
1410 1331 1442 1357 de
1465 1331 1540 1358 alien.
1568 1332 1620 1359 iud.
1641 1338 1703 1359 mut.
1724 1344 1743 1360 c.
1764 1336 1788 1361 4.
1809 1336 1831 1361 7.
1870 1336 1924 1371 Qui

1084 1375 1289 1400 controversiam
1309 1374 1462 1400 hereditatis
1482 1375 1582 1411 patitur
1600 1376 1659 1407 iam.
1679 1376 1721 1403 vel
1740 1382 1836 1414 sperat.
1858 1378 1888 1404 1“ι·.
1899 1380 1922 1405 3.

1083 1417 1103 1451 ξ.
1124 1418 1147 1443 6.
1168 1418 1190 1443 51
1210 1418 1251 1443 01ιί
1275 1416 1310 1454 pl.
1337 1428 1378 1454 qu.
1404 1428 1429 1454 p.
1454 1416 1484 1443 L.
1505 1417 1575 1444 Falc.
1600 1419 1641 1445 35.
1667 1420 1691 1446 3.
1733 1420 1808 1456 Quae
1827 1421 1924 1448 iamin

1082 1460 1161 1486 rebus
1182 1460 1301 1486 humanis
1321 1465 1368 1486 est.
1389 1475 1422 1479 —
1441 1459 1592 1487 Posthuma.
1612 1460 1642 1488 fr.
1663 1464 1721 1489 164.
1740 1473 1780 1500 pr.
1801 1463 1833 1490 (10
1852 1464 1882 1490 V.
1895 1464 1921 1492 S.

1083 1505 1123 1529 50.
1144 1505 1183 1529 16.
1220 1503 1264 1529 III.
1285 1504 1351 1530 (711.
1383 1503 1434 1531 lam
1460 1508 1608 1540 receptum,
1634 1509 1660 1530 et
1682 1505 1743 1531 ideo
1763 1505 1922 1533 credendum

1084 1551 1131 1572 est.
1152 1545 1182 1572 fr.
1204 1548 1242 1572 12.
1265 1546 1295 1572 fr.
1315 1548 1354 1572 15.
1376 1546 1408 1572 de
1428 1551 1498 1572 statu
1518 1546 1587 1573 hom.
1608 1549 1630 1573 l.
1645 1549 1668 1573 5.
1706 1547 1757 1574 Iam
1777 1559 1830 1575 non
1849 1549 1923 1576 dubi-

1083 1593 1160 1615 tatur.
1181 1588 1237 1615 Gai.
1257 1588 1287 1614 11.
1307 1590 1367 1615 288.
1391 1588 1433 1614 III.
1459 1590 1514 1615 146.
1552 1589 1605 1615 Iam
1624 1589 1674 1616 1100
1693 1591 1749 1617 iure
1768 1593 1872 1619 utimur.
1892 1592 1921 1619 fr.

1083 1633 1108 1658 4.
1128 1642 1166 1668 pr.
1188 1631 1219 1658 de
1243 1631 1312 1666 vulg.
1338 1636 1363 1657 et
1387 1642 1448 1668 pup.
1473 1634 1514 1658 28.
1535 1633 1559 1658 6.
1589 1632 1619 1658 fr.
1641 1634 1680 1659 15.
1705 1634 1726 1667 ξ.
1749 1635 1770 1660 1.
1791 1633 1823 1660 ad
1843 1634 1870 1661 S.
1891 1634 1921 1661 C.

1084 1674 1166 1711 Turp.
1187 1676 1227 1700 45.
1250 1676 1289 1700 16.
1327 1674 1378 1700 Iam
1399 1675 1501 1710 iamque
1521 1676 1617 1707 (curiis
1642 1675 1709 1702 tradi
1733 1681 1839 1713 oportet
1856 1677 1922 1704 mili-

1084 1719 1176 1743 tarium
1195 1717 1288 1748 filios.)
1308 1716 1357 1742 Th.
1379 1716 1407 1742 C.
1428 1716 1484 1743 XII.
1507 1719 1527 1743 l.
1549 1728 1569 1743 c.
1589 1720 1630 1744 32.
1656 1717 1688 1744 de
1712 1718 1846 1746 decurion.
1882 1721 1921 1747 Eo

1083 1765 1209 1796 tempore,
1230 1770 1281 1796 quo
1299 1760 1350 1785 iam
1370 1759 1463 1795 pubes,
1482 1759 1525 1785 vel
1542 1759 1623 1792 liber,
1647 1760 1690 1787 vel
1708 1762 1842 1798 paterfam.
1862 1763 1921 1790 effe-

1083 1807 1141 1829 ctus
1162 1807 1208 1828 est.
1230 1802 1260 1828 sr.
1282 1803 1321 1828 15.
1342 1802 1374 1828 de
1394 1801 1425 1828 N.
1446 1802 1477 1828 G.
1497 1804 1520 1828 3.
1541 1804 1564 1828 5.
1603 1802 1656 1838 Qui
1675 1804 1725 1830 iam
1743 1809 1858 1837 11110105,
1878 1806 1921 1833 vel

1083 1850 1217 1871 curatores
1242 1849 1310 1870 sunt.
1340 1843 1423 1871 Vane.
1449 1846 1470 1878 ξ.
1492 1846 1548 1872 135.
1587 1845 1641 1872 Iam
1659 1851 1745 1873 tamen
1764 1847 1922 1875 fideiussore

1083 1903 1115 1907 —
1135 1887 1267 1919 damnato,
1292 1886 1388 1913 frustra
1417 1887 1597 1916 defensionem
1621 1899 1681 1916 reus
1706 1891 1826 1928 suscipit.
1846 1891 1876 1918 fr.
1895 1894 1919 1918 5.

1083 1941 1120 1967 pr.
1141 1930 1246 1957 iudicat.
1267 1930 1343 1956 solvi.
1363 1931 1404 1956 46.
1425 1932 1447 1956 7.
1480 1946 1512 1950 -
1544 1931 1574 1964 ξ.
1591 1933 1626 1958 2.
1646 1934 1763 1966 Antea,
1782 1936 1919 1961 Pridem.

1082 1973 1124 1999 111.
1148 1975 1213 2001 (711.
1233 1973 1285 1999 Iam
1304 1972 1410 1999 dudum.
1431 1972 1472 2000 Cf,
1492 1984 1515 2000 v.
1536 1973 1650 2000 Dudum.
1670 1974 1723 2002 Iam
1741 1977 1838 2003 maiore
1858 1982 1920 2004 tem-

1082 2026 1154 2053 pore.
1174 2016 1205 2042 sr.
1225 2018 1248 2042 2.
1269 2016 1290 2049 §.
1314 2017 1352 2041 17.
1374 2015 1406 2042 de
1430 2016 1463 2042 Ο.
1483 2017 1501 2043 1.
1522 2019 1544 2044 1.
1564 2019 1588 2043 2.
1625 2017 1677 2044 lam
1697 2029 1729 2045 ex
1747 2019 1837 2046 multis
1858 2025 1919 2047 tem-

1082 2059 1201 2096 poribus.
1221 2059 1241 2092 ξ.
1256 2060 1280 2085 3.
1295 2058 1313 2085 Ι.
1334 2058 1366 2085 de
1385 2059 1500 2086 libertin.
1516 2062 1537 2086 1.
1552 2062 1575 2086 5.
1613 2059 1764 2088 Secundum
1784 2062 1855 2099 quod
1869 2064 1919 2090 iam

1083 2102 1182 2128 dictum
1201 2107 1248 2128 051..
1270 2101 1298 2127 fr.
1322 2103 1360 2128 16.
1380 2102 1402 2136 ξ.
1423 2104 1443 2128 l.
1470 2102 1501 2128 cs.
1522 2102 1551 2129 fr.
1573 2104 1612 2129 14.
1637 2103 1719 2136 §.15.
1745 2104 1796 2140 Qu.
1816 2111 1875 2132 met.
1897 2117 1916 2133 c.

1189 2144 1256 2179 Quia
1277 2146 1326 2170 iam
1346 2144 1403 2171 data
1418 2150 1458 2171 est
1472 2148 1520 2177 (sc.
1536 2145 1646 2179 dilatio)
1666 2146 1778 2183 amplius
1797 2148 1853 2175 dari
1866 2159 1917 2176 000

1082 2192 1180 2224 potest.
1201 2188 1231 2213 [ι’.
1258 2189 1280 2214 7.
1301 2187 1332 2213 de
1353 2187 1432 2214 seriis,
1456 2190 1480 2214 2.
1502 2191 1540 2214 12.
1578 2189 1630 2215 Iam
1650 2194 1720 2222 tunc,
1741 2200 1799 2216 cum
1818 2196 1865 2217 etc.
1886 2192 1915 2218 fr.

1081 2232 1121 2256 41.
1142 2231 1164 2264 ξ.
1183 2232 1207 2257 3.
1227 2230 1259 2256 de
1279 2231 1334 2256 iure
1354 2230 1406 2256 dot.
1426 2232 1466 2257 23.
1485 2233 1509 2257 3.
1542 2247 1573 2250 —
1605 2232 1637 2264 ξ.
1662 2233 1699 2259 3.
1726 2234 1813 2265 Inde,
1832 2236 1915 2261 Post.

1082 2273 1124 2300 111.
1148 2275 1214 2301 Cn.
1232 2273 1285 2299 lam
1304 2278 1374 2305 tunc,
1394 2284 1427 2300 ex
1446 2284 1497 2310 quo
1518 2279 1608 2310 captus
1629 2279 1680 2306 est,
1702 2275 1861 2307 (decessisse
1880 2278 1915 2302 in-

1081 2315 1186 2352 telligi.)
1207 2316 1236 2342 1“ι·.
1258 2318 1298 2342 12.
1320 2316 1341 2350 §.
1364 2318 1384 2342 l.
1405 2316 1437 2343 (10
1456 2318 1549 2353 captiv.
1570 2319 1610 2344 49.
1632 2319 1672 2343 15.
1702 2318 1731 2344 L.
1752 2318 1812 2355 Pap.
1832 2318 1914 2356 Popp.

1082 2375 1113 2378 —
1125 2360 1173 2385 iam
1185 2369 1265 2395 posse
1276 2368 1318 2384 0115
1330 2360 1386 2385 sine.
1399 2361 1553 2386 auctoritate
1566 2365 1735 2396 patronorum
1746 2362 1843 2392 testari.
1857 2372 1915 2398 pro-

1081 2402 1176 2438 spexit.
1202 2401 1262 2438 le.
1286 2401 1384 2428 ΧΧῙΧ.
1408 2404 1432 2428 3.
1469 2402 1521 2428 11101
1546 2408 1663 2440 tempore
1688 2403 1825 2429 liberatum
1846 2414 1914 2436 0550,

1081 2455 1105 2470 ν.
1126 2444 1260 2470 vindicare
1279 2454 1332 2470 non
1351 2454 1439 2481 posse.
1460 2445 1489 2471 fr.
1512 2447 1550 2472 10.
1570 2456 1609 2482 pr.
1629 2447 1650 2471 si
1671 2456 1712 2481 (111.
1733 2450 1810 2471 cautt.
1829 2448 1852 2472 2.
1874 2449 1914 2473 11.

1082 2486 1112 2513 fr.
1132 2488 1155 2512 9.
1184 2487 1204 2520 ξ.
1225 2488 1248 2513 4.
1273 2486 1305 2512 ad
1329 2487 1416 2514 exhib.
1442 2489 1481 2513 10.
1501 2489 1524 2514 4.
1561 2488 1612 2514 Iam
1636 2489 1747 2524 pretium
1767 2487 1915 2515 8110111011-

1081 2534 1184 2561 nuetur,
1205 2531 1326 2565 quoniam
1347 2535 1395 2556 etc.
1416 2530 1446 2557 fr.
1466 2533 1508 2556 55.
1533 2531 1564 2556 ad
1584 2530 1612 2556 L.
1632 2530 1699 2565 Aqu.
1725 2531 1747 2556 9.
1768 2532 1791 2556 2.
1829 2530 1858 2557 Si
1878 2531 1914 2558 fu-

1082 2572 1131 2597 erit
1155 2572 1297 2598 inundatus
1317 2574 1370 2605 (50.
1391 2584 1463 2609 ager,
1486 2573 1528 2599 vel
1548 2573 1652 2603 100115.)
1676 2577 1705 2598 ut
1727 2578 1846 2609 stagnum
1864 2575 1914 2601 iam

1082 2615 1124 2645 sit.
1145 2619 1187 2640 aut
1206 2614 1290 2651 palus.
1310 2615 1340 2642 fr.
1361 2618 1400 2642 10.
1421 2617 1441 2650 ξ,
1461 2618 1485 2642 2.
1506 2616 1556 2650 Qu.
1576 2614 1645 2640 mod.
1660 2615 1755 2641 ususfr.
1771 2618 1792 2642 7.
1807 2618 1830 2643 4.
1850 2617 1914 2643 Post

1081 2658 1215 2684 interitum
1234 2659 1280 2688 rei.
1300 2659 1348 2685 iam
1368 2669 1416 2685 nec
1434 2668 1512 2695 posse
1531 2662 1579 2683 etc.
1600 2656 1630 2683 fr.
1643 2659 1667 2683 3.
1688 2658 1720 2684 de
1738 2659 1764 2684 in
1783 2658 1851 2685 diem
1870 2660 1913 2686 ad-

1082 2698 1143 2725 dict.
1165 2701 1204 2726 18.
1224 2702 1248 2727 2.
1263 2717 1294 2720 —
1309 2702 1340 2734 ξ.
1353 2703 1392 2727 4.
1413 2702 1575 2734 Amplius,
1594 2703 1781 2728 Praeterea.
1796 2701 1912 2729 lllsn.

1082 2741 1165 2768 Posse
1190 2752 1222 2769 ex
1246 2748 1401 2770 testamento
1425 2741 1595 2768 hereditatem
1619 2743 1696 2775 adiri.
1717 2760 1748 2763 —
1768 2744 1840 2770 nullo
1864 2747 1912 2770 iani

1082 2784 1138 2811 fillo
1157 2785 1350 2822 impedimento.
1371 2785 1426 2811 Gai.
1446 2785 1474 2811 11.
1497 2786 1553 2811 123.
1589 2785 1671 2822 quue
1690 2796 1742 2813 non
1761 2787 1808 2813 iam
1829 2798 1911 2813 exco-

1441 2829 1474 2853 54
