<?xml version="1.0" encoding="UTF-8"?>
<!DOCTYPE html PUBLIC "-//W3C//DTD XHTML 1.0 Transitional//EN"
    "http://www.w3.org/TR/xhtml1/DTD/xhtml1-transitional.dtd">
<html xmlns="http://www.w3.org/1999/xhtml" xml:lang="en" lang="en">
 <head>
  <title>
</title>
<meta http-equiv="Content-Type" content="text/html;charset=utf-8" />
  <meta name='ocr-system' content='tesseract 3.04.00' />
  <meta name='ocr-capabilities' content='ocr_page ocr_carea ocr_par ocr_line ocrx_word'/>
</head>
<body>
  <div class='ocr_page' id='page_1' title='image "./manualelatinitat00dirk_0543.png"; bbox 0 0 2197 3121; ppageno 0'>
   <div class='ocr_carea' id='block_1_1' title="bbox 1006 147 1100 178">
    <p class='ocr_par' dir='ltr' id='par_1_1' title="bbox 1006 147 1100 178">
     <span class='ocr_line' id='line_1_1' title="bbox 1006 147 1100 178; baseline 0.011 -1"><span class='ocrx_word' id='word_1_1' title='bbox 1006 147 1100 178; x_wconf 80' lang='lat' dir='ltr'>LAT.</span> 
     </span>
    </p>
   </div>
   <div class='ocr_carea' id='block_1_2' title="bbox 189 228 1031 354">
    <p class='ocr_par' dir='ltr' id='par_1_2' title="bbox 189 228 1031 354">
     <span class='ocr_line' id='line_1_2' title="bbox 189 228 1031 266; baseline -0.006 -6"><span class='ocrx_word' id='word_1_2' title='bbox 189 231 317 265; x_wconf 84' lang='lat' dir='ltr'>divisus.)</span> <span class='ocrx_word' id='word_1_3' title='bbox 337 231 368 257; x_wconf 84' lang='lat' dir='ltr'>fr.</span> <span class='ocrx_word' id='word_1_4' title='bbox 382 232 406 257; x_wconf 83' lang='lat'>6.</span> <span class='ocrx_word' id='word_1_5' title='bbox 426 231 448 265; x_wconf 84' lang='lat'>5.</span> <span class='ocrx_word' id='word_1_6' title='bbox 464 232 486 257; x_wconf 90' lang='lat'>1.</span> <span class='ocrx_word' id='word_1_7' title='bbox 506 229 635 266; x_wconf 81' lang='lat' dir='ltr'>Quemad.</span> <span class='ocrx_word' id='word_1_8' title='bbox 655 229 745 255; x_wconf 88' lang='lat' dir='ltr'>servit.</span> <span class='ocrx_word' id='word_1_9' title='bbox 758 230 782 255; x_wconf 85' lang='lat'>8.</span> <span class='ocrx_word' id='word_1_10' title='bbox 802 230 826 256; x_wconf 90' lang='grc'>6.</span> <span class='ocrx_word' id='word_1_11' title='bbox 853 228 897 255; x_wconf 83' lang='lat' dir='ltr'>Ad</span> <span class='ocrx_word' id='word_1_12' title='bbox 916 233 1031 256; x_wconf 84' lang='lat' dir='ltr'>veterem</span> 
     </span>
     <span class='ocr_line' id='line_1_3' title="bbox 189 272 1031 309; baseline -0.006 -7"><span class='ocrx_word' id='word_1_13' title='bbox 189 275 353 302; x_wconf 78' lang='lat' dir='ltr'>altitudinem</span> <span class='ocrx_word' id='word_1_14' title='bbox 372 273 590 309; x_wconf 84' lang='lat' dir='ltr'>latitudinemque</span> <span class='ocrx_word' id='word_1_15' title='bbox 609 273 748 298; x_wconf 76' lang='lat' dir='ltr'>restituere</span> <span class='ocrx_word' id='word_1_16' title='bbox 767 272 820 305; x_wconf 80' lang='lat' dir='ltr'>(sc.</span> <span class='ocrx_word' id='word_1_17' title='bbox 840 272 934 303; x_wconf 83' lang='lat' dir='ltr'>viam.)</span> <span class='ocrx_word' id='word_1_18' title='bbox 957 272 987 298; x_wconf 84' lang='lat' dir='ltr'>fr.</span> <span class='ocrx_word' id='word_1_19' title='bbox 1008 273 1031 297; x_wconf 97' lang='lat' dir='ltr'>l.</span> 
     </span>
     <span class='ocr_line' id='line_1_4' title="bbox 189 313 1031 354; baseline -0.005 -10"><span class='ocrx_word' id='word_1_20' title='bbox 189 319 226 352; x_wconf 88' lang='lat'>55.</span> <span class='ocrx_word' id='word_1_21' title='bbox 247 319 270 344; x_wconf 92' lang='lat'>1.</span> <span class='ocrx_word' id='word_1_22' title='bbox 290 327 329 354; x_wconf 80' lang='lat' dir='ltr'>sq.</span> <span class='ocrx_word' id='word_1_23' title='bbox 355 317 388 343; x_wconf 89' lang='lat' dir='ltr'>de</span> <span class='ocrx_word' id='word_1_24' title='bbox 411 317 452 342; x_wconf 88' lang='lat' dir='ltr'>via</span> <span class='ocrx_word' id='word_1_25' title='bbox 478 315 539 352; x_wconf 91' lang='lat' dir='ltr'>pub.</span> <span class='ocrx_word' id='word_1_26' title='bbox 559 317 600 341; x_wconf 84' lang='lat'>43.</span> <span class='ocrx_word' id='word_1_27' title='bbox 622 317 661 341; x_wconf 90' lang='lat'>11.</span> <span class='ocrx_word' id='word_1_28' title='bbox 699 314 728 341; x_wconf 86' lang='lat' dir='ltr'>Si</span> <span class='ocrx_word' id='word_1_29' title='bbox 753 314 821 341; x_wconf 87' lang='lat' dir='ltr'>dicta</span> <span class='ocrx_word' id='word_1_30' title='bbox 846 313 957 340; x_wconf 86' lang='lat' dir='ltr'>latitudo</span> <span class='ocrx_word' id='word_1_31' title='bbox 978 315 1031 347; x_wconf 87' lang='lat' dir='ltr'>(sc.</span> 
     </span>
    </p>
   </div>
   <div class='ocr_carea' id='block_1_3' title="bbox 188 357 1055 395">
    <p class='ocr_par' dir='ltr' id='par_1_3' title="bbox 188 357 1055 395">
     <span class='ocr_line' id='line_1_5' title="bbox 188 357 1055 395; baseline -0.006 -8"><span class='ocrx_word' id='word_1_32' title='bbox 188 361 260 393; x_wconf 80' lang='lat' dir='ltr'>viae)</span> <span class='ocrx_word' id='word_1_33' title='bbox 281 370 332 386; x_wconf 87' lang='lat' dir='ltr'>non</span> <span class='ocrx_word' id='word_1_34' title='bbox 353 364 401 391; x_wconf 79' lang='lat' dir='ltr'>est,</span> <span class='ocrx_word' id='word_1_35' title='bbox 420 358 535 395; x_wconf 74' lang='lat' dir='ltr'>legitima</span> <span class='ocrx_word' id='word_1_36' title='bbox 554 358 672 384; x_wconf 76' lang='lat' dir='ltr'>debetur.</span> <span class='ocrx_word' id='word_1_37' title='bbox 693 358 723 384; x_wconf 89' lang='lat' dir='ltr'>fr.</span> <span class='ocrx_word' id='word_1_38' title='bbox 745 359 784 384; x_wconf 84' lang='lat'>13.</span> <span class='ocrx_word' id='word_1_39' title='bbox 805 358 826 391; x_wconf 92' lang='lat'>5.</span> <span class='ocrx_word' id='word_1_40' title='bbox 846 359 870 383; x_wconf 90' lang='lat'>2.</span> <span class='ocrx_word' id='word_1_41' title='bbox 890 357 920 382; x_wconf 78' lang='lat' dir='ltr'>fr.</span> <span class='ocrx_word' id='word_1_42' title='bbox 934 358 975 383; x_wconf 85' lang='lat'>23.</span> <span class='ocrx_word' id='word_1_43' title='bbox 992 367 1031 393; x_wconf 89' lang='lat' dir='ltr'>pr.</span> <span class='ocrx_word' id='word_1_44' title='bbox 1053 376 1055 387; x_wconf 74' lang='grc'>,</span> 
     </span>
    </p>
   </div>
   <div class='ocr_carea' id='block_1_4' title="bbox 187 400 1037 1591">
    <p class='ocr_par' dir='ltr' id='par_1_4' title="bbox 188 400 1037 686">
     <span class='ocr_line' id='line_1_6' title="bbox 190 400 1032 436; baseline -0.006 -6"><span class='ocrx_word' id='word_1_45' title='bbox 190 403 223 430; x_wconf 89' lang='lat' dir='ltr'>de</span> <span class='ocrx_word' id='word_1_46' title='bbox 241 403 269 429; x_wconf 93' lang='lat' dir='ltr'>S.</span> <span class='ocrx_word' id='word_1_47' title='bbox 288 403 316 429; x_wconf 91' lang='lat' dir='ltr'>P.</span> <span class='ocrx_word' id='word_1_48' title='bbox 336 402 366 429; x_wconf 83' lang='lat' dir='ltr'>R.</span> <span class='ocrx_word' id='word_1_49' title='bbox 386 403 410 428; x_wconf 75' lang='lat'>8.</span> <span class='ocrx_word' id='word_1_50' title='bbox 429 403 452 427; x_wconf 92' lang='lat'>3.</span> <span class='ocrx_word' id='word_1_51' title='bbox 479 400 529 427; x_wconf 93' lang='lat' dir='ltr'>Pro</span> <span class='ocrx_word' id='word_1_52' title='bbox 549 400 628 427; x_wconf 87' lang='lat' dir='ltr'>modo</span> <span class='ocrx_word' id='word_1_53' title='bbox 648 400 793 427; x_wconf 88' lang='lat' dir='ltr'>latitudinis</span> <span class='ocrx_word' id='word_1_54' title='bbox 813 400 940 435; x_wconf 88' lang='lat' dir='ltr'>cuiusque</span> <span class='ocrx_word' id='word_1_55' title='bbox 960 410 1032 436; x_wconf 89' lang='lat' dir='ltr'>prae-</span> 
     </span>
     <span class='ocr_line' id='line_1_7' title="bbox 189 441 1031 482; baseline -0.006 -10"><span class='ocrx_word' id='word_1_56' title='bbox 189 446 235 477; x_wconf 87' lang='lat' dir='ltr'>dii,</span> <span class='ocrx_word' id='word_1_57' title='bbox 255 455 321 482; x_wconf 83' lang='lat' dir='ltr'>quac</span> <span class='ocrx_word' id='word_1_58' title='bbox 341 444 452 471; x_wconf 86' lang='lat' dir='ltr'>latitudo</span> <span class='ocrx_word' id='word_1_59' title='bbox 471 453 554 480; x_wconf 81' lang='lat' dir='ltr'>prope</span> <span class='ocrx_word' id='word_1_60' title='bbox 574 445 656 480; x_wconf 84' lang='lat' dir='ltr'>ripam</span> <span class='ocrx_word' id='word_1_61' title='bbox 675 445 717 470; x_wconf 88' lang='lat' dir='ltr'>sit.</span> <span class='ocrx_word' id='word_1_62' title='bbox 738 442 768 469; x_wconf 87' lang='lat' dir='ltr'>fr.</span> <span class='ocrx_word' id='word_1_63' title='bbox 783 444 805 468; x_wconf 87' lang='lat'>7.</span> <span class='ocrx_word' id='word_1_64' title='bbox 825 442 846 476; x_wconf 87' lang='lat'>5.</span> <span class='ocrx_word' id='word_1_65' title='bbox 860 443 884 468; x_wconf 90' lang='lat'>3.</span> <span class='ocrx_word' id='word_1_66' title='bbox 905 442 937 468; x_wconf 84' lang='lat' dir='ltr'>de</span> <span class='ocrx_word' id='word_1_67' title='bbox 956 442 988 468; x_wconf 89' lang='lat' dir='ltr'>A.</span> <span class='ocrx_word' id='word_1_68' title='bbox 1000 441 1031 468; x_wconf 86' lang='lat' dir='ltr'>R.</span> 
     </span>
     <span class='ocr_line' id='line_1_8' title="bbox 188 483 1031 520; baseline -0.007 -4"><span class='ocrx_word' id='word_1_69' title='bbox 188 489 223 516; x_wconf 91' lang='lat' dir='ltr'>D.</span> <span class='ocrx_word' id='word_1_70' title='bbox 244 489 284 514; x_wconf 87' lang='lat'>41.</span> <span class='ocrx_word' id='word_1_71' title='bbox 307 490 375 514; x_wconf 89' lang='grc'>1.-</span> <span class='ocrx_word' id='word_1_72' title='bbox 395 487 426 520; x_wconf 83' lang='lat'>§.</span> <span class='ocrx_word' id='word_1_73' title='bbox 439 488 474 513; x_wconf 72' lang='lat'>2.</span> <span class='ocrx_word' id='word_1_74' title='bbox 495 488 701 520; x_wconf 67' lang='lat' dir='ltr'>Amplitudo,</span> <span class='ocrx_word' id='word_1_75' title='bbox 725 487 867 513; x_wconf 68' lang='lat' dir='ltr'>Vbertas.</span> <span class='ocrx_word' id='word_1_76' title='bbox 904 483 947 510; x_wconf 90' lang='lat'>111.</span> <span class='ocrx_word' id='word_1_77' title='bbox 965 485 1031 511; x_wconf 74' lang='lat' dir='ltr'>Cn.</span> 
     </span>
     <span class='ocr_line' id='line_1_9' title="bbox 189 526 1033 568; baseline -0.006 -10"><span class='ocrx_word' id='word_1_78' title='bbox 189 531 231 558; x_wconf 59' lang='lat' dir='ltr'>Ne</span> <span class='ocrx_word' id='word_1_79' title='bbox 250 535 359 568; x_wconf 83' lang='lat' dir='ltr'>propter</span> <span class='ocrx_word' id='word_1_80' title='bbox 378 530 481 556; x_wconf 82' lang='lat' dir='ltr'>nimiam</span> <span class='ocrx_word' id='word_1_81' title='bbox 501 528 674 555; x_wconf 77' lang='lat' dir='ltr'>subtilitatem</span> <span class='ocrx_word' id='word_1_82' title='bbox 694 528 843 559; x_wconf 81' lang='lat' dir='ltr'>verborum,</span> <span class='ocrx_word' id='word_1_83' title='bbox 863 526 975 553; x_wconf 79' lang='lat' dir='ltr'>latitudo</span> <span class='ocrx_word' id='word_1_84' title='bbox 988 537 1033 553; x_wconf 89' lang='lat' dir='ltr'>vo-</span> 
     </span>
     <span class='ocr_line' id='line_1_10' title="bbox 190 569 1031 609; baseline -0.005 -9"><span class='ocrx_word' id='word_1_85' title='bbox 190 573 299 600; x_wconf 85' lang='lat' dir='ltr'>luntatis</span> <span class='ocrx_word' id='word_1_86' title='bbox 320 572 529 599; x_wconf 75' lang='lat' dir='ltr'>contrahentium</span> <span class='ocrx_word' id='word_1_87' title='bbox 552 571 717 609; x_wconf 75' lang='lat' dir='ltr'>impediatur.</span> <span class='ocrx_word' id='word_1_88' title='bbox 742 580 763 597; x_wconf 88' lang='lat' dir='ltr'>c.</span> <span class='ocrx_word' id='word_1_89' title='bbox 784 572 806 596; x_wconf 91' lang='lat' dir='ltr'>l.</span> <span class='ocrx_word' id='word_1_90' title='bbox 832 574 861 596; x_wconf 89' lang='lat' dir='ltr'>ut</span> <span class='ocrx_word' id='word_1_91' title='bbox 880 574 928 596; x_wconf 86' lang='lat' dir='ltr'>act.</span> <span class='ocrx_word' id='word_1_92' title='bbox 954 574 980 596; x_wconf 89' lang='lat' dir='ltr'>et</span> <span class='ocrx_word' id='word_1_93' title='bbox 1000 569 1031 596; x_wconf 81' lang='lat' dir='ltr'>ab</span> 
     </span>
     <span class='ocr_line' id='line_1_11' title="bbox 190 612 1037 648; baseline -0.005 -6"><span class='ocrx_word' id='word_1_94' title='bbox 190 616 245 642; x_wconf 75' lang='lat' dir='ltr'>her.</span> <span class='ocrx_word' id='word_1_95' title='bbox 265 618 288 642; x_wconf 96' lang='lat'>4.</span> <span class='ocrx_word' id='word_1_96' title='bbox 310 617 350 642; x_wconf 96' lang='lat'>11.</span> <span class='ocrx_word' id='word_1_97' title='bbox 377 630 406 634; x_wconf 91' lang='lat'>—</span> <span class='ocrx_word' id='word_1_98' title='bbox 434 615 464 648; x_wconf 81' lang='lat'>§.</span> <span class='ocrx_word' id='word_1_99' title='bbox 484 615 521 640; x_wconf 82' lang='grc'>3.</span> <span class='ocrx_word' id='word_1_100' title='bbox 550 616 736 641; x_wconf 72' lang='grc' dir='ltr'>ΡνοΙί.ῑ-ιῖ1αε</span> <span class='ocrx_word' id='word_1_101' title='bbox 760 614 870 639; x_wconf 79' lang='lat' dir='ltr'>nimia.</span> <span class='ocrx_word' id='word_1_102' title='bbox 907 612 937 638; x_wconf 90' lang='grc'>11.</span> <span class='ocrx_word' id='word_1_103' title='bbox 964 614 1037 646; x_wconf 54' lang='lat' dir='ltr'>Op,</span> 
     </span>
     <span class='ocr_line' id='line_1_12' title="bbox 190 654 833 686; baseline -0.008 0"><span class='ocrx_word' id='word_1_104' title='bbox 190 658 282 686; x_wconf 86' lang='lat' dir='ltr'>Pulcra</span> <span class='ocrx_word' id='word_1_105' title='bbox 302 658 424 684; x_wconf 77' lang='lat' dir='ltr'>brevitas.</span> <span class='ocrx_word' id='word_1_106' title='bbox 445 657 511 683; x_wconf 73' lang='lat' dir='ltr'>Nov.</span> <span class='ocrx_word' id='word_1_107' title='bbox 528 658 585 683; x_wconf 75' lang='grc'>104.</span> <span class='ocrx_word' id='word_1_108' title='bbox 606 657 638 684; x_wconf 87' lang='lat' dir='ltr'>de</span> <span class='ocrx_word' id='word_1_109' title='bbox 656 657 740 683; x_wconf 86' lang='lat' dir='ltr'>Praet.</span> <span class='ocrx_word' id='word_1_110' title='bbox 761 654 833 682; x_wconf 92' lang='lat' dir='ltr'>Sicil.</span> 
     </span>
    </p>

    <p class='ocr_par' dir='ltr' id='par_1_5' title="bbox 191 696 1032 775">
     <span class='ocr_line' id='line_1_13' title="bbox 225 696 1032 735; baseline -0.005 -8"><span class='ocrx_word' id='word_1_111' title='bbox 225 701 390 728; x_wconf 71' lang='lat' dir='ltr'>Latium.</span> <span class='ocrx_word' id='word_1_112' title='bbox 416 702 545 727; x_wconf 78' lang='lat' dir='ltr'>Italiae</span> <span class='ocrx_word' id='word_1_113' title='bbox 563 702 655 735; x_wconf 80' lang='lat' dir='ltr'>regio</span> <span class='ocrx_word' id='word_1_114' title='bbox 674 700 891 726; x_wconf 78' lang='lat' dir='ltr'>nobilissima.</span> <span class='ocrx_word' id='word_1_115' title='bbox 910 696 1032 724; x_wconf 78' lang='grc' dir='ltr'>111οη.</span> 
     </span>
     <span class='ocr_line' id='line_1_14' title="bbox 191 742 798 775; baseline -0.003 -5"><span class='ocrx_word' id='word_1_116' title='bbox 191 743 336 771; x_wconf 83' lang='lat' dir='ltr'><strong>Commune</strong></span> <span class='ocrx_word' id='word_1_117' title='bbox 354 742 430 769; x_wconf 88' lang='lat' dir='ltr'>Latii.</span> <span class='ocrx_word' id='word_1_118' title='bbox 456 742 497 769; x_wconf 73' lang='lat' dir='ltr'>Cl&#39;.</span> <span class='ocrx_word' id='word_1_119' title='bbox 517 753 541 769; x_wconf 84' lang='lat' dir='ltr'>v.</span> <span class='ocrx_word' id='word_1_120' title='bbox 561 743 713 769; x_wconf 83' lang='lat' dir='ltr'>Commune.</span> <span class='ocrx_word' id='word_1_121' title='bbox 733 742 755 775; x_wconf 89' lang='lat'>5.</span> <span class='ocrx_word' id='word_1_122' title='bbox 774 743 798 767; x_wconf 82' lang='lat'>2.</span> 
     </span>
    </p>

    <p class='ocr_par' dir='ltr' id='par_1_6' title="bbox 189 782 1032 948">
     <span class='ocr_line' id='line_1_15' title="bbox 225 782 1031 820; baseline -0.005 -8"><span class='ocrx_word' id='word_1_123' title='bbox 225 786 436 813; x_wconf 71' lang='lat' dir='ltr'>Latomiae.</span> <span class='ocrx_word' id='word_1_124' title='bbox 469 786 690 820; x_wconf 77' lang='lat' dir='ltr'>Lapidicinae</span> <span class='ocrx_word' id='word_1_125' title='bbox 706 785 866 818; x_wconf 77' lang='lat' dir='ltr'>publicae.</span> <span class='ocrx_word' id='word_1_126' title='bbox 903 782 946 808; x_wconf 94' lang='grc'>111.</span> <span class='ocrx_word' id='word_1_127' title='bbox 964 783 1031 809; x_wconf 73' lang='grc' dir='ltr'>οη.</span> 
     </span>
     <span class='ocr_line' id='line_1_16' title="bbox 190 824 1032 859; baseline -0.006 -4"><span class='ocrx_word' id='word_1_128' title='bbox 190 828 226 856; x_wconf 82' lang='lat' dir='ltr'>Vt</span> <span class='ocrx_word' id='word_1_129' title='bbox 245 833 289 855; x_wconf 87' lang='lat' dir='ltr'>aut</span> <span class='ocrx_word' id='word_1_130' title='bbox 307 828 388 855; x_wconf 88' lang='lat' dir='ltr'>multa</span> <span class='ocrx_word' id='word_1_131' title='bbox 407 828 545 859; x_wconf 86' lang='lat' dir='ltr'>multetur,</span> <span class='ocrx_word' id='word_1_132' title='bbox 572 831 615 853; x_wconf 87' lang='lat' dir='ltr'>aut</span> <span class='ocrx_word' id='word_1_133' title='bbox 633 827 660 852; x_wconf 90' lang='lat' dir='ltr'>in</span> <span class='ocrx_word' id='word_1_134' title='bbox 680 826 813 858; x_wconf 83' lang='lat' dir='ltr'>latomias,</span> <span class='ocrx_word' id='word_1_135' title='bbox 833 825 881 859; x_wconf 87' lang='lat' dir='ltr'>[al.</span> <span class='ocrx_word' id='word_1_136' title='bbox 901 824 1032 856; x_wconf 82' lang='lat' dir='ltr'>latumias,</span> 
     </span>
     <span class='ocr_line' id='line_1_17' title="bbox 189 867 1032 906; baseline -0.005 -9"><span class='ocrx_word' id='word_1_137' title='bbox 189 880 213 898; x_wconf 88' lang='lat' dir='ltr'>v.</span> <span class='ocrx_word' id='word_1_138' title='bbox 226 870 387 904; x_wconf 83' lang='lat' dir='ltr'>lautumias.]</span> <span class='ocrx_word' id='word_1_139' title='bbox 407 870 449 897; x_wconf 80' lang='lat' dir='ltr'>vel</span> <span class='ocrx_word' id='word_1_140' title='bbox 470 872 496 897; x_wconf 88' lang='lat' dir='ltr'>in</span> <span class='ocrx_word' id='word_1_141' title='bbox 514 869 618 896; x_wconf 83' lang='lat' dir='ltr'>vincula</span> <span class='ocrx_word' id='word_1_142' title='bbox 631 868 737 906; x_wconf 82' lang='lat' dir='ltr'>publica</span> <span class='ocrx_word' id='word_1_143' title='bbox 750 868 868 895; x_wconf 87' lang='lat' dir='ltr'>ducatur.</span> <span class='ocrx_word' id='word_1_144' title='bbox 888 867 918 894; x_wconf 82' lang='lat' dir='ltr'>fr.</span> <span class='ocrx_word' id='word_1_145' title='bbox 934 869 956 894; x_wconf 97' lang='lat'>1.</span> <span class='ocrx_word' id='word_1_146' title='bbox 972 867 994 901; x_wconf 90' lang='lat'>5.</span> <span class='ocrx_word' id='word_1_147' title='bbox 1008 870 1032 894; x_wconf 86' lang='lat'>4.</span> 
     </span>
     <span class='ocr_line' id='line_1_18' title="bbox 190 912 921 948; baseline -0.004 -8"><span class='ocrx_word' id='word_1_148' title='bbox 190 913 223 940; x_wconf 88' lang='lat' dir='ltr'>de</span> <span class='ocrx_word' id='word_1_149' title='bbox 242 913 348 940; x_wconf 78' lang='lat' dir='ltr'>aleator.</span> <span class='ocrx_word' id='word_1_150' title='bbox 369 915 409 940; x_wconf 95' lang='lat'>11.</span> <span class='ocrx_word' id='word_1_151' title='bbox 429 916 453 940; x_wconf 95' lang='lat'>5.</span> <span class='ocrx_word' id='word_1_152' title='bbox 474 913 505 939; x_wconf 90' lang='lat' dir='ltr'>cf.</span> <span class='ocrx_word' id='word_1_153' title='bbox 524 912 554 938; x_wconf 87' lang='lat' dir='ltr'>sr.</span> <span class='ocrx_word' id='word_1_154' title='bbox 574 914 598 938; x_wconf 87' lang='lat'>9.</span> <span class='ocrx_word' id='word_1_155' title='bbox 619 922 650 938; x_wconf 76' lang='lat' dir='ltr'>ex</span> <span class='ocrx_word' id='word_1_156' title='bbox 671 922 713 948; x_wconf 90' lang='lat' dir='ltr'>qu.</span> <span class='ocrx_word' id='word_1_157' title='bbox 734 922 755 938; x_wconf 83' lang='lat' dir='ltr'>c.</span> <span class='ocrx_word' id='word_1_158' title='bbox 775 913 834 939; x_wconf 86' lang='lat' dir='ltr'>mai.</span> <span class='ocrx_word' id='word_1_159' title='bbox 854 913 877 938; x_wconf 86' lang='lat'>4.</span> <span class='ocrx_word' id='word_1_160' title='bbox 897 912 921 937; x_wconf 89' lang='grc'>6.</span> 
     </span>
    </p>

    <p class='ocr_par' dir='ltr' id='par_1_7' title="bbox 189 952 1032 1035">
     <span class='ocr_line' id='line_1_19' title="bbox 224 952 1032 990; baseline -0.004 -7"><span class='ocrx_word' id='word_1_161' title='bbox 224 957 353 983; x_wconf 66' lang='lat' dir='ltr'>nator.</span> <span class='ocrx_word' id='word_1_162' title='bbox 394 958 455 989; x_wconf 82' lang='lat' dir='ltr'>Qui</span> <span class='ocrx_word' id='word_1_163' title='bbox 472 959 572 990; x_wconf 81' lang='lat' dir='ltr'>legem</span> <span class='ocrx_word' id='word_1_164' title='bbox 589 956 823 989; x_wconf 77' lang='lat' dir='ltr'>promulgavit.</span> <span class='ocrx_word' id='word_1_165' title='bbox 861 954 880 980; x_wconf 86' lang='lat'>1.</span> <span class='ocrx_word' id='word_1_166' title='bbox 899 955 961 988; x_wconf 78' lang='lat' dir='ltr'>Sy.</span> <span class='ocrx_word' id='word_1_167' title='bbox 984 952 1032 979; x_wconf 79' lang='lat' dir='ltr'>Le-</span> 
     </span>
     <span class='ocr_line' id='line_1_20' title="bbox 189 998 543 1035; baseline -0.003 -10"><span class='ocrx_word' id='word_1_168' title='bbox 189 998 306 1035; x_wconf 81' lang='lat' dir='ltr'>gislator.</span> <span class='ocrx_word' id='word_1_169' title='bbox 327 998 369 1026; x_wconf 80' lang='lat' dir='ltr'>Cf.</span> <span class='ocrx_word' id='word_1_170' title='bbox 390 998 414 1025; x_wconf 87' lang='lat' dir='ltr'>h.</span> <span class='ocrx_word' id='word_1_171' title='bbox 435 1009 457 1025; x_wconf 90' lang='lat' dir='ltr'>v.</span> <span class='ocrx_word' id='word_1_172' title='bbox 477 998 499 1031; x_wconf 85' lang='lat'>5.</span> <span class='ocrx_word' id='word_1_173' title='bbox 520 1000 543 1024; x_wconf 90' lang='lat'>1.</span> 
     </span>
    </p>

    <p class='ocr_par' dir='ltr' id='par_1_8' title="bbox 189 1042 1032 1203">
     <span class='ocr_line' id='line_1_21' title="bbox 225 1042 1032 1074; baseline -0.004 -6"><span class='ocrx_word' id='word_1_174' title='bbox 225 1043 398 1068; x_wconf 60' lang='lat' dir='ltr'>matrina.</span> <span class='ocrx_word' id='word_1_175' title='bbox 434 1043 539 1067; x_wconf 78' lang='lat' dir='ltr'>Locus</span> <span class='ocrx_word' id='word_1_176' title='bbox 564 1043 596 1067; x_wconf 85' lang='lat' dir='ltr'>in</span> <span class='ocrx_word' id='word_1_177' title='bbox 620 1042 770 1073; x_wconf 77' lang='lat' dir='ltr'>aedibus,</span> <span class='ocrx_word' id='word_1_178' title='bbox 799 1042 831 1067; x_wconf 87' lang='lat' dir='ltr'>in</span> <span class='ocrx_word' id='word_1_179' title='bbox 855 1049 941 1074; x_wconf 84' lang='lat' dir='ltr'>quem</span> <span class='ocrx_word' id='word_1_180' title='bbox 965 1049 1032 1065; x_wconf 65' lang='lat' dir='ltr'>sor-</span> 
     </span>
     <span class='ocr_line' id='line_1_22' title="bbox 189 1082 1031 1120; baseline -0.005 -9"><span class='ocrx_word' id='word_1_181' title='bbox 189 1086 240 1111; x_wconf 79' lang='lat' dir='ltr'>des</span> <span class='ocrx_word' id='word_1_182' title='bbox 259 1086 440 1120; x_wconf 78' lang='lat' dir='ltr'>confluunt.</span> <span class='ocrx_word' id='word_1_183' title='bbox 478 1083 520 1109; x_wconf 92' lang='lat'>111.</span> <span class='ocrx_word' id='word_1_184' title='bbox 542 1084 607 1111; x_wconf 57' lang='grc' dir='ltr'>(Ἴθι.</span> <span class='ocrx_word' id='word_1_185' title='bbox 627 1083 657 1109; x_wconf 89' lang='lat' dir='ltr'>Si</span> <span class='ocrx_word' id='word_1_186' title='bbox 675 1082 810 1109; x_wconf 85' lang='lat' dir='ltr'>librarium</span> <span class='ocrx_word' id='word_1_187' title='bbox 831 1092 874 1108; x_wconf 86' lang='lat' dir='ltr'>rus</span> <span class='ocrx_word' id='word_1_188' title='bbox 894 1083 1031 1113; x_wconf 81' lang='lat' dir='ltr'>mittat,—</span> 
     </span>
     <span class='ocr_line' id='line_1_23' title="bbox 189 1124 1031 1163; baseline -0.002 -10"><span class='ocrx_word' id='word_1_189' title='bbox 189 1125 233 1153; x_wconf 85' lang='lat' dir='ltr'>vel</span> <span class='ocrx_word' id='word_1_190' title='bbox 252 1125 284 1152; x_wconf 84' lang='lat' dir='ltr'>de</span> <span class='ocrx_word' id='word_1_191' title='bbox 302 1126 431 1163; x_wconf 83' lang='lat' dir='ltr'>palaestra</span> <span class='ocrx_word' id='word_1_192' title='bbox 452 1125 631 1152; x_wconf 81' lang='lat' dir='ltr'>stercorandis</span> <span class='ocrx_word' id='word_1_193' title='bbox 650 1125 753 1152; x_wconf 87' lang='lat' dir='ltr'>latrinis</span> <span class='ocrx_word' id='word_1_194' title='bbox 773 1130 925 1163; x_wconf 78' lang='lat' dir='ltr'>praeponat.</span> <span class='ocrx_word' id='word_1_195' title='bbox 946 1124 976 1151; x_wconf 75' lang='lat' dir='ltr'>fr.</span> <span class='ocrx_word' id='word_1_196' title='bbox 991 1126 1031 1150; x_wconf 84' lang='lat'>15.</span> 
     </span>
     <span class='ocr_line' id='line_1_24' title="bbox 189 1168 496 1203; baseline 0 -8"><span class='ocrx_word' id='word_1_197' title='bbox 189 1169 211 1203; x_wconf 90' lang='lat'>5.</span> <span class='ocrx_word' id='word_1_198' title='bbox 232 1170 255 1194; x_wconf 87' lang='lat'>1.</span> <span class='ocrx_word' id='word_1_199' title='bbox 276 1168 308 1195; x_wconf 86' lang='lat' dir='ltr'>de</span> <span class='ocrx_word' id='word_1_200' title='bbox 327 1169 408 1195; x_wconf 84' lang='lat' dir='ltr'>usufr.</span> <span class='ocrx_word' id='word_1_201' title='bbox 429 1170 451 1195; x_wconf 87' lang='lat'>7.</span> <span class='ocrx_word' id='word_1_202' title='bbox 473 1170 496 1195; x_wconf 93' lang='lat' dir='ltr'>l.</span> 
     </span>
    </p>

    <p class='ocr_par' dir='ltr' id='par_1_9' title="bbox 187 1212 1034 1591">
     <span class='ocr_line' id='line_1_25' title="bbox 223 1212 1032 1245; baseline -0.002 -7"><span class='ocrx_word' id='word_1_203' title='bbox 223 1212 351 1238; x_wconf 71' lang='lat' dir='ltr'>Latro.</span> <span class='ocrx_word' id='word_1_204' title='bbox 400 1213 475 1244; x_wconf 74' lang='lat' dir='ltr'>Qui,</span> <span class='ocrx_word' id='word_1_205' title='bbox 506 1222 566 1238; x_wconf 81' lang='lat' dir='ltr'>uon</span> <span class='ocrx_word' id='word_1_206' title='bbox 598 1213 729 1238; x_wconf 80' lang='lat' dir='ltr'>indicto</span> <span class='ocrx_word' id='word_1_207' title='bbox 762 1214 861 1243; x_wconf 81' lang='lat' dir='ltr'>bello,</span> <span class='ocrx_word' id='word_1_208' title='bbox 890 1212 1032 1245; x_wconf 78' lang='lat' dir='ltr'><strong><em>praedas</em></strong></span> 
     </span>
     <span class='ocr_line' id='line_1_26' title="bbox 188 1253 1032 1291; baseline -0.002 -10"><span class='ocrx_word' id='word_1_209' title='bbox 188 1256 272 1289; x_wconf 81' lang='lat' dir='ltr'>agit.</span> <span class='ocrx_word' id='word_1_210' title='bbox 312 1256 374 1287; x_wconf 78' lang='lat' dir='ltr'>Qui</span> <span class='ocrx_word' id='word_1_211' title='bbox 392 1256 612 1281; x_wconf 78' lang='lat' dir='ltr'>incursionem</span> <span class='ocrx_word' id='word_1_212' title='bbox 626 1256 726 1291; x_wconf 82' lang='lat' dir='ltr'>facit.</span> <span class='ocrx_word' id='word_1_213' title='bbox 764 1253 783 1280; x_wconf 96' lang='lat' dir='ltr'>I.</span> <span class='ocrx_word' id='word_1_214' title='bbox 803 1255 865 1288; x_wconf 75' lang='lat' dir='ltr'>Sy.</span> <span class='ocrx_word' id='word_1_215' title='bbox 888 1253 1032 1279; x_wconf 79' lang='lat' dir='ltr'>Lati-uncu-</span> 
     </span>
     <span class='ocr_line' id='line_1_27' title="bbox 188 1295 1031 1334; baseline -0.002 -11"><span class='ocrx_word' id='word_1_216' title='bbox 188 1296 238 1323; x_wconf 92' lang='lat' dir='ltr'>lus.</span> <span class='ocrx_word' id='word_1_217' title='bbox 258 1296 289 1323; x_wconf 89' lang='lat' dir='ltr'>fr.</span> <span class='ocrx_word' id='word_1_218' title='bbox 308 1299 349 1324; x_wconf 87' lang='lat'>24.</span> <span class='ocrx_word' id='word_1_219' title='bbox 370 1296 402 1323; x_wconf 87' lang='lat' dir='ltr'>de</span> <span class='ocrx_word' id='word_1_220' title='bbox 422 1298 516 1334; x_wconf 82' lang='lat' dir='ltr'>captiv.</span> <span class='ocrx_word' id='word_1_221' title='bbox 531 1298 573 1323; x_wconf 84' lang='lat'>49.</span> <span class='ocrx_word' id='word_1_222' title='bbox 588 1299 627 1323; x_wconf 97' lang='lat'>15.</span> <span class='ocrx_word' id='word_1_223' title='bbox 648 1297 679 1323; x_wconf 78' lang='lat' dir='ltr'>cf.</span> <span class='ocrx_word' id='word_1_224' title='bbox 699 1296 731 1323; x_wconf 80' lang='lat' dir='ltr'>l&#39;r.</span> <span class='ocrx_word' id='word_1_225' title='bbox 746 1299 767 1323; x_wconf 95' lang='lat' dir='ltr'>l.</span> <span class='ocrx_word' id='word_1_226' title='bbox 787 1307 827 1334; x_wconf 91' lang='lat' dir='ltr'>pr.</span> <span class='ocrx_word' id='word_1_227' title='bbox 847 1296 879 1322; x_wconf 89' lang='lat' dir='ltr'>de</span> <span class='ocrx_word' id='word_1_228' title='bbox 898 1295 974 1331; x_wconf 75' lang='lat' dir='ltr'>legat.</span> <span class='ocrx_word' id='word_1_229' title='bbox 989 1295 1031 1321; x_wconf 91' lang='grc'>111.</span> 
     </span>
     <span class='ocr_line' id='line_1_28' title="bbox 188 1337 1032 1376; baseline -0.002 -10"><span class='ocrx_word' id='word_1_230' title='bbox 188 1339 256 1372; x_wconf 85' lang='grc'>(32.)</span> <span class='ocrx_word' id='word_1_231' title='bbox 292 1340 482 1376; x_wconf 80' lang='lat' dir='ltr'>Adgressores,</span> <span class='ocrx_word' id='word_1_232' title='bbox 496 1340 612 1376; x_wconf 75' lang='lat' dir='ltr'>itemque</span> <span class='ocrx_word' id='word_1_233' title='bbox 625 1339 749 1365; x_wconf 80' lang='lat' dir='ltr'>latrones.</span> <span class='ocrx_word' id='word_1_234' title='bbox 773 1339 939 1365; x_wconf 85' lang='lat' dir='ltr'>Grassantes.</span> <span class='ocrx_word' id='word_1_235' title='bbox 960 1337 1032 1364; x_wconf 82' lang='lat' dir='ltr'>Paul.</span> 
     </span>
     <span class='ocr_line' id='line_1_29' title="bbox 188 1381 1034 1418; baseline -0.002 -9"><span class='ocrx_word' id='word_1_236' title='bbox 188 1381 221 1409; x_wconf 90' lang='lat' dir='ltr'>V.</span> <span class='ocrx_word' id='word_1_237' title='bbox 240 1384 264 1409; x_wconf 90' lang='lat'>3.</span> <span class='ocrx_word' id='word_1_238' title='bbox 285 1383 306 1417; x_wconf 91' lang='lat'>5.</span> <span class='ocrx_word' id='word_1_239' title='bbox 327 1385 350 1409; x_wconf 84' lang='lat'>4.</span> <span class='ocrx_word' id='word_1_240' title='bbox 388 1382 417 1408; x_wconf 91' lang='grc'>11,</span> <span class='ocrx_word' id='word_1_241' title='bbox 438 1384 505 1416; x_wconf 76' lang='lat'>01).</span> <span class='ocrx_word' id='word_1_242' title='bbox 530 1382 642 1414; x_wconf 82' lang='lat' dir='ltr'>Hostes,</span> <span class='ocrx_word' id='word_1_243' title='bbox 662 1384 677 1408; x_wconf 92' lang='lat' dir='ltr'>i.</span> <span class='ocrx_word' id='word_1_244' title='bbox 699 1393 719 1408; x_wconf 85' lang='lat' dir='ltr'>e.</span> <span class='ocrx_word' id='word_1_245' title='bbox 741 1383 785 1418; x_wconf 87' lang='lat' dir='ltr'>qui</span> <span class='ocrx_word' id='word_1_246' title='bbox 805 1382 896 1413; x_wconf 83' lang='lat' dir='ltr'>nobis,</span> <span class='ocrx_word' id='word_1_247' title='bbox 916 1386 959 1408; x_wconf 85' lang='lat' dir='ltr'>aut</span> <span class='ocrx_word' id='word_1_248' title='bbox 978 1382 1034 1418; x_wconf 87' lang='lat' dir='ltr'>qui-</span> 
     </span>
     <span class='ocr_line' id='line_1_30' title="bbox 188 1424 1033 1462; baseline -0.001 -11"><span class='ocrx_word' id='word_1_249' title='bbox 188 1424 238 1451; x_wconf 89' lang='lat' dir='ltr'>bus</span> <span class='ocrx_word' id='word_1_250' title='bbox 257 1434 306 1451; x_wconf 91' lang='lat' dir='ltr'>nos</span> <span class='ocrx_word' id='word_1_251' title='bbox 325 1424 432 1462; x_wconf 87' lang='lat' dir='ltr'>publice</span> <span class='ocrx_word' id='word_1_252' title='bbox 452 1425 550 1451; x_wconf 80' lang='lat' dir='ltr'>bellum</span> <span class='ocrx_word' id='word_1_253' title='bbox 574 1425 746 1452; x_wconf 84' lang='lat' dir='ltr'>decrevimus.</span> <span class='ocrx_word' id='word_1_254' title='bbox 766 1440 799 1444; x_wconf 91' lang='lat'>—</span> <span class='ocrx_word' id='word_1_255' title='bbox 822 1424 965 1457; x_wconf 86' lang='lat' dir='ltr'>Latrones,</span> <span class='ocrx_word' id='word_1_256' title='bbox 989 1429 1033 1451; x_wconf 81' lang='lat' dir='ltr'>aut</span> 
     </span>
     <span class='ocr_line' id='line_1_31' title="bbox 187 1466 1031 1504; baseline 0 -11"><span class='ocrx_word' id='word_1_257' title='bbox 187 1466 344 1504; x_wconf 76' lang='lat' dir='ltr'>praedones.</span> <span class='ocrx_word' id='word_1_258' title='bbox 364 1468 394 1494; x_wconf 81' lang='lat' dir='ltr'>fr.</span> <span class='ocrx_word' id='word_1_259' title='bbox 416 1469 473 1494; x_wconf 73' lang='lat'>118.</span> <span class='ocrx_word' id='word_1_260' title='bbox 494 1468 524 1494; x_wconf 81' lang='lat' dir='ltr'>sr.</span> <span class='ocrx_word' id='word_1_261' title='bbox 546 1470 603 1495; x_wconf 87' lang='lat'>199.</span> <span class='ocrx_word' id='word_1_262' title='bbox 623 1467 656 1494; x_wconf 85' lang='lat' dir='ltr'>de</span> <span class='ocrx_word' id='word_1_263' title='bbox 675 1467 706 1494; x_wconf 90' lang='lat' dir='ltr'>V.</span> <span class='ocrx_word' id='word_1_264' title='bbox 726 1467 754 1494; x_wconf 91' lang='lat' dir='ltr'>S.</span> <span class='ocrx_word' id='word_1_265' title='bbox 773 1470 814 1494; x_wconf 86' lang='lat'>50.</span> <span class='ocrx_word' id='word_1_266' title='bbox 836 1469 876 1494; x_wconf 93' lang='lat'>16.</span> <span class='ocrx_word' id='word_1_267' title='bbox 896 1467 927 1494; x_wconf 77' lang='lat' dir='ltr'>cf.</span> <span class='ocrx_word' id='word_1_268' title='bbox 948 1467 976 1493; x_wconf 86' lang='lat' dir='ltr'>fr.</span> <span class='ocrx_word' id='word_1_269' title='bbox 989 1470 1031 1493; x_wconf 84' lang='lat'>24.</span> 
     </span>
     <span class='ocr_line' id='line_1_32' title="bbox 189 1509 1033 1547; baseline 0 -11"><span class='ocrx_word' id='word_1_270' title='bbox 189 1509 223 1536; x_wconf 86' lang='lat' dir='ltr'>de</span> <span class='ocrx_word' id='word_1_271' title='bbox 242 1511 337 1547; x_wconf 83' lang='lat' dir='ltr'>captiv.</span> <span class='ocrx_word' id='word_1_272' title='bbox 357 1512 400 1537; x_wconf 86' lang='lat'>49.</span> <span class='ocrx_word' id='word_1_273' title='bbox 421 1513 460 1538; x_wconf 90' lang='lat'>15.</span> <span class='ocrx_word' id='word_1_274' title='bbox 498 1511 527 1537; x_wconf 90' lang='lat' dir='ltr'>In</span> <span class='ocrx_word' id='word_1_275' title='bbox 546 1510 632 1543; x_wconf 76' lang='lat' dir='ltr'>bello,</span> <span class='ocrx_word' id='word_1_276' title='bbox 652 1527 684 1530; x_wconf 97' lang='lat'><strong>—</strong></span> <span class='ocrx_word' id='word_1_277' title='bbox 703 1510 727 1537; x_wconf 86' lang='lat' dir='ltr'>A</span> <span class='ocrx_word' id='word_1_278' title='bbox 746 1510 894 1537; x_wconf 78' lang='lat' dir='ltr'>latronibus</span> <span class='ocrx_word' id='word_1_279' title='bbox 913 1510 1033 1544; x_wconf 88' lang='lat' dir='ltr'>(occidi.)</span> 
     </span>
     <span class='ocr_line' id='line_1_33' title="bbox 188 1551 1033 1591; baseline 0.001 -13"><span class='ocrx_word' id='word_1_280' title='bbox 188 1551 262 1579; x_wconf 84' lang='lat' dir='ltr'>Paul.</span> <span class='ocrx_word' id='word_1_281' title='bbox 283 1552 313 1579; x_wconf 91' lang='grc'>11.</span> <span class='ocrx_word' id='word_1_282' title='bbox 337 1554 360 1579; x_wconf 95' lang='lat'>4.</span> <span class='ocrx_word' id='word_1_283' title='bbox 385 1553 407 1586; x_wconf 93' lang='lat'>5.</span> <span class='ocrx_word' id='word_1_284' title='bbox 426 1555 450 1580; x_wconf 96' lang='lat'>3.</span> <span class='ocrx_word' id='word_1_285' title='bbox 488 1553 531 1580; x_wconf 89' lang='lat' dir='ltr'>III.</span> <span class='ocrx_word' id='word_1_286' title='bbox 552 1555 618 1581; x_wconf 78' lang='lat' dir='ltr'>Cn.</span> <span class='ocrx_word' id='word_1_287' title='bbox 643 1553 806 1589; x_wconf 59' lang='lat' dir='ltr'>Swrilcgos,</span> <span class='ocrx_word' id='word_1_288' title='bbox 826 1553 978 1591; x_wconf 80' lang='lat' dir='ltr'>plagiarios,</span> <span class='ocrx_word' id='word_1_289' title='bbox 998 1552 1033 1579; x_wconf 85' lang='lat' dir='ltr'>la-</span> 
     </span>
    </p>
   </div>
   <div class='ocr_carea' id='block_1_5' title="bbox 189 1595 1055 1633">
    <p class='ocr_par' dir='ltr' id='par_1_10' title="bbox 189 1595 1055 1633">
     <span class='ocr_line' id='line_1_34' title="bbox 189 1595 1055 1633; baseline 0.001 -12"><span class='ocrx_word' id='word_1_290' title='bbox 189 1599 288 1628; x_wconf 84' lang='lat' dir='ltr'>trones,</span> <span class='ocrx_word' id='word_1_291' title='bbox 309 1595 379 1622; x_wconf 83' lang='lat' dir='ltr'>sures</span> <span class='ocrx_word' id='word_1_292' title='bbox 399 1598 578 1633; x_wconf 75' lang='lat' dir='ltr'>(conquirere,</span> <span class='ocrx_word' id='word_1_293' title='bbox 591 1612 623 1616; x_wconf 83' lang='lat'>—</span> <span class='ocrx_word' id='word_1_294' title='bbox 637 1601 843 1633; x_wconf 81' lang='lat' dir='ltr'>reeeptoresque</span> <span class='ocrx_word' id='word_1_295' title='bbox 856 1606 945 1622; x_wconf 88' lang='lat' dir='ltr'>eorum</span> <span class='ocrx_word' id='word_1_296' title='bbox 959 1600 1033 1622; x_wconf 69' lang='lat' dir='ltr'>coer·</span> <span class='ocrx_word' id='word_1_297' title='bbox 1054 1599 1055 1603; x_wconf 76' lang='grc'>’</span> 
     </span>
    </p>
   </div>
   <div class='ocr_carea' id='block_1_6' title="bbox 188 1638 1054 2789">
    <p class='ocr_par' dir='ltr' id='par_1_11' title="bbox 188 1638 1054 2789">
     <span class='ocr_line' id='line_1_35' title="bbox 190 1638 1031 1675; baseline 0 -11"><span class='ocrx_word' id='word_1_298' title='bbox 190 1639 270 1671; x_wconf 85' lang='lat' dir='ltr'>cere.)</span> <span class='ocrx_word' id='word_1_299' title='bbox 290 1638 319 1665; x_wconf 86' lang='lat' dir='ltr'>fr.</span> <span class='ocrx_word' id='word_1_300' title='bbox 338 1641 377 1665; x_wconf 88' lang='lat'>13.</span> <span class='ocrx_word' id='word_1_301' title='bbox 397 1649 436 1675; x_wconf 90' lang='lat' dir='ltr'>pr.</span> <span class='ocrx_word' id='word_1_302' title='bbox 457 1639 489 1665; x_wconf 85' lang='lat' dir='ltr'>de</span> <span class='ocrx_word' id='word_1_303' title='bbox 509 1640 551 1666; x_wconf 80' lang='lat' dir='ltr'>off.</span> <span class='ocrx_word' id='word_1_304' title='bbox 572 1639 660 1665; x_wconf 81' lang='lat' dir='ltr'>Praes.</span> <span class='ocrx_word' id='word_1_305' title='bbox 682 1641 703 1666; x_wconf 96' lang='lat'>1.</span> <span class='ocrx_word' id='word_1_306' title='bbox 725 1641 764 1665; x_wconf 64' lang='lat'>18.</span> <span class='ocrx_word' id='word_1_307' title='bbox 802 1639 844 1665; x_wconf 86' lang='lat' dir='ltr'>De</span> <span class='ocrx_word' id='word_1_308' title='bbox 863 1640 889 1665; x_wconf 90' lang='lat' dir='ltr'>vi</span> <span class='ocrx_word' id='word_1_309' title='bbox 907 1639 1031 1671; x_wconf 86' lang='lat' dir='ltr'>hostium,</span> 
     </span>
     <span class='ocr_line' id='line_1_36' title="bbox 188 1679 1031 1719; baseline 0.002 -13"><span class='ocrx_word' id='word_1_310' title='bbox 188 1679 233 1706; x_wconf 88' lang='lat' dir='ltr'>vel</span> <span class='ocrx_word' id='word_1_311' title='bbox 251 1680 389 1713; x_wconf 80' lang='lat' dir='ltr'>latronum,</span> <span class='ocrx_word' id='word_1_312' title='bbox 408 1681 451 1707; x_wconf 71' lang='lat' dir='ltr'>vul</span> <span class='ocrx_word' id='word_1_313' title='bbox 470 1682 563 1719; x_wconf 90' lang='lat' dir='ltr'>populi</span> <span class='ocrx_word' id='word_1_314' title='bbox 582 1683 678 1715; x_wconf 78' lang='lat' dir='ltr'>(tucri,</span> <span class='ocrx_word' id='word_1_315' title='bbox 698 1682 740 1708; x_wconf 84' lang='lat' dir='ltr'>vel</span> <span class='ocrx_word' id='word_1_316' title='bbox 759 1682 871 1708; x_wconf 84' lang='lat' dir='ltr'>liberare</span> <span class='ocrx_word' id='word_1_317' title='bbox 890 1682 1031 1718; x_wconf 75' lang='lat' dir='ltr'>aliquem.)</span> 
     </span>
     <span class='ocr_line' id='line_1_37' title="bbox 189 1722 1031 1761; baseline 0.001 -12"><span class='ocrx_word' id='word_1_318' title='bbox 189 1722 220 1749; x_wconf 80' lang='lat' dir='ltr'>sr.</span> <span class='ocrx_word' id='word_1_319' title='bbox 240 1724 264 1749; x_wconf 90' lang='lat'>9.</span> <span class='ocrx_word' id='word_1_320' title='bbox 289 1724 354 1757; x_wconf 86' lang='lat'>5.1.</span> <span class='ocrx_word' id='word_1_321' title='bbox 380 1724 431 1759; x_wconf 79' lang='lat' dir='ltr'>Qu.</span> <span class='ocrx_word' id='word_1_322' title='bbox 452 1729 512 1751; x_wconf 87' lang='lat' dir='ltr'>met.</span> <span class='ocrx_word' id='word_1_323' title='bbox 537 1735 558 1751; x_wconf 96' lang='lat' dir='ltr'>c.</span> <span class='ocrx_word' id='word_1_324' title='bbox 578 1727 601 1752; x_wconf 91' lang='lat'>4.</span> <span class='ocrx_word' id='word_1_325' title='bbox 620 1727 645 1751; x_wconf 88' lang='lat'>2.</span> <span class='ocrx_word' id='word_1_326' title='bbox 665 1724 696 1751; x_wconf 80' lang='lat' dir='ltr'>cf.</span> <span class='ocrx_word' id='word_1_327' title='bbox 721 1724 752 1751; x_wconf 80' lang='lat' dir='ltr'>fr.</span> <span class='ocrx_word' id='word_1_328' title='bbox 772 1726 795 1751; x_wconf 89' lang='lat'>9.</span> <span class='ocrx_word' id='word_1_329' title='bbox 817 1735 849 1751; x_wconf 76' lang='lat' dir='ltr'>ex</span> <span class='ocrx_word' id='word_1_330' title='bbox 868 1735 910 1761; x_wconf 88' lang='lat' dir='ltr'>qu.</span> <span class='ocrx_word' id='word_1_331' title='bbox 932 1735 952 1751; x_wconf 81' lang='lat' dir='ltr'>c.</span> <span class='ocrx_word' id='word_1_332' title='bbox 973 1726 1031 1751; x_wconf 89' lang='lat' dir='ltr'>mai.</span> 
     </span>
     <span class='ocr_line' id='line_1_38' title="bbox 189 1766 1033 1801; baseline 0.002 -10"><span class='ocrx_word' id='word_1_333' title='bbox 189 1767 213 1792; x_wconf 87' lang='lat'>4.</span> <span class='ocrx_word' id='word_1_334' title='bbox 234 1767 258 1792; x_wconf 85' lang='grc'>6,</span> <span class='ocrx_word' id='word_1_335' title='bbox 277 1766 308 1792; x_wconf 76' lang='lat' dir='ltr'>fr.</span> <span class='ocrx_word' id='word_1_336' title='bbox 330 1769 369 1793; x_wconf 89' lang='lat'>15.</span> <span class='ocrx_word' id='word_1_337' title='bbox 389 1768 454 1801; x_wconf 91' lang='lat'>5.1.</span> <span class='ocrx_word' id='word_1_338' title='bbox 475 1767 507 1793; x_wconf 86' lang='lat' dir='ltr'>de</span> <span class='ocrx_word' id='word_1_339' title='bbox 525 1778 635 1794; x_wconf 84' lang='lat' dir='ltr'>manum.</span> <span class='ocrx_word' id='word_1_340' title='bbox 656 1767 726 1794; x_wconf 83' lang='lat' dir='ltr'>vind.</span> <span class='ocrx_word' id='word_1_341' title='bbox 745 1769 787 1794; x_wconf 68' lang='lat'>40.</span> <span class='ocrx_word' id='word_1_342' title='bbox 806 1770 829 1794; x_wconf 87' lang='lat'>2.</span> <span class='ocrx_word' id='word_1_343' title='bbox 867 1767 916 1794; x_wconf 80' lang='lat' dir='ltr'>Vel</span> <span class='ocrx_word' id='word_1_344' title='bbox 936 1767 968 1794; x_wconf 86' lang='lat' dir='ltr'>ab</span> <span class='ocrx_word' id='word_1_345' title='bbox 987 1767 1033 1793; x_wconf 93' lang='lat' dir='ltr'>ho-</span> 
     </span>
     <span class='ocr_line' id='line_1_39' title="bbox 189 1808 1030 1847; baseline 0.002 -13"><span class='ocrx_word' id='word_1_346' title='bbox 189 1808 276 1835; x_wconf 86' lang='lat' dir='ltr'>stibus</span> <span class='ocrx_word' id='word_1_347' title='bbox 297 1814 401 1846; x_wconf 84' lang='lat' dir='ltr'>captus,</span> <span class='ocrx_word' id='word_1_348' title='bbox 426 1815 469 1836; x_wconf 81' lang='lat' dir='ltr'>aut</span> <span class='ocrx_word' id='word_1_349' title='bbox 493 1821 506 1836; x_wconf 88' lang='lat' dir='ltr'>a</span> <span class='ocrx_word' id='word_1_350' title='bbox 525 1810 672 1837; x_wconf 82' lang='lat' dir='ltr'>latronibus</span> <span class='ocrx_word' id='word_1_351' title='bbox 692 1820 844 1847; x_wconf 81' lang='lat' dir='ltr'>oppressus.</span> <span class='ocrx_word' id='word_1_352' title='bbox 868 1810 898 1836; x_wconf 82' lang='lat' dir='ltr'>fr.</span> <span class='ocrx_word' id='word_1_353' title='bbox 917 1812 941 1836; x_wconf 83' lang='lat'>5.</span> <span class='ocrx_word' id='word_1_354' title='bbox 965 1811 987 1844; x_wconf 92' lang='lat'>5.</span> <span class='ocrx_word' id='word_1_355' title='bbox 1006 1812 1030 1836; x_wconf 89' lang='lat'>4.</span> 
     </span>
     <span class='ocr_line' id='line_1_40' title="bbox 190 1851 1030 1890; baseline 0.001 -13"><span class='ocrx_word' id='word_1_356' title='bbox 190 1851 222 1878; x_wconf 78' lang='lat' dir='ltr'>de</span> <span class='ocrx_word' id='word_1_357' title='bbox 241 1853 297 1877; x_wconf 83' lang='lat' dir='ltr'>iure</span> <span class='ocrx_word' id='word_1_358' title='bbox 316 1852 370 1878; x_wconf 91' lang='lat' dir='ltr'>dot.</span> <span class='ocrx_word' id='word_1_359' title='bbox 389 1854 430 1878; x_wconf 87' lang='lat'>23.</span> <span class='ocrx_word' id='word_1_360' title='bbox 450 1854 474 1879; x_wconf 90' lang='lat'>3.</span> <span class='ocrx_word' id='word_1_361' title='bbox 511 1853 534 1879; x_wconf 94' lang='lat' dir='ltr'><strong>A</strong></span> <span class='ocrx_word' id='word_1_362' title='bbox 553 1854 645 1890; x_wconf 87' lang='lat' dir='ltr'>piratis</span> <span class='ocrx_word' id='word_1_363' title='bbox 665 1858 709 1879; x_wconf 84' lang='lat' dir='ltr'>aut</span> <span class='ocrx_word' id='word_1_364' title='bbox 727 1853 875 1879; x_wconf 81' lang='lat' dir='ltr'>latronibus</span> <span class='ocrx_word' id='word_1_365' title='bbox 895 1854 971 1890; x_wconf 86' lang='lat' dir='ltr'>capti.</span> <span class='ocrx_word' id='word_1_366' title='bbox 999 1852 1030 1879; x_wconf 82' lang='lat' dir='ltr'>fr.</span> 
     </span>
     <span class='ocr_line' id='line_1_41' title="bbox 190 1895 1031 1933; baseline 0.001 -13"><span class='ocrx_word' id='word_1_367' title='bbox 190 1895 231 1920; x_wconf 92' lang='lat'>19.</span> <span class='ocrx_word' id='word_1_368' title='bbox 256 1895 277 1928; x_wconf 95' lang='lat'>5.</span> <span class='ocrx_word' id='word_1_369' title='bbox 298 1896 323 1921; x_wconf 85' lang='lat'>2.</span> <span class='ocrx_word' id='word_1_370' title='bbox 344 1895 376 1921; x_wconf 89' lang='lat' dir='ltr'>de</span> <span class='ocrx_word' id='word_1_371' title='bbox 401 1896 495 1932; x_wconf 80' lang='lat' dir='ltr'>captiv.</span> <span class='ocrx_word' id='word_1_372' title='bbox 516 1897 557 1922; x_wconf 88' lang='lat'>49.</span> <span class='ocrx_word' id='word_1_373' title='bbox 578 1898 617 1922; x_wconf 88' lang='lat'>15.</span> <span class='ocrx_word' id='word_1_374' title='bbox 655 1895 784 1922; x_wconf 83' lang='lat' dir='ltr'>Latrones</span> <span class='ocrx_word' id='word_1_375' title='bbox 807 1896 920 1933; x_wconf 75' lang='lat' dir='ltr'>publici,</span> <span class='ocrx_word' id='word_1_376' title='bbox 944 1895 1031 1922; x_wconf 80' lang='lat' dir='ltr'>deser-</span> 
     </span>
     <span class='ocr_line' id='line_1_42' title="bbox 190 1934 1053 1975; baseline 0.002 -13"><span class='ocrx_word' id='word_1_377' title='bbox 190 1941 322 1973; x_wconf 88' lang='lat' dir='ltr'>toresque.</span> <span class='ocrx_word' id='word_1_378' title='bbox 349 1937 399 1964; x_wconf 84' lang='lat' dir='ltr'>Th.</span> <span class='ocrx_word' id='word_1_379' title='bbox 420 1938 450 1964; x_wconf 77' lang='lat' dir='ltr'>C.</span> <span class='ocrx_word' id='word_1_380' title='bbox 471 1938 526 1964; x_wconf 79' lang='lat' dir='ltr'>Vll.</span> <span class='ocrx_word' id='word_1_381' title='bbox 549 1939 586 1965; x_wconf 77' lang='lat'>18.</span> <span class='ocrx_word' id='word_1_382' title='bbox 608 1949 628 1964; x_wconf 93' lang='lat' dir='ltr'>c.</span> <span class='ocrx_word' id='word_1_383' title='bbox 650 1940 690 1964; x_wconf 87' lang='lat'>14.</span> <span class='ocrx_word' id='word_1_384' title='bbox 710 1949 749 1975; x_wconf 93' lang='lat' dir='ltr'>pr.</span> <span class='ocrx_word' id='word_1_385' title='bbox 774 1939 806 1965; x_wconf 79' lang='lat' dir='ltr'>de</span> <span class='ocrx_word' id='word_1_386' title='bbox 825 1939 952 1965; x_wconf 77' lang='lat' dir='ltr'>desertor.</span> <span class='ocrx_word' id='word_1_387' title='bbox 983 1937 1031 1964; x_wconf 89' lang='lat' dir='ltr'>La·</span> <span class='ocrx_word' id='word_1_388' title='bbox 1052 1934 1053 1944; x_wconf 56' lang='lat'>¹</span> 
     </span>
     <span class='ocr_line' id='line_1_43' title="bbox 191 1980 1032 2013; baseline 0.001 -7"><span class='ocrx_word' id='word_1_389' title='bbox 191 1984 292 2006; x_wconf 86' lang='lat' dir='ltr'>tronem</span> <span class='ocrx_word' id='word_1_390' title='bbox 316 1980 496 2013; x_wconf 76' lang='lat' dir='ltr'>insidiantem,</span> <span class='ocrx_word' id='word_1_391' title='bbox 520 1991 544 2007; x_wconf 83' lang='lat' dir='ltr'>v.</span> <span class='ocrx_word' id='word_1_392' title='bbox 563 1980 705 2007; x_wconf 84' lang='lat' dir='ltr'>Latronem</span> <span class='ocrx_word' id='word_1_393' title='bbox 725 1981 830 2007; x_wconf 83' lang='lat' dir='ltr'>caedem</span> <span class='ocrx_word' id='word_1_394' title='bbox 849 1982 901 2008; x_wconf 88' lang='lat' dir='ltr'>sibi</span> <span class='ocrx_word' id='word_1_395' title='bbox 921 1981 1032 2008; x_wconf 74' lang='lat' dir='ltr'>inferen-</span> 
     </span>
     <span class='ocr_line' id='line_1_44' title="bbox 190 2023 1031 2060; baseline 0.001 -11"><span class='ocrx_word' id='word_1_396' title='bbox 190 2028 242 2049; x_wconf 81' lang='lat' dir='ltr'>tem</span> <span class='ocrx_word' id='word_1_397' title='bbox 261 2023 416 2056; x_wconf 77' lang='lat' dir='ltr'>(occidere.)</span> <span class='ocrx_word' id='word_1_398' title='bbox 436 2023 466 2049; x_wconf 80' lang='lat' dir='ltr'>fr.</span> <span class='ocrx_word' id='word_1_399' title='bbox 487 2025 510 2050; x_wconf 89' lang='lat'>4.</span> <span class='ocrx_word' id='word_1_400' title='bbox 531 2034 570 2060; x_wconf 90' lang='lat' dir='ltr'>pr.</span> <span class='ocrx_word' id='word_1_401' title='bbox 591 2023 623 2049; x_wconf 83' lang='lat' dir='ltr'>ad</span> <span class='ocrx_word' id='word_1_402' title='bbox 641 2023 671 2050; x_wconf 94' lang='lat' dir='ltr'>L.</span> <span class='ocrx_word' id='word_1_403' title='bbox 690 2023 759 2060; x_wconf 82' lang='lat' dir='ltr'>Aqu.</span> <span class='ocrx_word' id='word_1_404' title='bbox 774 2025 796 2050; x_wconf 89' lang='lat'>9.</span> <span class='ocrx_word' id='word_1_405' title='bbox 810 2026 833 2050; x_wconf 87' lang='lat'>2.</span> <span class='ocrx_word' id='word_1_406' title='bbox 859 2023 931 2050; x_wconf 81' lang='lat' dir='ltr'>Paul.</span> <span class='ocrx_word' id='word_1_407' title='bbox 946 2023 976 2050; x_wconf 90' lang='lat' dir='ltr'>V.</span> <span class='ocrx_word' id='word_1_408' title='bbox 989 2026 1031 2050; x_wconf 84' lang='lat'>23.</span> 
     </span>
     <span class='ocr_line' id='line_1_45' title="bbox 190 2066 1031 2102; baseline 0.001 -10"><span class='ocrx_word' id='word_1_409' title='bbox 190 2066 213 2099; x_wconf 94' lang='lat'>5.</span> <span class='ocrx_word' id='word_1_410' title='bbox 232 2067 256 2092; x_wconf 84' lang='lat'>8.</span> <span class='ocrx_word' id='word_1_411' title='bbox 297 2066 416 2102; x_wconf 77' lang='lat' dir='ltr'>Insignes</span> <span class='ocrx_word' id='word_1_412' title='bbox 441 2066 574 2098; x_wconf 80' lang='lat' dir='ltr'>latrones,</span> <span class='ocrx_word' id='word_1_413' title='bbox 599 2066 642 2093; x_wconf 78' lang='lat' dir='ltr'>vel</span> <span class='ocrx_word' id='word_1_414' title='bbox 665 2066 823 2093; x_wconf 84' lang='lat' dir='ltr'>seditionum</span> <span class='ocrx_word' id='word_1_415' title='bbox 847 2068 1031 2098; x_wconf 78' lang='lat' dir='ltr'>concitatores,</span> 
     </span>
     <span class='ocr_line' id='line_1_46' title="bbox 192 2108 1030 2147; baseline 0.002 -13"><span class='ocrx_word' id='word_1_416' title='bbox 192 2108 234 2134; x_wconf 78' lang='lat' dir='ltr'>vel</span> <span class='ocrx_word' id='word_1_417' title='bbox 252 2108 332 2135; x_wconf 84' lang='lat' dir='ltr'>duces</span> <span class='ocrx_word' id='word_1_418' title='bbox 352 2109 501 2135; x_wconf 78' lang='lat' dir='ltr'>factionum.</span> <span class='ocrx_word' id='word_1_419' title='bbox 521 2108 551 2135; x_wconf 86' lang='lat' dir='ltr'>fr.</span> <span class='ocrx_word' id='word_1_420' title='bbox 572 2111 611 2135; x_wconf 87' lang='grc'>16.</span> <span class='ocrx_word' id='word_1_421' title='bbox 632 2109 664 2136; x_wconf 84' lang='lat' dir='ltr'>de</span> <span class='ocrx_word' id='word_1_422' title='bbox 683 2120 742 2147; x_wconf 86' lang='lat' dir='ltr'>app.</span> <span class='ocrx_word' id='word_1_423' title='bbox 763 2115 788 2136; x_wconf 77' lang='lat' dir='ltr'>et</span> <span class='ocrx_word' id='word_1_424' title='bbox 807 2109 880 2136; x_wconf 85' lang='lat' dir='ltr'>relat.</span> <span class='ocrx_word' id='word_1_425' title='bbox 900 2112 941 2136; x_wconf 88' lang='lat'>49.</span> <span class='ocrx_word' id='word_1_426' title='bbox 963 2112 983 2136; x_wconf 93' lang='lat' dir='ltr'>l.</span> <span class='ocrx_word' id='word_1_427' title='bbox 999 2110 1030 2136; x_wconf 80' lang='lat' dir='ltr'>cf.</span> 
     </span>
     <span class='ocr_line' id='line_1_47' title="bbox 193 2150 1030 2189; baseline 0.002 -12"><span class='ocrx_word' id='word_1_428' title='bbox 193 2150 224 2176; x_wconf 79' lang='lat' dir='ltr'>fr.</span> <span class='ocrx_word' id='word_1_429' title='bbox 243 2152 267 2177; x_wconf 85' lang='grc'>6.</span> <span class='ocrx_word' id='word_1_430' title='bbox 293 2152 315 2185; x_wconf 97' lang='lat'>5.</span> <span class='ocrx_word' id='word_1_431' title='bbox 335 2153 358 2178; x_wconf 89' lang='grc'>9.</span> <span class='ocrx_word' id='word_1_432' title='bbox 383 2152 416 2178; x_wconf 84' lang='lat' dir='ltr'>de</span> <span class='ocrx_word' id='word_1_433' title='bbox 439 2153 537 2178; x_wconf 91' lang='lat' dir='ltr'>iniusto</span> <span class='ocrx_word' id='word_1_434' title='bbox 557 2157 626 2189; x_wconf 87' lang='lat' dir='ltr'>rupt.</span> <span class='ocrx_word' id='word_1_435' title='bbox 645 2154 686 2179; x_wconf 80' lang='grc'>28.</span> <span class='ocrx_word' id='word_1_436' title='bbox 706 2155 730 2179; x_wconf 79' lang='lat'>3.</span> <span class='ocrx_word' id='word_1_437' title='bbox 754 2152 784 2179; x_wconf 87' lang='lat' dir='ltr'>fr.</span> <span class='ocrx_word' id='word_1_438' title='bbox 804 2154 846 2179; x_wconf 71' lang='lat'>28.</span> <span class='ocrx_word' id='word_1_439' title='bbox 871 2153 969 2186; x_wconf 73' lang='lat'>5510.</span> <span class='ocrx_word' id='word_1_440' title='bbox 991 2155 1030 2179; x_wconf 88' lang='lat'>15.</span> 
     </span>
     <span class='ocr_line' id='line_1_48' title="bbox 193 2192 1032 2230; baseline 0.004 -11"><span class='ocrx_word' id='word_1_441' title='bbox 193 2192 226 2219; x_wconf 81' lang='lat' dir='ltr'>de</span> <span class='ocrx_word' id='word_1_442' title='bbox 244 2203 319 2230; x_wconf 87' lang='lat' dir='ltr'>poen.</span> <span class='ocrx_word' id='word_1_443' title='bbox 334 2196 375 2221; x_wconf 83' lang='lat'>48.</span> <span class='ocrx_word' id='word_1_444' title='bbox 391 2197 430 2221; x_wconf 88' lang='grc'>19.</span> <span class='ocrx_word' id='word_1_445' title='bbox 460 2195 609 2221; x_wconf 72' lang='lat' dir='ltr'>Periculum</span> <span class='ocrx_word' id='word_1_446' title='bbox 628 2196 668 2221; x_wconf 90' lang='lat' dir='ltr'>vis</span> <span class='ocrx_word' id='word_1_447' title='bbox 688 2197 802 2228; x_wconf 80' lang='lat' dir='ltr'>maioriS,</span> <span class='ocrx_word' id='word_1_448' title='bbox 821 2195 863 2222; x_wconf 80' lang='lat' dir='ltr'>vel</span> <span class='ocrx_word' id='word_1_449' title='bbox 879 2196 1032 2222; x_wconf 79' lang='lat' dir='ltr'>cffracturae</span> 
     </span>
     <span class='ocr_line' id='line_1_49' title="bbox 194 2235 1031 2276; baseline 0.006 -16"><span class='ocrx_word' id='word_1_450' title='bbox 194 2235 323 2262; x_wconf 89' lang='lat' dir='ltr'>latronum</span> <span class='ocrx_word' id='word_1_451' title='bbox 342 2238 507 2274; x_wconf 79' lang='lat' dir='ltr'>(praestare.)</span> <span class='ocrx_word' id='word_1_452' title='bbox 528 2238 597 2265; x_wconf 89' lang='lat' dir='ltr'>Coll.</span> <span class='ocrx_word' id='word_1_453' title='bbox 613 2237 665 2264; x_wconf 87' lang='lat' dir='ltr'>LL.</span> <span class='ocrx_word' id='word_1_454' title='bbox 680 2238 713 2265; x_wconf 80' lang='lat' dir='ltr'>M.</span> <span class='ocrx_word' id='word_1_455' title='bbox 732 2239 765 2265; x_wconf 82' lang='lat' dir='ltr'>X.</span> <span class='ocrx_word' id='word_1_456' title='bbox 786 2240 809 2265; x_wconf 90' lang='lat'>9.</span> <span class='ocrx_word' id='word_1_457' title='bbox 830 2238 859 2265; x_wconf 88' lang='lat' dir='ltr'>sr.</span> <span class='ocrx_word' id='word_1_458' title='bbox 878 2241 920 2265; x_wconf 85' lang='lat'>30.</span> <span class='ocrx_word' id='word_1_459' title='bbox 939 2250 978 2276; x_wconf 87' lang='lat' dir='ltr'>pr.</span> <span class='ocrx_word' id='word_1_460' title='bbox 999 2239 1031 2265; x_wconf 86' lang='lat' dir='ltr'>ad</span> 
     </span>
     <span class='ocr_line' id='line_1_50' title="bbox 194 2277 1031 2313; baseline 0.006 -10"><span class='ocrx_word' id='word_1_461' title='bbox 194 2277 222 2304; x_wconf 91' lang='lat' dir='ltr'>L.</span> <span class='ocrx_word' id='word_1_462' title='bbox 243 2277 312 2304; x_wconf 78' lang='lat' dir='ltr'>Falc.</span> <span class='ocrx_word' id='word_1_463' title='bbox 330 2280 371 2305; x_wconf 97' lang='grc'>35.</span> <span class='ocrx_word' id='word_1_464' title='bbox 389 2283 413 2307; x_wconf 89' lang='lat'>2.</span> <span class='ocrx_word' id='word_1_465' title='bbox 451 2281 574 2308; x_wconf 79' lang='lat' dir='ltr'>incursus</span> <span class='ocrx_word' id='word_1_466' title='bbox 594 2281 736 2313; x_wconf 84' lang='lat' dir='ltr'>latronum,</span> <span class='ocrx_word' id='word_1_467' title='bbox 761 2281 803 2307; x_wconf 77' lang='lat' dir='ltr'>vel</span> <span class='ocrx_word' id='word_1_468' title='bbox 823 2281 888 2308; x_wconf 90' lang='lat' dir='ltr'>alius</span> <span class='ocrx_word' id='word_1_469' title='bbox 908 2282 1031 2308; x_wconf 73' lang='lat' dir='ltr'>fortuitus</span> 
     </span>
     <span class='ocr_line' id='line_1_51' title="bbox 195 2323 1031 2361; baseline 0.006 -16"><span class='ocrx_word' id='word_1_470' title='bbox 195 2330 278 2346; x_wconf 86' lang='lat' dir='ltr'>casus.</span> <span class='ocrx_word' id='word_1_471' title='bbox 304 2331 324 2346; x_wconf 86' lang='lat' dir='ltr'>e.</span> <span class='ocrx_word' id='word_1_472' title='bbox 347 2323 368 2347; x_wconf 90' lang='lat'>1.</span> <span class='ocrx_word' id='word_1_473' title='bbox 392 2323 481 2360; x_wconf 80' lang='lat' dir='ltr'>depos.</span> <span class='ocrx_word' id='word_1_474' title='bbox 505 2327 529 2351; x_wconf 86' lang='lat'>4.</span> <span class='ocrx_word' id='word_1_475' title='bbox 553 2326 594 2350; x_wconf 86' lang='lat'>34.</span> <span class='ocrx_word' id='word_1_476' title='bbox 620 2324 651 2350; x_wconf 80' lang='lat' dir='ltr'>cf.</span> <span class='ocrx_word' id='word_1_477' title='bbox 679 2324 709 2350; x_wconf 83' lang='lat' dir='ltr'>fr.</span> <span class='ocrx_word' id='word_1_478' title='bbox 733 2326 757 2350; x_wconf 80' lang='lat'>3.</span> <span class='ocrx_word' id='word_1_479' title='bbox 787 2325 808 2358; x_wconf 90' lang='lat'>5.</span> <span class='ocrx_word' id='word_1_480' title='bbox 829 2326 851 2351; x_wconf 81' lang='lat'>7.</span> <span class='ocrx_word' id='word_1_481' title='bbox 876 2324 909 2351; x_wconf 90' lang='lat' dir='ltr'>de</span> <span class='ocrx_word' id='word_1_482' title='bbox 931 2324 1031 2361; x_wconf 85' lang='lat' dir='ltr'>sepulc.</span> 
     </span>
     <span class='ocr_line' id='line_1_52' title="bbox 194 2363 1033 2404; baseline 0.006 -16"><span class='ocrx_word' id='word_1_483' title='bbox 194 2363 257 2389; x_wconf 77' lang='lat' dir='ltr'>viol.</span> <span class='ocrx_word' id='word_1_484' title='bbox 277 2365 317 2389; x_wconf 87' lang='lat'>47.</span> <span class='ocrx_word' id='word_1_485' title='bbox 339 2365 378 2389; x_wconf 95' lang='lat'>12.</span> <span class='ocrx_word' id='word_1_486' title='bbox 414 2364 492 2393; x_wconf 84' lang='lat' dir='ltr'>Latro</span> <span class='ocrx_word' id='word_1_487' title='bbox 512 2367 610 2404; x_wconf 82' lang='lat' dir='ltr'>spolia,</span> <span class='ocrx_word' id='word_1_488' title='bbox 635 2377 700 2403; x_wconf 83' lang='lat' dir='ltr'>quae</span> <span class='ocrx_word' id='word_1_489' title='bbox 719 2367 782 2393; x_wconf 88' lang='lat' dir='ltr'>mihi</span> <span class='ocrx_word' id='word_1_490' title='bbox 801 2367 923 2400; x_wconf 86' lang='lat' dir='ltr'>abstulit,</span> <span class='ocrx_word' id='word_1_491' title='bbox 942 2368 1033 2404; x_wconf 84' lang='lat' dir='ltr'>posuit</span> 
     </span>
     <span class='ocr_line' id='line_1_53' title="bbox 196 2405 789 2447; baseline 0.01 -16"><span class='ocrx_word' id='word_1_492' title='bbox 196 2405 265 2442; x_wconf 84' lang='lat' dir='ltr'>apud</span> <span class='ocrx_word' id='word_1_493' title='bbox 285 2406 382 2432; x_wconf 85' lang='lat' dir='ltr'>Seium.</span> <span class='ocrx_word' id='word_1_494' title='bbox 402 2406 430 2433; x_wconf 83' lang='lat' dir='ltr'>fr.</span> <span class='ocrx_word' id='word_1_495' title='bbox 449 2410 490 2435; x_wconf 87' lang='lat'>31.</span> <span class='ocrx_word' id='word_1_496' title='bbox 509 2410 530 2443; x_wconf 97' lang='lat'>5.</span> <span class='ocrx_word' id='word_1_497' title='bbox 551 2412 573 2436; x_wconf 96' lang='lat' dir='ltr'>l.</span> <span class='ocrx_word' id='word_1_498' title='bbox 594 2410 685 2447; x_wconf 85' lang='lat' dir='ltr'>depos.</span> <span class='ocrx_word' id='word_1_499' title='bbox 708 2411 746 2436; x_wconf 90' lang='lat'>16.</span> <span class='ocrx_word' id='word_1_500' title='bbox 765 2412 789 2436; x_wconf 93' lang='lat'>3.</span> 
     </span>
     <span class='ocr_line' id='line_1_54' title="bbox 234 2449 1054 2487; baseline 0.006 -13"><span class='ocrx_word' id='word_1_501' title='bbox 234 2449 486 2477; x_wconf 74' lang='lat' dir='ltr'>Latrocinari.</span> <span class='ocrx_word' id='word_1_502' title='bbox 510 2454 736 2480; x_wconf 74' lang='lat' dir='ltr'>Latrocinium</span> <span class='ocrx_word' id='word_1_503' title='bbox 753 2463 906 2479; x_wconf 66' lang='lat' dir='ltr'>exercere.</span> <span class='ocrx_word' id='word_1_504' title='bbox 930 2452 949 2478; x_wconf 92' lang='lat' dir='ltr'>I.</span> <span class='ocrx_word' id='word_1_505' title='bbox 970 2454 1031 2487; x_wconf 77' lang='lat' dir='ltr'>Sy.</span> <span class='ocrx_word' id='word_1_506' title='bbox 1052 2459 1054 2482; x_wconf 61' lang='lat'>¹.</span> 
     </span>
     <span class='ocr_line' id='line_1_55' title="bbox 195 2491 1031 2533; baseline 0.005 -15"><span class='ocrx_word' id='word_1_507' title='bbox 195 2491 275 2518; x_wconf 81' lang='lat' dir='ltr'>Latro</span> <span class='ocrx_word' id='word_1_508' title='bbox 299 2491 434 2518; x_wconf 88' lang='lat' dir='ltr'>insidians.</span> <span class='ocrx_word' id='word_1_509' title='bbox 462 2492 639 2522; x_wconf 81' lang='lat' dir='ltr'>Latrociuans.</span> <span class='ocrx_word' id='word_1_510' title='bbox 664 2496 694 2523; x_wconf 84' lang='lat' dir='ltr'>fr.</span> <span class='ocrx_word' id='word_1_511' title='bbox 713 2499 737 2522; x_wconf 84' lang='grc'>4.</span> <span class='ocrx_word' id='word_1_512' title='bbox 757 2506 796 2533; x_wconf 85' lang='lat' dir='ltr'>pr.</span> <span class='ocrx_word' id='word_1_513' title='bbox 821 2495 853 2522; x_wconf 84' lang='lat' dir='ltr'>ad</span> <span class='ocrx_word' id='word_1_514' title='bbox 870 2494 900 2522; x_wconf 91' lang='lat' dir='ltr'>L.</span> <span class='ocrx_word' id='word_1_515' title='bbox 920 2495 988 2532; x_wconf 88' lang='lat' dir='ltr'>Aqu.</span> <span class='ocrx_word' id='word_1_516' title='bbox 1008 2497 1031 2522; x_wconf 88' lang='lat'>9.</span> 
     </span>
     <span class='ocr_line' id='line_1_56' title="bbox 195 2534 756 2565; baseline 0.009 -5"><span class='ocrx_word' id='word_1_517' title='bbox 195 2537 220 2560; x_wconf 82' lang='lat'>2.</span> <span class='ocrx_word' id='word_1_518' title='bbox 241 2545 262 2560; x_wconf 87' lang='lat' dir='ltr'>c.</span> <span class='ocrx_word' id='word_1_519' title='bbox 282 2536 305 2560; x_wconf 83' lang='lat'>4.</span> <span class='ocrx_word' id='word_1_520' title='bbox 327 2534 358 2560; x_wconf 83' lang='lat' dir='ltr'>ad</span> <span class='ocrx_word' id='word_1_521' title='bbox 377 2534 406 2560; x_wconf 89' lang='lat' dir='ltr'>L.</span> <span class='ocrx_word' id='word_1_522' title='bbox 427 2534 508 2562; x_wconf 81' lang='lat' dir='ltr'>Corn.</span> <span class='ocrx_word' id='word_1_523' title='bbox 528 2536 560 2563; x_wconf 83' lang='lat' dir='ltr'>de</span> <span class='ocrx_word' id='word_1_524' title='bbox 579 2539 653 2565; x_wconf 83' lang='lat' dir='ltr'>sicar.</span> <span class='ocrx_word' id='word_1_525' title='bbox 672 2541 695 2565; x_wconf 91' lang='lat'>9.</span> <span class='ocrx_word' id='word_1_526' title='bbox 717 2540 756 2565; x_wconf 81' lang='grc'>16.</span> 
     </span>
     <span class='ocr_line' id='line_1_57' title="bbox 234 2578 1032 2615; baseline 0.008 -13"><span class='ocrx_word' id='word_1_527' title='bbox 234 2578 505 2605; x_wconf 74' lang='lat' dir='ltr'>Latrocinium.</span> <span class='ocrx_word' id='word_1_528' title='bbox 543 2580 573 2611; x_wconf 82' lang='lat'>§.</span> <span class='ocrx_word' id='word_1_529' title='bbox 589 2582 624 2607; x_wconf 86' lang='grc'>1.</span> <span class='ocrx_word' id='word_1_530' title='bbox 643 2583 822 2608; x_wconf 71' lang='lat' dir='ltr'>Lateranum</span> <span class='ocrx_word' id='word_1_531' title='bbox 844 2584 898 2608; x_wconf 74' lang='lat' dir='ltr'>vis.</span> <span class='ocrx_word' id='word_1_532' title='bbox 935 2581 953 2607; x_wconf 95' lang='grc'>1.</span> <span class='ocrx_word' id='word_1_533' title='bbox 971 2582 1032 2615; x_wconf 76' lang='lat' dir='ltr'>Sy.</span> 
     </span>
     <span class='ocr_line' id='line_1_58' title="bbox 197 2619 1033 2660; baseline 0.005 -14"><span class='ocrx_word' id='word_1_534' title='bbox 197 2620 320 2646; x_wconf 82' lang='lat' dir='ltr'>Incursus</span> <span class='ocrx_word' id='word_1_535' title='bbox 346 2619 482 2647; x_wconf 88' lang='lat' dir='ltr'>latronum.</span> <span class='ocrx_word' id='word_1_536' title='bbox 509 2631 529 2647; x_wconf 92' lang='lat' dir='ltr'>c.</span> <span class='ocrx_word' id='word_1_537' title='bbox 551 2623 572 2647; x_wconf 95' lang='lat'>1.</span> <span class='ocrx_word' id='word_1_538' title='bbox 599 2622 687 2660; x_wconf 83' lang='lat' dir='ltr'>depos.</span> <span class='ocrx_word' id='word_1_539' title='bbox 712 2626 736 2651; x_wconf 84' lang='lat'>4.</span> <span class='ocrx_word' id='word_1_540' title='bbox 760 2626 801 2651; x_wconf 86' lang='lat'>34.</span> <span class='ocrx_word' id='word_1_541' title='bbox 839 2623 882 2650; x_wconf 89' lang='grc'>111.</span> <span class='ocrx_word' id='word_1_542' title='bbox 903 2625 963 2652; x_wconf 74' lang='lat' dir='ltr'>Gn.</span> <span class='ocrx_word' id='word_1_543' title='bbox 992 2624 1033 2650; x_wconf 81' lang='lat' dir='ltr'>Ex</span> 
     </span>
     <span class='ocr_line' id='line_1_59' title="bbox 198 2662 1033 2702; baseline 0.007 -14"><span class='ocrx_word' id='word_1_544' title='bbox 198 2662 333 2700; x_wconf 86' lang='lat' dir='ltr'>peculatu,</span> <span class='ocrx_word' id='word_1_545' title='bbox 352 2663 395 2688; x_wconf 79' lang='lat' dir='ltr'>vel</span> <span class='ocrx_word' id='word_1_546' title='bbox 415 2674 446 2690; x_wconf 86' lang='lat' dir='ltr'>ex</span> <span class='ocrx_word' id='word_1_547' title='bbox 465 2663 602 2700; x_wconf 82' lang='lat' dir='ltr'>sacrilegio</span> <span class='ocrx_word' id='word_1_548' title='bbox 622 2665 792 2702; x_wconf 77' lang='lat' dir='ltr'>adquisitum,</span> <span class='ocrx_word' id='word_1_549' title='bbox 812 2667 854 2694; x_wconf 90' lang='lat' dir='ltr'>vel</span> <span class='ocrx_word' id='word_1_550' title='bbox 874 2668 912 2699; x_wconf 87' lang='lat' dir='ltr'>vi,</span> <span class='ocrx_word' id='word_1_551' title='bbox 936 2672 979 2693; x_wconf 83' lang='lat' dir='ltr'>aut</span> <span class='ocrx_word' id='word_1_552' title='bbox 998 2667 1033 2693; x_wconf 80' lang='lat' dir='ltr'>la-</span> 
     </span>
     <span class='ocr_line' id='line_1_60' title="bbox 198 2705 1031 2748; baseline 0.007 -16"><span class='ocrx_word' id='word_1_553' title='bbox 198 2707 323 2735; x_wconf 80' lang='lat' dir='ltr'>troeinio,</span> <span class='ocrx_word' id='word_1_554' title='bbox 348 2710 391 2731; x_wconf 86' lang='lat' dir='ltr'>aut</span> <span class='ocrx_word' id='word_1_555' title='bbox 415 2705 576 2741; x_wconf 80' lang='lat' dir='ltr'>adgressura.</span> <span class='ocrx_word' id='word_1_556' title='bbox 606 2707 636 2734; x_wconf 80' lang='lat' dir='ltr'>sr.</span> <span class='ocrx_word' id='word_1_557' title='bbox 656 2711 678 2734; x_wconf 80' lang='lat'>4.</span> <span class='ocrx_word' id='word_1_558' title='bbox 703 2711 724 2743; x_wconf 92' lang='lat'>5.</span> <span class='ocrx_word' id='word_1_559' title='bbox 743 2713 766 2737; x_wconf 84' lang='lat'>2.</span> <span class='ocrx_word' id='word_1_560' title='bbox 791 2722 840 2748; x_wconf 88' lang='lat' dir='ltr'>pro</span> <span class='ocrx_word' id='word_1_561' title='bbox 864 2722 917 2738; x_wconf 84' lang='lat' dir='ltr'>soc.</span> <span class='ocrx_word' id='word_1_562' title='bbox 944 2713 983 2738; x_wconf 90' lang='lat'>17.</span> <span class='ocrx_word' id='word_1_563' title='bbox 1007 2714 1031 2738; x_wconf 84' lang='grc'>2.</span> 
     </span>
     <span class='ocr_line' id='line_1_61' title="bbox 199 2747 1032 2789; baseline 0.01 -15"><span class='ocrx_word' id='word_1_564' title='bbox 199 2747 377 2775; x_wconf 88' lang='lat' dir='ltr'>Latrocinium</span> <span class='ocrx_word' id='word_1_565' title='bbox 397 2748 494 2781; x_wconf 80' lang='lat' dir='ltr'>facere,</span> <span class='ocrx_word' id='word_1_566' title='bbox 518 2749 622 2776; x_wconf 82' lang='lat' dir='ltr'>aliudve</span> <span class='ocrx_word' id='word_1_567' title='bbox 642 2752 712 2786; x_wconf 87' lang='lat' dir='ltr'>quod</span> <span class='ocrx_word' id='word_1_568' title='bbox 730 2752 837 2781; x_wconf 82' lang='lat' dir='ltr'>facinus.</span> <span class='ocrx_word' id='word_1_569' title='bbox 857 2754 887 2781; x_wconf 79' lang='lat' dir='ltr'>fr.</span> <span class='ocrx_word' id='word_1_570' title='bbox 906 2757 949 2781; x_wconf 85' lang='lat'>27.</span> <span class='ocrx_word' id='word_1_571' title='bbox 967 2756 988 2789; x_wconf 87' lang='lat'>5.</span> <span class='ocrx_word' id='word_1_572' title='bbox 1008 2757 1032 2781; x_wconf 80' lang='grc'>2.</span> 
     </span>
    </p>
   </div>
   <div class='ocr_carea' id='block_1_7' title="bbox 1051 230 1059 2836">
    <p class='ocr_par' dir='ltr' id='par_1_12' title="bbox 1051 230 1059 2836">
     <span class='ocr_line' id='line_1_62' title="bbox 1051 230 1059 2836; baseline 0 0"><span class='ocrx_word' id='word_1_573' title='bbox 1051 230 1059 2836; x_wconf 95' lang='lat' dir='ltr'> </span> 
     </span>
    </p>
   </div>
   <div class='ocr_carea' id='block_1_8' title="bbox 199 2790 1032 2828">
    <p class='ocr_par' dir='ltr' id='par_1_13' title="bbox 199 2790 1032 2828">
     <span class='ocr_line' id='line_1_63' title="bbox 199 2790 1032 2828; baseline 0.01 -11"><span class='ocrx_word' id='word_1_574' title='bbox 199 2790 232 2817; x_wconf 84' lang='lat' dir='ltr'>de</span> <span class='ocrx_word' id='word_1_575' title='bbox 254 2802 330 2828; x_wconf 89' lang='lat' dir='ltr'>poen.</span> <span class='ocrx_word' id='word_1_576' title='bbox 355 2794 396 2818; x_wconf 63' lang='lat'>45.</span> <span class='ocrx_word' id='word_1_577' title='bbox 421 2793 461 2818; x_wconf 88' lang='lat'>19.</span> <span class='ocrx_word' id='word_1_578' title='bbox 498 2792 547 2819; x_wconf 85' lang='lat' dir='ltr'>Th.</span> <span class='ocrx_word' id='word_1_579' title='bbox 573 2793 603 2820; x_wconf 87' lang='lat' dir='ltr'>C.</span> <span class='ocrx_word' id='word_1_580' title='bbox 629 2793 672 2820; x_wconf 81' lang='lat' dir='ltr'>IX.</span> <span class='ocrx_word' id='word_1_581' title='bbox 697 2796 721 2820; x_wconf 84' lang='lat'>2.</span> <span class='ocrx_word' id='word_1_582' title='bbox 750 2805 771 2822; x_wconf 87' lang='lat' dir='ltr'>c.</span> <span class='ocrx_word' id='word_1_583' title='bbox 794 2799 818 2823; x_wconf 83' lang='lat'>5.</span> <span class='ocrx_word' id='word_1_584' title='bbox 846 2797 878 2823; x_wconf 80' lang='lat' dir='ltr'>de</span> <span class='ocrx_word' id='word_1_585' title='bbox 902 2798 988 2825; x_wconf 81' lang='lat' dir='ltr'>exhib.</span> <span class='ocrx_word' id='word_1_586' title='bbox 1008 2808 1032 2824; x_wconf 88' lang='lat' dir='ltr'>v.</span> 
     </span>
    </p>
   </div>
   <div class='ocr_carea' id='block_1_9' title="bbox 1857 152 1920 181">
    <p class='ocr_par' dir='ltr' id='par_1_14' title="bbox 1857 152 1920 181">
     <span class='ocr_line' id='line_1_64' title="bbox 1857 152 1920 181; baseline 0 0"><span class='ocrx_word' id='word_1_587' title='bbox 1857 152 1920 181; x_wconf 87' lang='lat'>529</span> 
     </span>
    </p>
   </div>
   <div class='ocr_carea' id='block_1_10' title="bbox 1074 230 1935 2789">
    <p class='ocr_par' dir='ltr' id='par_1_15' title="bbox 1076 230 1919 352">
     <span class='ocr_line' id='line_1_65' title="bbox 1078 230 1919 264; baseline -0.004 -8"><span class='ocrx_word' id='word_1_588' title='bbox 1078 235 1183 256; x_wconf 79' lang='lat' dir='ltr'>transm.</span> <span class='ocrx_word' id='word_1_589' title='bbox 1204 245 1236 250; x_wconf 90' lang='lat'>—</span> <span class='ocrx_word' id='word_1_590' title='bbox 1261 230 1292 263; x_wconf 82' lang='lat'>§.</span> <span class='ocrx_word' id='word_1_591' title='bbox 1313 231 1348 256; x_wconf 72' lang='lat'>2.</span> <span class='ocrx_word' id='word_1_592' title='bbox 1381 231 1608 264; x_wconf 77' lang='lat' dir='ltr'>Depraedaaeio</span> <span class='ocrx_word' id='word_1_593' title='bbox 1639 231 1814 263; x_wconf 74' lang='lat' dir='ltr'>quaelibet,</span> <span class='ocrx_word' id='word_1_594' title='bbox 1839 233 1919 258; x_wconf 80' lang='lat' dir='ltr'>Con-</span> 
     </span>
     <span class='ocr_line' id='line_1_66' title="bbox 1076 272 1919 309; baseline 0.001 -10"><span class='ocrx_word' id='word_1_595' title='bbox 1076 275 1242 299; x_wconf 72' lang='lat' dir='ltr'>cassionis</span> <span class='ocrx_word' id='word_1_596' title='bbox 1261 275 1387 299; x_wconf 79' lang='lat' dir='ltr'>crimen.</span> <span class='ocrx_word' id='word_1_597' title='bbox 1426 272 1446 298; x_wconf 85' lang='grc'>1.</span> <span class='ocrx_word' id='word_1_598' title='bbox 1466 274 1528 307; x_wconf 73' lang='lat' dir='ltr'>Sy.</span> <span class='ocrx_word' id='word_1_599' title='bbox 1553 272 1738 309; x_wconf 76' lang='lat' dir='ltr'>Depraedatio.</span> <span class='ocrx_word' id='word_1_600' title='bbox 1759 272 1919 300; x_wconf 75' lang='lat' dir='ltr'>intolerandi</span> 
     </span>
     <span class='ocr_line' id='line_1_67' title="bbox 1078 314 1867 352; baseline 0 -10"><span class='ocrx_word' id='word_1_601' title='bbox 1078 316 1190 352; x_wconf 78' lang='lat' dir='ltr'>impetus</span> <span class='ocrx_word' id='word_1_602' title='bbox 1209 314 1369 342; x_wconf 82' lang='lat' dir='ltr'>officialium.</span> <span class='ocrx_word' id='word_1_603' title='bbox 1389 315 1425 341; x_wconf 95' lang='lat' dir='ltr'>lb.</span> <span class='ocrx_word' id='word_1_604' title='bbox 1446 315 1463 341; x_wconf 96' lang='grc'>1.</span> <span class='ocrx_word' id='word_1_605' title='bbox 1485 317 1508 341; x_wconf 92' lang='lat'>7.</span> <span class='ocrx_word' id='word_1_606' title='bbox 1529 326 1550 341; x_wconf 91' lang='lat' dir='ltr'>c.</span> <span class='ocrx_word' id='word_1_607' title='bbox 1572 317 1594 341; x_wconf 91' lang='lat'>1.</span> <span class='ocrx_word' id='word_1_608' title='bbox 1614 314 1646 341; x_wconf 88' lang='lat' dir='ltr'>de</span> <span class='ocrx_word' id='word_1_609' title='bbox 1667 315 1710 341; x_wconf 74' lang='lat' dir='ltr'>oss.</span> <span class='ocrx_word' id='word_1_610' title='bbox 1730 314 1803 342; x_wconf 77' lang='lat' dir='ltr'>Rect.</span> <span class='ocrx_word' id='word_1_611' title='bbox 1824 316 1867 342; x_wconf 90' lang='lat' dir='ltr'>Pr.</span> 
     </span>
    </p>

    <p class='ocr_par' dir='ltr' id='par_1_16' title="bbox 1074 359 1918 647">
     <span class='ocr_line' id='line_1_68' title="bbox 1112 359 1918 386; baseline 0.002 -2"><span class='ocrx_word' id='word_1_612' title='bbox 1112 359 1422 385; x_wconf 71' lang='lat' dir='ltr'>Latrunculator.</span> <span class='ocrx_word' id='word_1_613' title='bbox 1467 359 1749 385; x_wconf 80' lang='lat' dir='ltr'>Latrunculorum</span> <span class='ocrx_word' id='word_1_614' title='bbox 1783 361 1918 386; x_wconf 68' lang='lat' dir='ltr'>investi-</span> 
     </span>
     <span class='ocr_line' id='line_1_69' title="bbox 1074 402 1916 435; baseline 0.001 -8"><span class='ocrx_word' id='word_1_615' title='bbox 1074 407 1190 435; x_wconf 75' lang='lat' dir='ltr'>gator,</span> <span class='ocrx_word' id='word_1_616' title='bbox 1226 404 1258 431; x_wconf 81' lang='lat' dir='ltr'>(a</span> <span class='ocrx_word' id='word_1_617' title='bbox 1286 402 1442 434; x_wconf 76' lang='lat' dir='ltr'>Principe</span> <span class='ocrx_word' id='word_1_618' title='bbox 1474 403 1506 427; x_wconf 83' lang='lat' dir='ltr'>in</span> <span class='ocrx_word' id='word_1_619' title='bbox 1532 403 1740 434; x_wconf 78' lang='lat' dir='ltr'>provinciam</span> <span class='ocrx_word' id='word_1_620' title='bbox 1772 404 1916 432; x_wconf 73' lang='lat' dir='ltr'>missus.)</span> 
     </span>
     <span class='ocr_line' id='line_1_70' title="bbox 1076 443 1918 479; baseline 0.002 -10"><span class='ocrx_word' id='word_1_621' title='bbox 1076 443 1119 469; x_wconf 87' lang='lat' dir='ltr'>Ill.</span> <span class='ocrx_word' id='word_1_622' title='bbox 1135 445 1200 470; x_wconf 71' lang='lat' dir='ltr'>On.</span> <span class='ocrx_word' id='word_1_623' title='bbox 1220 443 1314 479; x_wconf 80' lang='lat' dir='ltr'>Neque</span> <span class='ocrx_word' id='word_1_624' title='bbox 1329 459 1358 463; x_wconf 92' lang='lat'>—-</span> <span class='ocrx_word' id='word_1_625' title='bbox 1373 443 1568 478; x_wconf 69' lang='lat' dir='ltr'>magistratibus</span> <span class='ocrx_word' id='word_1_626' title='bbox 1586 443 1677 470; x_wconf 81' lang='lat' dir='ltr'>licebit</span> <span class='ocrx_word' id='word_1_627' title='bbox 1690 444 1918 474; x_wconf 70' lang='lat' dir='ltr'>latrunculatores.</span> 
     </span>
     <span class='ocr_line' id='line_1_71' title="bbox 1077 485 1918 522; baseline 0.002 -11"><span class='ocrx_word' id='word_1_628' title='bbox 1077 485 1119 511; x_wconf 88' lang='lat' dir='ltr'>vel</span> <span class='ocrx_word' id='word_1_629' title='bbox 1139 485 1296 522; x_wconf 76' lang='lat' dir='ltr'>biocolytas,</span> <span class='ocrx_word' id='word_1_630' title='bbox 1315 485 1358 512; x_wconf 82' lang='lat' dir='ltr'>vel</span> <span class='ocrx_word' id='word_1_631' title='bbox 1376 485 1549 522; x_wconf 84' lang='lat' dir='ltr'>aphoplistas,</span> <span class='ocrx_word' id='word_1_632' title='bbox 1568 486 1611 513; x_wconf 78' lang='lat' dir='ltr'>vel</span> <span class='ocrx_word' id='word_1_633' title='bbox 1630 488 1694 513; x_wconf 80' lang='lat' dir='ltr'>aiios</span> <span class='ocrx_word' id='word_1_634' title='bbox 1715 487 1814 514; x_wconf 74' lang='lat' dir='ltr'>similos</span> <span class='ocrx_word' id='word_1_635' title='bbox 1835 489 1872 513; x_wconf 81' lang='lat' dir='ltr'>eis</span> <span class='ocrx_word' id='word_1_636' title='bbox 1893 489 1918 513; x_wconf 91' lang='lat' dir='ltr'>in</span> 
     </span>
     <span class='ocr_line' id='line_1_72' title="bbox 1077 527 1918 565; baseline 0.002 -11"><span class='ocrx_word' id='word_1_637' title='bbox 1077 529 1227 565; x_wconf 87' lang='lat' dir='ltr'>provincias</span> <span class='ocrx_word' id='word_1_638' title='bbox 1247 530 1358 555; x_wconf 85' lang='lat' dir='ltr'>mittere.</span> <span class='ocrx_word' id='word_1_639' title='bbox 1378 527 1425 554; x_wconf 89' lang='lat' dir='ltr'>Iul.</span> <span class='ocrx_word' id='word_1_640' title='bbox 1446 539 1486 565; x_wconf 79' lang='lat' dir='ltr'>cp.</span> <span class='ocrx_word' id='word_1_641' title='bbox 1507 539 1566 555; x_wconf 86' lang='lat' dir='ltr'>noV.</span> <span class='ocrx_word' id='word_1_642' title='bbox 1588 540 1608 556; x_wconf 88' lang='lat' dir='ltr'>c.</span> <span class='ocrx_word' id='word_1_643' title='bbox 1631 532 1670 556; x_wconf 82' lang='lat'>15.</span> <span class='ocrx_word' id='word_1_644' title='bbox 1690 530 1712 563; x_wconf 95' lang='lat'>5.</span> <span class='ocrx_word' id='word_1_645' title='bbox 1732 532 1772 556; x_wconf 87' lang='grc'>60.</span> <span class='ocrx_word' id='word_1_646' title='bbox 1810 529 1918 556; x_wconf 84' lang='lat' dir='ltr'>Latrun-</span> 
     </span>
     <span class='ocr_line' id='line_1_73' title="bbox 1077 571 1917 609; baseline 0.002 -12"><span class='ocrx_word' id='word_1_647' title='bbox 1077 571 1177 598; x_wconf 82' lang='lat' dir='ltr'>culator</span> <span class='ocrx_word' id='word_1_648' title='bbox 1202 572 1234 598; x_wconf 74' lang='lat' dir='ltr'>de</span> <span class='ocrx_word' id='word_1_649' title='bbox 1257 582 1285 598; x_wconf 86' lang='lat' dir='ltr'>rc</span> <span class='ocrx_word' id='word_1_650' title='bbox 1309 572 1458 608; x_wconf 87' lang='lat' dir='ltr'>pecuniaria</span> <span class='ocrx_word' id='word_1_651' title='bbox 1482 571 1596 598; x_wconf 81' lang='lat' dir='ltr'>iudicare</span> <span class='ocrx_word' id='word_1_652' title='bbox 1621 582 1673 598; x_wconf 89' lang='lat' dir='ltr'>non</span> <span class='ocrx_word' id='word_1_653' title='bbox 1700 577 1796 609; x_wconf 85' lang='lat' dir='ltr'>potest.</span> <span class='ocrx_word' id='word_1_654' title='bbox 1825 573 1854 599; x_wconf 79' lang='lat' dir='ltr'>fr.</span> <span class='ocrx_word' id='word_1_655' title='bbox 1876 575 1917 599; x_wconf 84' lang='lat'>61.</span> 
     </span>
     <span class='ocr_line' id='line_1_74' title="bbox 1076 614 1379 647; baseline 0 -7"><span class='ocrx_word' id='word_1_656' title='bbox 1076 614 1097 647; x_wconf 88' lang='lat'>5.</span> <span class='ocrx_word' id='word_1_657' title='bbox 1120 616 1142 640; x_wconf 93' lang='lat'>1.</span> <span class='ocrx_word' id='word_1_658' title='bbox 1162 614 1194 640; x_wconf 87' lang='lat' dir='ltr'>de</span> <span class='ocrx_word' id='word_1_659' title='bbox 1214 614 1291 640; x_wconf 87' lang='lat' dir='ltr'>indic.</span> <span class='ocrx_word' id='word_1_660' title='bbox 1311 617 1336 641; x_wconf 85' lang='lat'>5.</span> <span class='ocrx_word' id='word_1_661' title='bbox 1356 616 1379 640; x_wconf 91' lang='lat' dir='ltr'>l.</span> 
     </span>
    </p>

    <p class='ocr_par' dir='ltr' id='par_1_17' title="bbox 1077 656 1919 904">
     <span class='ocr_line' id='line_1_75' title="bbox 1112 656 1917 691; baseline 0.002 -8"><span class='ocrx_word' id='word_1_662' title='bbox 1112 658 1380 684; x_wconf 76' lang='lat' dir='ltr'>Latruneulus.</span> <span class='ocrx_word' id='word_1_663' title='bbox 1418 658 1528 684; x_wconf 81' lang='lat' dir='ltr'>Latro.</span> <span class='ocrx_word' id='word_1_664' title='bbox 1565 656 1583 683; x_wconf 89' lang='lat' dir='ltr'>I.</span> <span class='ocrx_word' id='word_1_665' title='bbox 1604 658 1665 691; x_wconf 79' lang='lat' dir='ltr'>Sy.</span> <span class='ocrx_word' id='word_1_666' title='bbox 1685 657 1773 685; x_wconf 79' lang='lat' dir='ltr'>Latro.</span> <span class='ocrx_word' id='word_1_667' title='bbox 1794 658 1835 685; x_wconf 86' lang='lat' dir='ltr'>Cf.</span> <span class='ocrx_word' id='word_1_668' title='bbox 1854 659 1879 685; x_wconf 86' lang='lat' dir='ltr'>h.</span> <span class='ocrx_word' id='word_1_669' title='bbox 1894 670 1917 686; x_wconf 91' lang='lat' dir='ltr'>v.</span> 
     </span>
     <span class='ocr_line' id='line_1_76' title="bbox 1077 699 1917 737; baseline 0.004 -12"><span class='ocrx_word' id='word_1_670' title='bbox 1077 699 1118 726; x_wconf 88' lang='grc'>111,</span> <span class='ocrx_word' id='word_1_671' title='bbox 1136 701 1201 727; x_wconf 74' lang='lat' dir='ltr'>Cn.</span> <span class='ocrx_word' id='word_1_672' title='bbox 1222 699 1351 737; x_wconf 86' lang='lat' dir='ltr'>Captivus</span> <span class='ocrx_word' id='word_1_673' title='bbox 1371 700 1413 731; x_wconf 80' lang='lat' dir='ltr'>sit.</span> <span class='ocrx_word' id='word_1_674' title='bbox 1433 710 1465 726; x_wconf 84' lang='lat' dir='ltr'>an</span> <span class='ocrx_word' id='word_1_675' title='bbox 1485 710 1498 725; x_wconf 90' lang='lat' dir='ltr'>a</span> <span class='ocrx_word' id='word_1_676' title='bbox 1517 699 1673 726; x_wconf 78' lang='lat' dir='ltr'>latrunculis</span> <span class='ocrx_word' id='word_1_677' title='bbox 1693 700 1827 728; x_wconf 83' lang='lat' dir='ltr'>obsessus.</span> <span class='ocrx_word' id='word_1_678' title='bbox 1849 701 1879 728; x_wconf 79' lang='lat' dir='ltr'>fr.</span> <span class='ocrx_word' id='word_1_679' title='bbox 1896 704 1917 727; x_wconf 95' lang='lat' dir='ltr'>l.</span> 
     </span>
     <span class='ocr_line' id='line_1_77' title="bbox 1077 742 1918 781; baseline 0.002 -13"><span class='ocrx_word' id='word_1_680' title='bbox 1077 753 1114 779; x_wconf 89' lang='lat' dir='ltr'>pr.</span> <span class='ocrx_word' id='word_1_681' title='bbox 1140 742 1172 769; x_wconf 83' lang='lat' dir='ltr'>de</span> <span class='ocrx_word' id='word_1_682' title='bbox 1197 742 1271 779; x_wconf 74' lang='lat' dir='ltr'>legat.</span> <span class='ocrx_word' id='word_1_683' title='bbox 1296 743 1338 769; x_wconf 88' lang='grc'>111.</span> <span class='ocrx_word' id='word_1_684' title='bbox 1363 743 1439 776; x_wconf 84' lang='grc'>(32.)</span> <span class='ocrx_word' id='word_1_685' title='bbox 1476 742 1500 769; x_wconf 94' lang='grc' dir='ltr'><strong>Α</strong></span> <span class='ocrx_word' id='word_1_686' title='bbox 1524 742 1680 769; x_wconf 80' lang='lat' dir='ltr'>latrunculis</span> <span class='ocrx_word' id='word_1_687' title='bbox 1709 748 1811 771; x_wconf 70' lang='lat' dir='ltr'>exterae</span> <span class='ocrx_word' id='word_1_688' title='bbox 1834 746 1918 781; x_wconf 61' lang='lat' dir='ltr'>gentis</span> 
     </span>
     <span class='ocr_line' id='line_1_78' title="bbox 1078 785 1919 823; baseline 0.002 -12"><span class='ocrx_word' id='word_1_689' title='bbox 1078 790 1160 822; x_wconf 85' lang='lat' dir='ltr'>capta.</span> <span class='ocrx_word' id='word_1_690' title='bbox 1186 785 1216 812; x_wconf 82' lang='lat' dir='ltr'>fr.</span> <span class='ocrx_word' id='word_1_691' title='bbox 1236 787 1259 812; x_wconf 89' lang='lat'>6.</span> <span class='ocrx_word' id='word_1_692' title='bbox 1284 785 1315 812; x_wconf 86' lang='lat' dir='ltr'>de</span> <span class='ocrx_word' id='word_1_693' title='bbox 1336 786 1429 822; x_wconf 87' lang='lat' dir='ltr'>captiv.</span> <span class='ocrx_word' id='word_1_694' title='bbox 1450 787 1491 812; x_wconf 87' lang='lat'>49.</span> <span class='ocrx_word' id='word_1_695' title='bbox 1513 787 1553 812; x_wconf 84' lang='lat'>15.</span> <span class='ocrx_word' id='word_1_696' title='bbox 1591 785 1757 818; x_wconf 78' lang='lat' dir='ltr'>Latrunculi,</span> <span class='ocrx_word' id='word_1_697' title='bbox 1782 786 1823 813; x_wconf 70' lang='lat' dir='ltr'>vvl</span> <span class='ocrx_word' id='word_1_698' title='bbox 1848 798 1919 823; x_wconf 81' lang='lat' dir='ltr'>prae-</span> 
     </span>
     <span class='ocr_line' id='line_1_79' title="bbox 1078 827 1917 860; baseline 0.002 -6"><span class='ocrx_word' id='word_1_699' title='bbox 1078 828 1169 854; x_wconf 70' lang='lat' dir='ltr'>dones.</span> <span class='ocrx_word' id='word_1_700' title='bbox 1193 827 1356 860; x_wconf 75' lang='lat' dir='ltr'>Lutrunculi,</span> <span class='ocrx_word' id='word_1_701' title='bbox 1375 828 1418 854; x_wconf 84' lang='lat' dir='ltr'>vel</span> <span class='ocrx_word' id='word_1_702' title='bbox 1438 827 1537 855; x_wconf 83' lang='lat' dir='ltr'>hostes.</span> <span class='ocrx_word' id='word_1_703' title='bbox 1558 828 1587 854; x_wconf 83' lang='lat' dir='ltr'>fr.</span> <span class='ocrx_word' id='word_1_704' title='bbox 1607 829 1649 854; x_wconf 87' lang='lat'>24.</span> <span class='ocrx_word' id='word_1_705' title='bbox 1669 828 1704 854; x_wconf 93' lang='lat' dir='ltr'>ib.</span> <span class='ocrx_word' id='word_1_706' title='bbox 1723 830 1764 855; x_wconf 81' lang='lat'>49.</span> <span class='ocrx_word' id='word_1_707' title='bbox 1786 831 1825 856; x_wconf 86' lang='lat'>15.</span> <span class='ocrx_word' id='word_1_708' title='bbox 1845 829 1917 856; x_wconf 91' lang='lat' dir='ltr'>Paul.</span> 
     </span>
     <span class='ocr_line' id='line_1_80' title="bbox 1077 870 1255 904; baseline 0.006 -8"><span class='ocrx_word' id='word_1_709' title='bbox 1077 870 1107 897; x_wconf 90' lang='lat' dir='ltr'>V.</span> <span class='ocrx_word' id='word_1_710' title='bbox 1131 873 1170 896; x_wconf 92' lang='lat' dir='ltr'>ll.</span> <span class='ocrx_word' id='word_1_711' title='bbox 1190 871 1210 904; x_wconf 63' lang='grc' dir='ltr'>ξ.</span> <span class='ocrx_word' id='word_1_712' title='bbox 1231 873 1255 897; x_wconf 86' lang='lat'>6.</span> 
     </span>
    </p>

    <p class='ocr_par' dir='ltr' id='par_1_18' title="bbox 1075 912 1935 1978">
     <span class='ocr_line' id='line_1_81' title="bbox 1112 912 1918 949; baseline 0.002 -10"><span class='ocrx_word' id='word_1_713' title='bbox 1112 914 1242 939; x_wconf 71' lang='lat' dir='ltr'>Latus.</span> <span class='ocrx_word' id='word_1_714' title='bbox 1280 912 1404 946; x_wconf 85' lang='lat' dir='ltr'>&lt;Subst.)</span> <span class='ocrx_word' id='word_1_715' title='bbox 1442 914 1472 947; x_wconf 63' lang='grc' dir='ltr'>ξ.</span> <span class='ocrx_word' id='word_1_716' title='bbox 1493 915 1528 940; x_wconf 82' lang='lat' dir='ltr'>l.</span> <span class='ocrx_word' id='word_1_717' title='bbox 1557 916 1705 941; x_wconf 83' lang='lat' dir='ltr'>Pectoris</span> <span class='ocrx_word' id='word_1_718' title='bbox 1728 917 1761 941; x_wconf 83' lang='lat' dir='ltr'>in</span> <span class='ocrx_word' id='word_1_719' title='bbox 1785 925 1918 949; x_wconf 77' lang='lat' dir='ltr'>corpore</span> 
     </span>
     <span class='ocr_line' id='line_1_82' title="bbox 1076 957 1919 990; baseline 0.002 -8"><span class='ocrx_word' id='word_1_720' title='bbox 1076 958 1216 983; x_wconf 78' lang='lat' dir='ltr'>animali</span> <span class='ocrx_word' id='word_1_721' title='bbox 1232 966 1310 990; x_wconf 79' lang='lat' dir='ltr'>pars</span> <span class='ocrx_word' id='word_1_722' title='bbox 1330 959 1458 988; x_wconf 69' lang='lat' dir='ltr'>dextra,</span> <span class='ocrx_word' id='word_1_723' title='bbox 1478 959 1527 983; x_wconf 76' lang='lat' dir='ltr'>vel</span> <span class='ocrx_word' id='word_1_724' title='bbox 1545 959 1696 984; x_wconf 80' lang='lat' dir='ltr'>sinistra.</span> <span class='ocrx_word' id='word_1_725' title='bbox 1735 957 1777 984; x_wconf 94' lang='grc'>111.</span> <span class='ocrx_word' id='word_1_726' title='bbox 1799 959 1864 985; x_wconf 71' lang='lat' dir='ltr'>Cn.</span> <span class='ocrx_word' id='word_1_727' title='bbox 1886 958 1919 984; x_wconf 86' lang='lat' dir='ltr'>Et</span> 
     </span>
     <span class='ocr_line' id='line_1_83' title="bbox 1077 998 1919 1037; baseline 0.002 -12"><span class='ocrx_word' id='word_1_728' title='bbox 1077 999 1145 1025; x_wconf 83' lang='lat' dir='ltr'>latus</span> <span class='ocrx_word' id='word_1_729' title='bbox 1164 998 1206 1025; x_wconf 80' lang='lat' dir='ltr'>vel</span> <span class='ocrx_word' id='word_1_730' title='bbox 1227 1009 1287 1025; x_wconf 86' lang='lat' dir='ltr'>crus</span> <span class='ocrx_word' id='word_1_731' title='bbox 1309 999 1414 1024; x_wconf 77' lang='lat' dir='ltr'>brevius</span> <span class='ocrx_word' id='word_1_732' title='bbox 1434 1000 1539 1036; x_wconf 80' lang='lat' dir='ltr'>(potest</span> <span class='ocrx_word' id='word_1_733' title='bbox 1559 999 1660 1026; x_wconf 75' lang='lat' dir='ltr'>adferre</span> <span class='ocrx_word' id='word_1_734' title='bbox 1679 1000 1919 1037; x_wconf 82' lang='lat' dir='ltr'>impedimentum.)</span> 
     </span>
     <span class='ocr_line' id='line_1_84' title="bbox 1076 1040 1920 1076; baseline 0.002 -8"><span class='ocrx_word' id='word_1_735' title='bbox 1076 1042 1106 1069; x_wconf 83' lang='lat' dir='ltr'>fr.</span> <span class='ocrx_word' id='word_1_736' title='bbox 1128 1044 1168 1068; x_wconf 84' lang='lat'>12.</span> <span class='ocrx_word' id='word_1_737' title='bbox 1187 1042 1252 1076; x_wconf 89' lang='lat'>5.1.</span> <span class='ocrx_word' id='word_1_738' title='bbox 1274 1041 1306 1068; x_wconf 81' lang='lat' dir='ltr'>de</span> <span class='ocrx_word' id='word_1_739' title='bbox 1326 1040 1412 1067; x_wconf 85' lang='lat' dir='ltr'>Aedil.</span> <span class='ocrx_word' id='word_1_740' title='bbox 1433 1041 1509 1068; x_wconf 79' lang='lat' dir='ltr'>edict.</span> <span class='ocrx_word' id='word_1_741' title='bbox 1528 1044 1650 1068; x_wconf 89' lang='lat'>21.1.—</span> <span class='ocrx_word' id='word_1_742' title='bbox 1674 1043 1704 1076; x_wconf 83' lang='lat'>§.</span> <span class='ocrx_word' id='word_1_743' title='bbox 1720 1044 1754 1069; x_wconf 72' lang='lat'>2.</span> <span class='ocrx_word' id='word_1_744' title='bbox 1775 1045 1920 1070; x_wconf 80' lang='lat' dir='ltr'>Persona</span> 
     </span>
     <span class='ocr_line' id='line_1_85' title="bbox 1076 1083 1935 1123; baseline 0 -11"><span class='ocrx_word' id='word_1_745' title='bbox 1076 1087 1158 1119; x_wconf 78' lang='lat' dir='ltr'>ipsa.</span> <span class='ocrx_word' id='word_1_746' title='bbox 1195 1084 1214 1111; x_wconf 94' lang='lat' dir='ltr'>l.</span> <span class='ocrx_word' id='word_1_747' title='bbox 1236 1086 1298 1118; x_wconf 77' lang='lat' dir='ltr'>Sy.</span> <span class='ocrx_word' id='word_1_748' title='bbox 1318 1083 1396 1110; x_wconf 85' lang='lat' dir='ltr'>Circa</span> <span class='ocrx_word' id='word_1_749' title='bbox 1416 1083 1577 1121; x_wconf 79' lang='lat' dir='ltr'>Principem.</span> <span class='ocrx_word' id='word_1_750' title='bbox 1603 1084 1680 1111; x_wconf 79' lang='lat' dir='ltr'>Circa</span> <span class='ocrx_word' id='word_1_751' title='bbox 1700 1085 1768 1111; x_wconf 86' lang='lat' dir='ltr'>latus</span> <span class='ocrx_word' id='word_1_752' title='bbox 1788 1085 1935 1123; x_wconf 89' lang='lat' dir='ltr'>Principis&#39;</span> 
     </span>
     <span class='ocr_line' id='line_1_86' title="bbox 1077 1127 1920 1165; baseline 0.001 -11"><span class='ocrx_word' id='word_1_753' title='bbox 1077 1131 1165 1164; x_wconf 79' lang='lat' dir='ltr'>(agere</span> <span class='ocrx_word' id='word_1_754' title='bbox 1185 1128 1247 1160; x_wconf 86' lang='lat' dir='ltr'>etc.)</span> <span class='ocrx_word' id='word_1_755' title='bbox 1268 1127 1298 1154; x_wconf 75' lang='lat' dir='ltr'>fr.</span> <span class='ocrx_word' id='word_1_756' title='bbox 1319 1129 1358 1153; x_wconf 92' lang='grc'>11.</span> <span class='ocrx_word' id='word_1_757' title='bbox 1380 1127 1401 1161; x_wconf 88' lang='lat'>5</span> <span class='ocrx_word' id='word_1_758' title='bbox 1420 1129 1444 1154; x_wconf 89' lang='lat'>2.</span> <span class='ocrx_word' id='word_1_759' title='bbox 1466 1127 1497 1153; x_wconf 87' lang='lat' dir='ltr'>de</span> <span class='ocrx_word' id='word_1_760' title='bbox 1517 1128 1608 1153; x_wconf 86' lang='lat' dir='ltr'>minor.</span> <span class='ocrx_word' id='word_1_761' title='bbox 1629 1130 1652 1153; x_wconf 81' lang='grc'>4.</span> <span class='ocrx_word' id='word_1_762' title='bbox 1672 1129 1696 1154; x_wconf 86' lang='lat'>4.</span> <span class='ocrx_word' id='word_1_763' title='bbox 1717 1128 1746 1154; x_wconf 80' lang='lat' dir='ltr'>fr.</span> <span class='ocrx_word' id='word_1_764' title='bbox 1766 1130 1808 1155; x_wconf 84' lang='lat'>30.</span> <span class='ocrx_word' id='word_1_765' title='bbox 1828 1139 1868 1165; x_wconf 83' lang='lat' dir='ltr'>pr.</span> <span class='ocrx_word' id='word_1_766' title='bbox 1887 1129 1920 1155; x_wconf 85' lang='lat' dir='ltr'>de</span> 
     </span>
     <span class='ocr_line' id='line_1_87' title="bbox 1077 1170 1919 1206; baseline 0.001 -9"><span class='ocrx_word' id='word_1_767' title='bbox 1077 1175 1204 1197; x_wconf 86' lang='lat' dir='ltr'>excusatt.</span> <span class='ocrx_word' id='word_1_768' title='bbox 1218 1172 1260 1197; x_wconf 79' lang='lat'>27.</span> <span class='ocrx_word' id='word_1_769' title='bbox 1278 1173 1299 1197; x_wconf 90' lang='lat' dir='ltr'>l.</span> <span class='ocrx_word' id='word_1_770' title='bbox 1321 1180 1341 1196; x_wconf 92' lang='lat' dir='ltr'>c.</span> <span class='ocrx_word' id='word_1_771' title='bbox 1355 1172 1397 1196; x_wconf 83' lang='lat'>25.</span> <span class='ocrx_word' id='word_1_772' title='bbox 1418 1170 1476 1196; x_wconf 81' lang='lat' dir='ltr'>eod.</span> <span class='ocrx_word' id='word_1_773' title='bbox 1491 1173 1513 1196; x_wconf 91' lang='lat'>5.</span> <span class='ocrx_word' id='word_1_774' title='bbox 1529 1172 1569 1196; x_wconf 83' lang='lat'>62.</span> <span class='ocrx_word' id='word_1_775' title='bbox 1601 1170 1720 1197; x_wconf 68' lang='lat'>111011.</span> <span class='ocrx_word' id='word_1_776' title='bbox 1741 1171 1816 1206; x_wconf 85' lang='lat' dir='ltr'>Quos</span> <span class='ocrx_word' id='word_1_777' title='bbox 1835 1173 1919 1198; x_wconf 89' lang='lat' dir='ltr'>nostri</span> 
     </span>
     <span class='ocr_line' id='line_1_88' title="bbox 1076 1212 1918 1252; baseline 0 -12"><span class='ocrx_word' id='word_1_778' title='bbox 1076 1214 1166 1240; x_wconf 79' lang='lat' dir='ltr'>lateris</span> <span class='ocrx_word' id='word_1_779' title='bbox 1187 1214 1326 1240; x_wconf 82' lang='lat' dir='ltr'>comitatus</span> <span class='ocrx_word' id='word_1_780' title='bbox 1340 1212 1462 1239; x_wconf 86' lang='lat' dir='ltr'>illustrat.</span> <span class='ocrx_word' id='word_1_781' title='bbox 1483 1213 1532 1239; x_wconf 87' lang='lat' dir='ltr'>Th.</span> <span class='ocrx_word' id='word_1_782' title='bbox 1545 1213 1576 1239; x_wconf 81' lang='lat' dir='ltr'>C.</span> <span class='ocrx_word' id='word_1_783' title='bbox 1588 1212 1630 1239; x_wconf 65' lang='lat' dir='ltr'>YI.</span> <span class='ocrx_word' id='word_1_784' title='bbox 1646 1215 1687 1239; x_wconf 85' lang='lat'>25.</span> <span class='ocrx_word' id='word_1_785' title='bbox 1708 1223 1729 1239; x_wconf 91' lang='lat' dir='ltr'>c.</span> <span class='ocrx_word' id='word_1_786' title='bbox 1743 1216 1764 1239; x_wconf 97' lang='lat' dir='ltr'>l.</span> <span class='ocrx_word' id='word_1_787' title='bbox 1785 1213 1817 1240; x_wconf 80' lang='lat' dir='ltr'>de</span> <span class='ocrx_word' id='word_1_788' title='bbox 1830 1224 1918 1252; x_wconf 76' lang='lat' dir='ltr'>praep.</span> 
     </span>
     <span class='ocr_line' id='line_1_89' title="bbox 1077 1255 1918 1293; baseline 0.001 -10"><span class='ocrx_word' id='word_1_789' title='bbox 1077 1257 1159 1283; x_wconf 89' lang='lat' dir='ltr'>labor.</span> <span class='ocrx_word' id='word_1_790' title='bbox 1180 1256 1211 1283; x_wconf 76' lang='lat' dir='ltr'>cf.</span> <span class='ocrx_word' id='word_1_791' title='bbox 1226 1255 1269 1282; x_wconf 78' lang='lat' dir='ltr'>VI.</span> <span class='ocrx_word' id='word_1_792' title='bbox 1283 1257 1324 1282; x_wconf 83' lang='lat'>24.</span> <span class='ocrx_word' id='word_1_793' title='bbox 1345 1266 1366 1282; x_wconf 89' lang='lat' dir='ltr'>c.</span> <span class='ocrx_word' id='word_1_794' title='bbox 1386 1257 1409 1282; x_wconf 87' lang='lat'>9.</span> <span class='ocrx_word' id='word_1_795' title='bbox 1431 1255 1463 1281; x_wconf 88' lang='lat' dir='ltr'>de</span> <span class='ocrx_word' id='word_1_796' title='bbox 1483 1255 1594 1282; x_wconf 87' lang='lat' dir='ltr'>domest.</span> <span class='ocrx_word' id='word_1_797' title='bbox 1615 1261 1641 1282; x_wconf 87' lang='lat' dir='ltr'>et</span> <span class='ocrx_word' id='word_1_798' title='bbox 1659 1261 1770 1293; x_wconf 88' lang='lat' dir='ltr'>protect.</span> <span class='ocrx_word' id='word_1_799' title='bbox 1788 1273 1819 1276; x_wconf 93' lang='lat'><em>-</em></span> <span class='ocrx_word' id='word_1_800' title='bbox 1839 1258 1869 1290; x_wconf 68' lang='grc' dir='ltr'>ξ.</span> <span class='ocrx_word' id='word_1_801' title='bbox 1882 1259 1918 1284; x_wconf 83' lang='grc'>3.</span> 
     </span>
     <span class='ocr_line' id='line_1_90' title="bbox 1076 1298 1919 1333; baseline 0 -7"><span class='ocrx_word' id='word_1_802' title='bbox 1076 1302 1159 1326; x_wconf 74' lang='lat' dir='ltr'>Pars</span> <span class='ocrx_word' id='word_1_803' title='bbox 1178 1302 1342 1326; x_wconf 79' lang='lat' dir='ltr'>alterutra</span> <span class='ocrx_word' id='word_1_804' title='bbox 1361 1301 1519 1333; x_wconf 76' lang='lat' dir='ltr'>cuiusque</span> <span class='ocrx_word' id='word_1_805' title='bbox 1537 1301 1593 1325; x_wconf 85' lang='lat' dir='ltr'>rei.</span> <span class='ocrx_word' id='word_1_806' title='bbox 1631 1298 1651 1324; x_wconf 93' lang='lat' dir='ltr'>I.</span> <span class='ocrx_word' id='word_1_807' title='bbox 1672 1300 1734 1333; x_wconf 76' lang='lat' dir='ltr'>Sy.</span> <span class='ocrx_word' id='word_1_808' title='bbox 1759 1298 1830 1325; x_wconf 88' lang='lat' dir='ltr'>Pars.</span> <span class='ocrx_word' id='word_1_809' title='bbox 1851 1299 1881 1326; x_wconf 82' lang='lat' dir='ltr'>fr.</span> <span class='ocrx_word' id='word_1_810' title='bbox 1896 1302 1919 1326; x_wconf 89' lang='lat'>7.</span> 
     </span>
     <span class='ocr_line' id='line_1_91' title="bbox 1076 1341 1920 1376; baseline 0.001 -8"><span class='ocrx_word' id='word_1_811' title='bbox 1076 1343 1097 1376; x_wconf 96' lang='lat'>5.</span> <span class='ocrx_word' id='word_1_812' title='bbox 1117 1345 1140 1369; x_wconf 90' lang='lat'>4.</span> <span class='ocrx_word' id='word_1_813' title='bbox 1167 1342 1199 1368; x_wconf 88' lang='lat' dir='ltr'>de</span> <span class='ocrx_word' id='word_1_814' title='bbox 1222 1342 1255 1368; x_wconf 91' lang='lat' dir='ltr'>A.</span> <span class='ocrx_word' id='word_1_815' title='bbox 1274 1341 1305 1368; x_wconf 79' lang='lat' dir='ltr'>R.</span> <span class='ocrx_word' id='word_1_816' title='bbox 1326 1342 1359 1368; x_wconf 88' lang='lat' dir='ltr'>D.</span> <span class='ocrx_word' id='word_1_817' title='bbox 1384 1343 1425 1367; x_wconf 85' lang='lat'>41.</span> <span class='ocrx_word' id='word_1_818' title='bbox 1448 1343 1469 1368; x_wconf 94' lang='lat' dir='ltr'>l.</span> <span class='ocrx_word' id='word_1_819' title='bbox 1495 1351 1515 1367; x_wconf 87' lang='lat' dir='ltr'>c.</span> <span class='ocrx_word' id='word_1_820' title='bbox 1541 1343 1564 1367; x_wconf 80' lang='lat'>3.</span> <span class='ocrx_word' id='word_1_821' title='bbox 1591 1341 1623 1367; x_wconf 84' lang='lat' dir='ltr'>de</span> <span class='ocrx_word' id='word_1_822' title='bbox 1647 1341 1724 1368; x_wconf 75' lang='lat' dir='ltr'>edict.</span> <span class='ocrx_word' id='word_1_823' title='bbox 1745 1342 1778 1368; x_wconf 92' lang='lat' dir='ltr'>D.</span> <span class='ocrx_word' id='word_1_824' title='bbox 1798 1342 1876 1368; x_wconf 86' lang='lat' dir='ltr'>Hadr.</span> <span class='ocrx_word' id='word_1_825' title='bbox 1896 1344 1920 1369; x_wconf 88' lang='lat'>6.</span> 
     </span>
     <span class='ocr_line' id='line_1_92' title="bbox 1076 1384 1919 1420; baseline -0.001 -8"><span class='ocrx_word' id='word_1_826' title='bbox 1076 1387 1117 1412; x_wconf 83' lang='lat'>33.</span> <span class='ocrx_word' id='word_1_827' title='bbox 1156 1385 1232 1411; x_wconf 70' lang='lat' dir='ltr'>Vltro</span> <span class='ocrx_word' id='word_1_828' title='bbox 1258 1385 1390 1420; x_wconf 83' lang='lat' dir='ltr'>citroque,</span> <span class='ocrx_word' id='word_1_829' title='bbox 1414 1385 1455 1410; x_wconf 81' lang='lat' dir='ltr'>Ex</span> <span class='ocrx_word' id='word_1_830' title='bbox 1479 1389 1592 1420; x_wconf 83' lang='lat' dir='ltr'>utroquo</span> <span class='ocrx_word' id='word_1_831' title='bbox 1616 1384 1704 1410; x_wconf 88' lang='lat' dir='ltr'>latere.</span> <span class='ocrx_word' id='word_1_832' title='bbox 1730 1384 1770 1411; x_wconf 86' lang='lat' dir='ltr'>Cf.</span> <span class='ocrx_word' id='word_1_833' title='bbox 1791 1395 1814 1411; x_wconf 94' lang='lat' dir='ltr'>v.</span> <span class='ocrx_word' id='word_1_834' title='bbox 1836 1385 1919 1411; x_wconf 85' lang='lat' dir='ltr'>Citro.</span> 
     </span>
     <span class='ocr_line' id='line_1_93' title="bbox 1076 1427 1920 1460; baseline -0.001 -6"><span class='ocrx_word' id='word_1_835' title='bbox 1076 1428 1118 1455; x_wconf 92' lang='grc'>111.</span> <span class='ocrx_word' id='word_1_836' title='bbox 1141 1429 1205 1456; x_wconf 79' lang='lat' dir='ltr'>Cn.</span> <span class='ocrx_word' id='word_1_837' title='bbox 1237 1428 1277 1454; x_wconf 80' lang='lat' dir='ltr'>Ex</span> <span class='ocrx_word' id='word_1_838' title='bbox 1302 1437 1353 1453; x_wconf 90' lang='lat' dir='ltr'>uno</span> <span class='ocrx_word' id='word_1_839' title='bbox 1377 1427 1459 1453; x_wconf 79' lang='lat' dir='ltr'>latere</span> <span class='ocrx_word' id='word_1_840' title='bbox 1483 1428 1605 1460; x_wconf 84' lang='lat' dir='ltr'>(constat</span> <span class='ocrx_word' id='word_1_841' title='bbox 1625 1428 1803 1459; x_wconf 89' lang='lat' dir='ltr'>contractus.)</span> <span class='ocrx_word' id='word_1_842' title='bbox 1829 1427 1860 1453; x_wconf 82' lang='lat' dir='ltr'>fr.</span> <span class='ocrx_word' id='word_1_843' title='bbox 1880 1429 1920 1453; x_wconf 80' lang='lat'>13.</span> 
     </span>
     <span class='ocr_line' id='line_1_94' title="bbox 1077 1469 1921 1506; baseline -0.002 -8"><span class='ocrx_word' id='word_1_844' title='bbox 1077 1473 1098 1506; x_wconf 82' lang='lat'>5.</span> <span class='ocrx_word' id='word_1_845' title='bbox 1118 1473 1159 1498; x_wconf 86' lang='lat'>29.</span> <span class='ocrx_word' id='word_1_846' title='bbox 1185 1470 1217 1497; x_wconf 87' lang='lat' dir='ltr'>de</span> <span class='ocrx_word' id='word_1_847' title='bbox 1236 1471 1267 1497; x_wconf 89' lang='lat' dir='ltr'>A.</span> <span class='ocrx_word' id='word_1_848' title='bbox 1287 1471 1317 1497; x_wconf 85' lang='lat' dir='ltr'>E.</span> <span class='ocrx_word' id='word_1_849' title='bbox 1337 1469 1368 1497; x_wconf 92' lang='lat' dir='ltr'>V.</span> <span class='ocrx_word' id='word_1_850' title='bbox 1391 1472 1430 1497; x_wconf 87' lang='grc'>19.</span> <span class='ocrx_word' id='word_1_851' title='bbox 1452 1472 1474 1496; x_wconf 95' lang='lat'>1.</span> <span class='ocrx_word' id='word_1_852' title='bbox 1512 1469 1541 1495; x_wconf 90' lang='lat'>111</span> <span class='ocrx_word' id='word_1_853' title='bbox 1568 1471 1698 1496; x_wconf 83' lang='lat' dir='ltr'>contrario</span> <span class='ocrx_word' id='word_1_854' title='bbox 1723 1470 1804 1496; x_wconf 83' lang='lat' dir='ltr'>latere</span> <span class='ocrx_word' id='word_1_855' title='bbox 1828 1471 1921 1506; x_wconf 79' lang='lat' dir='ltr'>agitata</span> 
     </span>
     <span class='ocr_line' id='line_1_95' title="bbox 1078 1512 1920 1551; baseline -0.001 -11"><span class='ocrx_word' id='word_1_856' title='bbox 1078 1514 1215 1551; x_wconf 79' lang='lat' dir='ltr'>(species.)</span> <span class='ocrx_word' id='word_1_857' title='bbox 1236 1513 1266 1539; x_wconf 81' lang='lat' dir='ltr'>fr.</span> <span class='ocrx_word' id='word_1_858' title='bbox 1284 1515 1323 1540; x_wconf 98' lang='lat'>11.</span> <span class='ocrx_word' id='word_1_859' title='bbox 1344 1513 1376 1540; x_wconf 85' lang='lat' dir='ltr'>de</span> <span class='ocrx_word' id='word_1_860' title='bbox 1396 1513 1479 1539; x_wconf 89' lang='lat' dir='ltr'>damn.</span> <span class='ocrx_word' id='word_1_861' title='bbox 1501 1512 1545 1538; x_wconf 89' lang='lat' dir='ltr'>inf.</span> <span class='ocrx_word' id='word_1_862' title='bbox 1559 1513 1599 1538; x_wconf 80' lang='lat'>39.</span> <span class='ocrx_word' id='word_1_863' title='bbox 1620 1514 1644 1538; x_wconf 86' lang='lat'>2.</span> <span class='ocrx_word' id='word_1_864' title='bbox 1683 1512 1752 1538; x_wconf 86' lang='lat' dir='ltr'>Illud</span> <span class='ocrx_word' id='word_1_865' title='bbox 1770 1523 1833 1539; x_wconf 86' lang='lat' dir='ltr'>sane</span> <span class='ocrx_word' id='word_1_866' title='bbox 1851 1512 1920 1539; x_wconf 87' lang='lat' dir='ltr'>latus</span> 
     </span>
     <span class='ocr_line' id='line_1_96' title="bbox 1077 1554 1920 1592; baseline -0.001 -9"><span class='ocrx_word' id='word_1_867' title='bbox 1077 1557 1129 1584; x_wconf 89' lang='lat' dir='ltr'>div.</span> <span class='ocrx_word' id='word_1_868' title='bbox 1150 1557 1348 1583; x_wconf 85' lang='lat' dir='ltr'>constitutionis</span> <span class='ocrx_word' id='word_1_869' title='bbox 1368 1555 1513 1587; x_wconf 72' lang='lat' dir='ltr'>abolemus,</span> <span class='ocrx_word' id='word_1_870' title='bbox 1533 1565 1584 1590; x_wconf 88' lang='lat' dir='ltr'>qno</span> <span class='ocrx_word' id='word_1_871' title='bbox 1604 1554 1743 1581; x_wconf 70' lang='lat' dir='ltr'>videbatur</span> <span class='ocrx_word' id='word_1_872' title='bbox 1761 1557 1920 1592; x_wconf 77' lang='lat' dir='ltr'>permissum</span> 
     </span>
     <span class='ocr_line' id='line_1_97' title="bbox 1077 1597 1919 1631; baseline -0.002 -5"><span class='ocrx_word' id='word_1_873' title='bbox 1077 1605 1126 1626; x_wconf 81' lang='lat' dir='ltr'>etc.</span> <span class='ocrx_word' id='word_1_874' title='bbox 1163 1599 1230 1626; x_wconf 77' lang='lat' dir='ltr'>Nov.</span> <span class='ocrx_word' id='word_1_875' title='bbox 1251 1599 1341 1625; x_wconf 83' lang='lat' dir='ltr'>Maior.</span> <span class='ocrx_word' id='word_1_876' title='bbox 1366 1598 1398 1625; x_wconf 91' lang='lat' dir='ltr'>de</span> <span class='ocrx_word' id='word_1_877' title='bbox 1422 1599 1575 1624; x_wconf 86' lang='lat' dir='ltr'>sanctimon.</span> <span class='ocrx_word' id='word_1_878' title='bbox 1596 1597 1639 1623; x_wconf 88' lang='lat' dir='ltr'>IV.</span> <span class='ocrx_word' id='word_1_879' title='bbox 1660 1599 1683 1624; x_wconf 88' lang='lat'>6.</span> <span class='ocrx_word' id='word_1_880' title='bbox 1711 1608 1732 1624; x_wconf 84' lang='lat' dir='ltr'>c.</span> <span class='ocrx_word' id='word_1_881' title='bbox 1754 1599 1776 1624; x_wconf 95' lang='lat' dir='ltr'>l.</span> <span class='ocrx_word' id='word_1_882' title='bbox 1801 1598 1822 1631; x_wconf 88' lang='lat'>5</span> <span class='ocrx_word' id='word_1_883' title='bbox 1843 1600 1866 1625; x_wconf 89' lang='grc'>8.</span> <span class='ocrx_word' id='word_1_884' title='bbox 1887 1614 1919 1618; x_wconf 77' lang='lat'><em>-</em></span> 
     </span>
     <span class='ocr_line' id='line_1_98' title="bbox 1077 1642 1920 1677; baseline -0.004 -8"><span class='ocrx_word' id='word_1_885' title='bbox 1077 1644 1107 1676; x_wconf 83' lang='lat'>§.</span> <span class='ocrx_word' id='word_1_886' title='bbox 1130 1644 1168 1669; x_wconf 74' lang='lat'>4.</span> <span class='ocrx_word' id='word_1_887' title='bbox 1202 1643 1425 1677; x_wconf 73' lang='lat' dir='ltr'>Cognationis</span> <span class='ocrx_word' id='word_1_888' title='bbox 1449 1651 1484 1667; x_wconf 77' lang='lat' dir='ltr'>ex</span> <span class='ocrx_word' id='word_1_889' title='bbox 1508 1647 1698 1677; x_wconf 63' lang='lat' dir='ltr'>transverso</span> <span class='ocrx_word' id='word_1_890' title='bbox 1718 1642 1920 1667; x_wconf 77' lang='lat' dir='ltr'>intercedens</span> 
     </span>
     <span class='ocr_line' id='line_1_99' title="bbox 1078 1682 1919 1720; baseline -0.004 -8"><span class='ocrx_word' id='word_1_891' title='bbox 1078 1688 1250 1712; x_wconf 76' lang='lat' dir='ltr'>vinculum.</span> <span class='ocrx_word' id='word_1_892' title='bbox 1281 1684 1312 1711; x_wconf 91' lang='grc'>11.</span> <span class='ocrx_word' id='word_1_893' title='bbox 1328 1686 1394 1718; x_wconf 69' lang='lat'>⁰1».</span> <span class='ocrx_word' id='word_1_894' title='bbox 1415 1683 1576 1720; x_wconf 72' lang='lat' dir='ltr'>Superioris,</span> <span class='ocrx_word' id='word_1_895' title='bbox 1595 1683 1638 1709; x_wconf 87' lang='lat' dir='ltr'>vel</span> <span class='ocrx_word' id='word_1_896' title='bbox 1657 1682 1790 1709; x_wconf 83' lang='lat' dir='ltr'>inferioris</span> <span class='ocrx_word' id='word_1_897' title='bbox 1810 1683 1919 1715; x_wconf 88' lang='lat' dir='ltr'>ordinis,</span> 
     </span>
     <span class='ocr_line' id='line_1_100' title="bbox 1077 1725 1919 1762; baseline -0.004 -8"><span class='ocrx_word' id='word_1_898' title='bbox 1077 1744 1107 1748; x_wconf 97' lang='lat'><strong>—</strong></span> <span class='ocrx_word' id='word_1_899' title='bbox 1128 1728 1169 1754; x_wconf 89' lang='lat' dir='ltr'>Ex</span> <span class='ocrx_word' id='word_1_900' title='bbox 1188 1732 1354 1757; x_wconf 81' lang='lat' dir='ltr'>transverso,</span> <span class='ocrx_word' id='word_1_901' title='bbox 1375 1727 1431 1752; x_wconf 86' lang='lat' dir='ltr'>sive</span> <span class='ocrx_word' id='word_1_902' title='bbox 1450 1736 1462 1751; x_wconf 85' lang='lat' dir='ltr'>a</span> <span class='ocrx_word' id='word_1_903' title='bbox 1483 1725 1576 1757; x_wconf 73' lang='lat' dir='ltr'>latere,</span> <span class='ocrx_word' id='word_1_904' title='bbox 1596 1726 1778 1761; x_wconf 76' lang='lat' dir='ltr'>(cognationis</span> <span class='ocrx_word' id='word_1_905' title='bbox 1797 1726 1919 1762; x_wconf 74' lang='lat' dir='ltr'>gradus.)</span> 
     </span>
     <span class='ocr_line' id='line_1_101' title="bbox 1076 1768 1918 1807; baseline -0.001 -11"><span class='ocrx_word' id='word_1_906' title='bbox 1076 1770 1106 1796; x_wconf 82' lang='lat' dir='ltr'>fr.</span> <span class='ocrx_word' id='word_1_907' title='bbox 1128 1772 1151 1796; x_wconf 93' lang='grc'>1.</span> <span class='ocrx_word' id='word_1_908' title='bbox 1171 1780 1210 1807; x_wconf 90' lang='lat' dir='ltr'>pr.</span> <span class='ocrx_word' id='word_1_909' title='bbox 1230 1770 1295 1803; x_wconf 87' lang='lat'>5.1.</span> <span class='ocrx_word' id='word_1_910' title='bbox 1316 1768 1347 1795; x_wconf 84' lang='lat' dir='ltr'>de</span> <span class='ocrx_word' id='word_1_911' title='bbox 1366 1768 1436 1805; x_wconf 76' lang='lat' dir='ltr'>grad.</span> <span class='ocrx_word' id='word_1_912' title='bbox 1457 1773 1483 1794; x_wconf 84' lang='lat' dir='ltr'>et</span> <span class='ocrx_word' id='word_1_913' title='bbox 1502 1768 1552 1794; x_wconf 69' lang='lat' dir='ltr'>adr.</span> <span class='ocrx_word' id='word_1_914' title='bbox 1566 1769 1607 1794; x_wconf 77' lang='lat'>38.</span> <span class='ocrx_word' id='word_1_915' title='bbox 1629 1770 1669 1794; x_wconf 88' lang='grc'>10.</span> <span class='ocrx_word' id='word_1_916' title='bbox 1707 1768 1918 1800; x_wconf 79' lang='lat' dir='ltr'>Adscendentes,</span> 
     </span>
     <span class='ocr_line' id='line_1_102' title="bbox 1076 1810 1920 1844; baseline -0.001 -5"><span class='ocrx_word' id='word_1_917' title='bbox 1076 1813 1117 1839; x_wconf 85' lang='lat' dir='ltr'>vel</span> <span class='ocrx_word' id='word_1_918' title='bbox 1137 1812 1340 1843; x_wconf 79' lang='lat' dir='ltr'>descendentes,</span> <span class='ocrx_word' id='word_1_919' title='bbox 1363 1827 1394 1831; x_wconf 90' lang='lat'>—-</span> <span class='ocrx_word' id='word_1_920' title='bbox 1417 1811 1458 1837; x_wconf 77' lang='lat' dir='ltr'>Ex</span> <span class='ocrx_word' id='word_1_921' title='bbox 1482 1810 1608 1837; x_wconf 77' lang='lat' dir='ltr'>lateribus</span> <span class='ocrx_word' id='word_1_922' title='bbox 1634 1814 1671 1844; x_wconf 84' lang='lat' dir='ltr'>(s.</span> <span class='ocrx_word' id='word_1_923' title='bbox 1696 1810 1807 1843; x_wconf 68' lang='lat' dir='ltr'>latere.)</span> <span class='ocrx_word' id='word_1_924' title='bbox 1833 1822 1857 1838; x_wconf 91' lang='lat' dir='ltr'>v.</span> <span class='ocrx_word' id='word_1_925' title='bbox 1877 1811 1920 1838; x_wconf 85' lang='lat' dir='ltr'>De</span> 
     </span>
     <span class='ocr_line' id='line_1_103' title="bbox 1077 1853 1920 1891; baseline -0.001 -10"><span class='ocrx_word' id='word_1_926' title='bbox 1077 1855 1157 1882; x_wconf 86' lang='lat' dir='ltr'>latere</span> <span class='ocrx_word' id='word_1_927' title='bbox 1178 1856 1323 1891; x_wconf 80' lang='lat' dir='ltr'>(cognati.)</span> <span class='ocrx_word' id='word_1_928' title='bbox 1348 1854 1378 1881; x_wconf 78' lang='lat' dir='ltr'>fr.</span> <span class='ocrx_word' id='word_1_929' title='bbox 1400 1856 1439 1880; x_wconf 90' lang='grc'>10.</span> <span class='ocrx_word' id='word_1_930' title='bbox 1460 1854 1481 1887; x_wconf 91' lang='lat'>5.</span> <span class='ocrx_word' id='word_1_931' title='bbox 1502 1855 1525 1880; x_wconf 74' lang='grc' dir='ltr'>ὃ,</span> <span class='ocrx_word' id='word_1_932' title='bbox 1546 1853 1580 1880; x_wconf 88' lang='lat' dir='ltr'>ib.</span> <span class='ocrx_word' id='word_1_933' title='bbox 1599 1854 1640 1879; x_wconf 78' lang='lat'>38.</span> <span class='ocrx_word' id='word_1_934' title='bbox 1662 1855 1702 1879; x_wconf 90' lang='lat'>10.</span> <span class='ocrx_word' id='word_1_935' title='bbox 1723 1853 1754 1879; x_wconf 81' lang='lat' dir='ltr'>cf.</span> <span class='ocrx_word' id='word_1_936' title='bbox 1774 1853 1804 1880; x_wconf 83' lang='lat' dir='ltr'>fr.</span> <span class='ocrx_word' id='word_1_937' title='bbox 1825 1855 1866 1880; x_wconf 81' lang='lat'>68.</span> <span class='ocrx_word' id='word_1_938' title='bbox 1887 1854 1920 1880; x_wconf 92' lang='lat' dir='ltr'>de</span> 
     </span>
     <span class='ocr_line' id='line_1_104' title="bbox 1075 1895 1917 1934; baseline -0.001 -10"><span class='ocrx_word' id='word_1_939' title='bbox 1075 1898 1106 1924; x_wconf 82' lang='lat' dir='ltr'>R.</span> <span class='ocrx_word' id='word_1_940' title='bbox 1126 1897 1158 1924; x_wconf 86' lang='lat' dir='ltr'>N.</span> <span class='ocrx_word' id='word_1_941' title='bbox 1177 1900 1218 1924; x_wconf 81' lang='lat'>23.</span> <span class='ocrx_word' id='word_1_942' title='bbox 1237 1900 1260 1924; x_wconf 90' lang='lat'>2.</span> <span class='ocrx_word' id='word_1_943' title='bbox 1294 1897 1342 1924; x_wconf 82' lang='lat' dir='ltr'>Th.</span> <span class='ocrx_word' id='word_1_944' title='bbox 1364 1896 1395 1923; x_wconf 91' lang='lat' dir='ltr'>C.</span> <span class='ocrx_word' id='word_1_945' title='bbox 1415 1896 1457 1922; x_wconf 87' lang='grc'>111.</span> <span class='ocrx_word' id='word_1_946' title='bbox 1478 1898 1517 1922; x_wconf 89' lang='lat'>12.</span> <span class='ocrx_word' id='word_1_947' title='bbox 1543 1907 1564 1922; x_wconf 95' lang='lat' dir='ltr'>c.</span> <span class='ocrx_word' id='word_1_948' title='bbox 1583 1897 1609 1923; x_wconf 85' lang='lat'>3.</span> <span class='ocrx_word' id='word_1_949' title='bbox 1627 1895 1660 1922; x_wconf 78' lang='lat' dir='ltr'>de</span> <span class='ocrx_word' id='word_1_950' title='bbox 1678 1897 1771 1923; x_wconf 90' lang='lat' dir='ltr'>incest.</span> <span class='ocrx_word' id='word_1_951' title='bbox 1792 1902 1865 1934; x_wconf 90' lang='lat' dir='ltr'>nupt.</span> <span class='ocrx_word' id='word_1_952' title='bbox 1884 1897 1917 1923; x_wconf 78' lang='lat' dir='ltr'>X.</span> 
     </span>
     <span class='ocr_line' id='line_1_105' title="bbox 1079 1939 1448 1978; baseline -0.008 -10"><span class='ocrx_word' id='word_1_953' title='bbox 1079 1943 1117 1968; x_wconf 88' lang='lat'>19.</span> <span class='ocrx_word' id='word_1_954' title='bbox 1138 1951 1158 1967; x_wconf 93' lang='lat' dir='ltr'>c.</span> <span class='ocrx_word' id='word_1_955' title='bbox 1182 1943 1220 1967; x_wconf 86' lang='grc'>15.</span> <span class='ocrx_word' id='word_1_956' title='bbox 1241 1951 1280 1978; x_wconf 85' lang='lat' dir='ltr'>pr.</span> <span class='ocrx_word' id='word_1_957' title='bbox 1300 1940 1333 1967; x_wconf 86' lang='lat' dir='ltr'>de</span> <span class='ocrx_word' id='word_1_958' title='bbox 1351 1939 1448 1966; x_wconf 88' lang='lat' dir='ltr'>metall.</span> 
     </span>
    </p>

    <p class='ocr_par' dir='ltr' id='par_1_19' title="bbox 1074 1983 1918 2789">
     <span class='ocr_line' id='line_1_106' title="bbox 1111 1983 1918 2017; baseline -0.002 -7"><span class='ocrx_word' id='word_1_959' title='bbox 1111 1985 1240 2010; x_wconf 73' lang='lat' dir='ltr'>Latus.</span> <span class='ocrx_word' id='word_1_960' title='bbox 1270 1983 1407 2017; x_wconf 81' lang='lat' dir='ltr'>(Adiect.)</span> <span class='ocrx_word' id='word_1_961' title='bbox 1444 1983 1475 2015; x_wconf 85' lang='lat'>§.</span> <span class='ocrx_word' id='word_1_962' title='bbox 1494 1983 1529 2007; x_wconf 93' lang='grc'>1.</span> <span class='ocrx_word' id='word_1_963' title='bbox 1554 1983 1698 2017; x_wconf 77' lang='lat' dir='ltr'>Largus,</span> <span class='ocrx_word' id='word_1_964' title='bbox 1726 1983 1870 2016; x_wconf 69' lang='lat' dir='ltr'>Vndique</span> <span class='ocrx_word' id='word_1_965' title='bbox 1889 1992 1918 2008; x_wconf 67' lang='lat' dir='ltr'>se</span> 
     </span>
     <span class='ocr_line' id='line_1_107' title="bbox 1075 2024 1918 2060; baseline -0.004 -7"><span class='ocrx_word' id='word_1_966' title='bbox 1075 2029 1262 2058; x_wconf 75' lang='lat' dir='ltr'>extendens,</span> <span class='ocrx_word' id='word_1_967' title='bbox 1287 2028 1456 2060; x_wconf 79' lang='lat' dir='ltr'>Copiosus.</span> <span class='ocrx_word' id='word_1_968' title='bbox 1493 2024 1524 2051; x_wconf 90' lang='grc'>11.</span> <span class='ocrx_word' id='word_1_969' title='bbox 1550 2026 1617 2058; x_wconf 77' lang='grc' dir='ltr'>ΟΡ.</span> <span class='ocrx_word' id='word_1_970' title='bbox 1640 2024 1798 2060; x_wconf 77' lang='lat' dir='ltr'>Angustior.</span> <span class='ocrx_word' id='word_1_971' title='bbox 1821 2042 1850 2045; x_wconf 87' lang='lat'><strong>—</strong></span> <span class='ocrx_word' id='word_1_972' title='bbox 1872 2024 1918 2051; x_wconf 84' lang='lat' dir='ltr'>La-</span> 
     </span>
     <span class='ocr_line' id='line_1_108' title="bbox 1076 2067 1918 2106; baseline -0.004 -11"><span class='ocrx_word' id='word_1_973' title='bbox 1076 2070 1127 2095; x_wconf 90' lang='lat' dir='ltr'>tior</span> <span class='ocrx_word' id='word_1_974' title='bbox 1146 2070 1221 2102; x_wconf 87' lang='lat' dir='ltr'>(via.)</span> <span class='ocrx_word' id='word_1_975' title='bbox 1241 2068 1271 2095; x_wconf 71' lang='lat' dir='ltr'>fr.</span> <span class='ocrx_word' id='word_1_976' title='bbox 1290 2070 1332 2095; x_wconf 83' lang='lat'>23.</span> <span class='ocrx_word' id='word_1_977' title='bbox 1352 2079 1390 2106; x_wconf 91' lang='lat' dir='ltr'>pr.</span> <span class='ocrx_word' id='word_1_978' title='bbox 1411 2068 1443 2094; x_wconf 89' lang='lat' dir='ltr'>de</span> <span class='ocrx_word' id='word_1_979' title='bbox 1463 2067 1491 2094; x_wconf 91' lang='lat' dir='ltr'>S.</span> <span class='ocrx_word' id='word_1_980' title='bbox 1512 2067 1539 2094; x_wconf 92' lang='lat' dir='ltr'>P.</span> <span class='ocrx_word' id='word_1_981' title='bbox 1560 2067 1590 2094; x_wconf 80' lang='lat' dir='ltr'>R.</span> <span class='ocrx_word' id='word_1_982' title='bbox 1604 2069 1628 2094; x_wconf 85' lang='lat'>8.</span> <span class='ocrx_word' id='word_1_983' title='bbox 1647 2069 1671 2093; x_wconf 85' lang='lat'>3.</span> <span class='ocrx_word' id='word_1_984' title='bbox 1691 2067 1721 2093; x_wconf 79' lang='lat' dir='ltr'>fr.</span> <span class='ocrx_word' id='word_1_985' title='bbox 1741 2069 1765 2093; x_wconf 88' lang='lat'>2.</span> <span class='ocrx_word' id='word_1_986' title='bbox 1786 2067 1807 2100; x_wconf 97' lang='lat'>5</span> <span class='ocrx_word' id='word_1_987' title='bbox 1826 2068 1868 2093; x_wconf 83' lang='lat'>32.</span> <span class='ocrx_word' id='word_1_988' title='bbox 1885 2077 1918 2093; x_wconf 87' lang='lat' dir='ltr'>ne</span> 
     </span>
     <span class='ocr_line' id='line_1_109' title="bbox 1077 2109 1916 2149; baseline -0.004 -11"><span class='ocrx_word' id='word_1_989' title='bbox 1077 2122 1118 2148; x_wconf 87' lang='lat' dir='ltr'>qu.</span> <span class='ocrx_word' id='word_1_990' title='bbox 1140 2113 1165 2138; x_wconf 94' lang='lat' dir='ltr'>in</span> <span class='ocrx_word' id='word_1_991' title='bbox 1185 2111 1243 2138; x_wconf 89' lang='lat' dir='ltr'>loco</span> <span class='ocrx_word' id='word_1_992' title='bbox 1263 2112 1324 2149; x_wconf 89' lang='lat' dir='ltr'>pub.</span> <span class='ocrx_word' id='word_1_993' title='bbox 1344 2114 1385 2138; x_wconf 89' lang='lat'>43.</span> <span class='ocrx_word' id='word_1_994' title='bbox 1405 2113 1429 2138; x_wconf 83' lang='grc'>8.</span> <span class='ocrx_word' id='word_1_995' title='bbox 1450 2111 1479 2137; x_wconf 91' lang='lat' dir='ltr'>fr.</span> <span class='ocrx_word' id='word_1_996' title='bbox 1501 2113 1522 2136; x_wconf 98' lang='lat'>1.</span> <span class='ocrx_word' id='word_1_997' title='bbox 1544 2111 1565 2144; x_wconf 89' lang='lat'>5.</span> <span class='ocrx_word' id='word_1_998' title='bbox 1580 2112 1604 2136; x_wconf 84' lang='lat'>2.</span> <span class='ocrx_word' id='word_1_999' title='bbox 1625 2109 1657 2136; x_wconf 80' lang='lat' dir='ltr'>de</span> <span class='ocrx_word' id='word_1_1000' title='bbox 1676 2111 1716 2136; x_wconf 84' lang='lat' dir='ltr'>via</span> <span class='ocrx_word' id='word_1_1001' title='bbox 1736 2109 1798 2146; x_wconf 88' lang='lat' dir='ltr'>pub.</span> <span class='ocrx_word' id='word_1_1002' title='bbox 1818 2111 1859 2136; x_wconf 83' lang='lat'>43,</span> <span class='ocrx_word' id='word_1_1003' title='bbox 1876 2112 1916 2136; x_wconf 92' lang='lat' dir='ltr'>ll.</span> 
     </span>
     <span class='ocr_line' id='line_1_110' title="bbox 1077 2151 1917 2188; baseline -0.004 -7"><span class='ocrx_word' id='word_1_1004' title='bbox 1077 2155 1218 2181; x_wconf 83' lang='lat' dir='ltr'>Certorum</span> <span class='ocrx_word' id='word_1_1005' title='bbox 1240 2154 1358 2181; x_wconf 91' lang='lat' dir='ltr'>locorum</span> <span class='ocrx_word' id='word_1_1006' title='bbox 1383 2154 1542 2181; x_wconf 86' lang='lat' dir='ltr'>interdictio.</span> <span class='ocrx_word' id='word_1_1007' title='bbox 1563 2169 1595 2172; x_wconf 98' lang='lat'><strong>—</strong></span> <span class='ocrx_word' id='word_1_1008' title='bbox 1618 2152 1682 2178; x_wconf 85' lang='lat' dir='ltr'>Lata</span> <span class='ocrx_word' id='word_1_1009' title='bbox 1701 2151 1767 2188; x_wconf 81' lang='lat' dir='ltr'>fuga.</span> <span class='ocrx_word' id='word_1_1010' title='bbox 1792 2152 1823 2178; x_wconf 85' lang='lat' dir='ltr'>fr.</span> <span class='ocrx_word' id='word_1_1011' title='bbox 1842 2155 1865 2179; x_wconf 89' lang='lat'>5.</span> <span class='ocrx_word' id='word_1_1012' title='bbox 1885 2152 1917 2178; x_wconf 86' lang='lat' dir='ltr'>de</span> 
     </span>
     <span class='ocr_line' id='line_1_111' title="bbox 1075 2194 1916 2234; baseline -0.005 -10"><span class='ocrx_word' id='word_1_1013' title='bbox 1075 2198 1170 2224; x_wconf 82' lang='lat' dir='ltr'>interd.</span> <span class='ocrx_word' id='word_1_1014' title='bbox 1190 2203 1215 2224; x_wconf 88' lang='lat' dir='ltr'>et</span> <span class='ocrx_word' id='word_1_1015' title='bbox 1235 2197 1313 2234; x_wconf 80' lang='lat' dir='ltr'>releg.</span> <span class='ocrx_word' id='word_1_1016' title='bbox 1328 2199 1369 2224; x_wconf 80' lang='lat'>48.</span> <span class='ocrx_word' id='word_1_1017' title='bbox 1388 2200 1430 2224; x_wconf 91' lang='lat'>22.</span> <span class='ocrx_word' id='word_1_1018' title='bbox 1468 2195 1642 2223; x_wconf 84' lang='lat' dir='ltr'>Tantumdem</span> <span class='ocrx_word' id='word_1_1019' title='bbox 1661 2194 1756 2221; x_wconf 81' lang='lat' dir='ltr'>valere.</span> <span class='ocrx_word' id='word_1_1020' title='bbox 1777 2211 1809 2214; x_wconf 97' lang='lat'><strong>—</strong></span> <span class='ocrx_word' id='word_1_1021' title='bbox 1828 2195 1916 2230; x_wconf 78' lang='lat' dir='ltr'>Longo</span> 
     </span>
     <span class='ocr_line' id='line_1_112' title="bbox 1076 2237 1915 2274; baseline -0.006 -7"><span class='ocrx_word' id='word_1_1022' title='bbox 1076 2241 1153 2267; x_wconf 88' lang='lat' dir='ltr'>latior</span> <span class='ocrx_word' id='word_1_1023' title='bbox 1172 2251 1239 2267; x_wconf 84' lang='lat' dir='ltr'>esse.</span> <span class='ocrx_word' id='word_1_1024' title='bbox 1261 2240 1317 2267; x_wconf 90' lang='lat' dir='ltr'>Gai.</span> <span class='ocrx_word' id='word_1_1025' title='bbox 1332 2240 1361 2266; x_wconf 95' lang='grc'>11.</span> <span class='ocrx_word' id='word_1_1026' title='bbox 1381 2242 1440 2266; x_wconf 78' lang='grc'>289.</span> <span class='ocrx_word' id='word_1_1027' title='bbox 1477 2239 1518 2266; x_wconf 92' lang='lat' dir='ltr'>III.</span> <span class='ocrx_word' id='word_1_1028' title='bbox 1541 2240 1606 2266; x_wconf 79' lang='lat' dir='ltr'>Gn.</span> <span class='ocrx_word' id='word_1_1029' title='bbox 1626 2237 1717 2264; x_wconf 88' lang='lat' dir='ltr'>Latior</span> <span class='ocrx_word' id='word_1_1030' title='bbox 1734 2239 1915 2274; x_wconf 81' lang='lat' dir='ltr'>interpretatio</span> 
     </span>
     <span class='ocr_line' id='line_1_113' title="bbox 1076 2280 1913 2321; baseline -0.006 -11"><span class='ocrx_word' id='word_1_1031' title='bbox 1076 2284 1142 2310; x_wconf 85' lang='lat' dir='ltr'>facta</span> <span class='ocrx_word' id='word_1_1032' title='bbox 1162 2289 1210 2315; x_wconf 86' lang='lat' dir='ltr'>est,</span> <span class='ocrx_word' id='word_1_1033' title='bbox 1230 2286 1291 2321; x_wconf 89' lang='lat' dir='ltr'>(pro</span> <span class='ocrx_word' id='word_1_1034' title='bbox 1311 2283 1399 2309; x_wconf 81' lang='lat' dir='ltr'>favore</span> <span class='ocrx_word' id='word_1_1035' title='bbox 1418 2282 1601 2319; x_wconf 76' lang='lat' dir='ltr'>pupillorum.)</span> <span class='ocrx_word' id='word_1_1036' title='bbox 1621 2280 1650 2307; x_wconf 85' lang='lat' dir='ltr'>fr.</span> <span class='ocrx_word' id='word_1_1037' title='bbox 1671 2282 1693 2306; x_wconf 96' lang='lat'>1.</span> <span class='ocrx_word' id='word_1_1038' title='bbox 1713 2281 1734 2314; x_wconf 87' lang='lat'>5.</span> <span class='ocrx_word' id='word_1_1039' title='bbox 1748 2282 1772 2306; x_wconf 91' lang='lat'>3.</span> <span class='ocrx_word' id='word_1_1040' title='bbox 1793 2280 1825 2306; x_wconf 89' lang='lat' dir='ltr'>de</span> <span class='ocrx_word' id='word_1_1041' title='bbox 1844 2290 1913 2306; x_wconf 85' lang='lat' dir='ltr'>usur.</span> 
     </span>
     <span class='ocr_line' id='line_1_114' title="bbox 1074 2322 1914 2353; baseline -0.006 0"><span class='ocrx_word' id='word_1_1042' title='bbox 1074 2329 1116 2353; x_wconf 85' lang='lat'>22.</span> <span class='ocrx_word' id='word_1_1043' title='bbox 1138 2329 1160 2353; x_wconf 94' lang='grc'>1.</span> <span class='ocrx_word' id='word_1_1044' title='bbox 1197 2327 1239 2353; x_wconf 88' lang='lat' dir='ltr'>Ius</span> <span class='ocrx_word' id='word_1_1045' title='bbox 1264 2326 1376 2353; x_wconf 88' lang='lat' dir='ltr'>dicentis</span> <span class='ocrx_word' id='word_1_1046' title='bbox 1401 2326 1517 2352; x_wconf 82' lang='lat' dir='ltr'>osticium</span> <span class='ocrx_word' id='word_1_1047' title='bbox 1540 2324 1697 2350; x_wconf 87' lang='lat' dir='ltr'>latissimum</span> <span class='ocrx_word' id='word_1_1048' title='bbox 1716 2328 1764 2349; x_wconf 89' lang='lat' dir='ltr'>est.</span> <span class='ocrx_word' id='word_1_1049' title='bbox 1788 2322 1818 2348; x_wconf 84' lang='lat' dir='ltr'>sr.</span> <span class='ocrx_word' id='word_1_1050' title='bbox 1840 2325 1861 2348; x_wconf 95' lang='lat'>1.</span> <span class='ocrx_word' id='word_1_1051' title='bbox 1882 2322 1914 2349; x_wconf 82' lang='lat' dir='ltr'>de</span> 
     </span>
     <span class='ocr_line' id='line_1_115' title="bbox 1076 2364 1913 2404; baseline -0.007 -8"><span class='ocrx_word' id='word_1_1052' title='bbox 1076 2370 1166 2397; x_wconf 87' lang='lat' dir='ltr'>iurisd.</span> <span class='ocrx_word' id='word_1_1053' title='bbox 1186 2372 1210 2396; x_wconf 91' lang='lat'>2.</span> <span class='ocrx_word' id='word_1_1054' title='bbox 1227 2372 1248 2395; x_wconf 93' lang='lat' dir='ltr'>l.</span> <span class='ocrx_word' id='word_1_1055' title='bbox 1277 2368 1370 2395; x_wconf 88' lang='lat' dir='ltr'>Latum</span> <span class='ocrx_word' id='word_1_1056' title='bbox 1389 2368 1453 2394; x_wconf 81' lang='lat' dir='ltr'>adeo</span> <span class='ocrx_word' id='word_1_1057' title='bbox 1473 2367 1589 2403; x_wconf 75' lang='lat' dir='ltr'>felixque</span> <span class='ocrx_word' id='word_1_1058' title='bbox 1606 2366 1798 2404; x_wconf 85' lang='lat' dir='ltr'>patrimonium.</span> <span class='ocrx_word' id='word_1_1059' title='bbox 1819 2364 1868 2390; x_wconf 88' lang='lat' dir='ltr'>Th.</span> <span class='ocrx_word' id='word_1_1060' title='bbox 1883 2364 1913 2391; x_wconf 94' lang='lat' dir='ltr'>C.</span> 
     </span>
     <span class='ocr_line' id='line_1_116' title="bbox 1076 2406 1913 2445; baseline -0.007 -6"><span class='ocrx_word' id='word_1_1061' title='bbox 1076 2413 1132 2440; x_wconf 77' lang='lat' dir='ltr'>Vll.</span> <span class='ocrx_word' id='word_1_1062' title='bbox 1151 2415 1192 2439; x_wconf 83' lang='lat'>22.</span> <span class='ocrx_word' id='word_1_1063' title='bbox 1214 2423 1234 2439; x_wconf 91' lang='lat' dir='ltr'>c.</span> <span class='ocrx_word' id='word_1_1064' title='bbox 1256 2414 1295 2438; x_wconf 92' lang='lat' dir='ltr'>ll.</span> <span class='ocrx_word' id='word_1_1065' title='bbox 1315 2413 1380 2445; x_wconf 88' lang='lat'>5.1.</span> <span class='ocrx_word' id='word_1_1066' title='bbox 1401 2411 1433 2437; x_wconf 79' lang='lat' dir='ltr'>de</span> <span class='ocrx_word' id='word_1_1067' title='bbox 1452 2410 1488 2437; x_wconf 83' lang='lat' dir='ltr'>fil.</span> <span class='ocrx_word' id='word_1_1068' title='bbox 1508 2410 1611 2436; x_wconf 86' lang='lat' dir='ltr'>militar.</span> <span class='ocrx_word' id='word_1_1069' title='bbox 1649 2408 1728 2435; x_wconf 77' lang='lat' dir='ltr'>Laius</span> <span class='ocrx_word' id='word_1_1070' title='bbox 1748 2407 1846 2433; x_wconf 79' lang='lat' dir='ltr'>clavus.</span> <span class='ocrx_word' id='word_1_1071' title='bbox 1872 2406 1913 2434; x_wconf 89' lang='lat' dir='ltr'>Cs.</span> 
     </span>
     <span class='ocr_line' id='line_1_117' title="bbox 1076 2449 1913 2488; baseline -0.01 -6"><span class='ocrx_word' id='word_1_1072' title='bbox 1076 2466 1100 2482; x_wconf 84' lang='lat' dir='ltr'>v.</span> <span class='ocrx_word' id='word_1_1073' title='bbox 1121 2455 1279 2482; x_wconf 81' lang='lat' dir='ltr'>LaticlavuS.</span> <span class='ocrx_word' id='word_1_1074' title='bbox 1305 2470 1336 2473; x_wconf 98' lang='lat'><strong>—</strong></span> <span class='ocrx_word' id='word_1_1075' title='bbox 1365 2455 1396 2488; x_wconf 67' lang='grc' dir='ltr'>ξ.</span> <span class='ocrx_word' id='word_1_1076' title='bbox 1417 2455 1452 2480; x_wconf 73' lang='lat'>2.</span> <span class='ocrx_word' id='word_1_1077' title='bbox 1482 2455 1621 2482; x_wconf 70' lang='lat' dir='ltr'>Nimius,</span> <span class='ocrx_word' id='word_1_1078' title='bbox 1648 2452 1775 2477; x_wconf 81' lang='lat' dir='ltr'>Gravis.</span> <span class='ocrx_word' id='word_1_1079' title='bbox 1813 2449 1830 2475; x_wconf 91' lang='grc'>1.</span> <span class='ocrx_word' id='word_1_1080' title='bbox 1851 2451 1913 2484; x_wconf 76' lang='lat' dir='ltr'>Sy.</span> 
     </span>
     <span class='ocr_line' id='line_1_118' title="bbox 1077 2492 1912 2532; baseline -0.008 -7"><span class='ocrx_word' id='word_1_1081' title='bbox 1077 2498 1176 2529; x_wconf 81' lang='lat' dir='ltr'>Nimia,</span> <span class='ocrx_word' id='word_1_1082' title='bbox 1196 2497 1345 2528; x_wconf 75' lang='lat' dir='ltr'>Manifesta.</span> <span class='ocrx_word' id='word_1_1083' title='bbox 1364 2495 1428 2522; x_wconf 82' lang='lat' dir='ltr'>Lata</span> <span class='ocrx_word' id='word_1_1084' title='bbox 1448 2495 1628 2532; x_wconf 73' lang='lat' dir='ltr'>(negligentia,</span> <span class='ocrx_word' id='word_1_1085' title='bbox 1648 2503 1669 2518; x_wconf 81' lang='lat' dir='ltr'>S.</span> <span class='ocrx_word' id='word_1_1086' title='bbox 1690 2492 1786 2529; x_wconf 85' lang='lat' dir='ltr'>culpa.)</span> <span class='ocrx_word' id='word_1_1087' title='bbox 1805 2492 1835 2519; x_wconf 80' lang='lat' dir='ltr'>fr.</span> <span class='ocrx_word' id='word_1_1088' title='bbox 1854 2494 1912 2519; x_wconf 80' lang='lat'>213.</span> 
     </span>
     <span class='ocr_line' id='line_1_119' title="bbox 1076 2535 1913 2575; baseline -0.01 -8"><span class='ocrx_word' id='word_1_1089' title='bbox 1076 2542 1097 2575; x_wconf 87' lang='lat'>5.</span> <span class='ocrx_word' id='word_1_1090' title='bbox 1117 2544 1141 2567; x_wconf 87' lang='lat'>2.</span> <span class='ocrx_word' id='word_1_1091' title='bbox 1162 2541 1194 2567; x_wconf 86' lang='lat' dir='ltr'>de</span> <span class='ocrx_word' id='word_1_1092' title='bbox 1214 2540 1245 2566; x_wconf 64' lang='grc' dir='ltr'>Υ.</span> <span class='ocrx_word' id='word_1_1093' title='bbox 1265 2540 1292 2566; x_wconf 90' lang='lat' dir='ltr'>S.</span> <span class='ocrx_word' id='word_1_1094' title='bbox 1312 2542 1354 2566; x_wconf 82' lang='lat'>50.</span> <span class='ocrx_word' id='word_1_1095' title='bbox 1379 2541 1419 2566; x_wconf 88' lang='grc'>16.</span> <span class='ocrx_word' id='word_1_1096' title='bbox 1445 2550 1465 2566; x_wconf 88' lang='lat' dir='ltr'>c.</span> <span class='ocrx_word' id='word_1_1097' title='bbox 1485 2541 1509 2564; x_wconf 83' lang='grc'>2.</span> <span class='ocrx_word' id='word_1_1098' title='bbox 1534 2537 1622 2563; x_wconf 81' lang='lat' dir='ltr'>arbitr.</span> <span class='ocrx_word' id='word_1_1099' title='bbox 1646 2540 1693 2561; x_wconf 83' lang='lat' dir='ltr'>tut.</span> <span class='ocrx_word' id='word_1_1100' title='bbox 1717 2536 1741 2561; x_wconf 89' lang='lat'>5.</span> <span class='ocrx_word' id='word_1_1101' title='bbox 1761 2537 1802 2560; x_wconf 85' lang='lat'>51.</span> <span class='ocrx_word' id='word_1_1102' title='bbox 1840 2535 1913 2570; x_wconf 78' lang='lat' dir='ltr'>Quae</span> 
     </span>
     <span class='ocr_line' id='line_1_120' title="bbox 1077 2577 1911 2620; baseline -0.008 -10"><span class='ocrx_word' id='word_1_1103' title='bbox 1077 2584 1138 2610; x_wconf 91' lang='lat' dir='ltr'>dolo</span> <span class='ocrx_word' id='word_1_1104' title='bbox 1158 2584 1276 2620; x_wconf 77' lang='lat' dir='ltr'>proxima</span> <span class='ocrx_word' id='word_1_1105' title='bbox 1295 2587 1343 2614; x_wconf 88' lang='lat' dir='ltr'>est,</span> <span class='ocrx_word' id='word_1_1106' title='bbox 1364 2582 1426 2609; x_wconf 82' lang='lat' dir='ltr'>Lata</span> <span class='ocrx_word' id='word_1_1107' title='bbox 1441 2581 1550 2617; x_wconf 83' lang='lat' dir='ltr'>(culpa.)</span> <span class='ocrx_word' id='word_1_1108' title='bbox 1571 2579 1600 2605; x_wconf 83' lang='lat' dir='ltr'>l&#39;r.</span> <span class='ocrx_word' id='word_1_1109' title='bbox 1614 2580 1637 2603; x_wconf 79' lang='lat'>4.</span> <span class='ocrx_word' id='word_1_1110' title='bbox 1658 2577 1690 2604; x_wconf 85' lang='lat' dir='ltr'>de</span> <span class='ocrx_word' id='word_1_1111' title='bbox 1709 2579 1823 2613; x_wconf 70' lang='lat' dir='ltr'>magistr.</span> <span class='ocrx_word' id='word_1_1112' title='bbox 1837 2588 1911 2604; x_wconf 87' lang='lat' dir='ltr'>conv.</span> 
     </span>
     <span class='ocr_line' id='line_1_121' title="bbox 1076 2620 1911 2658; baseline -0.006 -6"><span class='ocrx_word' id='word_1_1113' title='bbox 1076 2629 1117 2652; x_wconf 86' lang='lat'>27.</span> <span class='ocrx_word' id='word_1_1114' title='bbox 1141 2627 1165 2652; x_wconf 74' lang='grc' dir='ltr'>ὃ.</span> <span class='ocrx_word' id='word_1_1115' title='bbox 1195 2625 1225 2651; x_wconf 88' lang='lat' dir='ltr'>fr.</span> <span class='ocrx_word' id='word_1_1116' title='bbox 1249 2627 1290 2651; x_wconf 88' lang='lat'>22.</span> <span class='ocrx_word' id='word_1_1117' title='bbox 1319 2626 1340 2658; x_wconf 89' lang='lat'>5.</span> <span class='ocrx_word' id='word_1_1118' title='bbox 1360 2626 1383 2651; x_wconf 90' lang='lat'>3.</span> <span class='ocrx_word' id='word_1_1119' title='bbox 1408 2624 1440 2650; x_wconf 85' lang='lat' dir='ltr'>ad</span> <span class='ocrx_word' id='word_1_1120' title='bbox 1465 2624 1491 2649; x_wconf 92' lang='lat' dir='ltr'>S.</span> <span class='ocrx_word' id='word_1_1121' title='bbox 1517 2622 1547 2648; x_wconf 82' lang='lat' dir='ltr'>C.</span> <span class='ocrx_word' id='word_1_1122' title='bbox 1568 2620 1647 2647; x_wconf 91' lang='lat' dir='ltr'>Treb.</span> <span class='ocrx_word' id='word_1_1123' title='bbox 1671 2621 1712 2646; x_wconf 89' lang='lat'>36.</span> <span class='ocrx_word' id='word_1_1124' title='bbox 1734 2622 1755 2646; x_wconf 95' lang='lat' dir='ltr'>l.</span> <span class='ocrx_word' id='word_1_1125' title='bbox 1793 2620 1823 2646; x_wconf 89' lang='lat'>11.</span> <span class='ocrx_word' id='word_1_1126' title='bbox 1844 2622 1911 2654; x_wconf 75' lang='lat' dir='ltr'>Op.</span> 
     </span>
     <span class='ocr_line' id='line_1_122' title="bbox 1077 2662 1911 2704; baseline -0.008 -9"><span class='ocrx_word' id='word_1_1127' title='bbox 1077 2669 1180 2697; x_wconf 82' lang='lat' dir='ltr'>Omnis.</span> <span class='ocrx_word' id='word_1_1128' title='bbox 1200 2683 1232 2687; x_wconf 88' lang='lat'><strong>—</strong></span> <span class='ocrx_word' id='word_1_1129' title='bbox 1252 2667 1349 2704; x_wconf 74' lang='lat' dir='ltr'>Vtique</span> <span class='ocrx_word' id='word_1_1130' title='bbox 1368 2667 1418 2693; x_wconf 86' lang='lat' dir='ltr'>lata</span> <span class='ocrx_word' id='word_1_1131' title='bbox 1437 2665 1547 2701; x_wconf 83' lang='lat' dir='ltr'>(culpa.)</span> <span class='ocrx_word' id='word_1_1132' title='bbox 1586 2663 1648 2689; x_wconf 81' lang='lat' dir='ltr'>Lata</span> <span class='ocrx_word' id='word_1_1133' title='bbox 1668 2662 1755 2700; x_wconf 79' lang='lat' dir='ltr'>culpa,</span> <span class='ocrx_word' id='word_1_1134' title='bbox 1780 2673 1832 2689; x_wconf 91' lang='lat' dir='ltr'>non</span> <span class='ocrx_word' id='word_1_1135' title='bbox 1852 2663 1911 2694; x_wconf 81' lang='lat' dir='ltr'>levi,</span> 
     </span>
     <span class='ocr_line' id='line_1_123' title="bbox 1078 2705 1910 2743; baseline -0.008 -5"><span class='ocrx_word' id='word_1_1136' title='bbox 1078 2717 1103 2739; x_wconf 87' lang='lat' dir='ltr'>et</span> <span class='ocrx_word' id='word_1_1137' title='bbox 1126 2711 1205 2737; x_wconf 86' lang='lat' dir='ltr'>rebus</span> <span class='ocrx_word' id='word_1_1138' title='bbox 1229 2711 1284 2737; x_wconf 88' lang='lat' dir='ltr'>suis</span> <span class='ocrx_word' id='word_1_1139' title='bbox 1309 2714 1432 2736; x_wconf 79' lang='lat' dir='ltr'>consueta</span> <span class='ocrx_word' id='word_1_1140' title='bbox 1456 2706 1624 2743; x_wconf 74' lang='lat' dir='ltr'>negligentia,</span> <span class='ocrx_word' id='word_1_1141' title='bbox 1649 2705 1786 2739; x_wconf 81' lang='lat' dir='ltr'>(fecisse.)</span> <span class='ocrx_word' id='word_1_1142' title='bbox 1818 2705 1846 2732; x_wconf 86' lang='lat' dir='ltr'>fr.</span> <span class='ocrx_word' id='word_1_1143' title='bbox 1870 2707 1910 2730; x_wconf 87' lang='lat'>22.</span> 
     </span>
     <span class='ocr_line' id='line_1_124' title="bbox 1077 2748 1910 2789; baseline -0.011 -8"><span class='ocrx_word' id='word_1_1144' title='bbox 1077 2756 1099 2789; x_wconf 91' lang='lat'>5.</span> <span class='ocrx_word' id='word_1_1145' title='bbox 1118 2756 1142 2780; x_wconf 89' lang='lat'>3.</span> <span class='ocrx_word' id='word_1_1146' title='bbox 1167 2753 1184 2780; x_wconf 90' lang='lat'>1.</span> <span class='ocrx_word' id='word_1_1147' title='bbox 1208 2755 1248 2779; x_wconf 81' lang='lat'>36.</span> <span class='ocrx_word' id='word_1_1148' title='bbox 1270 2755 1291 2779; x_wconf 94' lang='grc'>1.</span> <span class='ocrx_word' id='word_1_1149' title='bbox 1332 2752 1374 2778; x_wconf 89' lang='grc'>111.</span> <span class='ocrx_word' id='word_1_1150' title='bbox 1395 2753 1459 2778; x_wconf 76' lang='lat' dir='ltr'>Cn.</span> <span class='ocrx_word' id='word_1_1151' title='bbox 1488 2749 1551 2775; x_wconf 79' lang='lat' dir='ltr'>Lata</span> <span class='ocrx_word' id='word_1_1152' title='bbox 1575 2754 1600 2775; x_wconf 88' lang='lat' dir='ltr'>et</span> <span class='ocrx_word' id='word_1_1153' title='bbox 1623 2750 1725 2775; x_wconf 86' lang='lat' dir='ltr'>incauta</span> <span class='ocrx_word' id='word_1_1154' title='bbox 1749 2748 1910 2783; x_wconf 67' lang='lat' dir='ltr'>negligentia,</span> 
     </span>
    </p>
   </div>
   <div class='ocr_carea' id='block_1_11' title="bbox 1077 2789 1911 2824">
    <p class='ocr_par' dir='ltr' id='par_1_20' title="bbox 1077 2789 1911 2824">
     <span class='ocr_line' id='line_1_125' title="bbox 1077 2789 1911 2824; baseline -0.011 0"><span class='ocrx_word' id='word_1_1155' title='bbox 1077 2797 1119 2824; x_wconf 83' lang='lat' dir='ltr'>vel</span> <span class='ocrx_word' id='word_1_1156' title='bbox 1139 2796 1253 2824; x_wconf 81' lang='lat' dir='ltr'>lascivia.</span> <span class='ocrx_word' id='word_1_1157' title='bbox 1274 2794 1343 2822; x_wconf 84' lang='lat' dir='ltr'>Coll.</span> <span class='ocrx_word' id='word_1_1158' title='bbox 1363 2793 1414 2821; x_wconf 86' lang='lat' dir='ltr'>LL.</span> <span class='ocrx_word' id='word_1_1159' title='bbox 1435 2792 1468 2819; x_wconf 73' lang='lat' dir='ltr'>M.</span> <span class='ocrx_word' id='word_1_1160' title='bbox 1487 2792 1543 2818; x_wconf 84' lang='lat' dir='ltr'>XII.</span> <span class='ocrx_word' id='word_1_1161' title='bbox 1563 2795 1587 2819; x_wconf 90' lang='lat'>5.</span> <span class='ocrx_word' id='word_1_1162' title='bbox 1623 2791 1683 2818; x_wconf 71' lang='lat' dir='ltr'>&#39;Non</span> <span class='ocrx_word' id='word_1_1163' title='bbox 1707 2791 1794 2818; x_wconf 87' lang='lat' dir='ltr'>dolum</span> <span class='ocrx_word' id='word_1_1164' title='bbox 1817 2789 1911 2816; x_wconf 85' lang='lat' dir='ltr'>solum-</span> 
     </span>
    </p>
   </div>
   <div class='ocr_carea' id='block_1_12' title="bbox 1438 2838 1470 2863">
    <p class='ocr_par' dir='ltr' id='par_1_21' title="bbox 1438 2838 1470 2863">
     <span class='ocr_line' id='line_1_126' title="bbox 1438 2838 1470 2863; baseline 0 0"><span class='ocrx_word' id='word_1_1165' title='bbox 1438 2838 1470 2863; x_wconf 87' lang='lat'>67</span> 
     </span>
    </p>
   </div>
  </div>
 </body>
</html>
