<?xml version="1.0" encoding="UTF-8"?>
<!DOCTYPE html PUBLIC "-//W3C//DTD XHTML 1.0 Transitional//EN"
    "http://www.w3.org/TR/xhtml1/DTD/xhtml1-transitional.dtd">
<html xmlns="http://www.w3.org/1999/xhtml" xml:lang="en" lang="en">
 <head>
  <title>
</title>
<meta http-equiv="Content-Type" content="text/html;charset=utf-8" />
  <meta name='ocr-system' content='tesseract 3.04.00' />
  <meta name='ocr-capabilities' content='ocr_page ocr_carea ocr_par ocr_line ocrx_word'/>
</head>
<body>
  <div class='ocr_page' id='page_1' title='image "./manualelatinitat00dirk_0661.png"; bbox 0 0 2197 3121; ppageno 0'>
   <div class='ocr_carea' id='block_1_1' title="bbox 999 170 1089 201">
    <p class='ocr_par' dir='ltr' id='par_1_1' title="bbox 999 170 1089 201">
     <span class='ocr_line' id='line_1_1' title="bbox 999 170 1089 201; baseline -0.011 0"><span class='ocrx_word' id='word_1_1' title='bbox 999 170 1089 201; x_wconf 86' lang='lat' dir='ltr'><strong>OBS.</strong></span> 
     </span>
    </p>
   </div>
   <div class='ocr_carea' id='block_1_2' title="bbox 179 251 1048 2889">
    <p class='ocr_par' dir='ltr' id='par_1_2' title="bbox 179 251 1041 422">
     <span class='ocr_line' id='line_1_2' title="bbox 180 251 1041 290; baseline -0.007 -6"><span class='ocrx_word' id='word_1_2' title='bbox 180 257 212 284; x_wconf 87' lang='lat' dir='ltr'>de</span> <span class='ocrx_word' id='word_1_3' title='bbox 238 257 361 283; x_wconf 77' lang='lat' dir='ltr'>eviction.</span> <span class='ocrx_word' id='word_1_4' title='bbox 379 259 422 283; x_wconf 81' lang='grc'>21.</span> <span class='ocrx_word' id='word_1_5' title='bbox 441 258 465 282; x_wconf 86' lang='lat'>2.</span> <span class='ocrx_word' id='word_1_6' title='bbox 491 256 520 282; x_wconf 69' lang='lat' dir='ltr'><strong>l‘r.</strong></span> <span class='ocrx_word' id='word_1_7' title='bbox 543 255 599 281; x_wconf 74' lang='lat'><strong>158.</strong></span> <span class='ocrx_word' id='word_1_8' title='bbox 624 254 689 288; x_wconf 88' lang='lat'><strong>5.1.</strong></span> <span class='ocrx_word' id='word_1_9' title='bbox 710 252 742 278; x_wconf 83' lang='lat' dir='ltr'>de</span> <span class='ocrx_word' id='word_1_10' title='bbox 761 252 791 278; x_wconf 79' lang='lat' dir='ltr'>R.</span> <span class='ocrx_word' id='word_1_11' title='bbox 812 252 829 278; x_wconf 93' lang='grc'>1.</span> <span class='ocrx_word' id='word_1_12' title='bbox 850 254 890 278; x_wconf 77' lang='lat'>50.</span> <span class='ocrx_word' id='word_1_13' title='bbox 914 254 951 278; x_wconf 88' lang='lat'>17.</span> <span class='ocrx_word' id='word_1_14' title='bbox 989 251 1017 278; x_wconf 94' lang='lat' dir='ltr'>In</span> <span class='ocrx_word' id='word_1_15' title='bbox 1040 252 1041 290; x_wconf 82' lang='grc'>1</span> 
     </span>
     <span class='ocr_line' id='line_1_3' title="bbox 179 294 1041 337; baseline -0.006 -11"><span class='ocrx_word' id='word_1_16' title='bbox 179 300 300 326; x_wconf 81' lang='lat' dir='ltr'>obscuris</span> <span class='ocrx_word' id='word_1_17' title='bbox 325 301 437 337; x_wconf 80' lang='lat' dir='ltr'>(inspici</span> <span class='ocrx_word' id='word_1_18' title='bbox 461 298 529 325; x_wconf 82' lang='lat' dir='ltr'>solet</span> <span class='ocrx_word' id='word_1_19' title='bbox 554 297 619 328; x_wconf 86' lang='lat' dir='ltr'>etc.)</span> <span class='ocrx_word' id='word_1_20' title='bbox 647 295 676 322; x_wconf 66' lang='grc' dir='ltr'>Τι’.</span> <span class='ocrx_word' id='word_1_21' title='bbox 698 298 754 322; x_wconf 73' lang='lat'><strong>114.</strong></span> <span class='ocrx_word' id='word_1_22' title='bbox 776 295 807 321; x_wconf 81' lang='lat' dir='ltr'><strong>cl&#39;.</strong></span> <span class='ocrx_word' id='word_1_23' title='bbox 828 295 858 321; x_wconf 68' lang='lat' dir='ltr'><strong>l&#39;r.</strong></span> <span class='ocrx_word' id='word_1_24' title='bbox 878 296 901 321; x_wconf 84' lang='lat'>9.</span> <span class='ocrx_word' id='word_1_25' title='bbox 922 295 955 321; x_wconf 91' lang='lat' dir='ltr'>ib.</span> <span class='ocrx_word' id='word_1_26' title='bbox 975 297 1017 321; x_wconf 82' lang='lat'>50.</span> <span class='ocrx_word' id='word_1_27' title='bbox 1040 294 1041 298; x_wconf 45' lang='lat'>¹</span> 
     </span>
     <span class='ocr_line' id='line_1_4' title="bbox 182 337 1018 377; baseline -0.005 -9"><span class='ocrx_word' id='word_1_28' title='bbox 182 345 220 369; x_wconf 74' lang='lat'>17.</span> <span class='ocrx_word' id='word_1_29' title='bbox 235 359 267 362; x_wconf 98' lang='lat'><strong>—</strong></span> <span class='ocrx_word' id='word_1_30' title='bbox 287 343 317 376; x_wconf 65' lang='grc' dir='ltr'>ξ.</span> <span class='ocrx_word' id='word_1_31' title='bbox 331 344 367 369; x_wconf 81' lang='grc'>3.</span> <span class='ocrx_word' id='word_1_32' title='bbox 390 343 559 377; x_wconf 71' lang='lat' dir='ltr'>Ignobilis.</span> <span class='ocrx_word' id='word_1_33' title='bbox 588 338 630 365; x_wconf 65' lang='lat' dir='ltr'><strong>III.</strong></span> <span class='ocrx_word' id='word_1_34' title='bbox 646 340 711 366; x_wconf 67' lang='lat' dir='ltr'>sn.</span> <span class='ocrx_word' id='word_1_35' title='bbox 732 340 806 374; x_wconf 72' lang='lat' dir='ltr'>Quae</span> <span class='ocrx_word' id='word_1_36' title='bbox 825 338 938 364; x_wconf 84' lang='lat' dir='ltr'>obscuro</span> <span class='ocrx_word' id='word_1_37' title='bbox 959 337 1018 364; x_wconf 81' lang='lat' dir='ltr'>loco</span> 
     </span>
     <span class='ocr_line' id='line_1_5' title="bbox 180 382 744 422; baseline -0.009 -10"><span class='ocrx_word' id='word_1_38' title='bbox 180 391 238 412; x_wconf 84' lang='lat' dir='ltr'>nata</span> <span class='ocrx_word' id='word_1_39' title='bbox 259 391 306 412; x_wconf 84' lang='lat' dir='ltr'>est.</span> <span class='ocrx_word' id='word_1_40' title='bbox 328 386 357 412; x_wconf 78' lang='lat' dir='ltr'>fr.</span> <span class='ocrx_word' id='word_1_41' title='bbox 376 388 399 412; x_wconf 84' lang='lat'>3.</span> <span class='ocrx_word' id='word_1_42' title='bbox 420 395 458 422; x_wconf 87' lang='lat' dir='ltr'>pr.</span> <span class='ocrx_word' id='word_1_43' title='bbox 479 383 511 410; x_wconf 80' lang='lat' dir='ltr'>de</span> <span class='ocrx_word' id='word_1_44' title='bbox 531 382 640 409; x_wconf 83' lang='lat' dir='ltr'>concub.</span> <span class='ocrx_word' id='word_1_45' title='bbox 660 385 700 408; x_wconf 71' lang='lat'>25.</span> <span class='ocrx_word' id='word_1_46' title='bbox 723 383 744 407; x_wconf 87' lang='lat'>7.</span> 
     </span>
    </p>

    <p class='ocr_par' dir='ltr' id='par_1_3' title="bbox 180 423 1018 675">
     <span class='ocr_line' id='line_1_6' title="bbox 215 423 1017 460; baseline -0.01 -4"><span class='ocrx_word' id='word_1_47' title='bbox 215 429 446 455; x_wconf 70' lang='lat' dir='ltr'>obsecratio.</span> <span class='ocrx_word' id='word_1_48' title='bbox 484 426 514 460; x_wconf 83' lang='lat'>§.</span> <span class='ocrx_word' id='word_1_49' title='bbox 535 427 569 452; x_wconf 89' lang='lat'>1.</span> <span class='ocrx_word' id='word_1_50' title='bbox 591 426 801 459; x_wconf 78' lang='lat' dir='ltr'>Supplicatio</span> <span class='ocrx_word' id='word_1_51' title='bbox 819 425 961 457; x_wconf 77' lang='lat' dir='ltr'>publica.</span> <span class='ocrx_word' id='word_1_52' title='bbox 999 423 1017 449; x_wconf 96' lang='lat' dir='ltr'>I.</span> 
     </span>
     <span class='ocr_line' id='line_1_7' title="bbox 180 467 1018 506; baseline -0.01 -8"><span class='ocrx_word' id='word_1_53' title='bbox 180 472 242 506; x_wconf 77' lang='lat' dir='ltr'><strong>Sy.</strong></span> <span class='ocrx_word' id='word_1_54' title='bbox 262 471 423 500; x_wconf 72' lang='lat' dir='ltr'>celebritas.</span> <span class='ocrx_word' id='word_1_55' title='bbox 443 469 552 495; x_wconf 84' lang='lat' dir='ltr'>Laetitia</span> <span class='ocrx_word' id='word_1_56' title='bbox 575 467 732 499; x_wconf 85' lang='lat' dir='ltr'>(Paschae.)</span> <span class='ocrx_word' id='word_1_57' title='bbox 761 467 961 493; x_wconf 87' lang='lat' dir='ltr'>Obsecrationis</span> <span class='ocrx_word' id='word_1_58' title='bbox 981 475 1018 491; x_wconf 83' lang='lat' dir='ltr'>re-</span> 
     </span>
     <span class='ocr_line' id='line_1_8' title="bbox 180 508 1017 549; baseline -0.01 -8"><span class='ocrx_word' id='word_1_59' title='bbox 180 514 250 549; x_wconf 79' lang='lat' dir='ltr'>ligio.</span> <span class='ocrx_word' id='word_1_60' title='bbox 271 512 480 540; x_wconf 73' lang='lat' dir='ltr'><strong>T11.C.1X.38.</strong></span> <span class='ocrx_word' id='word_1_61' title='bbox 502 522 522 538; x_wconf 90' lang='lat' dir='ltr'>c.</span> <span class='ocrx_word' id='word_1_62' title='bbox 536 513 560 537; x_wconf 94' lang='lat'>3.</span> <span class='ocrx_word' id='word_1_63' title='bbox 579 521 618 547; x_wconf 86' lang='lat' dir='ltr'>sq.</span> <span class='ocrx_word' id='word_1_64' title='bbox 639 521 660 537; x_wconf 89' lang='lat' dir='ltr'>c.</span> <span class='ocrx_word' id='word_1_65' title='bbox 681 512 704 536; x_wconf 83' lang='lat'>6.</span> <span class='ocrx_word' id='word_1_66' title='bbox 725 519 763 546; x_wconf 85' lang='lat' dir='ltr'>sq.</span> <span class='ocrx_word' id='word_1_67' title='bbox 784 509 815 535; x_wconf 82' lang='lat' dir='ltr'>de</span> <span class='ocrx_word' id='word_1_68' title='bbox 835 508 931 544; x_wconf 71' lang='lat' dir='ltr'>indulg.</span> <span class='ocrx_word' id='word_1_69' title='bbox 947 509 1017 534; x_wconf 87' lang='lat' dir='ltr'>crim.</span> 
     </span>
     <span class='ocr_line' id='line_1_9' title="bbox 181 550 1018 590; baseline -0.01 -6"><span class='ocrx_word' id='word_1_70' title='bbox 181 573 211 578; x_wconf 85' lang='lat'>—</span> <span class='ocrx_word' id='word_1_71' title='bbox 234 558 263 590; x_wconf 65' lang='grc' dir='ltr'>ξ.</span> <span class='ocrx_word' id='word_1_72' title='bbox 284 558 319 583; x_wconf 75' lang='lat'>².</span> <span class='ocrx_word' id='word_1_73' title='bbox 349 557 486 583; x_wconf 62' lang='lat' dir='ltr'>oblatio</span> <span class='ocrx_word' id='word_1_74' title='bbox 509 564 651 589; x_wconf 77' lang='lat' dir='ltr'>precum,</span> <span class='ocrx_word' id='word_1_75' title='bbox 675 562 779 579; x_wconf 76' lang='lat' dir='ltr'>eoram</span> <span class='ocrx_word' id='word_1_76' title='bbox 801 553 962 585; x_wconf 59' lang='lat' dir='ltr'>Principe.</span> <span class='ocrx_word' id='word_1_77' title='bbox 1001 550 1018 577; x_wconf 84' lang='lat'>1.</span> 
     </span>
     <span class='ocr_line' id='line_1_10' title="bbox 181 594 1018 634; baseline -0.007 -9"><span class='ocrx_word' id='word_1_78' title='bbox 181 600 242 634; x_wconf 75' lang='lat' dir='ltr'>Sy.</span> <span class='ocrx_word' id='word_1_79' title='bbox 262 598 365 625; x_wconf 87' lang='lat' dir='ltr'>Preces.</span> <span class='ocrx_word' id='word_1_80' title='bbox 386 597 452 624; x_wconf 77' lang='lat' dir='ltr'><strong>Nov.</strong></span> <span class='ocrx_word' id='word_1_81' title='bbox 473 596 530 623; x_wconf 74' lang='lat' dir='ltr'><strong>Val.</strong></span> <span class='ocrx_word' id='word_1_82' title='bbox 550 596 593 623; x_wconf 91' lang='lat' dir='ltr'><strong>III.</strong></span> <span class='ocrx_word' id='word_1_83' title='bbox 614 596 645 622; x_wconf 87' lang='lat' dir='ltr'>de</span> <span class='ocrx_word' id='word_1_84' title='bbox 665 597 778 622; x_wconf 80' lang='lat' dir='ltr'>invasor.</span> <span class='ocrx_word' id='word_1_85' title='bbox 798 594 828 620; x_wconf 89' lang='grc'>11.</span> <span class='ocrx_word' id='word_1_86' title='bbox 848 597 871 620; x_wconf 74' lang='grc'>8.</span> <span class='ocrx_word' id='word_1_87' title='bbox 895 604 915 620; x_wconf 90' lang='lat' dir='ltr'>c.</span> <span class='ocrx_word' id='word_1_88' title='bbox 935 595 959 620; x_wconf 84' lang='lat'>2.</span> <span class='ocrx_word' id='word_1_89' title='bbox 980 604 1018 631; x_wconf 83' lang='lat' dir='ltr'>pr.</span> 
     </span>
     <span class='ocr_line' id='line_1_11' title="bbox 180 641 427 675; baseline -0.004 -7"><span class='ocrx_word' id='word_1_90' title='bbox 180 641 222 668; x_wconf 82' lang='lat' dir='ltr'>Cf.</span> <span class='ocrx_word' id='word_1_91' title='bbox 243 641 326 668; x_wconf 84' lang='lat' dir='ltr'>Vatic.</span> <span class='ocrx_word' id='word_1_92' title='bbox 346 641 368 675; x_wconf 84' lang='lat'>5.</span> <span class='ocrx_word' id='word_1_93' title='bbox 387 643 427 667; x_wconf 80' lang='lat'>35.</span> 
     </span>
    </p>

    <p class='ocr_par' dir='ltr' id='par_1_4' title="bbox 180 679 1044 1095">
     <span class='ocr_line' id='line_1_12' title="bbox 215 679 1042 716; baseline -0.008 -4"><span class='ocrx_word' id='word_1_94' title='bbox 215 685 498 712; x_wconf 74' lang='lat' dir='ltr'>obsecundare.</span> <span class='ocrx_word' id='word_1_95' title='bbox 521 683 710 716; x_wconf 76' lang='lat' dir='ltr'><strong><em>Obsequium</em></strong></span> <span class='ocrx_word' id='word_1_96' title='bbox 728 687 908 715; x_wconf 79' lang='lat' dir='ltr'>praestare.</span> <span class='ocrx_word' id='word_1_97' title='bbox 928 679 1018 713; x_wconf 74' lang='lat' dir='ltr'><strong>LSy.</strong></span> <span class='ocrx_word' id='word_1_98' title='bbox 1041 697 1042 704; x_wconf 33' lang='grc' dir='ltr'>η</span> 
     </span>
     <span class='ocr_line' id='line_1_13' title="bbox 180 718 1043 759; baseline -0.007 -6"><span class='ocrx_word' id='word_1_99' title='bbox 180 727 283 753; x_wconf 67' lang='lat' dir='ltr'>Parere.</span> <span class='ocrx_word' id='word_1_100' title='bbox 313 726 362 752; x_wconf 82' lang='lat' dir='ltr'>Tb.</span> <span class='ocrx_word' id='word_1_101' title='bbox 388 726 418 752; x_wconf 89' lang='lat' dir='ltr'>C.</span> <span class='ocrx_word' id='word_1_102' title='bbox 444 725 512 751; x_wconf 80' lang='lat' dir='ltr'><strong>VIII.</strong></span> <span class='ocrx_word' id='word_1_103' title='bbox 536 727 559 750; x_wconf 85' lang='lat'>5.</span> <span class='ocrx_word' id='word_1_104' title='bbox 586 735 606 750; x_wconf 91' lang='lat' dir='ltr'>c.</span> <span class='ocrx_word' id='word_1_105' title='bbox 627 726 666 750; x_wconf 86' lang='lat'>57.</span> <span class='ocrx_word' id='word_1_106' title='bbox 692 734 712 749; x_wconf 84' lang='lat' dir='ltr'>c.</span> <span class='ocrx_word' id='word_1_107' title='bbox 732 726 773 749; x_wconf 82' lang='grc'>62.</span> <span class='ocrx_word' id='word_1_108' title='bbox 798 723 830 749; x_wconf 83' lang='lat' dir='ltr'>(le</span> <span class='ocrx_word' id='word_1_109' title='bbox 855 733 933 749; x_wconf 87' lang='lat' dir='ltr'>cursu</span> <span class='ocrx_word' id='word_1_110' title='bbox 958 722 1019 759; x_wconf 89' lang='lat' dir='ltr'>pub.</span> <span class='ocrx_word' id='word_1_111' title='bbox 1041 718 1043 731; x_wconf 45' lang='lat'>¹¹</span> 
     </span>
     <span class='ocr_line' id='line_1_14' title="bbox 181 766 1043 802; baseline -0.007 -6"><span class='ocrx_word' id='word_1_112' title='bbox 181 770 322 796; x_wconf 80' lang='lat' dir='ltr'>obnoxius</span> <span class='ocrx_word' id='word_1_113' title='bbox 343 769 425 795; x_wconf 76' lang='lat' dir='ltr'>teneri</span> <span class='ocrx_word' id='word_1_114' title='bbox 446 767 476 794; x_wconf 84' lang='lat' dir='ltr'>ad</span> <span class='ocrx_word' id='word_1_115' title='bbox 497 767 685 799; x_wconf 78' lang='lat' dir='ltr'>(functiones.)</span> <span class='ocrx_word' id='word_1_116' title='bbox 710 766 746 792; x_wconf 94' lang='lat' dir='ltr'>Ib.</span> <span class='ocrx_word' id='word_1_117' title='bbox 766 766 811 792; x_wconf 85' lang='lat' dir='ltr'>XI.</span> <span class='ocrx_word' id='word_1_118' title='bbox 830 768 872 792; x_wconf 76' lang='lat'>24.</span> <span class='ocrx_word' id='word_1_119' title='bbox 897 776 917 791; x_wconf 80' lang='lat' dir='ltr'>c.</span> <span class='ocrx_word' id='word_1_120' title='bbox 937 767 960 791; x_wconf 83' lang='grc'>6.</span> <span class='ocrx_word' id='word_1_121' title='bbox 981 775 1012 802; x_wconf 85' lang='lat' dir='ltr'>pr</span> <span class='ocrx_word' id='word_1_122' title='bbox 1042 767 1043 777; x_wconf 67' lang='lat'>¹</span> 
     </span>
     <span class='ocr_line' id='line_1_15' title="bbox 180 809 1020 849; baseline -0.007 -10"><span class='ocrx_word' id='word_1_123' title='bbox 180 813 201 847; x_wconf 88' lang='lat'>5.</span> <span class='ocrx_word' id='word_1_124' title='bbox 221 815 244 839; x_wconf 83' lang='lat'>3.</span> <span class='ocrx_word' id='word_1_125' title='bbox 266 812 298 838; x_wconf 87' lang='lat' dir='ltr'>de</span> <span class='ocrx_word' id='word_1_126' title='bbox 317 817 416 849; x_wconf 83' lang='lat' dir='ltr'>patroc.</span> <span class='ocrx_word' id='word_1_127' title='bbox 437 812 517 837; x_wconf 77' lang='lat' dir='ltr'>vicor.</span> <span class='ocrx_word' id='word_1_128' title='bbox 554 810 596 836; x_wconf 84' lang='lat' dir='ltr'><strong>III.</strong></span> <span class='ocrx_word' id='word_1_129' title='bbox 612 811 676 836; x_wconf 78' lang='lat' dir='ltr'>Cn.</span> <span class='ocrx_word' id='word_1_130' title='bbox 696 809 811 835; x_wconf 82' lang='lat' dir='ltr'>Devotio</span> <span class='ocrx_word' id='word_1_131' title='bbox 832 814 873 835; x_wconf 83' lang='lat' dir='ltr'>tua</span> <span class='ocrx_word' id='word_1_132' title='bbox 894 809 973 834; x_wconf 82' lang='lat' dir='ltr'>iussis</span> <span class='ocrx_word' id='word_1_133' title='bbox 992 818 1020 833; x_wconf 84' lang='lat' dir='ltr'>ac</span> 
     </span>
     <span class='ocr_line' id='line_1_16' title="bbox 181 850 1044 882; baseline -0.006 -1"><span class='ocrx_word' id='word_1_134' title='bbox 181 856 286 882; x_wconf 76' lang='lat' dir='ltr'>statutis</span> <span class='ocrx_word' id='word_1_135' title='bbox 307 871 338 874; x_wconf 93' lang='lat'>——</span> <span class='ocrx_word' id='word_1_136' title='bbox 359 855 485 880; x_wconf 86' lang='lat' dir='ltr'>maturius</span> <span class='ocrx_word' id='word_1_137' title='bbox 505 851 683 879; x_wconf 70' lang='lat' dir='ltr'><strong>obsecundare</strong></span> <span class='ocrx_word' id='word_1_138' title='bbox 703 852 816 878; x_wconf 75' lang='lat' dir='ltr'>festinet.</span> <span class='ocrx_word' id='word_1_139' title='bbox 837 851 906 878; x_wconf 71' lang='lat' dir='ltr'>Cott.</span> <span class='ocrx_word' id='word_1_140' title='bbox 922 850 972 877; x_wconf 83' lang='lat' dir='ltr'>LL.</span> <span class='ocrx_word' id='word_1_141' title='bbox 988 851 1020 877; x_wconf 76' lang='lat' dir='ltr'>M.</span> <span class='ocrx_word' id='word_1_142' title='bbox 1042 861 1044 882; x_wconf 77' lang='grc'>1</span> 
     </span>
     <span class='ocr_line' id='line_1_17' title="bbox 180 895 1021 934; baseline -0.006 -10"><span class='ocrx_word' id='word_1_143' title='bbox 180 897 239 924; x_wconf 86' lang='lat' dir='ltr'>XV.</span> <span class='ocrx_word' id='word_1_144' title='bbox 253 900 277 923; x_wconf 98' lang='lat'>3.</span> <span class='ocrx_word' id='word_1_145' title='bbox 316 897 368 932; x_wconf 80' lang='lat' dir='ltr'>Qui</span> <span class='ocrx_word' id='word_1_146' title='bbox 384 896 539 934; x_wconf 71' lang='lat' dir='ltr'>peragendis</span> <span class='ocrx_word' id='word_1_147' title='bbox 554 895 741 931; x_wconf 73' lang='lat' dir='ltr'>signandisque</span> <span class='ocrx_word' id='word_1_148' title='bbox 760 896 896 932; x_wconf 80' lang='lat' dir='ltr'>responsis</span> <span class='ocrx_word' id='word_1_149' title='bbox 916 899 1021 920; x_wconf 82' lang='lat' dir='ltr'>nostrae</span> 
     </span>
     <span class='ocr_line' id='line_1_18' title="bbox 181 936 1021 967; baseline -0.006 0"><span class='ocrx_word' id='word_1_150' title='bbox 181 940 377 967; x_wconf 76' lang='lat' dir='ltr'>mansuetudini</span> <span class='ocrx_word' id='word_1_151' title='bbox 401 937 587 965; x_wconf 84' lang='lat' dir='ltr'>obsecundant.</span> <span class='ocrx_word' id='word_1_152' title='bbox 618 937 667 963; x_wconf 89' lang='lat' dir='ltr'><strong>Th.</strong></span> <span class='ocrx_word' id='word_1_153' title='bbox 689 937 719 964; x_wconf 91' lang='lat' dir='ltr'>C.</span> <span class='ocrx_word' id='word_1_154' title='bbox 743 938 788 964; x_wconf 79' lang='lat' dir='ltr'>XI.</span> <span class='ocrx_word' id='word_1_155' title='bbox 815 939 853 963; x_wconf 74' lang='lat'>16.</span> <span class='ocrx_word' id='word_1_156' title='bbox 878 948 899 963; x_wconf 87' lang='lat' dir='ltr'>c.</span> <span class='ocrx_word' id='word_1_157' title='bbox 926 939 964 963; x_wconf 72' lang='grc'>1-1.</span> <span class='ocrx_word' id='word_1_158' title='bbox 990 936 1021 962; x_wconf 85' lang='lat' dir='ltr'>de</span> 
     </span>
     <span class='ocr_line' id='line_1_19' title="bbox 181 973 1044 1016; baseline -0.006 -7"><span class='ocrx_word' id='word_1_159' title='bbox 181 988 247 1010; x_wconf 82' lang='lat' dir='ltr'>extr.</span> <span class='ocrx_word' id='word_1_160' title='bbox 268 993 288 1008; x_wconf 87' lang='lat' dir='ltr'>s.</span> <span class='ocrx_word' id='word_1_161' title='bbox 309 983 379 1009; x_wconf 81' lang='lat' dir='ltr'>sord.</span> <span class='ocrx_word' id='word_1_162' title='bbox 417 982 550 1012; x_wconf 71' lang='lat' dir='ltr'>Officium,</span> <span class='ocrx_word' id='word_1_163' title='bbox 570 980 641 1016; x_wconf 86' lang='lat' dir='ltr'>quod</span> <span class='ocrx_word' id='word_1_164' title='bbox 661 980 830 1007; x_wconf 83' lang='lat' dir='ltr'>sublimitatis</span> <span class='ocrx_word' id='word_1_165' title='bbox 850 986 908 1006; x_wconf 83' lang='lat' dir='ltr'>tuae</span> <span class='ocrx_word' id='word_1_166' title='bbox 927 981 1022 1006; x_wconf 84' lang='lat' dir='ltr'>iussio·</span> <span class='ocrx_word' id='word_1_167' title='bbox 1043 973 1044 998; x_wconf 64' lang='grc'>1</span> 
     </span>
     <span class='ocr_line' id='line_1_20' title="bbox 180 1022 1044 1061; baseline -0.005 -9"><span class='ocrx_word' id='word_1_168' title='bbox 180 1026 258 1052; x_wconf 88' lang='lat' dir='ltr'>nibus</span> <span class='ocrx_word' id='word_1_169' title='bbox 279 1025 448 1052; x_wconf 78' lang='lat' dir='ltr'>obsecundat.</span> <span class='ocrx_word' id='word_1_170' title='bbox 468 1024 504 1050; x_wconf 91' lang='lat' dir='ltr'>Ib.</span> <span class='ocrx_word' id='word_1_171' title='bbox 519 1023 562 1049; x_wconf 86' lang='lat' dir='ltr'>VI.</span> <span class='ocrx_word' id='word_1_172' title='bbox 581 1026 623 1049; x_wconf 76' lang='lat'>30.</span> <span class='ocrx_word' id='word_1_173' title='bbox 644 1034 664 1050; x_wconf 92' lang='lat' dir='ltr'>c.</span> <span class='ocrx_word' id='word_1_174' title='bbox 687 1026 726 1050; x_wconf 76' lang='lat'>13.</span> <span class='ocrx_word' id='word_1_175' title='bbox 747 1023 778 1050; x_wconf 79' lang='lat' dir='ltr'>de</span> <span class='ocrx_word' id='word_1_176' title='bbox 798 1023 875 1061; x_wconf 74' lang='lat' dir='ltr'>palat.</span> <span class='ocrx_word' id='word_1_177' title='bbox 896 1023 922 1049; x_wconf 86' lang='lat' dir='ltr'>S.</span> <span class='ocrx_word' id='word_1_178' title='bbox 944 1022 1021 1058; x_wconf 71' lang='lat' dir='ltr'>largg.</span> <span class='ocrx_word' id='word_1_179' title='bbox 1043 1029 1044 1036; x_wconf 65' lang='lat'>³</span> 
     </span>
     <span class='ocr_line' id='line_1_21' title="bbox 181 1067 591 1095; baseline -0.01 0"><span class='ocrx_word' id='word_1_180' title='bbox 181 1068 236 1095; x_wconf 81' lang='lat' dir='ltr'><strong>Vll.</strong></span> <span class='ocrx_word' id='word_1_181' title='bbox 259 1071 297 1095; x_wconf 82' lang='lat'>12.</span> <span class='ocrx_word' id='word_1_182' title='bbox 318 1079 337 1095; x_wconf 86' lang='lat' dir='ltr'>c.</span> <span class='ocrx_word' id='word_1_183' title='bbox 358 1070 382 1094; x_wconf 88' lang='grc'>2.</span> <span class='ocrx_word' id='word_1_184' title='bbox 402 1067 434 1094; x_wconf 82' lang='lat' dir='ltr'>de</span> <span class='ocrx_word' id='word_1_185' title='bbox 456 1071 591 1093; x_wconf 81' lang='lat' dir='ltr'>commeat.</span> 
     </span>
    </p>

    <p class='ocr_par' dir='ltr' id='par_1_5' title="bbox 180 1109 1045 1223">
     <span class='ocr_line' id='line_1_22' title="bbox 216 1109 1045 1144; baseline -0.005 -6"><span class='ocrx_word' id='word_1_186' title='bbox 216 1110 508 1138; x_wconf 77' lang='lat' dir='ltr'>obsecundatio.</span> <span class='ocrx_word' id='word_1_187' title='bbox 554 1110 762 1144; x_wconf 71' lang='lat' dir='ltr'>Obsequium,</span> <span class='ocrx_word' id='word_1_188' title='bbox 789 1110 1020 1135; x_wconf 70' lang='lat' dir='ltr'>Minister-ium.</span> <span class='ocrx_word' id='word_1_189' title='bbox 1043 1109 1045 1117; x_wconf 94' lang='lat'>&#39;</span> 
     </span>
     <span class='ocr_line' id='line_1_23' title="bbox 180 1151 1022 1181; baseline -0.004 -1"><span class='ocrx_word' id='word_1_190' title='bbox 180 1154 224 1180; x_wconf 90' lang='grc'>111.</span> <span class='ocrx_word' id='word_1_191' title='bbox 246 1155 311 1181; x_wconf 73' lang='lat'><strong>011.</strong></span> <span class='ocrx_word' id='word_1_192' title='bbox 340 1153 568 1179; x_wconf 83' lang='lat' dir='ltr'>Existimationem</span> <span class='ocrx_word' id='word_1_193' title='bbox 592 1162 665 1178; x_wconf 86' lang='lat' dir='ltr'>suam</span> <span class='ocrx_word' id='word_1_194' title='bbox 689 1152 778 1178; x_wconf 79' lang='lat' dir='ltr'>servili</span> <span class='ocrx_word' id='word_1_195' title='bbox 799 1151 1022 1178; x_wconf 68' lang='lat' dir='ltr'>obsecundatione</span> 
     </span>
     <span class='ocr_line' id='line_1_24' title="bbox 181 1195 794 1223; baseline -0.003 0"><span class='ocrx_word' id='word_1_196' title='bbox 181 1197 309 1223; x_wconf 84' lang='lat' dir='ltr'>damnare.</span> <span class='ocrx_word' id='word_1_197' title='bbox 330 1195 366 1222; x_wconf 93' lang='lat' dir='ltr'>lb.</span> <span class='ocrx_word' id='word_1_198' title='bbox 387 1195 442 1221; x_wconf 85' lang='lat' dir='ltr'><strong>XII.</strong></span> <span class='ocrx_word' id='word_1_199' title='bbox 464 1197 486 1221; x_wconf 94' lang='lat' dir='ltr'>l.</span> <span class='ocrx_word' id='word_1_200' title='bbox 507 1206 528 1221; x_wconf 80' lang='lat' dir='ltr'>c.</span> <span class='ocrx_word' id='word_1_201' title='bbox 549 1197 589 1221; x_wconf 81' lang='lat'>92.</span> <span class='ocrx_word' id='word_1_202' title='bbox 610 1195 642 1221; x_wconf 83' lang='lat' dir='ltr'>dc</span> <span class='ocrx_word' id='word_1_203' title='bbox 662 1195 794 1221; x_wconf 84' lang='lat' dir='ltr'>decurion.</span> 
     </span>
    </p>

    <p class='ocr_par' dir='ltr' id='par_1_6' title="bbox 180 1239 1023 1360">
     <span class='ocr_line' id='line_1_25' title="bbox 215 1239 1021 1274; baseline -0.004 -9"><span class='ocrx_word' id='word_1_204' title='bbox 215 1239 513 1266; x_wconf 78' lang='lat' dir='ltr'>obsecundator.</span> <span class='ocrx_word' id='word_1_205' title='bbox 553 1240 615 1270; x_wconf 76' lang='lat' dir='ltr'>Qui</span> <span class='ocrx_word' id='word_1_206' title='bbox 639 1240 827 1265; x_wconf 80' lang='lat' dir='ltr'>ministerio</span> <span class='ocrx_word' id='word_1_207' title='bbox 842 1239 1021 1274; x_wconf 70' lang='lat' dir='ltr'>fungitur,</span> 
     </span>
     <span class='ocr_line' id='line_1_26' title="bbox 180 1280 1023 1308; baseline -0.004 0"><span class='ocrx_word' id='word_1_208' title='bbox 180 1284 229 1308; x_wconf 82' lang='lat' dir='ltr'>vel</span> <span class='ocrx_word' id='word_1_209' title='bbox 248 1283 382 1308; x_wconf 79' lang='lat' dir='ltr'>militia.</span> <span class='ocrx_word' id='word_1_210' title='bbox 420 1280 462 1306; x_wconf 92' lang='lat' dir='ltr'><strong>III.</strong></span> <span class='ocrx_word' id='word_1_211' title='bbox 478 1282 543 1308; x_wconf 75' lang='lat' dir='ltr'>Cn.</span> <span class='ocrx_word' id='word_1_212' title='bbox 564 1280 797 1307; x_wconf 80' lang='lat' dir='ltr'>Obsecundatores</span> <span class='ocrx_word' id='word_1_213' title='bbox 812 1290 945 1307; x_wconf 85' lang='lat' dir='ltr'>sacrorum</span> <span class='ocrx_word' id='word_1_214' title='bbox 961 1281 1023 1305; x_wconf 79' lang='lat' dir='ltr'>scri-</span> 
     </span>
     <span class='ocr_line' id='line_1_27' title="bbox 180 1323 901 1360; baseline -0.003 -9"><span class='ocrx_word' id='word_1_215' title='bbox 180 1326 290 1351; x_wconf 87' lang='lat' dir='ltr'>niorum.</span> <span class='ocrx_word' id='word_1_216' title='bbox 310 1324 346 1350; x_wconf 91' lang='lat' dir='ltr'>Ib.</span> <span class='ocrx_word' id='word_1_217' title='bbox 368 1323 412 1349; x_wconf 62' lang='lat' dir='ltr'>YI.</span> <span class='ocrx_word' id='word_1_218' title='bbox 431 1325 472 1349; x_wconf 84' lang='grc'>26.</span> <span class='ocrx_word' id='word_1_219' title='bbox 494 1334 515 1350; x_wconf 86' lang='lat' dir='ltr'>c.</span> <span class='ocrx_word' id='word_1_220' title='bbox 534 1326 557 1349; x_wconf 80' lang='grc'>3.</span> <span class='ocrx_word' id='word_1_221' title='bbox 578 1323 610 1350; x_wconf 84' lang='lat' dir='ltr'>de</span> <span class='ocrx_word' id='word_1_222' title='bbox 630 1334 704 1360; x_wconf 74' lang='lat' dir='ltr'>prox.</span> <span class='ocrx_word' id='word_1_223' title='bbox 726 1324 812 1350; x_wconf 84' lang='lat' dir='ltr'>comit.</span> <span class='ocrx_word' id='word_1_224' title='bbox 833 1323 901 1360; x_wconf 86' lang='lat' dir='ltr'>disp.</span> 
     </span>
    </p>

    <p class='ocr_par' dir='ltr' id='par_1_7' title="bbox 180 1366 1037 1489">
     <span class='ocr_line' id='line_1_28' title="bbox 215 1366 1023 1400; baseline -0.004 -6"><span class='ocrx_word' id='word_1_225' title='bbox 215 1367 410 1400; x_wconf 74' lang='lat' dir='ltr'>obsepire.</span> <span class='ocrx_word' id='word_1_226' title='bbox 431 1368 604 1398; x_wconf 65' lang='lat' dir='ltr'>CMudere,</span> <span class='ocrx_word' id='word_1_227' title='bbox 627 1369 792 1400; x_wconf 73' lang='lat' dir='ltr'>[inpedire.</span> <span class='ocrx_word' id='word_1_228' title='bbox 831 1366 872 1392; x_wconf 86' lang='grc'>111.</span> <span class='ocrx_word' id='word_1_229' title='bbox 888 1367 953 1393; x_wconf 74' lang='lat' dir='ltr'><strong>Cn.</strong></span> <span class='ocrx_word' id='word_1_230' title='bbox 973 1366 1023 1392; x_wconf 75' lang='lat' dir='ltr'>Co-</span> 
     </span>
     <span class='ocr_line' id='line_1_29' title="bbox 180 1409 1037 1447; baseline -0.002 -11"><span class='ocrx_word' id='word_1_231' title='bbox 180 1411 250 1447; x_wconf 81' lang='lat' dir='ltr'>piam</span> <span class='ocrx_word' id='word_1_232' title='bbox 269 1409 301 1435; x_wconf 89' lang='lat' dir='ltr'>ad</span> <span class='ocrx_word' id='word_1_233' title='bbox 321 1409 415 1435; x_wconf 82' lang='lat' dir='ltr'>iudicia</span> <span class='ocrx_word' id='word_1_234' title='bbox 435 1409 556 1436; x_wconf 77' lang='lat' dir='ltr'>veniendi</span> <span class='ocrx_word' id='word_1_235' title='bbox 572 1409 656 1435; x_wconf 86' lang='lat' dir='ltr'>bostis</span> <span class='ocrx_word' id='word_1_236' title='bbox 672 1409 825 1446; x_wconf 85' lang='lat' dir='ltr'>obsepserat</span> <span class='ocrx_word' id='word_1_237' title='bbox 842 1409 884 1442; x_wconf 86' lang='lat' dir='ltr'>[al.</span> <span class='ocrx_word' id='word_1_238' title='bbox 899 1409 1037 1446; x_wconf 84' lang='lat' dir='ltr'>obrepse-.</span> 
     </span>
     <span class='ocr_line' id='line_1_30' title="bbox 181 1451 847 1489; baseline -0.002 -10"><span class='ocrx_word' id='word_1_239' title='bbox 181 1453 240 1485; x_wconf 56' lang='lat' dir='ltr'>rat]</span> <span class='ocrx_word' id='word_1_240' title='bbox 262 1452 312 1478; x_wconf 85' lang='lat' dir='ltr'>Tb.</span> <span class='ocrx_word' id='word_1_241' title='bbox 333 1452 364 1478; x_wconf 87' lang='lat' dir='ltr'><strong>C.</strong></span> <span class='ocrx_word' id='word_1_242' title='bbox 384 1451 430 1477; x_wconf 83' lang='lat' dir='ltr'>XI.</span> <span class='ocrx_word' id='word_1_243' title='bbox 448 1454 490 1478; x_wconf 77' lang='lat'>31.</span> <span class='ocrx_word' id='word_1_244' title='bbox 512 1463 531 1478; x_wconf 91' lang='lat' dir='ltr'>c.</span> <span class='ocrx_word' id='word_1_245' title='bbox 553 1454 575 1478; x_wconf 88' lang='lat'>7.</span> <span class='ocrx_word' id='word_1_246' title='bbox 597 1452 628 1478; x_wconf 89' lang='lat' dir='ltr'>dc</span> <span class='ocrx_word' id='word_1_247' title='bbox 648 1463 731 1489; x_wconf 84' lang='lat' dir='ltr'>repar.</span> <span class='ocrx_word' id='word_1_248' title='bbox 752 1452 847 1489; x_wconf 85' lang='lat' dir='ltr'>appell.</span> 
     </span>
    </p>

    <p class='ocr_par' dir='ltr' id='par_1_8' title="bbox 180 1494 1022 1571">
     <span class='ocr_line' id='line_1_31' title="bbox 215 1494 1022 1532; baseline -0.002 -10"><span class='ocrx_word' id='word_1_249' title='bbox 215 1496 441 1527; x_wconf 60' lang='lat' dir='ltr'>Obsequela.</span> <span class='ocrx_word' id='word_1_250' title='bbox 481 1496 683 1530; x_wconf 74' lang='lat' dir='ltr'>Obsequium.</span> <span class='ocrx_word' id='word_1_251' title='bbox 720 1494 738 1521; x_wconf 89' lang='lat' dir='ltr'>I.</span> <span class='ocrx_word' id='word_1_252' title='bbox 760 1497 821 1529; x_wconf 73' lang='lat' dir='ltr'>Sy.</span> <span class='ocrx_word' id='word_1_253' title='bbox 848 1495 1022 1532; x_wconf 70' lang='lat' dir='ltr'><strong>Obsequium.</strong></span> 
     </span>
     <span class='ocr_line' id='line_1_32' title="bbox 180 1537 725 1571; baseline 0 -7"><span class='ocrx_word' id='word_1_254' title='bbox 180 1538 218 1564; x_wconf 89' lang='lat' dir='ltr'>lb.</span> <span class='ocrx_word' id='word_1_255' title='bbox 237 1537 294 1564; x_wconf 90' lang='lat' dir='ltr'><strong>XII.</strong></span> <span class='ocrx_word' id='word_1_256' title='bbox 316 1539 337 1563; x_wconf 91' lang='lat' dir='ltr'>l.</span> <span class='ocrx_word' id='word_1_257' title='bbox 360 1547 380 1563; x_wconf 92' lang='lat' dir='ltr'>c.</span> <span class='ocrx_word' id='word_1_258' title='bbox 396 1539 437 1564; x_wconf 67' lang='lat'>49.</span> <span class='ocrx_word' id='word_1_259' title='bbox 458 1538 479 1571; x_wconf 88' lang='lat'>5.</span> <span class='ocrx_word' id='word_1_260' title='bbox 498 1540 519 1564; x_wconf 88' lang='lat' dir='ltr'>l.</span> <span class='ocrx_word' id='word_1_261' title='bbox 540 1537 572 1564; x_wconf 78' lang='lat' dir='ltr'>de</span> <span class='ocrx_word' id='word_1_262' title='bbox 591 1538 725 1564; x_wconf 86' lang='lat' dir='ltr'>decurion.</span> 
     </span>
    </p>

    <p class='ocr_par' dir='ltr' id='par_1_9' title="bbox 182 1580 1022 1702">
     <span class='ocr_line' id='line_1_33' title="bbox 216 1580 1022 1616; baseline 0 -9"><span class='ocrx_word' id='word_1_263' title='bbox 216 1581 448 1613; x_wconf 69' lang='lat' dir='ltr'>obsequenS.</span> <span class='ocrx_word' id='word_1_264' title='bbox 479 1580 599 1613; x_wconf 63' lang='lat' dir='ltr'>(Par-tic.)</span> <span class='ocrx_word' id='word_1_265' title='bbox 631 1582 800 1613; x_wconf 74' lang='lat' dir='ltr'>obediens,</span> <span class='ocrx_word' id='word_1_266' title='bbox 828 1583 1022 1616; x_wconf 72' lang='lat' dir='ltr'>Jlorigerus.</span> 
     </span>
     <span class='ocr_line' id='line_1_34' title="bbox 182 1622 1022 1660; baseline 0.001 -11"><span class='ocrx_word' id='word_1_267' title='bbox 182 1623 224 1650; x_wconf 87' lang='lat' dir='ltr'><strong>Ill.</strong></span> <span class='ocrx_word' id='word_1_268' title='bbox 245 1625 311 1651; x_wconf 77' lang='lat' dir='ltr'>Cn.</span> <span class='ocrx_word' id='word_1_269' title='bbox 339 1622 475 1649; x_wconf 86' lang='lat' dir='ltr'>Libertum</span> <span class='ocrx_word' id='word_1_270' title='bbox 500 1633 552 1649; x_wconf 87' lang='lat' dir='ltr'>non</span> <span class='ocrx_word' id='word_1_271' title='bbox 573 1624 764 1660; x_wconf 65' lang='lat' dir='ltr'>obsequentem</span> <span class='ocrx_word' id='word_1_272' title='bbox 784 1624 928 1651; x_wconf 78' lang='lat' dir='ltr'>emendare.</span> <span class='ocrx_word' id='word_1_273' title='bbox 950 1624 979 1650; x_wconf 74' lang='lat' dir='ltr'>fr.</span> <span class='ocrx_word' id='word_1_274' title='bbox 1000 1626 1022 1650; x_wconf 98' lang='lat'>9.</span> 
     </span>
     <span class='ocr_line' id='line_1_35' title="bbox 184 1665 689 1702; baseline 0 -10"><span class='ocrx_word' id='word_1_275' title='bbox 184 1667 205 1700; x_wconf 85' lang='lat'>5.</span> <span class='ocrx_word' id='word_1_276' title='bbox 225 1668 250 1692; x_wconf 83' lang='lat'>3.</span> <span class='ocrx_word' id='word_1_277' title='bbox 270 1665 303 1692; x_wconf 85' lang='lat' dir='ltr'>de</span> <span class='ocrx_word' id='word_1_278' title='bbox 322 1666 364 1692; x_wconf 76' lang='lat' dir='ltr'>off.</span> <span class='ocrx_word' id='word_1_279' title='bbox 386 1665 460 1692; x_wconf 83' lang='lat' dir='ltr'>Proc.</span> <span class='ocrx_word' id='word_1_280' title='bbox 482 1671 505 1692; x_wconf 85' lang='lat' dir='ltr'>et</span> <span class='ocrx_word' id='word_1_281' title='bbox 525 1665 587 1702; x_wconf 74' lang='lat' dir='ltr'>Leg.</span> <span class='ocrx_word' id='word_1_282' title='bbox 607 1668 628 1691; x_wconf 89' lang='lat' dir='ltr'>l.</span> <span class='ocrx_word' id='word_1_283' title='bbox 650 1668 689 1692; x_wconf 84' lang='lat'>16.</span> 
     </span>
    </p>

    <p class='ocr_par' dir='ltr' id='par_1_10' title="bbox 183 1709 1048 2259">
     <span class='ocr_line' id='line_1_36' title="bbox 217 1709 1046 1744; baseline 0 -8"><span class='ocrx_word' id='word_1_284' title='bbox 217 1709 394 1741; x_wconf 73' lang='lat' dir='ltr'>obsequi.</span> <span class='ocrx_word' id='word_1_285' title='bbox 415 1709 491 1741; x_wconf 79' lang='lat' dir='ltr'><strong>§·l.</strong></span> <span class='ocrx_word' id='word_1_286' title='bbox 514 1710 752 1743; x_wconf 76' lang='lat' dir='ltr'>Oblemperare.</span> <span class='ocrx_word' id='word_1_287' title='bbox 789 1709 881 1744; x_wconf 66' lang='lat' dir='ltr'><strong>[Sy.</strong></span> <span class='ocrx_word' id='word_1_288' title='bbox 897 1710 1022 1736; x_wconf 85' lang='lat' dir='ltr'>Obedire.</span> <span class='ocrx_word' id='word_1_289' title='bbox 1045 1724 1046 1727; x_wconf 49' lang='lat'>¹</span> 
     </span>
     <span class='ocr_line' id='line_1_37' title="bbox 183 1743 1047 1787; baseline 0 -9"><span class='ocrx_word' id='word_1_290' title='bbox 183 1751 212 1778; x_wconf 81' lang='lat' dir='ltr'>fr.</span> <span class='ocrx_word' id='word_1_291' title='bbox 233 1754 274 1777; x_wconf 86' lang='lat'>53.</span> <span class='ocrx_word' id='word_1_292' title='bbox 293 1751 315 1784; x_wconf 82' lang='lat'>5.</span> <span class='ocrx_word' id='word_1_293' title='bbox 335 1753 358 1777; x_wconf 97' lang='lat'>3.</span> <span class='ocrx_word' id='word_1_294' title='bbox 380 1751 411 1777; x_wconf 88' lang='lat' dir='ltr'>de</span> <span class='ocrx_word' id='word_1_295' title='bbox 431 1761 458 1777; x_wconf 84' lang='lat' dir='ltr'>rc</span> <span class='ocrx_word' id='word_1_296' title='bbox 478 1751 530 1778; x_wconf 91' lang='lat' dir='ltr'>iud.</span> <span class='ocrx_word' id='word_1_297' title='bbox 551 1754 591 1778; x_wconf 76' lang='grc'>42.</span> <span class='ocrx_word' id='word_1_298' title='bbox 613 1754 635 1778; x_wconf 90' lang='grc'>1.</span> <span class='ocrx_word' id='word_1_299' title='bbox 672 1752 714 1778; x_wconf 88' lang='lat' dir='ltr'><strong>III.</strong></span> <span class='ocrx_word' id='word_1_300' title='bbox 735 1754 800 1780; x_wconf 71' lang='lat' dir='ltr'>Cn.</span> <span class='ocrx_word' id='word_1_301' title='bbox 826 1754 878 1787; x_wconf 79' lang='lat' dir='ltr'>Qui</span> <span class='ocrx_word' id='word_1_302' title='bbox 899 1752 930 1778; x_wconf 84' lang='lat' dir='ltr'>ad</span> <span class='ocrx_word' id='word_1_303' title='bbox 951 1754 1025 1778; x_wconf 84' lang='lat' dir='ltr'>iuris·</span> <span class='ocrx_word' id='word_1_304' title='bbox 1046 1743 1047 1754; x_wconf 44' lang='grc'>1</span> 
     </span>
     <span class='ocr_line' id='line_1_38' title="bbox 183 1794 1047 1832; baseline 0.002 -13"><span class='ocrx_word' id='word_1_305' title='bbox 183 1794 324 1820; x_wconf 88' lang='lat' dir='ltr'>dictionem</span> <span class='ocrx_word' id='word_1_306' title='bbox 344 1794 409 1826; x_wconf 82' lang='lat' dir='ltr'>eiuS,</span> <span class='ocrx_word' id='word_1_307' title='bbox 430 1796 470 1820; x_wconf 80' lang='lat' dir='ltr'>cui</span> <span class='ocrx_word' id='word_1_308' title='bbox 491 1800 584 1831; x_wconf 77' lang='lat' dir='ltr'>negant</span> <span class='ocrx_word' id='word_1_309' title='bbox 604 1795 723 1831; x_wconf 66' lang='lat' dir='ltr'>obsequi.</span> <span class='ocrx_word' id='word_1_310' title='bbox 744 1796 884 1832; x_wconf 73' lang='lat' dir='ltr'>pertinent.</span> <span class='ocrx_word' id='word_1_311' title='bbox 914 1795 950 1821; x_wconf 86' lang='lat' dir='ltr'>lb.</span> <span class='ocrx_word' id='word_1_312' title='bbox 971 1795 986 1821; x_wconf 92' lang='grc'>1.</span> <span class='ocrx_word' id='word_1_313' title='bbox 1008 1795 1023 1821; x_wconf 92' lang='grc'>1.</span> <span class='ocrx_word' id='word_1_314' title='bbox 1046 1806 1047 1823; x_wconf 59' lang='lat' dir='ltr'>i</span> 
     </span>
     <span class='ocr_line' id='line_1_39' title="bbox 183 1835 1047 1874; baseline 0.001 -12"><span class='ocrx_word' id='word_1_315' title='bbox 183 1837 236 1872; x_wconf 80' lang='lat' dir='ltr'>Qui</span> <span class='ocrx_word' id='word_1_316' title='bbox 257 1846 393 1874; x_wconf 84' lang='lat' dir='ltr'>operarum</span> <span class='ocrx_word' id='word_1_317' title='bbox 413 1837 572 1873; x_wconf 72' lang='lat' dir='ltr'>obligatione</span> <span class='ocrx_word' id='word_1_318' title='bbox 592 1837 717 1863; x_wconf 76' lang='lat' dir='ltr'>dimissus</span> <span class='ocrx_word' id='word_1_319' title='bbox 738 1842 786 1869; x_wconf 83' lang='lat' dir='ltr'>est,</span> <span class='ocrx_word' id='word_1_320' title='bbox 805 1854 832 1857; x_wconf 90' lang='lat'>—-—</span> <span class='ocrx_word' id='word_1_321' title='bbox 854 1838 1024 1864; x_wconf 80' lang='lat' dir='ltr'>nibilominus</span> <span class='ocrx_word' id='word_1_322' title='bbox 1046 1835 1047 1849; x_wconf 60' lang='lat'><strong>³</strong></span> 
     </span>
     <span class='ocr_line' id='line_1_40' title="bbox 183 1879 1048 1918; baseline 0.001 -12"><span class='ocrx_word' id='word_1_323' title='bbox 183 1880 294 1915; x_wconf 86' lang='lat' dir='ltr'>obsequi</span> <span class='ocrx_word' id='word_1_324' title='bbox 315 1880 486 1906; x_wconf 74' lang='lat' dir='ltr'>verecundiae</span> <span class='ocrx_word' id='word_1_325' title='bbox 506 1885 616 1906; x_wconf 84' lang='lat' dir='ltr'>tenetur.</span> <span class='ocrx_word' id='word_1_326' title='bbox 637 1880 665 1906; x_wconf 83' lang='lat' dir='ltr'>sr.</span> <span class='ocrx_word' id='word_1_327' title='bbox 682 1882 711 1904; x_wconf 72' lang='lat'><strong>41</strong></span> <span class='ocrx_word' id='word_1_328' title='bbox 742 1880 774 1906; x_wconf 85' lang='lat' dir='ltr'>de</span> <span class='ocrx_word' id='word_1_329' title='bbox 794 1891 865 1918; x_wconf 86' lang='lat' dir='ltr'>oper.</span> <span class='ocrx_word' id='word_1_330' title='bbox 883 1880 968 1907; x_wconf 83' lang='lat' dir='ltr'>libert.</span> <span class='ocrx_word' id='word_1_331' title='bbox 982 1883 1024 1907; x_wconf 60' lang='lat'>33.</span> <span class='ocrx_word' id='word_1_332' title='bbox 1047 1879 1048 1890; x_wconf 59' lang='lat'>¹</span> 
     </span>
     <span class='ocr_line' id='line_1_41' title="bbox 184 1922 1025 1959; baseline 0.001 -11"><span class='ocrx_word' id='word_1_333' title='bbox 184 1924 207 1949; x_wconf 89' lang='lat' dir='ltr'>l.</span> <span class='ocrx_word' id='word_1_334' title='bbox 245 1922 397 1948; x_wconf 83' lang='lat' dir='ltr'>Obsecutus</span> <span class='ocrx_word' id='word_1_335' title='bbox 417 1922 553 1951; x_wconf 74' lang='lat' dir='ltr'>voluntati.</span> <span class='ocrx_word' id='word_1_336' title='bbox 574 1933 723 1959; x_wconf 84' lang='lat' dir='ltr'>supremum</span> <span class='ocrx_word' id='word_1_337' title='bbox 744 1923 867 1949; x_wconf 87' lang='lat' dir='ltr'>iudicium</span> <span class='ocrx_word' id='word_1_338' title='bbox 887 1938 920 1941; x_wconf 96' lang='lat'><strong>—</strong></span> <span class='ocrx_word' id='word_1_339' title='bbox 940 1929 1025 1949; x_wconf 85' lang='lat' dir='ltr'>eusto-</span> 
     </span>
     <span class='ocr_line' id='line_1_42' title="bbox 184 1965 1026 1992; baseline 0 0"><span class='ocrx_word' id='word_1_340' title='bbox 184 1965 234 1992; x_wconf 92' lang='lat' dir='ltr'>diri</span> <span class='ocrx_word' id='word_1_341' title='bbox 253 1965 346 1991; x_wconf 86' lang='lat' dir='ltr'>voluit.</span> <span class='ocrx_word' id='word_1_342' title='bbox 368 1965 452 1991; x_wconf 58' lang='lat'><strong>11:70.</strong></span> <span class='ocrx_word' id='word_1_343' title='bbox 474 1965 505 1991; x_wconf 89' lang='lat' dir='ltr'>de</span> <span class='ocrx_word' id='word_1_344' title='bbox 525 1965 600 1991; x_wconf 83' lang='lat' dir='ltr'>cond.</span> <span class='ocrx_word' id='word_1_345' title='bbox 623 1971 646 1991; x_wconf 85' lang='lat' dir='ltr'>et</span> <span class='ocrx_word' id='word_1_346' title='bbox 668 1966 733 1992; x_wconf 83' lang='lat' dir='ltr'>dein.</span> <span class='ocrx_word' id='word_1_347' title='bbox 747 1968 788 1991; x_wconf 86' lang='lat'>35.</span> <span class='ocrx_word' id='word_1_348' title='bbox 811 1968 832 1992; x_wconf 80' lang='lat'>1.</span> <span class='ocrx_word' id='word_1_349' title='bbox 870 1966 925 1992; x_wconf 73' lang='lat' dir='ltr'>Nec</span> <span class='ocrx_word' id='word_1_350' title='bbox 945 1967 1026 1992; x_wconf 73' lang='lat' dir='ltr'>offen-</span> 
     </span>
     <span class='ocr_line' id='line_1_43' title="bbox 184 2007 1048 2045; baseline 0.001 -11"><span class='ocrx_word' id='word_1_351' title='bbox 184 2010 284 2034; x_wconf 84' lang='lat' dir='ltr'>sionem</span> <span class='ocrx_word' id='word_1_352' title='bbox 299 2018 332 2034; x_wconf 73' lang='lat' dir='ltr'>se</span> <span class='ocrx_word' id='word_1_353' title='bbox 353 2008 504 2045; x_wconf 86' lang='lat' dir='ltr'>parentibus</span> <span class='ocrx_word' id='word_1_354' title='bbox 525 2010 702 2045; x_wconf 65' lang='lat' dir='ltr'>praestitisse.</span> <span class='ocrx_word' id='word_1_355' title='bbox 727 2009 773 2035; x_wconf 89' lang='lat' dir='ltr'>sed</span> <span class='ocrx_word' id='word_1_356' title='bbox 800 2010 893 2045; x_wconf 73' lang='lat' dir='ltr'>iugiter</span> <span class='ocrx_word' id='word_1_357' title='bbox 918 2009 1025 2036; x_wconf 86' lang='lat' dir='ltr'>obsecu-</span> <span class='ocrx_word' id='word_1_358' title='bbox 1047 2007 1048 2020; x_wconf 62' lang='lat'><strong>³</strong></span> 
     </span>
     <span class='ocr_line' id='line_1_44' title="bbox 184 2051 1048 2085; baseline 0.002 -8"><span class='ocrx_word' id='word_1_359' title='bbox 184 2056 234 2077; x_wconf 82' lang='lat' dir='ltr'>tos.</span> <span class='ocrx_word' id='word_1_360' title='bbox 266 2051 315 2077; x_wconf 90' lang='lat' dir='ltr'>Tb.</span> <span class='ocrx_word' id='word_1_361' title='bbox 337 2051 367 2077; x_wconf 67' lang='lat' dir='ltr'>C.</span> <span class='ocrx_word' id='word_1_362' title='bbox 388 2051 418 2076; x_wconf 95' lang='grc'>11.</span> <span class='ocrx_word' id='word_1_363' title='bbox 440 2053 478 2077; x_wconf 87' lang='grc'>19.</span> <span class='ocrx_word' id='word_1_364' title='bbox 505 2062 524 2077; x_wconf 88' lang='lat' dir='ltr'>c.</span> <span class='ocrx_word' id='word_1_365' title='bbox 545 2054 569 2077; x_wconf 85' lang='lat'>2.</span> <span class='ocrx_word' id='word_1_366' title='bbox 594 2051 625 2077; x_wconf 89' lang='lat' dir='ltr'>de</span> <span class='ocrx_word' id='word_1_367' title='bbox 650 2052 721 2077; x_wconf 79' lang='lat' dir='ltr'>inol&#39;l&#39;.</span> <span class='ocrx_word' id='word_1_368' title='bbox 748 2056 848 2078; x_wconf 83' lang='lat' dir='ltr'>testam.</span> <span class='ocrx_word' id='word_1_369' title='bbox 878 2069 906 2072; x_wconf 56' lang='grc'>-«</span> <span class='ocrx_word' id='word_1_370' title='bbox 938 2053 967 2085; x_wconf 62' lang='grc' dir='ltr'>ξ.</span> <span class='ocrx_word' id='word_1_371' title='bbox 989 2055 1024 2079; x_wconf 65' lang='grc'>2.</span> <span class='ocrx_word' id='word_1_372' title='bbox 1047 2061 1048 2084; x_wconf 71' lang='lat' dir='ltr'><strong>j</strong></span> 
     </span>
     <span class='ocr_line' id='line_1_45' title="bbox 186 2087 1048 2129; baseline 0 -9"><span class='ocrx_word' id='word_1_373' title='bbox 186 2095 378 2120; x_wconf 75' lang='lat' dir='ltr'>Ministerio</span> <span class='ocrx_word' id='word_1_374' title='bbox 393 2095 505 2129; x_wconf 76' lang='lat' dir='ltr'>fungi.</span> <span class='ocrx_word' id='word_1_375' title='bbox 542 2093 584 2119; x_wconf 91' lang='lat' dir='ltr'><strong>III.</strong></span> <span class='ocrx_word' id='word_1_376' title='bbox 603 2095 668 2121; x_wconf 73' lang='lat' dir='ltr'>Cn.</span> <span class='ocrx_word' id='word_1_377' title='bbox 688 2094 783 2120; x_wconf 78' lang='lat' dir='ltr'>Muniis</span> <span class='ocrx_word' id='word_1_378' title='bbox 803 2094 960 2121; x_wconf 77' lang='lat' dir='ltr'>militaribus</span> <span class='ocrx_word' id='word_1_379' title='bbox 980 2095 1025 2120; x_wconf 77' lang='lat' dir='ltr'>ob-</span> <span class='ocrx_word' id='word_1_380' title='bbox 1047 2087 1048 2110; x_wconf 66' lang='grc'>1</span> 
     </span>
     <span class='ocr_line' id='line_1_46' title="bbox 186 2136 1025 2174; baseline 0.004 -13"><span class='ocrx_word' id='word_1_381' title='bbox 186 2138 266 2172; x_wconf 83' lang='lat' dir='ltr'>sequi.</span> <span class='ocrx_word' id='word_1_382' title='bbox 286 2137 323 2163; x_wconf 90' lang='lat' dir='ltr'>Ib.</span> <span class='ocrx_word' id='word_1_383' title='bbox 337 2136 393 2162; x_wconf 82' lang='lat' dir='ltr'><strong>XII.</strong></span> <span class='ocrx_word' id='word_1_384' title='bbox 410 2138 431 2162; x_wconf 91' lang='lat' dir='ltr'>l.</span> <span class='ocrx_word' id='word_1_385' title='bbox 452 2147 472 2162; x_wconf 89' lang='lat' dir='ltr'>c.</span> <span class='ocrx_word' id='word_1_386' title='bbox 488 2138 528 2162; x_wconf 72' lang='lat'>40.</span> <span class='ocrx_word' id='word_1_387' title='bbox 549 2136 581 2162; x_wconf 80' lang='lat' dir='ltr'>de</span> <span class='ocrx_word' id='word_1_388' title='bbox 601 2136 733 2163; x_wconf 85' lang='lat' dir='ltr'>decuriou.</span> <span class='ocrx_word' id='word_1_389' title='bbox 764 2137 843 2174; x_wconf 84' lang='lat' dir='ltr'>Apud</span> <span class='ocrx_word' id='word_1_390' title='bbox 865 2137 1025 2164; x_wconf 78' lang='lat' dir='ltr'>Prael&#39;eetum</span> 
     </span>
     <span class='ocr_line' id='line_1_47' title="bbox 186 2177 1048 2216; baseline 0.003 -12"><span class='ocrx_word' id='word_1_391' title='bbox 186 2177 227 2204; x_wconf 81' lang='lat' dir='ltr'>Pr.</span> <span class='ocrx_word' id='word_1_392' title='bbox 248 2184 273 2205; x_wconf 80' lang='lat' dir='ltr'>et.</span> <span class='ocrx_word' id='word_1_393' title='bbox 291 2179 465 2213; x_wconf 81' lang='lat' dir='ltr'>Quaestorem</span> <span class='ocrx_word' id='word_1_394' title='bbox 486 2190 561 2206; x_wconf 84' lang='lat' dir='ltr'>causa</span> <span class='ocrx_word' id='word_1_395' title='bbox 582 2179 717 2209; x_wconf 76' lang='lat' dir='ltr'>audiatur,</span> <span class='ocrx_word' id='word_1_396' title='bbox 741 2185 853 2216; x_wconf 85' lang='lat' dir='ltr'>utroque</span> <span class='ocrx_word' id='word_1_397' title='bbox 874 2180 961 2207; x_wconf 81' lang='lat' dir='ltr'>oslicio</span> <span class='ocrx_word' id='word_1_398' title='bbox 981 2181 1026 2207; x_wconf 88' lang='lat' dir='ltr'>ob-</span> <span class='ocrx_word' id='word_1_399' title='bbox 1046 2183 1048 2190; x_wconf 78' lang='lat'><strong>¹</strong></span> 
     </span>
     <span class='ocr_line' id='line_1_48' title="bbox 187 2222 1048 2259; baseline 0.005 -14"><span class='ocrx_word' id='word_1_400' title='bbox 187 2226 319 2256; x_wconf 85' lang='lat' dir='ltr'>sequente.</span> <span class='ocrx_word' id='word_1_401' title='bbox 338 2222 384 2248; x_wconf 87' lang='lat' dir='ltr'><strong>Iul.</strong></span> <span class='ocrx_word' id='word_1_402' title='bbox 406 2233 444 2259; x_wconf 87' lang='lat' dir='ltr'>ep.</span> <span class='ocrx_word' id='word_1_403' title='bbox 466 2233 525 2248; x_wconf 73' lang='lat' dir='ltr'>nov.</span> <span class='ocrx_word' id='word_1_404' title='bbox 547 2233 567 2248; x_wconf 88' lang='lat' dir='ltr'>c.</span> <span class='ocrx_word' id='word_1_405' title='bbox 587 2225 628 2248; x_wconf 63' lang='lat'>2⁴.</span> <span class='ocrx_word' id='word_1_406' title='bbox 649 2223 670 2256; x_wconf 86' lang='lat'>5.</span> <span class='ocrx_word' id='word_1_407' title='bbox 691 2224 732 2249; x_wconf 73' lang='lat'>94.</span> <span class='ocrx_word' id='word_1_408' title='bbox 753 2233 771 2249; x_wconf 66' lang='lat' dir='ltr'>c.</span> <span class='ocrx_word' id='word_1_409' title='bbox 793 2225 834 2249; x_wconf 83' lang='grc'>25.</span> <span class='ocrx_word' id='word_1_410' title='bbox 855 2224 876 2257; x_wconf 88' lang='lat'>5.</span> <span class='ocrx_word' id='word_1_411' title='bbox 896 2225 936 2249; x_wconf 83' lang='lat'>96.</span> <span class='ocrx_word' id='word_1_412' title='bbox 1046 2226 1048 2240; x_wconf 75' lang='lat'><em>‘</em></span> 
     </span>
    </p>

    <p class='ocr_par' dir='ltr' id='par_1_11' title="bbox 186 2264 1048 2873">
     <span class='ocr_line' id='line_1_49' title="bbox 221 2264 1048 2302; baseline 0.005 -13"><span class='ocrx_word' id='word_1_413' title='bbox 221 2264 461 2296; x_wconf 71' lang='lat' dir='ltr'>obsequiunl.</span> <span class='ocrx_word' id='word_1_414' title='bbox 500 2266 529 2298; x_wconf 66' lang='grc' dir='ltr'>ξ.</span> <span class='ocrx_word' id='word_1_415' title='bbox 551 2267 584 2291; x_wconf 82' lang='lat' dir='ltr'>l·</span> <span class='ocrx_word' id='word_1_416' title='bbox 612 2267 813 2292; x_wconf 77' lang='lat' dir='ltr'>obedientia.</span> <span class='ocrx_word' id='word_1_417' title='bbox 848 2267 978 2302; x_wconf 64' lang='lat' dir='ltr'>Officii</span> <span class='ocrx_word' id='word_1_418' title='bbox 997 2273 1024 2293; x_wconf 76' lang='lat' dir='ltr'>el</span> <span class='ocrx_word' id='word_1_419' title='bbox 1047 2269 1048 2275; x_wconf 58' lang='lat'>¹</span> 
     </span>
     <span class='ocr_line' id='line_1_50' title="bbox 186 2307 1024 2342; baseline 0.004 -10"><span class='ocrx_word' id='word_1_420' title='bbox 186 2308 388 2332; x_wconf 70' lang='lat' dir='ltr'>reverentiae</span> <span class='ocrx_word' id='word_1_421' title='bbox 407 2310 575 2334; x_wconf 58' lang='lat' dir='ltr'>exhibitio</span> <span class='ocrx_word' id='word_1_422' title='bbox 615 2307 632 2333; x_wconf 92' lang='lat'>1.</span> <span class='ocrx_word' id='word_1_423' title='bbox 653 2310 714 2342; x_wconf 71' lang='lat' dir='ltr'>Sy.</span> <span class='ocrx_word' id='word_1_424' title='bbox 740 2308 913 2334; x_wconf 82' lang='lat' dir='ltr'>Ministeriuin</span> <span class='ocrx_word' id='word_1_425' title='bbox 934 2309 1024 2341; x_wconf 46' lang='lat' dir='ltr'>(lamb</span> 
     </span>
     <span class='ocr_line' id='line_1_51' title="bbox 188 2348 1024 2387; baseline 0.005 -13"><span class='ocrx_word' id='word_1_426' title='bbox 188 2349 258 2379; x_wconf 77' lang='lat' dir='ltr'>liare,</span> <span class='ocrx_word' id='word_1_427' title='bbox 280 2358 302 2374; x_wconf 90' lang='lat' dir='ltr'>v.</span> <span class='ocrx_word' id='word_1_428' title='bbox 323 2348 438 2380; x_wconf 79' lang='lat' dir='ltr'>servile.)</span> <span class='ocrx_word' id='word_1_429' title='bbox 458 2361 478 2376; x_wconf 96' lang='lat' dir='ltr'>c.</span> <span class='ocrx_word' id='word_1_430' title='bbox 498 2353 521 2376; x_wconf 91' lang='lat'>2.</span> <span class='ocrx_word' id='word_1_431' title='bbox 546 2352 598 2386; x_wconf 74' lang='lat' dir='ltr'>Qui</span> <span class='ocrx_word' id='word_1_432' title='bbox 619 2360 670 2376; x_wconf 84' lang='lat' dir='ltr'>non</span> <span class='ocrx_word' id='word_1_433' title='bbox 690 2361 762 2387; x_wconf 74' lang='lat' dir='ltr'>poss.</span> <span class='ocrx_word' id='word_1_434' title='bbox 784 2351 815 2377; x_wconf 83' lang='lat' dir='ltr'>ad</span> <span class='ocrx_word' id='word_1_435' title='bbox 835 2351 920 2378; x_wconf 90' lang='lat' dir='ltr'>libert.</span> <span class='ocrx_word' id='word_1_436' title='bbox 941 2353 963 2378; x_wconf 73' lang='grc' dir='ltr'>Τ,</span> <span class='ocrx_word' id='word_1_437' title='bbox 987 2355 1024 2379; x_wconf 84' lang='lat'>12.</span> 
     </span>
     <span class='ocr_line' id='line_1_52' title="bbox 188 2386 1048 2421; baseline 0.005 -5"><span class='ocrx_word' id='word_1_438' title='bbox 188 2390 236 2417; x_wconf 81' lang='lat' dir='ltr'>Th.</span> <span class='ocrx_word' id='word_1_439' title='bbox 258 2390 288 2417; x_wconf 93' lang='lat' dir='ltr'>C.</span> <span class='ocrx_word' id='word_1_440' title='bbox 309 2390 352 2416; x_wconf 85' lang='lat' dir='ltr'>IX.</span> <span class='ocrx_word' id='word_1_441' title='bbox 373 2392 395 2417; x_wconf 91' lang='lat'>7.</span> <span class='ocrx_word' id='word_1_442' title='bbox 421 2401 441 2417; x_wconf 86' lang='lat' dir='ltr'>c.</span> <span class='ocrx_word' id='word_1_443' title='bbox 463 2394 484 2418; x_wconf 92' lang='lat'>1.</span> <span class='ocrx_word' id='word_1_444' title='bbox 508 2393 539 2419; x_wconf 87' lang='lat' dir='ltr'>ad</span> <span class='ocrx_word' id='word_1_445' title='bbox 560 2393 587 2419; x_wconf 86' lang='lat' dir='ltr'>L.</span> <span class='ocrx_word' id='word_1_446' title='bbox 608 2393 655 2420; x_wconf 90' lang='lat' dir='ltr'><strong>Iul.</strong></span> <span class='ocrx_word' id='word_1_447' title='bbox 681 2394 712 2419; x_wconf 93' lang='grc'>(16</span> <span class='ocrx_word' id='word_1_448' title='bbox 736 2394 816 2420; x_wconf 85' lang='lat' dir='ltr'>adult.</span> <span class='ocrx_word' id='word_1_449' title='bbox 854 2394 1026 2421; x_wconf 66' lang='lat' dir='ltr'>Ilererentiae</span> <span class='ocrx_word' id='word_1_450' title='bbox 1047 2386 1048 2389; x_wconf 29' lang='grc'>1</span> 
     </span>
     <span class='ocr_line' id='line_1_53' title="bbox 187 2434 1048 2474; baseline 0.005 -14"><span class='ocrx_word' id='word_1_451' title='bbox 187 2434 290 2460; x_wconf 85' lang='lat' dir='ltr'>debitae</span> <span class='ocrx_word' id='word_1_452' title='bbox 310 2443 411 2459; x_wconf 86' lang='lat' dir='ltr'>munus.</span> <span class='ocrx_word' id='word_1_453' title='bbox 432 2444 453 2459; x_wconf 84' lang='lat' dir='ltr'>c.</span> <span class='ocrx_word' id='word_1_454' title='bbox 467 2436 490 2460; x_wconf 84' lang='lat'>5.</span> <span class='ocrx_word' id='word_1_455' title='bbox 510 2435 542 2461; x_wconf 82' lang='lat' dir='ltr'>de</span> <span class='ocrx_word' id='word_1_456' title='bbox 561 2436 669 2473; x_wconf 85' lang='lat' dir='ltr'>obsequ.</span> <span class='ocrx_word' id='word_1_457' title='bbox 691 2442 792 2474; x_wconf 83' lang='lat' dir='ltr'>patron.</span> <span class='ocrx_word' id='word_1_458' title='bbox 806 2438 830 2463; x_wconf 85' lang='grc'>6.</span> <span class='ocrx_word' id='word_1_459' title='bbox 844 2439 867 2462; x_wconf 84' lang='grc'>6.</span> <span class='ocrx_word' id='word_1_460' title='bbox 906 2437 939 2463; x_wconf 89' lang='lat' dir='ltr'>III</span> <span class='ocrx_word' id='word_1_461' title='bbox 960 2439 1024 2464; x_wconf 69' lang='lat' dir='ltr'>Cn.</span> <span class='ocrx_word' id='word_1_462' title='bbox 1047 2446 1048 2455; x_wconf 66' lang='lat'>¹</span> 
     </span>
     <span class='ocr_line' id='line_1_54' title="bbox 188 2476 1024 2517; baseline 0.005 -15"><span class='ocrx_word' id='word_1_463' title='bbox 188 2476 280 2502; x_wconf 80' lang='lat' dir='ltr'>Fidum</span> <span class='ocrx_word' id='word_1_464' title='bbox 301 2476 456 2512; x_wconf 77' lang='lat' dir='ltr'>obsequium</span> <span class='ocrx_word' id='word_1_465' title='bbox 476 2476 589 2504; x_wconf 82' lang='lat' dir='ltr'>defuncti</span> <span class='ocrx_word' id='word_1_466' title='bbox 609 2480 732 2516; x_wconf 85' lang='lat' dir='ltr'>precibus</span> <span class='ocrx_word' id='word_1_467' title='bbox 752 2479 885 2517; x_wconf 79' lang='lat' dir='ltr'>praebere.</span> <span class='ocrx_word' id='word_1_468' title='bbox 917 2480 1024 2506; x_wconf 80' lang='lat' dir='ltr'>Plenum</span> 
     </span>
     <span class='ocr_line' id='line_1_55' title="bbox 188 2511 1047 2556; baseline 0.005 -11"><span class='ocrx_word' id='word_1_469' title='bbox 188 2520 343 2555; x_wconf 74' lang='lat' dir='ltr'>obsequium</span> <span class='ocrx_word' id='word_1_470' title='bbox 362 2523 495 2555; x_wconf 87' lang='lat' dir='ltr'>praestare</span> <span class='ocrx_word' id='word_1_471' title='bbox 513 2523 646 2548; x_wconf 84' lang='lat' dir='ltr'>testatoris</span> <span class='ocrx_word' id='word_1_472' title='bbox 662 2523 766 2549; x_wconf 83' lang='lat' dir='ltr'>iudicio.</span> <span class='ocrx_word' id='word_1_473' title='bbox 788 2522 817 2549; x_wconf 85' lang='lat' dir='ltr'>fr.</span> <span class='ocrx_word' id='word_1_474' title='bbox 832 2525 873 2549; x_wconf 71' lang='lat'>45.</span> <span class='ocrx_word' id='word_1_475' title='bbox 888 2523 919 2549; x_wconf 81' lang='lat' dir='ltr'>cf.</span> <span class='ocrx_word' id='word_1_476' title='bbox 940 2523 968 2549; x_wconf 77' lang='lat' dir='ltr'>fr.</span> <span class='ocrx_word' id='word_1_477' title='bbox 985 2525 1024 2549; x_wconf 88' lang='grc'>16.</span> <span class='ocrx_word' id='word_1_478' title='bbox 1046 2511 1047 2556; x_wconf 98' lang='grc'>1</span> 
     </span>
     <span class='ocr_line' id='line_1_56' title="bbox 188 2561 1048 2602; baseline 0.003 -14"><span class='ocrx_word' id='word_1_479' title='bbox 188 2563 209 2596; x_wconf 85' lang='lat'>5.</span> <span class='ocrx_word' id='word_1_480' title='bbox 232 2564 269 2587; x_wconf 85' lang='lat'>12.</span> <span class='ocrx_word' id='word_1_481' title='bbox 290 2561 322 2587; x_wconf 87' lang='lat' dir='ltr'>ad</span> <span class='ocrx_word' id='word_1_482' title='bbox 341 2561 406 2587; x_wconf 80' lang='lat' dir='ltr'>SC.</span> <span class='ocrx_word' id='word_1_483' title='bbox 428 2561 506 2587; x_wconf 87' lang='lat' dir='ltr'>Treb.</span> <span class='ocrx_word' id='word_1_484' title='bbox 526 2563 603 2588; x_wconf 63' lang='lat'><strong>361.</strong></span> <span class='ocrx_word' id='word_1_485' title='bbox 622 2564 651 2590; x_wconf 80' lang='lat' dir='ltr'>fr.</span> <span class='ocrx_word' id='word_1_486' title='bbox 668 2567 706 2591; x_wconf 84' lang='grc'>16.</span> <span class='ocrx_word' id='word_1_487' title='bbox 728 2566 759 2591; x_wconf 85' lang='lat' dir='ltr'>de</span> <span class='ocrx_word' id='word_1_488' title='bbox 779 2565 853 2601; x_wconf 69' lang='lat' dir='ltr'>legat.</span> <span class='ocrx_word' id='word_1_489' title='bbox 874 2571 968 2602; x_wconf 69' lang='lat' dir='ltr'>praest..</span> <span class='ocrx_word' id='word_1_490' title='bbox 983 2567 1024 2591; x_wconf 71' lang='lat'>37.</span> <span class='ocrx_word' id='word_1_491' title='bbox 1046 2563 1048 2580; x_wconf 54' lang='lat' dir='ltr'>l</span> 
     </span>
     <span class='ocr_line' id='line_1_57' title="bbox 188 2600 1047 2645; baseline 0.005 -15"><span class='ocrx_word' id='word_1_492' title='bbox 188 2607 212 2631; x_wconf 84' lang='lat'>5.</span> <span class='ocrx_word' id='word_1_493' title='bbox 249 2604 278 2630; x_wconf 89' lang='lat' dir='ltr'>L.</span> <span class='ocrx_word' id='word_1_494' title='bbox 304 2603 388 2636; x_wconf 69' lang='lat' dir='ltr'>Titio7</span> <span class='ocrx_word' id='word_1_495' title='bbox 412 2605 468 2630; x_wconf 89' lang='lat' dir='ltr'>viro</span> <span class='ocrx_word' id='word_1_496' title='bbox 493 2604 576 2636; x_wconf 75' lang='lat' dir='ltr'>b0n0‚</span> <span class='ocrx_word' id='word_1_497' title='bbox 601 2607 673 2633; x_wconf 83' lang='lat' dir='ltr'>cuius</span> <span class='ocrx_word' id='word_1_498' title='bbox 699 2600 826 2645; x_wconf 84' lang='lat' dir='ltr'>obsequio</span> <span class='ocrx_word' id='word_1_499' title='bbox 850 2610 944 2644; x_wconf 71' lang='lat' dir='ltr'>gratias</span> <span class='ocrx_word' id='word_1_500' title='bbox 969 2618 1024 2644; x_wconf 74' lang='lat' dir='ltr'>ago,</span> <span class='ocrx_word' id='word_1_501' title='bbox 1046 2639 1047 2642; x_wconf 16' lang='grc' dir='ltr'><strong>Ἴ</strong></span> 
     </span>
     <span class='ocr_line' id='line_1_58' title="bbox 189 2646 1048 2687; baseline 0.002 -13"><span class='ocrx_word' id='word_1_502' title='bbox 189 2647 244 2674; x_wconf 87' lang='lat' dir='ltr'>dari</span> <span class='ocrx_word' id='word_1_503' title='bbox 264 2646 324 2672; x_wconf 87' lang='lat' dir='ltr'>volo</span> <span class='ocrx_word' id='word_1_504' title='bbox 345 2651 393 2673; x_wconf 81' lang='lat' dir='ltr'>etc.</span> <span class='ocrx_word' id='word_1_505' title='bbox 414 2646 444 2673; x_wconf 83' lang='lat' dir='ltr'>fr.</span> <span class='ocrx_word' id='word_1_506' title='bbox 461 2649 499 2673; x_wconf 83' lang='lat'>13.</span> <span class='ocrx_word' id='word_1_507' title='bbox 519 2657 558 2684; x_wconf 86' lang='lat' dir='ltr'>pr.</span> <span class='ocrx_word' id='word_1_508' title='bbox 579 2647 611 2673; x_wconf 75' lang='lat' dir='ltr'>de</span> <span class='ocrx_word' id='word_1_509' title='bbox 631 2659 687 2676; x_wconf 87' lang='lat' dir='ltr'>ann.</span> <span class='ocrx_word' id='word_1_510' title='bbox 707 2650 783 2687; x_wconf 64' lang='lat' dir='ltr'>legat.</span> <span class='ocrx_word' id='word_1_511' title='bbox 802 2653 888 2677; x_wconf 76' lang='lat'><strong>33.1.</strong></span> <span class='ocrx_word' id='word_1_512' title='bbox 926 2650 961 2677; x_wconf 75' lang='lat' dir='ltr'>Vt</span> <span class='ocrx_word' id='word_1_513' title='bbox 981 2651 1025 2677; x_wconf 86' lang='lat' dir='ltr'>ob—</span> <span class='ocrx_word' id='word_1_514' title='bbox 1046 2646 1048 2679; x_wconf 82' lang='grc'>1</span> 
     </span>
     <span class='ocr_line' id='line_1_59' title="bbox 189 2681 1048 2733; baseline 0.005 -17"><span class='ocrx_word' id='word_1_515' title='bbox 189 2691 308 2726; x_wconf 83' lang='lat' dir='ltr'>sequium</span> <span class='ocrx_word' id='word_1_516' title='bbox 328 2690 480 2726; x_wconf 86' lang='lat' dir='ltr'>parentibus</span> <span class='ocrx_word' id='word_1_517' title='bbox 500 2695 525 2716; x_wconf 85' lang='lat' dir='ltr'>ct:</span> <span class='ocrx_word' id='word_1_518' title='bbox 539 2691 666 2726; x_wconf 79' lang='lat' dir='ltr'>patronis,</span> <span class='ocrx_word' id='word_1_519' title='bbox 686 2691 829 2730; x_wconf 86' lang='lat' dir='ltr'>liberisque</span> <span class='ocrx_word' id='word_1_520' title='bbox 846 2699 1024 2731; x_wconf 78' lang='lat' dir='ltr'>patronorum,</span> <span class='ocrx_word' id='word_1_521' title='bbox 1046 2681 1048 2733; x_wconf 93' lang='grc'>1</span> 
     </span>
     <span class='ocr_line' id='line_1_60' title="bbox 189 2732 1047 2769; baseline 0.005 -10"><span class='ocrx_word' id='word_1_522' title='bbox 189 2733 308 2759; x_wconf 83' lang='lat' dir='ltr'>exhiberi</span> <span class='ocrx_word' id='word_1_523' title='bbox 327 2732 414 2758; x_wconf 83' lang='lat' dir='ltr'>iubeat</span> <span class='ocrx_word' id='word_1_524' title='bbox 434 2733 486 2765; x_wconf 87' lang='lat' dir='ltr'>(sc.</span> <span class='ocrx_word' id='word_1_525' title='bbox 506 2732 631 2765; x_wconf 70' lang='lat' dir='ltr'>Procas.)</span> <span class='ocrx_word' id='word_1_526' title='bbox 656 2733 686 2759; x_wconf 85' lang='lat' dir='ltr'>fr.</span> <span class='ocrx_word' id='word_1_527' title='bbox 706 2736 729 2760; x_wconf 88' lang='lat'>9.</span> <span class='ocrx_word' id='word_1_528' title='bbox 749 2736 770 2769; x_wconf 81' lang='lat'>5.</span> <span class='ocrx_word' id='word_1_529' title='bbox 790 2738 813 2762; x_wconf 81' lang='lat'>3.</span> <span class='ocrx_word' id='word_1_530' title='bbox 834 2736 865 2762; x_wconf 91' lang='lat' dir='ltr'>de</span> <span class='ocrx_word' id='word_1_531' title='bbox 885 2737 928 2763; x_wconf 77' lang='lat'><strong>011¹.</strong></span> <span class='ocrx_word' id='word_1_532' title='bbox 948 2736 1023 2763; x_wconf 89' lang='lat' dir='ltr'>Proc.</span> <span class='ocrx_word' id='word_1_533' title='bbox 1046 2738 1047 2742; x_wconf 73' lang='grc'>’</span> 
     </span>
     <span class='ocr_line' id='line_1_61' title="bbox 189 2775 1047 2815; baseline 0.007 -14"><span class='ocrx_word' id='word_1_534' title='bbox 189 2780 215 2802; x_wconf 85' lang='lat' dir='ltr'>et</span> <span class='ocrx_word' id='word_1_535' title='bbox 233 2775 293 2812; x_wconf 75' lang='lat' dir='ltr'>Leg.</span> <span class='ocrx_word' id='word_1_536' title='bbox 315 2778 336 2802; x_wconf 81' lang='lat' dir='ltr'>l.</span> <span class='ocrx_word' id='word_1_537' title='bbox 358 2777 396 2801; x_wconf 79' lang='lat'>16.</span> <span class='ocrx_word' id='word_1_538' title='bbox 417 2775 448 2801; x_wconf 82' lang='lat' dir='ltr'>cf.</span> <span class='ocrx_word' id='word_1_539' title='bbox 468 2775 498 2802; x_wconf 80' lang='lat' dir='ltr'>fr.</span> <span class='ocrx_word' id='word_1_540' title='bbox 520 2777 559 2802; x_wconf 84' lang='lat'>19.</span> <span class='ocrx_word' id='word_1_541' title='bbox 580 2775 611 2802; x_wconf 82' lang='lat' dir='ltr'>de</span> <span class='ocrx_word' id='word_1_542' title='bbox 631 2777 686 2802; x_wconf 84' lang='lat' dir='ltr'>iure</span> <span class='ocrx_word' id='word_1_543' title='bbox 705 2782 805 2813; x_wconf 78' lang='lat' dir='ltr'>patron.</span> <span class='ocrx_word' id='word_1_544' title='bbox 825 2781 866 2805; x_wconf 82' lang='lat'>37.</span> <span class='ocrx_word' id='word_1_545' title='bbox 889 2781 927 2805; x_wconf 80' lang='lat'><strong>1-1.</strong></span> <span class='ocrx_word' id='word_1_546' title='bbox 953 2780 1025 2815; x_wconf 84' lang='lat' dir='ltr'>Quo·</span> <span class='ocrx_word' id='word_1_547' title='bbox 1046 2775 1047 2778; x_wconf 30' lang='grc'>1</span> 
     </span>
     <span class='ocr_line' id='line_1_62' title="bbox 190 2818 1047 2873; baseline 0.006 -29"><span class='ocrx_word' id='word_1_548' title='bbox 190 2819 239 2844; x_wconf 77' lang='lat' dir='ltr'>ties</span> <span class='ocrx_word' id='word_1_549' title='bbox 265 2819 297 2845; x_wconf 88' lang='lat' dir='ltr'>de</span> <span class='ocrx_word' id='word_1_550' title='bbox 321 2819 371 2845; x_wconf 87' lang='lat' dir='ltr'>boc</span> <span class='ocrx_word' id='word_1_551' title='bbox 397 2818 577 2850; x_wconf 86' lang='lat' dir='ltr'>contenditur,</span> <span class='ocrx_word' id='word_1_552' title='bbox 606 2829 637 2845; x_wconf 84' lang='lat' dir='ltr'>an</span> <span class='ocrx_word' id='word_1_553' title='bbox 666 2820 724 2856; x_wconf 86' lang='lat' dir='ltr'>quis</span> <span class='ocrx_word' id='word_1_554' title='bbox 752 2819 862 2847; x_wconf 81' lang='lat' dir='ltr'>libertus</span> <span class='ocrx_word' id='word_1_555' title='bbox 890 2822 941 2848; x_wconf 77' lang='lat' dir='ltr'>sit?</span> <span class='ocrx_word' id='word_1_556' title='bbox 969 2824 1047 2873; x_wconf 32' lang='lat' dir='ltr'>sive}</span> 
     </span>
    </p>

    <p class='ocr_par' dir='ltr' id='par_1_12' title="bbox 1046 2878 1047 2889">
     <span class='ocr_line' id='line_1_63' title="bbox 1046 2878 1047 2889; baseline 0 0"><span class='ocrx_word' id='word_1_557' title='bbox 1046 2878 1047 2889; x_wconf 79' lang='grc'>1</span> 
     </span>
    </p>
   </div>
   <div class='ocr_carea' id='block_1_3' title="bbox 1041 309 1050 2377">
    <p class='ocr_par' dir='ltr' id='par_1_13' title="bbox 1041 309 1050 2377">
     <span class='ocr_line' id='line_1_64' title="bbox 1041 309 1050 2377; baseline 0 0"><span class='ocrx_word' id='word_1_558' title='bbox 1041 309 1050 2377; x_wconf 95' lang='lat' dir='ltr'> </span> 
     </span>
    </p>
   </div>
   <div class='ocr_carea' id='block_1_4' title="bbox 1839 168 1900 198">
    <p class='ocr_par' dir='ltr' id='par_1_14' title="bbox 1839 168 1900 198">
     <span class='ocr_line' id='line_1_65' title="bbox 1839 168 1900 198; baseline 0.016 -1"><span class='ocrx_word' id='word_1_559' title='bbox 1839 168 1900 198; x_wconf 74' lang='grc'>647</span> 
     </span>
    </p>
   </div>
   <div class='ocr_carea' id='block_1_5' title="bbox 1063 248 1902 417">
    <p class='ocr_par' dir='ltr' id='par_1_15' title="bbox 1063 248 1902 417">
     <span class='ocr_line' id='line_1_66' title="bbox 1064 248 1899 289; baseline -0.005 -12"><span class='ocrx_word' id='word_1_560' title='bbox 1064 262 1158 289; x_wconf 79' lang='lat' dir='ltr'>operae</span> <span class='ocrx_word' id='word_1_561' title='bbox 1177 256 1307 289; x_wconf 70' lang='lat' dir='ltr'>petantur,</span> <span class='ocrx_word' id='word_1_562' title='bbox 1327 253 1383 278; x_wconf 72' lang='lat' dir='ltr'>sive</span> <span class='ocrx_word' id='word_1_563' title='bbox 1403 251 1557 288; x_wconf 77' lang='lat' dir='ltr'>obsequium</span> <span class='ocrx_word' id='word_1_564' title='bbox 1578 249 1742 277; x_wconf 72' lang='lat' dir='ltr'>desideretur</span> <span class='ocrx_word' id='word_1_565' title='bbox 1762 253 1809 274; x_wconf 85' lang='lat' dir='ltr'>etc.</span> <span class='ocrx_word' id='word_1_566' title='bbox 1831 248 1861 274; x_wconf 78' lang='lat' dir='ltr'>fr.</span> <span class='ocrx_word' id='word_1_567' title='bbox 1876 250 1899 274; x_wconf 79' lang='lat' dir='ltr'>G.</span> 
     </span>
     <span class='ocr_line' id='line_1_67' title="bbox 1063 290 1901 330; baseline -0.006 -10"><span class='ocrx_word' id='word_1_568' title='bbox 1063 296 1084 320; x_wconf 89' lang='lat' dir='ltr'>si</span> <span class='ocrx_word' id='word_1_569' title='bbox 1105 296 1188 330; x_wconf 75' lang='lat' dir='ltr'>ingen.</span> <span class='ocrx_word' id='word_1_570' title='bbox 1209 304 1268 320; x_wconf 88' lang='lat' dir='ltr'>esse</span> <span class='ocrx_word' id='word_1_571' title='bbox 1288 294 1337 321; x_wconf 85' lang='lat' dir='ltr'>dic.</span> <span class='ocrx_word' id='word_1_572' title='bbox 1358 298 1397 321; x_wconf 79' lang='lat'>40.</span> <span class='ocrx_word' id='word_1_573' title='bbox 1420 296 1459 320; x_wconf 75' lang='grc'>14.</span> <span class='ocrx_word' id='word_1_574' title='bbox 1498 295 1551 329; x_wconf 81' lang='lat' dir='ltr'>Qui</span> <span class='ocrx_word' id='word_1_575' title='bbox 1575 293 1711 329; x_wconf 77' lang='lat' dir='ltr'>obsequiis</span> <span class='ocrx_word' id='word_1_576' title='bbox 1736 293 1790 317; x_wconf 72' lang='lat' dir='ltr'>suis</span> <span class='ocrx_word' id='word_1_577' title='bbox 1810 290 1901 316; x_wconf 80' lang='lat' dir='ltr'>libera-</span> 
     </span>
     <span class='ocr_line' id='line_1_68' title="bbox 1063 333 1902 374; baseline -0.005 -11"><span class='ocrx_word' id='word_1_578' title='bbox 1063 337 1161 363; x_wconf 85' lang='lat' dir='ltr'>litatem</span> <span class='ocrx_word' id='word_1_579' title='bbox 1181 342 1350 374; x_wconf 84' lang='lat' dir='ltr'>patronorum</span> <span class='ocrx_word' id='word_1_580' title='bbox 1370 342 1587 374; x_wconf 81' lang='lat' dir='ltr'>provocaverunt.</span> <span class='ocrx_word' id='word_1_581' title='bbox 1608 336 1690 362; x_wconf 84' lang='lat' dir='ltr'>Vatie.</span> <span class='ocrx_word' id='word_1_582' title='bbox 1712 336 1732 368; x_wconf 88' lang='lat'>5</span> <span class='ocrx_word' id='word_1_583' title='bbox 1752 336 1811 360; x_wconf 81' lang='lat'><strong>272.</strong></span> <span class='ocrx_word' id='word_1_584' title='bbox 1849 333 1902 359; x_wconf 88' lang='lat' dir='ltr'>Ob-</span> 
     </span>
     <span class='ocr_line' id='line_1_69' title="bbox 1063 379 1901 417; baseline -0.006 -11"><span class='ocrx_word' id='word_1_585' title='bbox 1063 381 1155 417; x_wconf 85' lang='lat' dir='ltr'>sequio</span> <span class='ocrx_word' id='word_1_586' title='bbox 1174 381 1346 417; x_wconf 75' lang='lat' dir='ltr'>temporariae</span> <span class='ocrx_word' id='word_1_587' title='bbox 1366 381 1502 406; x_wconf 84' lang='lat' dir='ltr'>servitutis</span> <span class='ocrx_word' id='word_1_588' title='bbox 1518 380 1623 406; x_wconf 83' lang='lat' dir='ltr'>modum</span> <span class='ocrx_word' id='word_1_589' title='bbox 1638 379 1821 416; x_wconf 77' lang='lat' dir='ltr'>praestitutum</span> <span class='ocrx_word' id='word_1_590' title='bbox 1835 386 1901 402; x_wconf 82' lang='lat' dir='ltr'>esse.</span> 
     </span>
    </p>
   </div>
   <div class='ocr_carea' id='block_1_6' title="bbox 1040 419 1901 457">
    <p class='ocr_par' dir='ltr' id='par_1_16' title="bbox 1040 419 1901 457">
     <span class='ocr_line' id='line_1_70' title="bbox 1040 419 1901 457; baseline -0.006 -8"><span class='ocrx_word' id='word_1_591' title='bbox 1040 422 1041 432; x_wconf 61' lang='lat'>¹</span> <span class='ocrx_word' id='word_1_592' title='bbox 1064 423 1093 449; x_wconf 78' lang='lat' dir='ltr'>fr.</span> <span class='ocrx_word' id='word_1_593' title='bbox 1113 426 1154 449; x_wconf 68' lang='lat'><strong>2⁴).</strong></span> <span class='ocrx_word' id='word_1_594' title='bbox 1175 424 1196 457; x_wconf 86' lang='lat'>5.</span> <span class='ocrx_word' id='word_1_595' title='bbox 1216 425 1239 449; x_wconf 76' lang='grc'>3.</span> <span class='ocrx_word' id='word_1_596' title='bbox 1260 423 1292 449; x_wconf 88' lang='lat' dir='ltr'>de</span> <span class='ocrx_word' id='word_1_597' title='bbox 1312 433 1422 449; x_wconf 87' lang='lat' dir='ltr'>manum.</span> <span class='ocrx_word' id='word_1_598' title='bbox 1442 425 1483 449; x_wconf 67' lang='lat'>40.</span> <span class='ocrx_word' id='word_1_599' title='bbox 1506 425 1526 449; x_wconf 91' lang='lat'>1.</span> <span class='ocrx_word' id='word_1_600' title='bbox 1548 423 1578 448; x_wconf 76' lang='lat' dir='ltr'>el&#39;.</span> <span class='ocrx_word' id='word_1_601' title='bbox 1604 422 1673 449; x_wconf 73' lang='lat' dir='ltr'>Coit.</span> <span class='ocrx_word' id='word_1_602' title='bbox 1693 420 1745 447; x_wconf 85' lang='lat' dir='ltr'>LL.</span> <span class='ocrx_word' id='word_1_603' title='bbox 1766 420 1799 446; x_wconf 80' lang='grc' dir='ltr'>Μ.</span> <span class='ocrx_word' id='word_1_604' title='bbox 1821 419 1861 445; x_wconf 92' lang='grc'>111.</span> <span class='ocrx_word' id='word_1_605' title='bbox 1877 421 1901 445; x_wconf 81' lang='lat'>3.</span> 
     </span>
    </p>
   </div>
   <div class='ocr_carea' id='block_1_7' title="bbox 1064 462 1907 1231">
    <p class='ocr_par' dir='ltr' id='par_1_17' title="bbox 1064 462 1907 1231">
     <span class='ocr_line' id='line_1_71' title="bbox 1064 462 1901 503; baseline -0.006 -11"><span class='ocrx_word' id='word_1_606' title='bbox 1064 466 1091 492; x_wconf 92' lang='lat' dir='ltr'>In</span> <span class='ocrx_word' id='word_1_607' title='bbox 1111 467 1212 503; x_wconf 81' lang='lat' dir='ltr'>privato</span> <span class='ocrx_word' id='word_1_608' title='bbox 1233 466 1361 502; x_wconf 82' lang='lat' dir='ltr'>obsequio</span> <span class='ocrx_word' id='word_1_609' title='bbox 1381 466 1494 491; x_wconf 80' lang='lat' dir='ltr'>retinere</span> <span class='ocrx_word' id='word_1_610' title='bbox 1514 465 1656 498; x_wconf 68' lang='lat' dir='ltr'>(mititem.)</span> <span class='ocrx_word' id='word_1_611' title='bbox 1682 464 1731 490; x_wconf 84' lang='lat' dir='ltr'>Tb.</span> <span class='ocrx_word' id='word_1_612' title='bbox 1752 463 1782 490; x_wconf 90' lang='lat' dir='ltr'>C.</span> <span class='ocrx_word' id='word_1_613' title='bbox 1802 462 1857 488; x_wconf 63' lang='lat' dir='ltr'><strong>VII.</strong></span> <span class='ocrx_word' id='word_1_614' title='bbox 1880 464 1901 487; x_wconf 83' lang='lat'>1.</span> 
     </span>
     <span class='ocr_line' id='line_1_72' title="bbox 1064 508 1901 546; baseline -0.004 -12"><span class='ocrx_word' id='word_1_615' title='bbox 1064 520 1084 535; x_wconf 81' lang='lat' dir='ltr'>e.</span> <span class='ocrx_word' id='word_1_616' title='bbox 1107 511 1145 535; x_wconf 94' lang='lat'>15.</span> <span class='ocrx_word' id='word_1_617' title='bbox 1166 519 1187 535; x_wconf 85' lang='lat' dir='ltr'>c.</span> <span class='ocrx_word' id='word_1_618' title='bbox 1209 511 1247 535; x_wconf 91' lang='lat'>17.</span> <span class='ocrx_word' id='word_1_619' title='bbox 1268 519 1307 546; x_wconf 87' lang='lat' dir='ltr'>pr.</span> <span class='ocrx_word' id='word_1_620' title='bbox 1328 508 1359 534; x_wconf 81' lang='lat' dir='ltr'>de.</span> <span class='ocrx_word' id='word_1_621' title='bbox 1378 508 1408 534; x_wconf 79' lang='lat' dir='ltr'>R.</span> <span class='ocrx_word' id='word_1_622' title='bbox 1430 508 1463 534; x_wconf 82' lang='grc'>111.</span> <span class='ocrx_word' id='word_1_623' title='bbox 1484 525 1515 527; x_wconf 89' lang='grc'>-</span> <span class='ocrx_word' id='word_1_624' title='bbox 1540 510 1570 542; x_wconf 81' lang='lat'>§.</span> <span class='ocrx_word' id='word_1_625' title='bbox 1590 509 1624 534; x_wconf 72' lang='lat'>2.</span> <span class='ocrx_word' id='word_1_626' title='bbox 1648 509 1791 534; x_wconf 73' lang='lat' dir='ltr'>Muneris</span> <span class='ocrx_word' id='word_1_627' title='bbox 1808 515 1901 540; x_wconf 78' lang='lat' dir='ltr'>prae-</span> 
     </span>
     <span class='ocr_line' id='line_1_73' title="bbox 1064 548 1902 584; baseline -0.005 -6"><span class='ocrx_word' id='word_1_628' title='bbox 1064 554 1182 583; x_wconf 76' lang='lat' dir='ltr'>statio,</span> <span class='ocrx_word' id='word_1_629' title='bbox 1208 553 1407 578; x_wconf 70' lang='lat' dir='ltr'>anetz&#39;ouis</span> <span class='ocrx_word' id='word_1_630' title='bbox 1424 553 1576 584; x_wconf 72' lang='lat' dir='ltr'>publicae</span> <span class='ocrx_word' id='word_1_631' title='bbox 1595 552 1764 577; x_wconf 61' lang='lat' dir='ltr'>ea-ltihitio.</span> <span class='ocrx_word' id='word_1_632' title='bbox 1802 548 1820 575; x_wconf 89' lang='lat' dir='ltr'>I.</span> <span class='ocrx_word' id='word_1_633' title='bbox 1841 549 1902 581; x_wconf 66' lang='lat' dir='ltr'>sy.</span> 
     </span>
     <span class='ocr_line' id='line_1_74' title="bbox 1065 590 1903 630; baseline -0.005 -10"><span class='ocrx_word' id='word_1_634' title='bbox 1065 594 1148 625; x_wconf 79' lang='lat' dir='ltr'>Cura,</span> <span class='ocrx_word' id='word_1_635' title='bbox 1168 594 1347 625; x_wconf 72' lang='lat' dir='ltr'>Sacramenta,</span> <span class='ocrx_word' id='word_1_636' title='bbox 1368 594 1510 630; x_wconf 78' lang='lat' dir='ltr'>Obsequia.</span> <span class='ocrx_word' id='word_1_637' title='bbox 1538 593 1574 619; x_wconf 93' lang='lat' dir='ltr'>Ib.</span> <span class='ocrx_word' id='word_1_638' title='bbox 1595 593 1637 619; x_wconf 60' lang='lat' dir='ltr'>VI.</span> <span class='ocrx_word' id='word_1_639' title='bbox 1657 595 1698 619; x_wconf 88' lang='lat'>29.</span> <span class='ocrx_word' id='word_1_640' title='bbox 1725 604 1745 619; x_wconf 89' lang='lat' dir='ltr'>c.</span> <span class='ocrx_word' id='word_1_641' title='bbox 1765 594 1789 618; x_wconf 81' lang='lat'>2.</span> <span class='ocrx_word' id='word_1_642' title='bbox 1810 601 1849 628; x_wconf 85' lang='lat' dir='ltr'>pr.</span> <span class='ocrx_word' id='word_1_643' title='bbox 1870 590 1903 616; x_wconf 83' lang='grc'>(16</span> 
     </span>
     <span class='ocr_line' id='line_1_75' title="bbox 1065 635 1902 664; baseline -0.005 -1"><span class='ocrx_word' id='word_1_644' title='bbox 1065 639 1160 663; x_wconf 81' lang='lat' dir='ltr'>curios.</span> <span class='ocrx_word' id='word_1_645' title='bbox 1175 637 1242 663; x_wconf 71' lang='lat' dir='ltr'><strong>VIII.</strong></span> <span class='ocrx_word' id='word_1_646' title='bbox 1256 639 1279 663; x_wconf 78' lang='grc'>4.</span> <span class='ocrx_word' id='word_1_647' title='bbox 1300 648 1320 663; x_wconf 88' lang='lat' dir='ltr'>c.</span> <span class='ocrx_word' id='word_1_648' title='bbox 1334 639 1376 663; x_wconf 86' lang='grc'>21.</span> <span class='ocrx_word' id='word_1_649' title='bbox 1397 636 1428 663; x_wconf 80' lang='lat' dir='ltr'>de.</span> <span class='ocrx_word' id='word_1_650' title='bbox 1443 636 1568 663; x_wconf 85' lang='lat' dir='ltr'>coliortal.</span> <span class='ocrx_word' id='word_1_651' title='bbox 1598 636 1700 664; x_wconf 75' lang='lat' dir='ltr'>Munus.</span> <span class='ocrx_word' id='word_1_652' title='bbox 1721 635 1902 662; x_wconf 69' lang='lat' dir='ltr'>Ministerium.</span> 
     </span>
     <span class='ocr_line' id='line_1_76' title="bbox 1066 677 1902 717; baseline -0.005 -11"><span class='ocrx_word' id='word_1_653' title='bbox 1066 680 1095 706; x_wconf 72' lang='lat' dir='ltr'><strong>l&#39;r.</strong></span> <span class='ocrx_word' id='word_1_654' title='bbox 1118 682 1139 707; x_wconf 78' lang='lat' dir='ltr'>l.</span> <span class='ocrx_word' id='word_1_655' title='bbox 1159 690 1198 717; x_wconf 86' lang='lat' dir='ltr'>pr.</span> <span class='ocrx_word' id='word_1_656' title='bbox 1218 681 1238 714; x_wconf 88' lang='lat'>5.</span> <span class='ocrx_word' id='word_1_657' title='bbox 1259 683 1282 706; x_wconf 86' lang='lat'>2.</span> <span class='ocrx_word' id='word_1_658' title='bbox 1302 680 1332 706; x_wconf 79' lang='lat' dir='ltr'>fr.</span> <span class='ocrx_word' id='word_1_659' title='bbox 1352 682 1375 705; x_wconf 80' lang='lat'>4.</span> <span class='ocrx_word' id='word_1_660' title='bbox 1396 680 1417 713; x_wconf 84' lang='lat'>5.</span> <span class='ocrx_word' id='word_1_661' title='bbox 1437 683 1460 706; x_wconf 88' lang='grc'>2.</span> <span class='ocrx_word' id='word_1_662' title='bbox 1481 679 1512 705; x_wconf 86' lang='lat' dir='ltr'>de</span> <span class='ocrx_word' id='word_1_663' title='bbox 1532 689 1601 705; x_wconf 80' lang='lat' dir='ltr'>niun.</span> <span class='ocrx_word' id='word_1_664' title='bbox 1622 684 1644 704; x_wconf 89' lang='lat' dir='ltr'>et</span> <span class='ocrx_word' id='word_1_665' title='bbox 1666 679 1818 704; x_wconf 75' lang='lat'><strong>1101·.5⁰.4.</strong></span> <span class='ocrx_word' id='word_1_666' title='bbox 1839 687 1860 703; x_wconf 92' lang='lat' dir='ltr'>c.</span> <span class='ocrx_word' id='word_1_667' title='bbox 1879 677 1902 702; x_wconf 66' lang='lat'>«1.</span> 
     </span>
     <span class='ocr_line' id='line_1_77' title="bbox 1065 721 1902 760; baseline -0.006 -11"><span class='ocrx_word' id='word_1_668' title='bbox 1065 723 1096 749; x_wconf 88' lang='lat' dir='ltr'>de</span> <span class='ocrx_word' id='word_1_669' title='bbox 1116 733 1236 760; x_wconf 74' lang='lat' dir='ltr'>praepos</span> <span class='ocrx_word' id='word_1_670' title='bbox 1258 723 1284 749; x_wconf 92' lang='lat' dir='ltr'>S.</span> <span class='ocrx_word' id='word_1_671' title='bbox 1304 723 1386 749; x_wconf 82' lang='lat' dir='ltr'>cubic.</span> <span class='ocrx_word' id='word_1_672' title='bbox 1404 725 1441 748; x_wconf 87' lang='lat'>12.</span> <span class='ocrx_word' id='word_1_673' title='bbox 1456 725 1479 748; x_wconf 86' lang='lat'>5.</span> <span class='ocrx_word' id='word_1_674' title='bbox 1501 722 1550 748; x_wconf 87' lang='lat' dir='ltr'>Tb.</span> <span class='ocrx_word' id='word_1_675' title='bbox 1565 721 1596 748; x_wconf 88' lang='lat' dir='ltr'>C.</span> <span class='ocrx_word' id='word_1_676' title='bbox 1610 721 1654 748; x_wconf 83' lang='lat' dir='ltr'>XI.</span> <span class='ocrx_word' id='word_1_677' title='bbox 1672 723 1710 747; x_wconf 87' lang='grc'>16.</span> <span class='ocrx_word' id='word_1_678' title='bbox 1731 731 1751 747; x_wconf 87' lang='lat' dir='ltr'>c.</span> <span class='ocrx_word' id='word_1_679' title='bbox 1768 723 1806 746; x_wconf 83' lang='grc'>15.</span> <span class='ocrx_word' id='word_1_680' title='bbox 1827 730 1846 746; x_wconf 90' lang='lat' dir='ltr'>c.</span> <span class='ocrx_word' id='word_1_681' title='bbox 1863 721 1902 744; x_wconf 72' lang='lat'>18.</span> 
     </span>
     <span class='ocr_line' id='line_1_78' title="bbox 1066 763 1903 792; baseline -0.006 0"><span class='ocrx_word' id='word_1_682' title='bbox 1066 766 1097 792; x_wconf 84' lang='lat' dir='ltr'>de</span> <span class='ocrx_word' id='word_1_683' title='bbox 1117 771 1181 792; x_wconf 80' lang='lat' dir='ltr'>extr.</span> <span class='ocrx_word' id='word_1_684' title='bbox 1202 776 1222 792; x_wconf 88' lang='lat' dir='ltr'>s.</span> <span class='ocrx_word' id='word_1_685' title='bbox 1243 765 1313 792; x_wconf 88' lang='lat' dir='ltr'>sord.</span> <span class='ocrx_word' id='word_1_686' title='bbox 1333 765 1391 791; x_wconf 75' lang='lat' dir='ltr'>XV.</span> <span class='ocrx_word' id='word_1_687' title='bbox 1413 767 1434 791; x_wconf 93' lang='lat'>7.</span> <span class='ocrx_word' id='word_1_688' title='bbox 1460 776 1481 791; x_wconf 93' lang='lat' dir='ltr'>c.</span> <span class='ocrx_word' id='word_1_689' title='bbox 1502 766 1525 791; x_wconf 75' lang='lat'>4.</span> <span class='ocrx_word' id='word_1_690' title='bbox 1550 765 1582 791; x_wconf 85' lang='lat' dir='ltr'>de</span> <span class='ocrx_word' id='word_1_691' title='bbox 1601 765 1712 790; x_wconf 84' lang='lat' dir='ltr'>scaenie.</span> <span class='ocrx_word' id='word_1_692' title='bbox 1750 763 1903 791; x_wconf 68' lang='lat' dir='ltr'>Praestatio.</span> 
     </span>
     <span class='ocr_line' id='line_1_79' title="bbox 1066 804 1903 840; baseline -0.005 -6"><span class='ocrx_word' id='word_1_693' title='bbox 1066 808 1226 840; x_wconf 67' lang='lat' dir='ltr'>Necessitas.</span> <span class='ocrx_word' id='word_1_694' title='bbox 1246 808 1414 834; x_wconf 79' lang='lat' dir='ltr'>Sollicitudo.</span> <span class='ocrx_word' id='word_1_695' title='bbox 1435 808 1471 834; x_wconf 93' lang='lat' dir='ltr'>lb.</span> <span class='ocrx_word' id='word_1_696' title='bbox 1485 808 1531 834; x_wconf 88' lang='lat' dir='ltr'>XI.</span> <span class='ocrx_word' id='word_1_697' title='bbox 1553 809 1590 834; x_wconf 84' lang='grc'>16.</span> <span class='ocrx_word' id='word_1_698' title='bbox 1611 818 1632 833; x_wconf 88' lang='lat' dir='ltr'>c.</span> <span class='ocrx_word' id='word_1_699' title='bbox 1654 809 1693 833; x_wconf 83' lang='lat'>15.</span> <span class='ocrx_word' id='word_1_700' title='bbox 1714 817 1735 833; x_wconf 90' lang='lat' dir='ltr'>c.</span> <span class='ocrx_word' id='word_1_701' title='bbox 1758 809 1795 832; x_wconf 61' lang='lat'>15.</span> <span class='ocrx_word' id='word_1_702' title='bbox 1816 806 1832 832; x_wconf 91' lang='grc'>1.</span> <span class='ocrx_word' id='word_1_703' title='bbox 1847 804 1903 831; x_wconf 86' lang='lat' dir='ltr'><strong>XII.</strong></span> 
     </span>
     <span class='ocr_line' id='line_1_80' title="bbox 1068 849 1903 877; baseline -0.005 0"><span class='ocrx_word' id='word_1_704' title='bbox 1068 853 1087 877; x_wconf 92' lang='lat' dir='ltr'>l.</span> <span class='ocrx_word' id='word_1_705' title='bbox 1109 862 1130 877; x_wconf 84' lang='lat' dir='ltr'>e.</span> <span class='ocrx_word' id='word_1_706' title='bbox 1155 853 1192 877; x_wconf 80' lang='lat'>17.</span> <span class='ocrx_word' id='word_1_707' title='bbox 1213 862 1233 877; x_wconf 87' lang='lat' dir='ltr'>e.</span> <span class='ocrx_word' id='word_1_708' title='bbox 1256 853 1295 877; x_wconf 88' lang='lat'>19.</span> <span class='ocrx_word' id='word_1_709' title='bbox 1316 851 1347 876; x_wconf 83' lang='lat' dir='ltr'>de</span> <span class='ocrx_word' id='word_1_710' title='bbox 1367 851 1501 877; x_wconf 78' lang='lat' dir='ltr'>decurion.</span> <span class='ocrx_word' id='word_1_711' title='bbox 1515 850 1573 877; x_wconf 86' lang='lat' dir='ltr'>XV.</span> <span class='ocrx_word' id='word_1_712' title='bbox 1593 852 1617 876; x_wconf 94' lang='lat'>-3.</span> <span class='ocrx_word' id='word_1_713' title='bbox 1638 861 1658 876; x_wconf 85' lang='lat' dir='ltr'>c.</span> <span class='ocrx_word' id='word_1_714' title='bbox 1676 852 1696 876; x_wconf 97' lang='lat' dir='ltr'>l.</span> <span class='ocrx_word' id='word_1_715' title='bbox 1717 860 1738 875; x_wconf 85' lang='lat' dir='ltr'>c.</span> <span class='ocrx_word' id='word_1_716' title='bbox 1754 851 1776 875; x_wconf 82' lang='lat'>4.</span> <span class='ocrx_word' id='word_1_717' title='bbox 1797 849 1829 874; x_wconf 84' lang='lat' dir='ltr'>dc</span> <span class='ocrx_word' id='word_1_718' title='bbox 1848 849 1903 874; x_wconf 80' lang='lat' dir='ltr'>itin.</span> 
     </span>
     <span class='ocr_line' id='line_1_81' title="bbox 1065 892 1905 924; baseline -0.004 -4"><span class='ocrx_word' id='word_1_719' title='bbox 1065 905 1134 920; x_wconf 89' lang='lat' dir='ltr'>mun.</span> <span class='ocrx_word' id='word_1_720' title='bbox 1172 893 1214 920; x_wconf 91' lang='lat' dir='ltr'><strong>III.</strong></span> <span class='ocrx_word' id='word_1_721' title='bbox 1232 895 1297 921; x_wconf 73' lang='grc' dir='ltr'>(ἠ.</span> <span class='ocrx_word' id='word_1_722' title='bbox 1318 894 1340 920; x_wconf 83' lang='grc' dir='ltr'>Α</span> <span class='ocrx_word' id='word_1_723' title='bbox 1361 893 1483 919; x_wconf 80' lang='lat' dir='ltr'>civilibus</span> <span class='ocrx_word' id='word_1_724' title='bbox 1502 893 1663 924; x_wconf 64' lang='lat' dir='ltr'>muneribus,</span> <span class='ocrx_word' id='word_1_725' title='bbox 1683 898 1707 919; x_wconf 88' lang='lat' dir='ltr'>et</span> <span class='ocrx_word' id='word_1_726' title='bbox 1727 892 1860 922; x_wconf 70' lang='lat' dir='ltr'>oneribus.r</span> <span class='ocrx_word' id='word_1_727' title='bbox 1880 895 1905 916; x_wconf 77' lang='lat' dir='ltr'>et</span> 
     </span>
     <span class='ocr_line' id='line_1_82' title="bbox 1066 934 1905 973; baseline -0.005 -10"><span class='ocrx_word' id='word_1_728' title='bbox 1066 937 1201 973; x_wconf 80' lang='lat' dir='ltr'>obsequiis</span> <span class='ocrx_word' id='word_1_729' title='bbox 1222 936 1365 962; x_wconf 82' lang='lat' dir='ltr'>habeantur</span> <span class='ocrx_word' id='word_1_730' title='bbox 1384 937 1520 962; x_wconf 79' lang='lat' dir='ltr'>immunes.</span> <span class='ocrx_word' id='word_1_731' title='bbox 1541 936 1577 963; x_wconf 90' lang='lat' dir='ltr'>Ib.</span> <span class='ocrx_word' id='word_1_732' title='bbox 1597 936 1665 962; x_wconf 91' lang='lat' dir='ltr'><strong>XIII.</strong></span> <span class='ocrx_word' id='word_1_733' title='bbox 1683 938 1706 961; x_wconf 87' lang='lat'>5.</span> <span class='ocrx_word' id='word_1_734' title='bbox 1728 946 1748 961; x_wconf 91' lang='lat' dir='ltr'>c.</span> <span class='ocrx_word' id='word_1_735' title='bbox 1768 937 1791 961; x_wconf 97' lang='lat'>7.</span> <span class='ocrx_word' id='word_1_736' title='bbox 1812 934 1844 960; x_wconf 89' lang='lat' dir='ltr'>de</span> <span class='ocrx_word' id='word_1_737' title='bbox 1864 944 1905 959; x_wconf 84' lang='lat' dir='ltr'>na-</span> 
     </span>
     <span class='ocr_line' id='line_1_83' title="bbox 1066 976 1905 1006; baseline -0.006 0"><span class='ocrx_word' id='word_1_738' title='bbox 1066 980 1143 1006; x_wconf 63' lang='lat' dir='ltr'>vit-ut.</span> <span class='ocrx_word' id='word_1_739' title='bbox 1166 979 1196 1006; x_wconf 78' lang='lat' dir='ltr'>cf.</span> <span class='ocrx_word' id='word_1_740' title='bbox 1222 979 1266 1005; x_wconf 85' lang='lat' dir='ltr'>XI.</span> <span class='ocrx_word' id='word_1_741' title='bbox 1290 981 1326 1005; x_wconf 84' lang='grc'>16.</span> <span class='ocrx_word' id='word_1_742' title='bbox 1352 989 1372 1004; x_wconf 86' lang='lat' dir='ltr'>e.</span> <span class='ocrx_word' id='word_1_743' title='bbox 1395 981 1416 1005; x_wconf 92' lang='lat'>1.</span> <span class='ocrx_word' id='word_1_744' title='bbox 1442 979 1474 1005; x_wconf 77' lang='lat' dir='ltr'>(le</span> <span class='ocrx_word' id='word_1_745' title='bbox 1498 979 1628 1006; x_wconf 78' lang='lat' dir='ltr'>extraord.</span> <span class='ocrx_word' id='word_1_746' title='bbox 1653 989 1672 1005; x_wconf 85' lang='lat' dir='ltr'>s.</span> <span class='ocrx_word' id='word_1_747' title='bbox 1697 977 1767 1004; x_wconf 87' lang='lat' dir='ltr'>sord.</span> <span class='ocrx_word' id='word_1_748' title='bbox 1805 976 1860 1002; x_wconf 65' lang='lat' dir='ltr'>Nec</span> <span class='ocrx_word' id='word_1_749' title='bbox 1880 977 1905 1002; x_wconf 88' lang='lat' dir='ltr'>in</span> 
     </span>
     <span class='ocr_line' id='line_1_84' title="bbox 1067 1019 1906 1049; baseline -0.006 0"><span class='ocrx_word' id='word_1_750' title='bbox 1067 1024 1163 1049; x_wconf 80' lang='lat' dir='ltr'>curiam</span> <span class='ocrx_word' id='word_1_751' title='bbox 1184 1021 1405 1048; x_wconf 82' lang='lat' dir='ltr'>nominationibus</span> <span class='ocrx_word' id='word_1_752' title='bbox 1425 1021 1563 1049; x_wconf 76' lang='lat' dir='ltr'>devoeari.</span> <span class='ocrx_word' id='word_1_753' title='bbox 1584 1032 1631 1048; x_wconf 84' lang='lat' dir='ltr'>nec</span> <span class='ocrx_word' id='word_1_754' title='bbox 1650 1021 1812 1047; x_wconf 82' lang='lat' dir='ltr'>functionum</span> <span class='ocrx_word' id='word_1_755' title='bbox 1832 1019 1906 1045; x_wconf 84' lang='lat' dir='ltr'>obse-</span> 
     </span>
     <span class='ocr_line' id='line_1_85' title="bbox 1068 1061 1907 1102; baseline -0.005 -10"><span class='ocrx_word' id='word_1_756' title='bbox 1068 1067 1126 1102; x_wconf 89' lang='lat' dir='ltr'>quia</span> <span class='ocrx_word' id='word_1_757' title='bbox 1146 1065 1235 1091; x_wconf 86' lang='lat' dir='ltr'>subire</span> <span class='ocrx_word' id='word_1_758' title='bbox 1255 1065 1318 1100; x_wconf 65' lang='lat' dir='ltr'>cogi.</span> <span class='ocrx_word' id='word_1_759' title='bbox 1344 1064 1380 1090; x_wconf 93' lang='lat' dir='ltr'>Ib.</span> <span class='ocrx_word' id='word_1_760' title='bbox 1400 1064 1455 1091; x_wconf 75' lang='lat' dir='ltr'><strong>XII.</strong></span> <span class='ocrx_word' id='word_1_761' title='bbox 1478 1067 1499 1091; x_wconf 92' lang='lat'>1.</span> <span class='ocrx_word' id='word_1_762' title='bbox 1520 1076 1541 1091; x_wconf 91' lang='lat' dir='ltr'>c.</span> <span class='ocrx_word' id='word_1_763' title='bbox 1565 1067 1602 1091; x_wconf 88' lang='grc'>19.</span> <span class='ocrx_word' id='word_1_764' title='bbox 1623 1065 1654 1091; x_wconf 82' lang='grc'>(16</span> <span class='ocrx_word' id='word_1_765' title='bbox 1674 1065 1807 1090; x_wconf 84' lang='lat' dir='ltr'>decuriou.</span> <span class='ocrx_word' id='word_1_766' title='bbox 1845 1061 1907 1088; x_wconf 88' lang='lat' dir='ltr'>Col-</span> 
     </span>
     <span class='ocr_line' id='line_1_86' title="bbox 1067 1106 1906 1144; baseline -0.005 -9"><span class='ocrx_word' id='word_1_767' title='bbox 1067 1109 1129 1135; x_wconf 87' lang='lat' dir='ltr'>latio</span> <span class='ocrx_word' id='word_1_768' title='bbox 1153 1109 1253 1134; x_wconf 79' lang='lat' dir='ltr'>viarum</span> <span class='ocrx_word' id='word_1_769' title='bbox 1277 1107 1487 1137; x_wconf 75' lang='lat' dir='ltr'>muniendarum,</span> <span class='ocrx_word' id='word_1_770' title='bbox 1511 1107 1553 1133; x_wconf 83' lang='lat' dir='ltr'>vel</span> <span class='ocrx_word' id='word_1_771' title='bbox 1573 1107 1709 1144; x_wconf 82' lang='lat' dir='ltr'>quodlibet</span> <span class='ocrx_word' id='word_1_772' title='bbox 1728 1106 1798 1133; x_wconf 87' lang='lat' dir='ltr'>aliud</span> <span class='ocrx_word' id='word_1_773' title='bbox 1818 1114 1906 1131; x_wconf 85' lang='lat' dir='ltr'>neces-</span> 
     </span>
     <span class='ocr_line' id='line_1_87' title="bbox 1068 1149 1907 1187; baseline -0.004 -10"><span class='ocrx_word' id='word_1_774' title='bbox 1068 1153 1163 1177; x_wconf 87' lang='lat' dir='ltr'>sarium</span> <span class='ocrx_word' id='word_1_775' title='bbox 1183 1151 1347 1187; x_wconf 86' lang='lat' dir='ltr'>obsequium.</span> <span class='ocrx_word' id='word_1_776' title='bbox 1371 1161 1391 1176; x_wconf 83' lang='lat' dir='ltr'>c.</span> <span class='ocrx_word' id='word_1_777' title='bbox 1411 1151 1434 1176; x_wconf 87' lang='grc'>6.</span> <span class='ocrx_word' id='word_1_778' title='bbox 1455 1150 1487 1176; x_wconf 85' lang='lat' dir='ltr'>de</span> <span class='ocrx_word' id='word_1_779' title='bbox 1506 1151 1607 1187; x_wconf 70' lang='lat' dir='ltr'>pignor.</span> <span class='ocrx_word' id='word_1_780' title='bbox 1628 1154 1651 1176; x_wconf 67' lang='grc' dir='ltr'>ὅ.</span> <span class='ocrx_word' id='word_1_781' title='bbox 1673 1152 1711 1176; x_wconf 75' lang='lat'>14.</span> <span class='ocrx_word' id='word_1_782' title='bbox 1749 1149 1799 1176; x_wconf 84' lang='lat' dir='ltr'>Pro</span> <span class='ocrx_word' id='word_1_783' title='bbox 1820 1150 1907 1174; x_wconf 85' lang='lat' dir='ltr'>unius-</span> 
     </span>
     <span class='ocr_line' id='line_1_88' title="bbox 1068 1191 1905 1231; baseline -0.004 -10"><span class='ocrx_word' id='word_1_784' title='bbox 1068 1197 1194 1231; x_wconf 81' lang='lat' dir='ltr'>cuiusque</span> <span class='ocrx_word' id='word_1_785' title='bbox 1213 1195 1312 1220; x_wconf 87' lang='lat' dir='ltr'>meritis</span> <span class='ocrx_word' id='word_1_786' title='bbox 1332 1193 1529 1229; x_wconf 78' lang='lat' dir='ltr'>obsequiisque.</span> <span class='ocrx_word' id='word_1_787' title='bbox 1550 1193 1732 1225; x_wconf 73' lang='lat' dir='ltr'>(donandum.)</span> <span class='ocrx_word' id='word_1_788' title='bbox 1753 1192 1802 1219; x_wconf 88' lang='lat' dir='ltr'>Tb.</span> <span class='ocrx_word' id='word_1_789' title='bbox 1823 1191 1853 1218; x_wconf 87' lang='lat' dir='ltr'>C.</span> <span class='ocrx_word' id='word_1_790' title='bbox 1873 1191 1905 1217; x_wconf 85' lang='lat' dir='ltr'>X.</span> 
     </span>
    </p>
   </div>
   <div class='ocr_carea' id='block_1_8' title="bbox 1044 1236 1907 1273">
    <p class='ocr_par' dir='ltr' id='par_1_18' title="bbox 1044 1236 1907 1273">
     <span class='ocr_line' id='line_1_89' title="bbox 1044 1236 1907 1273; baseline -0.005 -10"><span class='ocrx_word' id='word_1_791' title='bbox 1044 1257 1045 1266; x_wconf 65' lang='lat'>.</span> <span class='ocrx_word' id='word_1_792' title='bbox 1070 1241 1089 1263; x_wconf 92' lang='lat' dir='ltr'>I.</span> <span class='ocrx_word' id='word_1_793' title='bbox 1111 1248 1132 1263; x_wconf 89' lang='lat' dir='ltr'>c.</span> <span class='ocrx_word' id='word_1_794' title='bbox 1155 1240 1175 1263; x_wconf 93' lang='lat'>1.</span> <span class='ocrx_word' id='word_1_795' title='bbox 1199 1237 1231 1263; x_wconf 84' lang='lat' dir='ltr'>de</span> <span class='ocrx_word' id='word_1_796' title='bbox 1251 1238 1305 1262; x_wconf 83' lang='lat' dir='ltr'>iure</span> <span class='ocrx_word' id='word_1_797' title='bbox 1325 1237 1390 1262; x_wconf 62' lang='lat' dir='ltr'>Iisri.</span> <span class='ocrx_word' id='word_1_798' title='bbox 1428 1236 1468 1262; x_wconf 83' lang='lat' dir='ltr'>Ab</span> <span class='ocrx_word' id='word_1_799' title='bbox 1494 1237 1621 1273; x_wconf 80' lang='lat' dir='ltr'>obsequio</span> <span class='ocrx_word' id='word_1_800' title='bbox 1646 1236 1750 1262; x_wconf 87' lang='lat' dir='ltr'>militari</span> <span class='ocrx_word' id='word_1_801' title='bbox 1773 1236 1907 1271; x_wconf 72' lang='lat' dir='ltr'>signisque</span> 
     </span>
    </p>
   </div>
   <div class='ocr_carea' id='block_1_9' title="bbox 1068 1279 1906 1307">
    <p class='ocr_par' dir='ltr' id='par_1_19' title="bbox 1068 1279 1906 1307">
     <span class='ocr_line' id='line_1_90' title="bbox 1068 1279 1906 1307; baseline -0.005 0"><span class='ocrx_word' id='word_1_802' title='bbox 1068 1280 1202 1307; x_wconf 79' lang='lat' dir='ltr'>decedere.</span> <span class='ocrx_word' id='word_1_803' title='bbox 1223 1279 1259 1306; x_wconf 92' lang='lat' dir='ltr'>Ib.</span> <span class='ocrx_word' id='word_1_804' title='bbox 1276 1279 1329 1305; x_wconf 66' lang='lat' dir='ltr'><strong>VII.</strong></span> <span class='ocrx_word' id='word_1_805' title='bbox 1344 1281 1364 1305; x_wconf 94' lang='lat' dir='ltr'>l.</span> <span class='ocrx_word' id='word_1_806' title='bbox 1386 1289 1406 1305; x_wconf 84' lang='lat' dir='ltr'>c.</span> <span class='ocrx_word' id='word_1_807' title='bbox 1422 1281 1445 1305; x_wconf 81' lang='lat'>2.</span> <span class='ocrx_word' id='word_1_808' title='bbox 1464 1279 1495 1305; x_wconf 89' lang='lat' dir='ltr'>de</span> <span class='ocrx_word' id='word_1_809' title='bbox 1508 1279 1539 1305; x_wconf 81' lang='lat' dir='ltr'>R.</span> <span class='ocrx_word' id='word_1_810' title='bbox 1554 1280 1587 1305; x_wconf 63' lang='grc'>11.</span> <span class='ocrx_word' id='word_1_811' title='bbox 1626 1279 1751 1306; x_wconf 71' lang='lat' dir='ltr'>Civitium</span> <span class='ocrx_word' id='word_1_812' title='bbox 1772 1288 1906 1304; x_wconf 86' lang='lat' dir='ltr'>munerum</span> 
     </span>
    </p>
   </div>
   <div class='ocr_carea' id='block_1_10' title="bbox 1068 1321 1907 1360">
    <p class='ocr_par' dir='ltr' id='par_1_20' title="bbox 1068 1321 1907 1360">
     <span class='ocr_line' id='line_1_91' title="bbox 1068 1321 1907 1360; baseline -0.005 -10"><span class='ocrx_word' id='word_1_813' title='bbox 1068 1324 1231 1360; x_wconf 70' lang='lat' dir='ltr'>obsequium.</span> <span class='ocrx_word' id='word_1_814' title='bbox 1252 1333 1272 1349; x_wconf 89' lang='lat' dir='ltr'>c.</span> <span class='ocrx_word' id='word_1_815' title='bbox 1291 1324 1329 1348; x_wconf 84' lang='lat'>17.</span> <span class='ocrx_word' id='word_1_816' title='bbox 1350 1321 1382 1348; x_wconf 86' lang='lat' dir='ltr'>de</span> <span class='ocrx_word' id='word_1_817' title='bbox 1402 1322 1518 1358; x_wconf 81' lang='lat' dir='ltr'>postlim.</span> <span class='ocrx_word' id='word_1_818' title='bbox 1538 1326 1561 1348; x_wconf 68' lang='grc' dir='ltr'>ὅ.</span> <span class='ocrx_word' id='word_1_819' title='bbox 1581 1324 1622 1348; x_wconf 87' lang='grc'>51.</span> <span class='ocrx_word' id='word_1_820' title='bbox 1660 1321 1766 1348; x_wconf 88' lang='lat' dir='ltr'>Probati</span> <span class='ocrx_word' id='word_1_821' title='bbox 1787 1323 1812 1347; x_wconf 91' lang='lat' dir='ltr'>iu</span> <span class='ocrx_word' id='word_1_822' title='bbox 1832 1321 1907 1346; x_wconf 83' lang='lat' dir='ltr'>obse-</span> 
     </span>
    </p>
   </div>
   <div class='ocr_carea' id='block_1_11' title="bbox 1044 1363 1907 1403">
    <p class='ocr_par' dir='ltr' id='par_1_21' title="bbox 1044 1363 1907 1403">
     <span class='ocr_line' id='line_1_92' title="bbox 1044 1363 1907 1403; baseline -0.006 -9"><span class='ocrx_word' id='word_1_823' title='bbox 1044 1374 1045 1395; x_wconf 75' lang='lat'><em>]</em></span> <span class='ocrx_word' id='word_1_824' title='bbox 1068 1368 1136 1403; x_wconf 87' lang='lat' dir='ltr'>quiis</span> <span class='ocrx_word' id='word_1_825' title='bbox 1157 1365 1357 1403; x_wconf 69' lang='lat' dir='ltr'>praesidalibus</span> <span class='ocrx_word' id='word_1_826' title='bbox 1377 1364 1427 1391; x_wconf 84' lang='lat' dir='ltr'>Th.</span> <span class='ocrx_word' id='word_1_827' title='bbox 1444 1365 1474 1391; x_wconf 86' lang='lat' dir='ltr'>C.</span> <span class='ocrx_word' id='word_1_828' title='bbox 1490 1365 1556 1391; x_wconf 65' lang='lat' dir='ltr'>t‘llt.</span> <span class='ocrx_word' id='word_1_829' title='bbox 1575 1367 1597 1391; x_wconf 79' lang='lat'>7.</span> <span class='ocrx_word' id='word_1_830' title='bbox 1618 1367 1694 1392; x_wconf 53' lang='lat'><strong>«11⁴2.</strong></span> <span class='ocrx_word' id='word_1_831' title='bbox 1716 1365 1748 1391; x_wconf 75' lang='lat' dir='ltr'>de</span> <span class='ocrx_word' id='word_1_832' title='bbox 1767 1364 1819 1390; x_wconf 80' lang='lat' dir='ltr'>div.</span> <span class='ocrx_word' id='word_1_833' title='bbox 1839 1363 1907 1389; x_wconf 78' lang='lat' dir='ltr'>offic.</span> 
     </span>
    </p>
   </div>
   <div class='ocr_carea' id='block_1_12' title="bbox 1068 1407 1907 1445">
    <p class='ocr_par' dir='ltr' id='par_1_22' title="bbox 1068 1407 1907 1445">
     <span class='ocr_line' id='line_1_93' title="bbox 1068 1407 1907 1445; baseline -0.005 -9"><span class='ocrx_word' id='word_1_834' title='bbox 1068 1411 1157 1436; x_wconf 83' lang='lat' dir='ltr'>Divini</span> <span class='ocrx_word' id='word_1_835' title='bbox 1178 1409 1272 1440; x_wconf 63' lang='lat' dir='ltr'>cultim,</span> <span class='ocrx_word' id='word_1_836' title='bbox 1293 1419 1313 1434; x_wconf 91' lang='lat' dir='ltr'>s.</span> <span class='ocrx_word' id='word_1_837' title='bbox 1334 1407 1491 1440; x_wconf 86' lang='lat' dir='ltr'>Clericatus,</span> <span class='ocrx_word' id='word_1_838' title='bbox 1511 1408 1646 1445; x_wconf 78' lang='lat' dir='ltr'>obsequia.</span> <span class='ocrx_word' id='word_1_839' title='bbox 1666 1408 1702 1434; x_wconf 90' lang='lat' dir='ltr'>lb.</span> <span class='ocrx_word' id='word_1_840' title='bbox 1716 1407 1772 1434; x_wconf 89' lang='lat' dir='ltr'><strong>XII.</strong></span> <span class='ocrx_word' id='word_1_841' title='bbox 1788 1409 1810 1433; x_wconf 96' lang='lat'>1.</span> <span class='ocrx_word' id='word_1_842' title='bbox 1831 1417 1851 1433; x_wconf 68' lang='lat' dir='ltr'>c.</span> <span class='ocrx_word' id='word_1_843' title='bbox 1866 1407 1907 1432; x_wconf 72' lang='lat'>84.</span> 
     </span>
    </p>
   </div>
   <div class='ocr_carea' id='block_1_13' title="bbox 1044 1452 1373 1479">
    <p class='ocr_par' dir='ltr' id='par_1_23' title="bbox 1044 1452 1373 1479">
     <span class='ocr_line' id='line_1_94' title="bbox 1044 1452 1373 1479; baseline -0.009 0"><span class='ocrx_word' id='word_1_844' title='bbox 1044 1453 1045 1476; x_wconf 75' lang='grc'>1</span> <span class='ocrx_word' id='word_1_845' title='bbox 1069 1464 1089 1479; x_wconf 89' lang='lat' dir='ltr'>c.</span> <span class='ocrx_word' id='word_1_846' title='bbox 1112 1455 1168 1479; x_wconf 85' lang='grc'>121.</span> <span class='ocrx_word' id='word_1_847' title='bbox 1189 1452 1221 1479; x_wconf 81' lang='lat' dir='ltr'>de</span> <span class='ocrx_word' id='word_1_848' title='bbox 1241 1452 1373 1477; x_wconf 87' lang='lat' dir='ltr'>deeuriou.</span> 
     </span>
    </p>
   </div>
   <div class='ocr_carea' id='block_1_14' title="bbox 1068 1492 1907 1616">
    <p class='ocr_par' dir='ltr' id='par_1_24' title="bbox 1068 1492 1907 1616">
     <span class='ocr_line' id='line_1_95' title="bbox 1104 1492 1907 1527; baseline -0.006 -4"><span class='ocrx_word' id='word_1_849' title='bbox 1104 1495 1368 1523; x_wconf 63' lang='lat' dir='ltr'>ObSPrvanfia.</span> <span class='ocrx_word' id='word_1_850' title='bbox 1407 1494 1437 1527; x_wconf 65' lang='grc' dir='ltr'>ξ.</span> <span class='ocrx_word' id='word_1_851' title='bbox 1454 1495 1488 1520; x_wconf 86' lang='lat' dir='ltr'>l.</span> <span class='ocrx_word' id='word_1_852' title='bbox 1511 1495 1718 1524; x_wconf 68' lang='lat' dir='ltr'>observatio,</span> <span class='ocrx_word' id='word_1_853' title='bbox 1740 1495 1865 1519; x_wconf 58' lang='lat' dir='ltr'>Korma.</span> <span class='ocrx_word' id='word_1_854' title='bbox 1891 1492 1907 1518; x_wconf 96' lang='lat' dir='ltr'>I.</span> 
     </span>
     <span class='ocr_line' id='line_1_96' title="bbox 1068 1535 1907 1573; baseline -0.005 -8"><span class='ocrx_word' id='word_1_855' title='bbox 1068 1540 1130 1573; x_wconf 72' lang='lat' dir='ltr'><strong>Sy.</strong></span> <span class='ocrx_word' id='word_1_856' title='bbox 1151 1539 1317 1564; x_wconf 78' lang='lat' dir='ltr'>Observatio.</span> <span class='ocrx_word' id='word_1_857' title='bbox 1343 1537 1399 1563; x_wconf 77' lang='lat' dir='ltr'><strong>Gai.</strong></span> <span class='ocrx_word' id='word_1_858' title='bbox 1420 1536 1449 1562; x_wconf 92' lang='lat' dir='ltr'>II.</span> <span class='ocrx_word' id='word_1_859' title='bbox 1473 1538 1528 1563; x_wconf 87' lang='lat'><strong>109.</strong></span> <span class='ocrx_word' id='word_1_860' title='bbox 1552 1539 1607 1562; x_wconf 89' lang='grc'>115.</span> <span class='ocrx_word' id='word_1_861' title='bbox 1628 1536 1657 1562; x_wconf 81' lang='lat' dir='ltr'><strong>I&#39;r.</strong></span> <span class='ocrx_word' id='word_1_862' title='bbox 1681 1538 1702 1562; x_wconf 91' lang='lat' dir='ltr'>l.</span> <span class='ocrx_word' id='word_1_863' title='bbox 1723 1546 1761 1572; x_wconf 87' lang='lat' dir='ltr'>pr.</span> <span class='ocrx_word' id='word_1_864' title='bbox 1783 1536 1814 1562; x_wconf 84' lang='lat' dir='ltr'>de</span> <span class='ocrx_word' id='word_1_865' title='bbox 1834 1535 1907 1561; x_wconf 89' lang='lat' dir='ltr'>milit.</span> 
     </span>
     <span class='ocr_line' id='line_1_97' title="bbox 1069 1577 1907 1616; baseline -0.006 -8"><span class='ocrx_word' id='word_1_866' title='bbox 1069 1587 1170 1608; x_wconf 81' lang='lat' dir='ltr'>testam.</span> <span class='ocrx_word' id='word_1_867' title='bbox 1189 1583 1233 1607; x_wconf 87' lang='grc'>29.</span> <span class='ocrx_word' id='word_1_868' title='bbox 1256 1583 1276 1606; x_wconf 98' lang='lat' dir='ltr'>l.</span> <span class='ocrx_word' id='word_1_869' title='bbox 1298 1580 1327 1606; x_wconf 71' lang='lat' dir='ltr'><strong>I‘r.</strong></span> <span class='ocrx_word' id='word_1_870' title='bbox 1349 1582 1387 1606; x_wconf 80' lang='lat'>19.</span> <span class='ocrx_word' id='word_1_871' title='bbox 1408 1580 1429 1613; x_wconf 89' lang='lat'>5.</span> <span class='ocrx_word' id='word_1_872' title='bbox 1449 1582 1474 1605; x_wconf 88' lang='grc'>2.</span> <span class='ocrx_word' id='word_1_873' title='bbox 1494 1579 1526 1605; x_wconf 84' lang='lat' dir='ltr'>dc</span> <span class='ocrx_word' id='word_1_874' title='bbox 1546 1584 1621 1605; x_wconf 81' lang='lat' dir='ltr'>castr.</span> <span class='ocrx_word' id='word_1_875' title='bbox 1642 1578 1727 1616; x_wconf 84' lang='lat' dir='ltr'>pecul.</span> <span class='ocrx_word' id='word_1_876' title='bbox 1745 1581 1786 1604; x_wconf 86' lang='lat'>49.</span> <span class='ocrx_word' id='word_1_877' title='bbox 1800 1580 1838 1604; x_wconf 90' lang='lat'>17.</span> <span class='ocrx_word' id='word_1_878' title='bbox 1866 1577 1907 1603; x_wconf 92' lang='lat' dir='ltr'><strong>III.</strong></span> 
     </span>
    </p>
   </div>
   <div class='ocr_carea' id='block_1_15' title="bbox 1045 1622 1907 1660">
    <p class='ocr_par' dir='ltr' id='par_1_25' title="bbox 1045 1622 1907 1660">
     <span class='ocr_line' id='line_1_98' title="bbox 1045 1622 1907 1660; baseline -0.007 -8"><span class='ocrx_word' id='word_1_879' title='bbox 1045 1652 1046 1660; x_wconf 37' lang='grc'>1</span> <span class='ocrx_word' id='word_1_880' title='bbox 1069 1627 1135 1652; x_wconf 53' lang='grc' dir='ltr'>(1η.</span> <span class='ocrx_word' id='word_1_881' title='bbox 1159 1624 1201 1650; x_wconf 82' lang='lat' dir='ltr'>Ad</span> <span class='ocrx_word' id='word_1_882' title='bbox 1224 1623 1384 1660; x_wconf 72' lang='lat' dir='ltr'>diligentiam</span> <span class='ocrx_word' id='word_1_883' title='bbox 1409 1622 1494 1658; x_wconf 73' lang='lat' dir='ltr'>legum</span> <span class='ocrx_word' id='word_1_884' title='bbox 1518 1632 1642 1648; x_wconf 85' lang='lat' dir='ltr'>revocare</span> <span class='ocrx_word' id='word_1_885' title='bbox 1662 1627 1687 1648; x_wconf 81' lang='lat' dir='ltr'>et</span> <span class='ocrx_word' id='word_1_886' title='bbox 1707 1622 1907 1647; x_wconf 80' lang='lat' dir='ltr'>observantiam.</span> 
     </span>
    </p>
   </div>
   <div class='ocr_carea' id='block_1_16' title="bbox 1069 1665 1910 1951">
    <p class='ocr_par' dir='ltr' id='par_1_26' title="bbox 1069 1665 1910 1951">
     <span class='ocr_line' id='line_1_99' title="bbox 1070 1665 1908 1704; baseline -0.005 -10"><span class='ocrx_word' id='word_1_887' title='bbox 1070 1668 1099 1694; x_wconf 75' lang='lat' dir='ltr'><strong>l&#39;r.</strong></span> <span class='ocrx_word' id='word_1_888' title='bbox 1122 1670 1142 1694; x_wconf 93' lang='lat'>1.</span> <span class='ocrx_word' id='word_1_889' title='bbox 1163 1677 1201 1704; x_wconf 92' lang='lat' dir='ltr'>pr.</span> <span class='ocrx_word' id='word_1_890' title='bbox 1222 1667 1254 1693; x_wconf 83' lang='lat' dir='ltr'>de</span> <span class='ocrx_word' id='word_1_891' title='bbox 1273 1666 1347 1692; x_wconf 88' lang='lat' dir='ltr'>milit.</span> <span class='ocrx_word' id='word_1_892' title='bbox 1369 1670 1469 1692; x_wconf 86' lang='lat' dir='ltr'>testam.</span> <span class='ocrx_word' id='word_1_893' title='bbox 1488 1667 1530 1692; x_wconf 88' lang='grc'>29.</span> <span class='ocrx_word' id='word_1_894' title='bbox 1551 1667 1573 1692; x_wconf 90' lang='lat' dir='ltr'>l.</span> <span class='ocrx_word' id='word_1_895' title='bbox 1611 1665 1683 1691; x_wconf 78' lang='lat' dir='ltr'>quta</span> <span class='ocrx_word' id='word_1_896' title='bbox 1707 1665 1804 1690; x_wconf 75' lang='lat' dir='ltr'>veteris</span> <span class='ocrx_word' id='word_1_897' title='bbox 1828 1665 1908 1690; x_wconf 89' lang='lat' dir='ltr'>moris</span> 
     </span>
     <span class='ocr_line' id='line_1_100' title="bbox 1069 1706 1909 1743; baseline -0.005 -7"><span class='ocrx_word' id='word_1_898' title='bbox 1069 1711 1269 1737; x_wconf 81' lang='lat' dir='ltr'>observantiam.</span> <span class='ocrx_word' id='word_1_899' title='bbox 1299 1709 1347 1735; x_wconf 86' lang='lat' dir='ltr'>Th.</span> <span class='ocrx_word' id='word_1_900' title='bbox 1369 1708 1400 1734; x_wconf 85' lang='lat' dir='ltr'>C.</span> <span class='ocrx_word' id='word_1_901' title='bbox 1420 1708 1474 1734; x_wconf 67' lang='lat' dir='ltr'><strong>YII.</strong></span> <span class='ocrx_word' id='word_1_902' title='bbox 1496 1709 1519 1734; x_wconf 87' lang='lat'>4.</span> <span class='ocrx_word' id='word_1_903' title='bbox 1545 1718 1565 1734; x_wconf 92' lang='lat' dir='ltr'>c.</span> <span class='ocrx_word' id='word_1_904' title='bbox 1589 1710 1627 1734; x_wconf 86' lang='lat'>10.</span> <span class='ocrx_word' id='word_1_905' title='bbox 1654 1707 1686 1733; x_wconf 90' lang='lat' dir='ltr'>de</span> <span class='ocrx_word' id='word_1_906' title='bbox 1706 1717 1774 1743; x_wconf 77' lang='lat' dir='ltr'>erog.</span> <span class='ocrx_word' id='word_1_907' title='bbox 1794 1706 1847 1733; x_wconf 88' lang='lat' dir='ltr'>mil.</span> <span class='ocrx_word' id='word_1_908' title='bbox 1867 1717 1909 1732; x_wconf 80' lang='lat' dir='ltr'>an-</span> 
     </span>
     <span class='ocr_line' id='line_1_101' title="bbox 1070 1750 1910 1782; baseline -0.005 -3"><span class='ocrx_word' id='word_1_909' title='bbox 1070 1764 1129 1779; x_wconf 85' lang='lat' dir='ltr'>non.</span> <span class='ocrx_word' id='word_1_910' title='bbox 1167 1752 1403 1780; x_wconf 80' lang='lat' dir='ltr'>Testamentorum,</span> <span class='ocrx_word' id='word_1_911' title='bbox 1424 1761 1448 1776; x_wconf 91' lang='lat' dir='ltr'>v.</span> <span class='ocrx_word' id='word_1_912' title='bbox 1469 1750 1630 1782; x_wconf 86' lang='lat' dir='ltr'>Verborum,</span> <span class='ocrx_word' id='word_1_913' title='bbox 1649 1761 1672 1776; x_wconf 85' lang='lat' dir='ltr'>v.</span> <span class='ocrx_word' id='word_1_914' title='bbox 1694 1750 1828 1776; x_wconf 83' lang='lat' dir='ltr'>Cretionis</span> <span class='ocrx_word' id='word_1_915' title='bbox 1848 1750 1910 1781; x_wconf 87' lang='lat' dir='ltr'>(ob-</span> 
     </span>
     <span class='ocr_line' id='line_1_102' title="bbox 1071 1793 1909 1830; baseline -0.004 -8"><span class='ocrx_word' id='word_1_916' title='bbox 1071 1796 1226 1827; x_wconf 78' lang='lat' dir='ltr'>servantia.)</span> <span class='ocrx_word' id='word_1_917' title='bbox 1252 1805 1273 1821; x_wconf 86' lang='lat' dir='ltr'>c.</span> <span class='ocrx_word' id='word_1_918' title='bbox 1293 1797 1316 1821; x_wconf 84' lang='grc'>5.</span> <span class='ocrx_word' id='word_1_919' title='bbox 1342 1795 1393 1829; x_wconf 76' lang='lat' dir='ltr'>Qu.</span> <span class='ocrx_word' id='word_1_920' title='bbox 1420 1799 1519 1820; x_wconf 85' lang='lat' dir='ltr'>testam.</span> <span class='ocrx_word' id='word_1_921' title='bbox 1545 1793 1591 1820; x_wconf 84' lang='lat' dir='ltr'>sae.</span> <span class='ocrx_word' id='word_1_922' title='bbox 1617 1804 1641 1830; x_wconf 86' lang='lat' dir='ltr'>p.</span> <span class='ocrx_word' id='word_1_923' title='bbox 1662 1795 1685 1819; x_wconf 90' lang='grc'>6.</span> <span class='ocrx_word' id='word_1_924' title='bbox 1705 1795 1746 1819; x_wconf 86' lang='grc'>22.</span> <span class='ocrx_word' id='word_1_925' title='bbox 1772 1804 1791 1820; x_wconf 87' lang='lat' dir='ltr'>e.</span> <span class='ocrx_word' id='word_1_926' title='bbox 1812 1795 1853 1819; x_wconf 85' lang='lat'>21.</span> <span class='ocrx_word' id='word_1_927' title='bbox 1877 1793 1909 1819; x_wconf 85' lang='lat' dir='ltr'>de</span> 
     </span>
     <span class='ocr_line' id='line_1_103' title="bbox 1069 1835 1908 1874; baseline -0.004 -10"><span class='ocrx_word' id='word_1_928' title='bbox 1069 1839 1144 1874; x_wconf 73' lang='lat' dir='ltr'>legat.</span> <span class='ocrx_word' id='word_1_929' title='bbox 1165 1840 1188 1864; x_wconf 83' lang='lat'>6.</span> <span class='ocrx_word' id='word_1_930' title='bbox 1208 1840 1249 1864; x_wconf 75' lang='lat'>37.</span> <span class='ocrx_word' id='word_1_931' title='bbox 1270 1837 1319 1864; x_wconf 83' lang='lat' dir='ltr'>Th.</span> <span class='ocrx_word' id='word_1_932' title='bbox 1341 1837 1369 1864; x_wconf 87' lang='lat' dir='ltr'>C.</span> <span class='ocrx_word' id='word_1_933' title='bbox 1391 1836 1458 1863; x_wconf 89' lang='lat' dir='ltr'><strong>VIII.</strong></span> <span class='ocrx_word' id='word_1_934' title='bbox 1476 1838 1515 1862; x_wconf 68' lang='lat'>18.</span> <span class='ocrx_word' id='word_1_935' title='bbox 1537 1847 1557 1862; x_wconf 82' lang='lat' dir='ltr'>c.</span> <span class='ocrx_word' id='word_1_936' title='bbox 1577 1839 1601 1863; x_wconf 82' lang='lat'>4.</span> <span class='ocrx_word' id='word_1_937' title='bbox 1622 1836 1654 1862; x_wconf 89' lang='lat' dir='ltr'>de</span> <span class='ocrx_word' id='word_1_938' title='bbox 1673 1841 1780 1862; x_wconf 80' lang='lat' dir='ltr'>matern.</span> <span class='ocrx_word' id='word_1_939' title='bbox 1801 1835 1861 1862; x_wconf 86' lang='lat' dir='ltr'>bon.</span> <span class='ocrx_word' id='word_1_940' title='bbox 1876 1852 1908 1855; x_wconf 93' lang='lat'><strong>—</strong></span> 
     </span>
     <span class='ocr_line' id='line_1_104' title="bbox 1070 1878 1909 1916; baseline -0.005 -8"><span class='ocrx_word' id='word_1_941' title='bbox 1070 1883 1099 1916; x_wconf 59' lang='grc' dir='ltr'>ᾗ.</span> <span class='ocrx_word' id='word_1_942' title='bbox 1112 1883 1147 1908; x_wconf 67' lang='grc'>2.</span> <span class='ocrx_word' id='word_1_943' title='bbox 1168 1883 1263 1908; x_wconf 74' lang='lat' dir='ltr'>Ritus</span> <span class='ocrx_word' id='word_1_944' title='bbox 1282 1883 1376 1907; x_wconf 75' lang='lat' dir='ltr'>sacri.</span> <span class='ocrx_word' id='word_1_945' title='bbox 1414 1880 1445 1906; x_wconf 91' lang='lat' dir='ltr'>II.</span> <span class='ocrx_word' id='word_1_946' title='bbox 1463 1881 1529 1913; x_wconf 75' lang='lat'><strong>01).</strong></span> <span class='ocrx_word' id='word_1_947' title='bbox 1549 1879 1646 1905; x_wconf 78' lang='lat' dir='ltr'>Rectae</span> <span class='ocrx_word' id='word_1_948' title='bbox 1660 1879 1843 1905; x_wconf 78' lang='lat' dir='ltr'>observantiae</span> <span class='ocrx_word' id='word_1_949' title='bbox 1857 1878 1909 1905; x_wconf 86' lang='lat' dir='ltr'>cul-</span> 
     </span>
     <span class='ocr_line' id='line_1_105' title="bbox 1070 1921 1908 1951; baseline -0.004 -1"><span class='ocrx_word' id='word_1_950' title='bbox 1070 1930 1120 1951; x_wconf 70' lang='lat' dir='ltr'>tus</span> <span class='ocrx_word' id='word_1_951' title='bbox 1142 1940 1172 1943; x_wconf 81' lang='lat'>—</span> <span class='ocrx_word' id='word_1_952' title='bbox 1192 1923 1334 1950; x_wconf 74' lang='lat' dir='ltr'>Ilaeresuni</span> <span class='ocrx_word' id='word_1_953' title='bbox 1355 1933 1434 1949; x_wconf 73' lang='lat' dir='ltr'>error.</span> <span class='ocrx_word' id='word_1_954' title='bbox 1461 1922 1497 1948; x_wconf 92' lang='lat' dir='ltr'>lb.</span> <span class='ocrx_word' id='word_1_955' title='bbox 1518 1922 1588 1949; x_wconf 57' lang='lat' dir='ltr'><strong>XVI.</strong></span> <span class='ocrx_word' id='word_1_956' title='bbox 1609 1925 1632 1948; x_wconf 89' lang='lat'>5.</span> <span class='ocrx_word' id='word_1_957' title='bbox 1658 1932 1678 1948; x_wconf 89' lang='lat' dir='ltr'>c.</span> <span class='ocrx_word' id='word_1_958' title='bbox 1702 1924 1740 1948; x_wconf 91' lang='lat' dir='ltr'>ll.</span> <span class='ocrx_word' id='word_1_959' title='bbox 1760 1921 1792 1948; x_wconf 88' lang='lat' dir='ltr'>dc</span> <span class='ocrx_word' id='word_1_960' title='bbox 1812 1922 1908 1948; x_wconf 80' lang='lat' dir='ltr'>haeret.</span> 
     </span>
    </p>
   </div>
   <div class='ocr_carea' id='block_1_17' title="bbox 1047 1965 1907 2002">
    <p class='ocr_par' dir='ltr' id='par_1_27' title="bbox 1047 1965 1907 2002">
     <span class='ocr_line' id='line_1_106' title="bbox 1047 1965 1907 2002; baseline -0.003 -9"><span class='ocrx_word' id='word_1_961' title='bbox 1047 1994 1048 2002; x_wconf 37' lang='grc'>1</span> <span class='ocrx_word' id='word_1_962' title='bbox 1070 1967 1110 1994; x_wconf 89' lang='lat'><strong>111.</strong></span> <span class='ocrx_word' id='word_1_963' title='bbox 1127 1968 1193 1994; x_wconf 70' lang='lat' dir='ltr'>Cn.</span> <span class='ocrx_word' id='word_1_964' title='bbox 1214 1966 1366 1992; x_wconf 79' lang='lat' dir='ltr'>Catholicae</span> <span class='ocrx_word' id='word_1_965' title='bbox 1385 1966 1567 1992; x_wconf 84' lang='lat' dir='ltr'>observantiae</span> <span class='ocrx_word' id='word_1_966' title='bbox 1581 1965 1656 1992; x_wconf 77' lang='lat' dir='ltr'>tides.</span> <span class='ocrx_word' id='word_1_967' title='bbox 1676 1965 1712 1991; x_wconf 89' lang='lat' dir='ltr'>lb.</span> <span class='ocrx_word' id='word_1_968' title='bbox 1734 1975 1754 1991; x_wconf 90' lang='lat' dir='ltr'>c.</span> <span class='ocrx_word' id='word_1_969' title='bbox 1772 1967 1810 1991; x_wconf 87' lang='grc'>12.</span> <span class='ocrx_word' id='word_1_970' title='bbox 1831 1976 1851 1991; x_wconf 90' lang='lat' dir='ltr'>c.</span> <span class='ocrx_word' id='word_1_971' title='bbox 1867 1967 1907 1991; x_wconf 66' lang='lat'>54.</span> 
     </span>
    </p>
   </div>
   <div class='ocr_carea' id='block_1_18' title="bbox 1069 2009 1909 2472">
    <p class='ocr_par' dir='ltr' id='par_1_28' title="bbox 1071 2009 1208 2044">
     <span class='ocr_line' id='line_1_107' title="bbox 1071 2009 1208 2044; baseline -0.007 -8"><span class='ocrx_word' id='word_1_972' title='bbox 1071 2011 1092 2044; x_wconf 64' lang='grc' dir='ltr'>ξ.</span> <span class='ocrx_word' id='word_1_973' title='bbox 1112 2011 1135 2036; x_wconf 79' lang='grc'>3.</span> <span class='ocrx_word' id='word_1_974' title='bbox 1156 2009 1171 2035; x_wconf 90' lang='lat' dir='ltr'>l.</span> <span class='ocrx_word' id='word_1_975' title='bbox 1193 2009 1208 2035; x_wconf 93' lang='grc' dir='ltr'>Ι.</span> 
     </span>
    </p>

    <p class='ocr_par' dir='ltr' id='par_1_29' title="bbox 1069 2050 1909 2472">
     <span class='ocr_line' id='line_1_108' title="bbox 1104 2050 1906 2086; baseline -0.004 -7"><span class='ocrx_word' id='word_1_976' title='bbox 1104 2054 1329 2079; x_wconf 80' lang='lat' dir='ltr'>observare.</span> <span class='ocrx_word' id='word_1_977' title='bbox 1366 2053 1396 2085; x_wconf 84' lang='lat'>§.</span> <span class='ocrx_word' id='word_1_978' title='bbox 1421 2053 1455 2078; x_wconf 91' lang='grc'>1.</span> <span class='ocrx_word' id='word_1_979' title='bbox 1484 2053 1648 2086; x_wconf 62' lang='lat' dir='ltr'>Vigilate,</span> <span class='ocrx_word' id='word_1_980' title='bbox 1672 2053 1851 2077; x_wconf 76' lang='lat' dir='ltr'>Custodz&#39;re.</span> <span class='ocrx_word' id='word_1_981' title='bbox 1890 2050 1906 2077; x_wconf 95' lang='lat' dir='ltr'>I.</span> 
     </span>
     <span class='ocr_line' id='line_1_109' title="bbox 1070 2094 1907 2130; baseline -0.004 -8"><span class='ocrx_word' id='word_1_982' title='bbox 1070 2097 1131 2130; x_wconf 74' lang='lat' dir='ltr'><strong>Sy.</strong></span> <span class='ocrx_word' id='word_1_983' title='bbox 1152 2095 1301 2121; x_wconf 70' lang='lat' dir='ltr'>Custodire⁴</span> <span class='ocrx_word' id='word_1_984' title='bbox 1324 2094 1363 2121; x_wconf 74' lang='lat' dir='ltr'>Cf.</span> <span class='ocrx_word' id='word_1_985' title='bbox 1380 2095 1403 2121; x_wconf 86' lang='lat' dir='ltr'>b.</span> <span class='ocrx_word' id='word_1_986' title='bbox 1418 2105 1441 2121; x_wconf 80' lang='lat' dir='ltr'>v.</span> <span class='ocrx_word' id='word_1_987' title='bbox 1462 2095 1482 2128; x_wconf 88' lang='lat'>5.</span> <span class='ocrx_word' id='word_1_988' title='bbox 1501 2096 1521 2120; x_wconf 93' lang='lat' dir='ltr'>I.</span> <span class='ocrx_word' id='word_1_989' title='bbox 1551 2094 1723 2120; x_wconf 72' lang='lat' dir='ltr'>Conservare.</span> <span class='ocrx_word' id='word_1_990' title='bbox 1745 2094 1774 2120; x_wconf 86' lang='lat' dir='ltr'>sr.</span> <span class='ocrx_word' id='word_1_991' title='bbox 1789 2096 1812 2119; x_wconf 86' lang='lat'>2.</span> <span class='ocrx_word' id='word_1_992' title='bbox 1832 2094 1907 2127; x_wconf 75' lang='lat'><strong>551.</strong></span> 
     </span>
     <span class='ocr_line' id='line_1_110' title="bbox 1071 2136 1909 2175; baseline -0.002 -10"><span class='ocrx_word' id='word_1_993' title='bbox 1071 2149 1108 2175; x_wconf 84' lang='lat' dir='ltr'>sq.</span> <span class='ocrx_word' id='word_1_994' title='bbox 1134 2138 1166 2164; x_wconf 87' lang='lat' dir='ltr'>de</span> <span class='ocrx_word' id='word_1_995' title='bbox 1184 2138 1213 2164; x_wconf 82' lang='lat' dir='ltr'>L.</span> <span class='ocrx_word' id='word_1_996' title='bbox 1233 2137 1318 2164; x_wconf 79' lang='lat' dir='ltr'>Rhod.</span> <span class='ocrx_word' id='word_1_997' title='bbox 1346 2140 1383 2164; x_wconf 82' lang='grc' dir='ltr'>Η.</span> <span class='ocrx_word' id='word_1_998' title='bbox 1402 2140 1426 2163; x_wconf 85' lang='grc'>2.</span> <span class='ocrx_word' id='word_1_999' title='bbox 1464 2137 1626 2174; x_wconf 75' lang='lat' dir='ltr'>Explorans,</span> <span class='ocrx_word' id='word_1_1000' title='bbox 1651 2136 1817 2173; x_wconf 75' lang='lat' dir='ltr'>Explorator.</span> <span class='ocrx_word' id='word_1_1001' title='bbox 1855 2136 1909 2163; x_wconf 86' lang='lat' dir='ltr'>Ob-</span> 
     </span>
     <span class='ocr_line' id='line_1_111' title="bbox 1070 2179 1906 2216; baseline -0.002 -9"><span class='ocrx_word' id='word_1_1002' title='bbox 1070 2192 1174 2207; x_wconf 81' lang='lat' dir='ltr'>servare</span> <span class='ocrx_word' id='word_1_1003' title='bbox 1194 2182 1289 2207; x_wconf 62' lang='lat' dir='ltr'>iussus</span> <span class='ocrx_word' id='word_1_1004' title='bbox 1311 2180 1359 2206; x_wconf 75' lang='lat' dir='ltr'>Tb.</span> <span class='ocrx_word' id='word_1_1005' title='bbox 1375 2180 1404 2206; x_wconf 74' lang='lat' dir='ltr'>C.</span> <span class='ocrx_word' id='word_1_1006' title='bbox 1422 2180 1488 2206; x_wconf 65' lang='lat' dir='ltr'><strong>VIII.</strong></span> <span class='ocrx_word' id='word_1_1007' title='bbox 1508 2183 1531 2206; x_wconf 91' lang='grc'>5.</span> <span class='ocrx_word' id='word_1_1008' title='bbox 1553 2191 1574 2207; x_wconf 85' lang='lat' dir='ltr'>c.</span> <span class='ocrx_word' id='word_1_1009' title='bbox 1593 2182 1615 2205; x_wconf 82' lang='grc'>3.</span> <span class='ocrx_word' id='word_1_1010' title='bbox 1637 2189 1675 2216; x_wconf 85' lang='lat' dir='ltr'>sq.</span> <span class='ocrx_word' id='word_1_1011' title='bbox 1697 2180 1728 2206; x_wconf 86' lang='lat' dir='ltr'>de</span> <span class='ocrx_word' id='word_1_1012' title='bbox 1749 2190 1827 2206; x_wconf 88' lang='lat' dir='ltr'>cursu</span> <span class='ocrx_word' id='word_1_1013' title='bbox 1847 2179 1906 2216; x_wconf 89' lang='lat' dir='ltr'>pub.</span> 
     </span>
     <span class='ocr_line' id='line_1_112' title="bbox 1070 2222 1908 2260; baseline -0.005 -9"><span class='ocrx_word' id='word_1_1014' title='bbox 1070 2224 1111 2251; x_wconf 92' lang='lat' dir='ltr'><strong>III.</strong></span> <span class='ocrx_word' id='word_1_1015' title='bbox 1137 2226 1202 2252; x_wconf 67' lang='lat'><strong>(711.</strong></span> <span class='ocrx_word' id='word_1_1016' title='bbox 1233 2223 1274 2249; x_wconf 91' lang='lat' dir='ltr'>Ad</span> <span class='ocrx_word' id='word_1_1017' title='bbox 1302 2228 1419 2249; x_wconf 78' lang='lat' dir='ltr'>ventrem</span> <span class='ocrx_word' id='word_1_1018' title='bbox 1444 2222 1636 2260; x_wconf 86' lang='lat' dir='ltr'>inspiciendum</span> <span class='ocrx_word' id='word_1_1019' title='bbox 1663 2222 1908 2257; x_wconf 83' lang='lat' dir='ltr'>observandumque</span> 
     </span>
     <span class='ocr_line' id='line_1_113' title="bbox 1070 2264 1907 2301; baseline -0.004 -8"><span class='ocrx_word' id='word_1_1020' title='bbox 1070 2267 1212 2301; x_wconf 80' lang='lat' dir='ltr'>(custodes</span> <span class='ocrx_word' id='word_1_1021' title='bbox 1231 2267 1360 2297; x_wconf 82' lang='lat' dir='ltr'>mittere.)</span> <span class='ocrx_word' id='word_1_1022' title='bbox 1385 2266 1456 2292; x_wconf 86' lang='lat' dir='ltr'>Paul.</span> <span class='ocrx_word' id='word_1_1023' title='bbox 1477 2266 1506 2291; x_wconf 94' lang='grc'>11.</span> <span class='ocrx_word' id='word_1_1024' title='bbox 1527 2269 1567 2291; x_wconf 73' lang='lat'>24.</span> <span class='ocrx_word' id='word_1_1025' title='bbox 1595 2266 1616 2299; x_wconf 86' lang='lat'>5.</span> <span class='ocrx_word' id='word_1_1026' title='bbox 1636 2267 1659 2291; x_wconf 84' lang='lat'>5.</span> <span class='ocrx_word' id='word_1_1027' title='bbox 1681 2266 1710 2292; x_wconf 86' lang='lat' dir='ltr'>sr.</span> <span class='ocrx_word' id='word_1_1028' title='bbox 1733 2268 1752 2291; x_wconf 98' lang='lat'>1.</span> <span class='ocrx_word' id='word_1_1029' title='bbox 1773 2266 1853 2298; x_wconf 78' lang='lat'><strong>515.</strong></span> <span class='ocrx_word' id='word_1_1030' title='bbox 1876 2264 1907 2290; x_wconf 85' lang='lat' dir='ltr'>de</span> 
     </span>
     <span class='ocr_line' id='line_1_114' title="bbox 1070 2307 1906 2346; baseline -0.005 -10"><span class='ocrx_word' id='word_1_1031' title='bbox 1070 2315 1160 2336; x_wconf 80' lang='lat' dir='ltr'>ventre</span> <span class='ocrx_word' id='word_1_1032' title='bbox 1179 2310 1270 2346; x_wconf 81' lang='lat' dir='ltr'>inspic.</span> <span class='ocrx_word' id='word_1_1033' title='bbox 1284 2311 1324 2334; x_wconf 83' lang='lat'>25.</span> <span class='ocrx_word' id='word_1_1034' title='bbox 1342 2311 1364 2334; x_wconf 94' lang='lat'>4.</span> <span class='ocrx_word' id='word_1_1035' title='bbox 1404 2308 1462 2334; x_wconf 69' lang='lat' dir='ltr'>Nun</span> <span class='ocrx_word' id='word_1_1036' title='bbox 1483 2313 1582 2334; x_wconf 85' lang='lat' dir='ltr'>tantuin</span> <span class='ocrx_word' id='word_1_1037' title='bbox 1602 2310 1627 2334; x_wconf 91' lang='lat' dir='ltr'>in</span> <span class='ocrx_word' id='word_1_1038' title='bbox 1648 2308 1740 2335; x_wconf 84' lang='lat' dir='ltr'>danda.</span> <span class='ocrx_word' id='word_1_1039' title='bbox 1763 2307 1808 2333; x_wconf 86' lang='lat' dir='ltr'>sed</span> <span class='ocrx_word' id='word_1_1040' title='bbox 1829 2308 1906 2332; x_wconf 83' lang='lat' dir='ltr'>etiam</span> 
     </span>
     <span class='ocr_line' id='line_1_115' title="bbox 1070 2351 1907 2388; baseline -0.004 -10"><span class='ocrx_word' id='word_1_1041' title='bbox 1070 2354 1095 2379; x_wconf 92' lang='lat' dir='ltr'>in</span> <span class='ocrx_word' id='word_1_1042' title='bbox 1116 2351 1277 2378; x_wconf 84' lang='lat' dir='ltr'>observanda</span> <span class='ocrx_word' id='word_1_1043' title='bbox 1298 2351 1436 2388; x_wconf 82' lang='lat' dir='ltr'>disciplina</span> <span class='ocrx_word' id='word_1_1044' title='bbox 1457 2353 1589 2383; x_wconf 86' lang='lat' dir='ltr'>(constitit</span> <span class='ocrx_word' id='word_1_1045' title='bbox 1603 2352 1717 2377; x_wconf 81' lang='lat' dir='ltr'>officium</span> <span class='ocrx_word' id='word_1_1046' title='bbox 1732 2351 1844 2385; x_wconf 72' lang='lat' dir='ltr'>regentis</span> <span class='ocrx_word' id='word_1_1047' title='bbox 1865 2359 1907 2375; x_wconf 82' lang='lat' dir='ltr'>ex-</span> 
     </span>
     <span class='ocr_line' id='line_1_116' title="bbox 1071 2393 1907 2431; baseline -0.004 -10"><span class='ocrx_word' id='word_1_1048' title='bbox 1071 2397 1200 2426; x_wconf 82' lang='lat' dir='ltr'>ereitum.)</span> <span class='ocrx_word' id='word_1_1049' title='bbox 1221 2395 1250 2420; x_wconf 83' lang='lat' dir='ltr'>t&#39;r.</span> <span class='ocrx_word' id='word_1_1050' title='bbox 1272 2396 1310 2420; x_wconf 89' lang='lat'>12.</span> <span class='ocrx_word' id='word_1_1051' title='bbox 1331 2405 1369 2431; x_wconf 90' lang='lat' dir='ltr'>pr.</span> <span class='ocrx_word' id='word_1_1052' title='bbox 1390 2394 1422 2420; x_wconf 85' lang='lat' dir='ltr'>de</span> <span class='ocrx_word' id='word_1_1053' title='bbox 1441 2393 1471 2420; x_wconf 66' lang='lat' dir='ltr'>Ii.</span> <span class='ocrx_word' id='word_1_1054' title='bbox 1489 2394 1576 2420; x_wconf 70' lang='grc'>111.-19.</span> <span class='ocrx_word' id='word_1_1055' title='bbox 1600 2396 1638 2420; x_wconf 90' lang='grc'>16,</span> <span class='ocrx_word' id='word_1_1056' title='bbox 1676 2394 1716 2419; x_wconf 89' lang='lat' dir='ltr'>Ab</span> <span class='ocrx_word' id='word_1_1057' title='bbox 1737 2403 1775 2421; x_wconf 85' lang='lat' dir='ltr'>eo.</span> <span class='ocrx_word' id='word_1_1058' title='bbox 1797 2393 1836 2418; x_wconf 91' lang='lat' dir='ltr'>cui</span> <span class='ocrx_word' id='word_1_1059' title='bbox 1856 2393 1907 2428; x_wconf 86' lang='lat' dir='ltr'>pri-</span> 
     </span>
     <span class='ocr_line' id='line_1_117' title="bbox 1069 2435 1905 2472; baseline -0.005 -8"><span class='ocrx_word' id='word_1_1060' title='bbox 1069 2449 1138 2464; x_wconf 87' lang='lat' dir='ltr'>mum</span> <span class='ocrx_word' id='word_1_1061' title='bbox 1159 2437 1268 2463; x_wconf 83' lang='lat' dir='ltr'>traditus</span> <span class='ocrx_word' id='word_1_1062' title='bbox 1289 2437 1380 2464; x_wconf 83' lang='lat' dir='ltr'>suerat.</span> <span class='ocrx_word' id='word_1_1063' title='bbox 1401 2436 1535 2463; x_wconf 89' lang='lat' dir='ltr'>observari</span> <span class='ocrx_word' id='word_1_1064' title='bbox 1556 2448 1612 2463; x_wconf 82' lang='lat' dir='ltr'>eum</span> <span class='ocrx_word' id='word_1_1065' title='bbox 1633 2436 1787 2472; x_wconf 79' lang='lat' dir='ltr'>adparitore.</span> <span class='ocrx_word' id='word_1_1066' title='bbox 1808 2435 1857 2461; x_wconf 84' lang='lat' dir='ltr'>Th.</span> <span class='ocrx_word' id='word_1_1067' title='bbox 1875 2435 1905 2461; x_wconf 88' lang='lat' dir='ltr'>C.</span> 
     </span>
    </p>
   </div>
   <div class='ocr_carea' id='block_1_19' title="bbox 1046 2478 1905 2510">
    <p class='ocr_par' dir='ltr' id='par_1_30' title="bbox 1046 2478 1905 2510">
     <span class='ocr_line' id='line_1_118' title="bbox 1046 2478 1905 2510; baseline -0.005 -3"><span class='ocrx_word' id='word_1_1068' title='bbox 1046 2507 1047 2510; x_wconf 68' lang='grc'>,</span> <span class='ocrx_word' id='word_1_1069' title='bbox 1070 2481 1135 2507; x_wconf 59' lang='lat' dir='ltr'><strong>VIII.</strong></span> <span class='ocrx_word' id='word_1_1070' title='bbox 1160 2484 1183 2506; x_wconf 66' lang='grc' dir='ltr'>ὅ.</span> <span class='ocrx_word' id='word_1_1071' title='bbox 1211 2490 1230 2506; x_wconf 85' lang='lat' dir='ltr'>c.</span> <span class='ocrx_word' id='word_1_1072' title='bbox 1250 2483 1274 2505; x_wconf 84' lang='grc'>2.</span> <span class='ocrx_word' id='word_1_1073' title='bbox 1299 2479 1331 2505; x_wconf 76' lang='lat' dir='ltr'>de</span> <span class='ocrx_word' id='word_1_1074' title='bbox 1358 2485 1472 2506; x_wconf 75' lang='lat' dir='ltr'>exsecut.</span> <span class='ocrx_word' id='word_1_1075' title='bbox 1498 2485 1523 2505; x_wconf 85' lang='lat' dir='ltr'>et</span> <span class='ocrx_word' id='word_1_1076' title='bbox 1549 2485 1630 2506; x_wconf 80' lang='lat' dir='ltr'>exact.</span> <span class='ocrx_word' id='word_1_1077' title='bbox 1666 2479 1739 2504; x_wconf 80' lang='lat' dir='ltr'>Bona</span> <span class='ocrx_word' id='word_1_1078' title='bbox 1763 2478 1905 2504; x_wconf 78' lang='lat' dir='ltr'>observari.</span> 
     </span>
    </p>
   </div>
   <div class='ocr_carea' id='block_1_20' title="bbox 1069 2521 1905 2860">
    <p class='ocr_par' dir='ltr' id='par_1_31' title="bbox 1069 2521 1905 2860">
     <span class='ocr_line' id='line_1_119' title="bbox 1070 2521 1905 2557; baseline -0.004 -8"><span class='ocrx_word' id='word_1_1079' title='bbox 1070 2534 1091 2550; x_wconf 84' lang='lat' dir='ltr'>e.</span> <span class='ocrx_word' id='word_1_1080' title='bbox 1111 2528 1134 2549; x_wconf 66' lang='lat' dir='ltr'>u.</span> <span class='ocrx_word' id='word_1_1081' title='bbox 1155 2524 1176 2557; x_wconf 92' lang='lat'>5.</span> <span class='ocrx_word' id='word_1_1082' title='bbox 1195 2526 1218 2549; x_wconf 86' lang='lat'>2.</span> <span class='ocrx_word' id='word_1_1083' title='bbox 1244 2522 1275 2548; x_wconf 87' lang='lat' dir='ltr'>ad</span> <span class='ocrx_word' id='word_1_1084' title='bbox 1295 2521 1323 2548; x_wconf 91' lang='lat' dir='ltr'>L.</span> <span class='ocrx_word' id='word_1_1085' title='bbox 1349 2522 1386 2548; x_wconf 92' lang='lat' dir='ltr'>Iul</span> <span class='ocrx_word' id='word_1_1086' title='bbox 1420 2524 1476 2549; x_wconf 88' lang='lat' dir='ltr'>mai.</span> <span class='ocrx_word' id='word_1_1087' title='bbox 1497 2524 1520 2548; x_wconf 83' lang='lat'>9.</span> <span class='ocrx_word' id='word_1_1088' title='bbox 1541 2527 1563 2548; x_wconf 58' lang='grc' dir='ltr'>δι’.</span> <span class='ocrx_word' id='word_1_1089' title='bbox 1589 2538 1619 2541; x_wconf 84' lang='grc'>-</span> <span class='ocrx_word' id='word_1_1090' title='bbox 1645 2522 1676 2554; x_wconf 63' lang='grc' dir='ltr'>ξ.</span> <span class='ocrx_word' id='word_1_1091' title='bbox 1696 2522 1730 2547; x_wconf 61' lang='grc' dir='ltr'>Β.</span> <span class='ocrx_word' id='word_1_1092' title='bbox 1757 2523 1905 2554; x_wconf 67' lang='lat' dir='ltr'>Servare,</span> 
     </span>
     <span class='ocr_line' id='line_1_120' title="bbox 1071 2563 1905 2601; baseline -0.005 -8"><span class='ocrx_word' id='word_1_1093' title='bbox 1071 2568 1181 2601; x_wconf 79' lang='lat' dir='ltr'>Sequi,</span> <span class='ocrx_word' id='word_1_1094' title='bbox 1204 2567 1311 2591; x_wconf 79' lang='lat' dir='ltr'>Tneri.</span> <span class='ocrx_word' id='word_1_1095' title='bbox 1349 2565 1439 2600; x_wconf 65' lang='lat' dir='ltr'><strong>[sy.</strong></span> <span class='ocrx_word' id='word_1_1096' title='bbox 1460 2565 1578 2591; x_wconf 72' lang='lat' dir='ltr'>Servare.</span> <span class='ocrx_word' id='word_1_1097' title='bbox 1600 2564 1627 2590; x_wconf 63' lang='lat' dir='ltr'>sr,</span> <span class='ocrx_word' id='word_1_1098' title='bbox 1648 2566 1668 2589; x_wconf 96' lang='lat'>1.</span> <span class='ocrx_word' id='word_1_1099' title='bbox 1689 2573 1727 2600; x_wconf 85' lang='lat' dir='ltr'>pr.</span> <span class='ocrx_word' id='word_1_1100' title='bbox 1748 2563 1777 2589; x_wconf 84' lang='lat' dir='ltr'>sr.</span> <span class='ocrx_word' id='word_1_1101' title='bbox 1791 2565 1812 2589; x_wconf 97' lang='lat'>7.</span> <span class='ocrx_word' id='word_1_1102' title='bbox 1832 2563 1869 2597; x_wconf 83' lang='lat'>55</span> <span class='ocrx_word' id='word_1_1103' title='bbox 1882 2565 1905 2590; x_wconf 85' lang='lat'>7.</span> 
     </span>
     <span class='ocr_line' id='line_1_121' title="bbox 1069 2606 1904 2645; baseline -0.005 -10"><span class='ocrx_word' id='word_1_1104' title='bbox 1069 2611 1091 2636; x_wconf 93' lang='lat'>9.</span> <span class='ocrx_word' id='word_1_1105' title='bbox 1107 2619 1165 2645; x_wconf 86' lang='lat' dir='ltr'>sqq.</span> <span class='ocrx_word' id='word_1_1106' title='bbox 1186 2608 1268 2634; x_wconf 57' lang='lat'><strong>11:27.</strong></span> <span class='ocrx_word' id='word_1_1107' title='bbox 1291 2608 1311 2641; x_wconf 88' lang='lat'>5.</span> <span class='ocrx_word' id='word_1_1108' title='bbox 1326 2611 1349 2634; x_wconf 85' lang='grc'>4.</span> <span class='ocrx_word' id='word_1_1109' title='bbox 1370 2609 1402 2634; x_wconf 79' lang='lat' dir='ltr'>de</span> <span class='ocrx_word' id='word_1_1110' title='bbox 1422 2613 1487 2645; x_wconf 78' lang='lat' dir='ltr'>pact.</span> <span class='ocrx_word' id='word_1_1111' title='bbox 1502 2611 1524 2633; x_wconf 73' lang='lat'>2.</span> <span class='ocrx_word' id='word_1_1112' title='bbox 1542 2609 1579 2632; x_wconf 70' lang='lat'>14.</span> <span class='ocrx_word' id='word_1_1113' title='bbox 1599 2606 1629 2632; x_wconf 81' lang='lat' dir='ltr'>fr.</span> <span class='ocrx_word' id='word_1_1114' title='bbox 1644 2608 1666 2632; x_wconf 90' lang='grc'>6.</span> <span class='ocrx_word' id='word_1_1115' title='bbox 1687 2607 1707 2640; x_wconf 94' lang='lat'>5.</span> <span class='ocrx_word' id='word_1_1116' title='bbox 1724 2608 1745 2632; x_wconf 96' lang='lat' dir='ltr'>l.</span> <span class='ocrx_word' id='word_1_1117' title='bbox 1778 2606 1904 2641; x_wconf 80' lang='lat' dir='ltr'>Quemad.</span> 
     </span>
     <span class='ocr_line' id='line_1_122' title="bbox 1070 2648 1905 2685; baseline -0.004 -8"><span class='ocrx_word' id='word_1_1118' title='bbox 1070 2653 1158 2678; x_wconf 83' lang='lat' dir='ltr'>servit.</span> <span class='ocrx_word' id='word_1_1119' title='bbox 1179 2654 1201 2676; x_wconf 72' lang='lat'>8.</span> <span class='ocrx_word' id='word_1_1120' title='bbox 1221 2652 1245 2676; x_wconf 89' lang='grc'>6.</span> <span class='ocrx_word' id='word_1_1121' title='bbox 1283 2650 1377 2677; x_wconf 65' lang='grc' dir='ltr'>Ιίωίιιιη</span> <span class='ocrx_word' id='word_1_1122' title='bbox 1398 2661 1464 2681; x_wconf 74' lang='lat' dir='ltr'>esse,</span> <span class='ocrx_word' id='word_1_1123' title='bbox 1484 2650 1551 2679; x_wconf 69' lang='lat' dir='ltr'>th.</span> <span class='ocrx_word' id='word_1_1124' title='bbox 1572 2659 1592 2674; x_wconf 87' lang='lat' dir='ltr'>s.</span> <span class='ocrx_word' id='word_1_1125' title='bbox 1613 2648 1744 2685; x_wconf 55' lang='lat' dir='ltr'>Vigorem,</span> <span class='ocrx_word' id='word_1_1126' title='bbox 1767 2648 1831 2685; x_wconf 73' lang='lat' dir='ltr'>legis</span> <span class='ocrx_word' id='word_1_1127' title='bbox 1851 2649 1905 2681; x_wconf 82' lang='lat' dir='ltr'>(ha-</span> 
     </span>
     <span class='ocr_line' id='line_1_123' title="bbox 1069 2691 1904 2728; baseline -0.004 -8"><span class='ocrx_word' id='word_1_1128' title='bbox 1069 2695 1139 2725; x_wconf 68' lang='lat' dir='ltr'>berc⁷</span> <span class='ocrx_word' id='word_1_1129' title='bbox 1159 2704 1179 2720; x_wconf 80' lang='lat' dir='ltr'>S.</span> <span class='ocrx_word' id='word_1_1130' title='bbox 1200 2693 1340 2727; x_wconf 81' lang='lat' dir='ltr'>obtinere.)</span> <span class='ocrx_word' id='word_1_1131' title='bbox 1366 2693 1466 2723; x_wconf 63' lang='lat' dir='ltr'>Valere.</span> <span class='ocrx_word' id='word_1_1132' title='bbox 1482 2692 1624 2718; x_wconf 81' lang='lat' dir='ltr'>Observari</span> <span class='ocrx_word' id='word_1_1133' title='bbox 1644 2694 1705 2728; x_wconf 88' lang='lat' dir='ltr'>(pro</span> <span class='ocrx_word' id='word_1_1134' title='bbox 1719 2691 1796 2728; x_wconf 80' lang='lat' dir='ltr'>lege.)</span> <span class='ocrx_word' id='word_1_1135' title='bbox 1817 2691 1872 2718; x_wconf 88' lang='lat' dir='ltr'>Gai.</span> <span class='ocrx_word' id='word_1_1136' title='bbox 1886 2692 1904 2718; x_wconf 72' lang='lat' dir='ltr'>I.</span> 
     </span>
     <span class='ocr_line' id='line_1_124' title="bbox 1069 2734 1903 2772; baseline -0.002 -10"><span class='ocrx_word' id='word_1_1137' title='bbox 1069 2740 1092 2763; x_wconf 95' lang='lat'>3.</span> <span class='ocrx_word' id='word_1_1138' title='bbox 1113 2736 1142 2762; x_wconf 86' lang='lat' dir='ltr'>sr.</span> <span class='ocrx_word' id='word_1_1139' title='bbox 1161 2739 1185 2762; x_wconf 83' lang='grc'>2.</span> <span class='ocrx_word' id='word_1_1140' title='bbox 1205 2737 1241 2770; x_wconf 84' lang='lat'>55.</span> <span class='ocrx_word' id='word_1_1141' title='bbox 1261 2737 1284 2762; x_wconf 75' lang='grc' dir='ltr'>ὃ.</span> <span class='ocrx_word' id='word_1_1142' title='bbox 1305 2747 1343 2772; x_wconf 84' lang='lat' dir='ltr'>sq.</span> <span class='ocrx_word' id='word_1_1143' title='bbox 1366 2738 1404 2761; x_wconf 84' lang='lat'>12.</span> <span class='ocrx_word' id='word_1_1144' title='bbox 1425 2735 1456 2761; x_wconf 83' lang='lat' dir='ltr'>de</span> <span class='ocrx_word' id='word_1_1145' title='bbox 1477 2734 1508 2760; x_wconf 89' lang='grc' dir='ltr'>Ο.</span> <span class='ocrx_word' id='word_1_1146' title='bbox 1530 2734 1547 2760; x_wconf 90' lang='lat' dir='ltr'>I.</span> <span class='ocrx_word' id='word_1_1147' title='bbox 1570 2736 1590 2760; x_wconf 92' lang='lat'>1.</span> <span class='ocrx_word' id='word_1_1148' title='bbox 1610 2737 1633 2760; x_wconf 82' lang='grc'>2.</span> <span class='ocrx_word' id='word_1_1149' title='bbox 1655 2735 1684 2761; x_wconf 77' lang='lat' dir='ltr'>t‘r.</span> <span class='ocrx_word' id='word_1_1150' title='bbox 1703 2736 1744 2761; x_wconf 86' lang='grc'>32.</span> <span class='ocrx_word' id='word_1_1151' title='bbox 1760 2745 1800 2771; x_wconf 87' lang='lat' dir='ltr'>sq.</span> <span class='ocrx_word' id='word_1_1152' title='bbox 1820 2735 1848 2761; x_wconf 81' lang='lat' dir='ltr'>fr.</span> <span class='ocrx_word' id='word_1_1153' title='bbox 1863 2737 1903 2760; x_wconf 62' lang='lat'>35.</span> 
     </span>
     <span class='ocr_line' id='line_1_125' title="bbox 1069 2777 1903 2814; baseline -0.002 -9"><span class='ocrx_word' id='word_1_1154' title='bbox 1069 2779 1098 2805; x_wconf 86' lang='lat' dir='ltr'>fr.</span> <span class='ocrx_word' id='word_1_1155' title='bbox 1112 2780 1153 2805; x_wconf 80' lang='lat'>38.</span> <span class='ocrx_word' id='word_1_1156' title='bbox 1169 2779 1200 2805; x_wconf 88' lang='lat' dir='ltr'>de</span> <span class='ocrx_word' id='word_1_1157' title='bbox 1214 2778 1266 2805; x_wconf 92' lang='lat' dir='ltr'>LL.</span> <span class='ocrx_word' id='word_1_1158' title='bbox 1282 2781 1303 2804; x_wconf 94' lang='lat' dir='ltr'>l.</span> <span class='ocrx_word' id='word_1_1159' title='bbox 1316 2780 1340 2804; x_wconf 82' lang='lat'>3.</span> <span class='ocrx_word' id='word_1_1160' title='bbox 1361 2779 1499 2814; x_wconf 82' lang='lat' dir='ltr'>Oportere,</span> <span class='ocrx_word' id='word_1_1161' title='bbox 1520 2777 1721 2804; x_wconf 81' lang='lat' dir='ltr'>Observandum</span> <span class='ocrx_word' id='word_1_1162' title='bbox 1736 2788 1801 2804; x_wconf 86' lang='lat' dir='ltr'>esse.</span> <span class='ocrx_word' id='word_1_1163' title='bbox 1822 2778 1851 2803; x_wconf 84' lang='lat' dir='ltr'>fr.</span> <span class='ocrx_word' id='word_1_1164' title='bbox 1866 2779 1903 2803; x_wconf 87' lang='lat'>19.</span> 
     </span>
     <span class='ocr_line' id='line_1_126' title="bbox 1069 2820 1902 2860; baseline -0.005 -12"><span class='ocrx_word' id='word_1_1165' title='bbox 1069 2833 1107 2860; x_wconf 88' lang='lat' dir='ltr'>pr.</span> <span class='ocrx_word' id='word_1_1166' title='bbox 1128 2823 1148 2855; x_wconf 85' lang='lat'>5.</span> <span class='ocrx_word' id='word_1_1167' title='bbox 1172 2824 1192 2848; x_wconf 97' lang='lat' dir='ltr'>l.</span> <span class='ocrx_word' id='word_1_1168' title='bbox 1214 2822 1245 2848; x_wconf 86' lang='lat' dir='ltr'>de</span> <span class='ocrx_word' id='word_1_1169' title='bbox 1265 2822 1307 2848; x_wconf 79' lang='lat' dir='ltr'>off.</span> <span class='ocrx_word' id='word_1_1170' title='bbox 1328 2821 1413 2847; x_wconf 68' lang='lat' dir='ltr'>PraeS.</span> <span class='ocrx_word' id='word_1_1171' title='bbox 1436 2822 1457 2846; x_wconf 96' lang='lat' dir='ltr'>l.</span> <span class='ocrx_word' id='word_1_1172' title='bbox 1480 2821 1518 2846; x_wconf 79' lang='lat'>18.</span> <span class='ocrx_word' id='word_1_1173' title='bbox 1540 2820 1570 2847; x_wconf 84' lang='lat' dir='ltr'>cs.</span> <span class='ocrx_word' id='word_1_1174' title='bbox 1592 2820 1620 2847; x_wconf 86' lang='lat' dir='ltr'>fr.</span> <span class='ocrx_word' id='word_1_1175' title='bbox 1634 2822 1676 2847; x_wconf 80' lang='grc'>28.</span> <span class='ocrx_word' id='word_1_1176' title='bbox 1695 2832 1735 2859; x_wconf 87' lang='lat' dir='ltr'>pr.</span> <span class='ocrx_word' id='word_1_1177' title='bbox 1755 2821 1787 2847; x_wconf 86' lang='lat' dir='ltr'>de</span> <span class='ocrx_word' id='word_1_1178' title='bbox 1806 2831 1863 2857; x_wconf 72' lang='lat' dir='ltr'>app.</span> <span class='ocrx_word' id='word_1_1179' title='bbox 1879 2825 1902 2845; x_wconf 88' lang='lat' dir='ltr'>et</span> 
     </span>
    </p>
   </div>
  </div>
 </body>
</html>
