2197 3121
290 176 330 207 16

289 259 454 284 rationum
474 267 580 284 rerum
603 259 813 292 privatarum
837 257 987 283 alteriue.
1025 255 1043 282 1.
1065 256 1125 290 Sy.

289 301 408 327 Gestum.
447 300 653 326 Administratio.
683 300 712 325 l'r.
736 301 774 325 17.
795 299 827 325 de
846 298 877 325 N.
898 298 928 325 G.
947 301 971 325 3.
992 301 1015 325 5.
1036 299 1064 325 fr.
1084 300 1125 325 99.

289 344 310 378 ξ.
330 346 354 369 2.
379 343 410 369 de.
435 342 467 369 Υ.
488 342 515 368 S.
537 344 578 368 50.
600 344 638 368 16.
681 342 722 368 Ill.
744 343 809 370 On.
843 342 1000 371 Cautimws.
1031 343 1126 368 instru-

289 391 429 422 mentaque
449 386 532 411 onmia
552 390 624 411 actus
644 386 684 411 sui
705 384 836 415 exhibere,
856 390 880 411 et
900 385 999 421 reliqua
1013 384 1124 411 solvere.

288 429 319 456 st.
339 431 380 455 82.
402 430 428 455 in
448 428 464 455 s.
483 428 516 454 de
534 428 608 454 cond.
629 433 651 453 et
672 428 738 454 dem.
762 430 803 454 35.
824 430 846 455 I.
884 428 966 454 Aenus
985 428 1026 454 sui
1050 428 1126 453 ratio-

288 482 346 498 nem
366 472 508 498 consu-vro.
531 476 554 497 et
579 471 704 497 rationem
729 470 846 497 reddere.
889 471 982 497 Actum
1006 470 1124 496 reddere.

289 514 318 541 sr.
341 517 379 541 10.
400 515 421 548 ξ.
445 516 464 540 l.
485 513 516 540 de.
535 513 644 539 edendo.
664 516 688 540 2.
710 516 748 540 13.
779 514 808 540 fr.
831 516 869 541 19.
890 514 919 540 fr.
939 515 980 539 41.
1006 513 1038 539 de
1057 512 1122 539 adm.

288 562 313 583 et
331 567 385 594 per.
404 558 445 583 26.
466 559 488 583 7.
518 556 546 582 l'r.
565 558 606 582 28.
626 556 648 590 §.
667 558 691 583 9.
711 556 743 583 de
762 556 835 583 liber.
856 556 903 593 leg.
922 558 963 583 34.
982 557 1006 582 3.
1038 555 1123 585 Servi.

287 601 332 636 qui
351 599 499 626 viventibus
519 599 630 625 dominis
649 604 733 626 aetum
754 599 1008 626 :ulmiuistraverunh
1032 598 1062 625 fr.
1081 599 1122 624 45.

287 643 308 677 ξ.
331 644 351 668 1.
373 642 405 668 de
425 642 455 668 N.
476 641 507 668 G.
527 643 548 668 3.
569 644 592 668 5.
612 642 641 668 fr.
661 644 702 669 41.
722 643 743 677 §r-
757 644 781 669 3.
802 642 834 669 dc
854 642 901 678 leg.
921 641 963 668 111,
984 641 1050 674 (32.)
1088 640 1123 667 Se

287 684 437 711 venumdari
462 685 515 722 pati
539 684 571 711 ad
597 690 681 711 artum
705 685 854 721 gerendum.
890 684 919 710 fr.
942 686 966 710 6.
990 685 1011 718 §.
1036 686 1059 710 5.
1091 683 1123 710 (19,

286 729 374 754 iniust.
394 732 462 764 rupt.
486 730 526 754 28.
545 729 569 754 3.
607 728 794 765 Dispensator,
819 729 862 764 qui
886 732 1002 754 remotus
1027 731 1067 753 est
1091 726 1122 753 ab

286 776 350 797 artu.
377 770 407 796 fr.
422 772 462 797 5l.
484 770 516 797 de
535 771 613 797 solut.
633 772 674 797 46.
687 773 711 797 3.
743 770 836 797 Actum
851 771 914 807 reip.
935 769 1122 796 administrare.

286 824 306 839 9.
328 815 350 839 1.
370 823 409 849 sq.
434 824 466 840 ne
486 824 526 850 qu.
548 813 591 839 lib.
617 814 689 839 invit.
719 815 742 839 6.
761 814 802 840 36.
832 813 884 849 Qui
909 813 1044 839 fiscalibus
1063 814 1123 839 acti-

285 857 334 883 bus
354 857 414 883 nexi
433 861 501 886 suut,
521 861 546 882 et
565 866 613 893 pro
633 857 775 882 ratiociniis
794 856 1003 893 proscribuntur.
1027 855 1076 882 Th.
1091 855 1122 882 C.

284 899 329 926 IX.
349 901 390 926 42.
411 909 432 926 c.
453 901 474 926 l.
495 900 516 934 ξ.
536 901 560 925 3.
580 899 612 926 (19
632 899 692 925 bon.
710 908 812 936 proscr.
837 915 869 919 ——
893 900 925 933 ξ.
946 900 982 926 5.
1012 900 1122 926 Monu-

283 949 388 970 menta
414 944 564 977 publica,
593 943 683 969 Acta.
726 941 767 968 ΙΙΙ.
793 943 858 969 Gn.
891 942 1020 969 Com-essi
1043 943 1122 978 gratia

284 986 405 1012 bem-ficii
425 985 537 1022 publicis
557 984 657 1011 actibus
677 985 818 1011 intimetur.
854 984 891 1011 Ib.
909 984 979 1012 XIV.
1001 986 1040 1011 13.
1061 995 1081 1011 c.
1099 986 1120 1011 l.

283 1028 316 1055 de
336 1030 390 1055 iure
410 1028 463 1054 Ital.

317 1072 496 1098 Acueula.
529 1072 613 1098 Acus
630 1080 745 1106 parra.
777 1070 819 1097 III.
834 1071 895 1098 οη.
925 1071 1040 1108 Oportet
1059 1081 1121 1103 eam,

282 1124 366 1151 usque
386 1113 418 1140 ad
438 1113 570 1140 acuculam
590 1115 696 1151 capitis.
721 1115 747 1140 in
771 1113 848 1140 domo
872 1115 957 1140 mariti
982 1114 1120 1152 deponere.

283 1156 320 1183 Ib.
341 1156 382 1183 III.
404 1157 443 1183 16.
464 1166 484 1183 e.
506 1158 527 1182 l.
548 1156 580 1183 de
599 1156 689 1194 repud.

316 1201 490 1227 Aculeus.
527 1200 558 1233 §0
578 1201 612 1226 l.
643 1202 816 1227 stimulus.
853 1199 895 1226 III.
916 1201 981 1228 Gn.
1012 1200 1121 1238 Absque

281 1242 399 1280 spiculo.
419 1243 475 1268 sive
495 1242 599 1270 aculeo.
621 1248 663 1269 aut
684 1243 760 1270 ferro.
786 1253 806 1269 c.
823 1245 844 1269 l.
867 1243 898 1270 de
917 1243 1022 1270 aleator.
1041 1246 1065 1271 3.
1078 1246 1119 1271 43.

281 1285 313 1312 cf.
334 1285 383 1312 Th.
404 1284 435 1312 C.
456 1284 523 1311 VIII.
544 1288 567 1311 5.
589 1296 609 1312 9.
629 1288 652 1312 2.
673 1285 705 1312 (11·
725 1296 802 1312 eursu
821 1286 883 1323 pub.
903 1302 935 1306 ——
959 1287 990 1321 §.
1011 1289 1046 1315 ².
1070 1289 1121 1315 In-

279 1330 470 1355 citamenta.
508 1327 549 1354 III.
565 1330 630 1356 Cn.
662 1328 850 1366 Competentes
864 1330 970 1366 vigori5‚
990 1330 1023 1364 (5.
1035 1335 1121 1357 aucto-

280 1371 381 1404 ritatis)
402 1370 484 1397 aculei
504 1371 661 1408 dirigantur.
687 1382 710 1398 v.
731 1377 896 1405 exserantur,
917 1373 963 1403 ad.
985 1383 1005 1399 s.
1025 1374 1051 1399 in
1071 1378 1119 1400 etc.

280 1413 317 1440 111.
337 1413 367 1440 11.
389 1416 410 1440 l.
436 1424 457 1440 9.
476 1416 500 1441 3.
528 1414 560 1441 de
579 1414 669 1441 iurisd.
699 1414 769 1441 XVI.
789 1417 811 1441 5.
838 1426 859 1442 c.
878 1417 919 1442 35.
946 1416 978 1442 de
997 1416 1118 1443 haeretic.

280 1457 396 1483 Aeuleos
417 1457 628 1484 consultissimae
653 1458 718 1495 legis
742 1459 856 1485 incurrat
880 1458 1046 1493 (multatus).
1081 1459 1118 1486 Ib.

279 1499 324 1526 IX.
343 1501 384 1526 36.
406 1510 427 1526 c.
450 1502 472 1526 l.
492 1505 521 1527 ut
540 1501 606 1527 intra
626 1511 683 1527 ann.
704 1502 774 1528 erim.
794 1506 842 1528 act.

314 1544 423 1570 Acus.
445 1544 641 1570 Ornamenti
660 1546 828 1571 muliebris
847 1547 978 1580 apeciee,
1001 1544 1117 1573 IIIGn.

279 1585 500 1619 Ornamentorum
519 1585 594 1612 haec:
620 1587 712 1617 vittae.
736 1588 827 1613 mitrae
847 1604 879 1607 —
898 1598 959 1614 aeus
979 1599 1035 1615 cum
1055 1598 1118 1615 mar-

278 1629 371 1664 garita.
394 1638 470 1665 quam
489 1628 612 1655 mulieres
632 1629 727 1656 habere
746 1630 840 1656 solent.
870 1630 899 1658 fr.
919 1633 960 1657 25.
980 1632 1001 1666 §.
1023 1633 1061 1658 10.
1085 1631 1118 1658 de

279 1681 341 1697 auro
361 1681 411 1707 arg.
431 1673 473 1698 34.
492 1674 516 1699 2.

313 1715 454 1741 Acutus
474 1715 568 1748 (Adi).
601 1716 798 1750 Perspicax,
819 1718 968 1744 Subtilis.
995 1717 1037 1744 III.
1051 1718 1116 1745 Cn.

278 1756 432 1783 Acutissimi
446 1758 542 1793 ingenii
556 1758 596 1784 vir
609 1757 800 1795 (Papinianus).
821 1769 841 1786 c.
855 1761 896 1786 30.
917 1759 949 1786 de
962 1760 1115 1787 fideicomm.

277 1801 301 1826 6.
321 1801 361 1826 42.
391 1800 484 1826 Coust.
513 1800 625 1827 Omnem
645 1802 708 1839 reip.
738 1802 759 1836 ξ
779 1803 803 1828 4.

313 1844 369 1869 Ad
395 1842 553 1879 (l’raepoS.)
591 1844 622 1877 §.
637 1846 670 1871 1.
703 1847 809 1872 quta.
846 1844 863 1871 1.
878 1845 939 1879 Sy.
967 1845 1115 1872 Secundum

277 1885 419 1922 (parietem
443 1887 630 1920 communem).
668 1887 697 1913 fr.
719 1889 757 1914 13.
782 1897 820 1924 pr.
847 1887 878 1914 de
898 1888 924 1914 S.
945 1888 972 1915 P.
992 1888 1023 1915 V.
1048 1892 1071 1915 8,
1090 1891 1114 1915 2.

277 1927 319 1954 111.
341 1929 406 1956 Cn.
440 1927 541 1954 Haben·
566 1929 597 1955 ad
622 1929 755 1962 (manum,
785 1940 820 1956 sc.
846 1932 989 1964 nummos).
1018 1931 1049 1957 fr.
1076 1933 1114 1958 19.

277 1970 299 2004 §.
319 1972 342 1996 5.
363 1970 394 1996 ad
415 1970 440 1997 S.
457 1970 486 1997 C.
502 1970 569 1997 wll.
592 1974 630 1998 16.
653 1973 675 1998 1.
703 1973 733 1999 cf.
754 1973 798 1999 inf.
818 1983 841 2000 v.
861 1973 958 2000 Manus.
978 1974 1114 2011 (parietem

278 2023 453 2042 communem.
474 2023 510 2040 se.
531 2014 636 2047 scalas).
657 2015 686 2042 fr.
709 2017 747 2042 19.
767 2017 788 2050 ξ.
808 2018 831 2043 2.
852 2016 884 2043 de
903 2016 930 2043 S.
950 2016 977 2043 P.
997 2017 1028 2043 V.
1048 2020 1070 2044 8.
1089 2019 1112 2044 2.

277 2055 437 2082 Obdormire
461 2056 492 2082 ad
518 2057 686 2091 (fornacem).
724 2058 793 2085 Coll.
818 2058 869 2086 LL.
890 2059 922 2086 Μ.
942 2060 997 2086 XII.
1023 2062 1045 2087 7.
1080 2077 1112 2080 —

276 2098 308 2132 δ.
328 2099 363 2124 2.
402 2100 588 2126 Secundum.
626 2100 666 2127 111.
688 2102 753 2129 Cn·
784 2102 825 2128 Ad
851 2102 1009 2140 exemplum.
1033 2113 1056 2130 v.
1076 2104 1113 2130 in-

276 2146 342 2168 star.
368 2151 391 2166 v.
416 2141 620 2170 similitudinem.
650 2144 680 2170 cf.
700 2154 741 2170 vv.
761 2144 924 2182 Exemplum.
952 2145 1043 2173 Instar.
1074 2146 1112 2173 Si-

275 2183 404 2211 militudn.
433 2184 474 2210 Ad
495 2190 675 2213 testamentum
696 2187 755 2214 faeti
775 2187 897 2214 codicilli.
926 2188 954 2215 fr.
968 2190 1009 2215 36.
1023 2199 1062 2226 pr.
1080 2189 1112 2216 de

275 2226 350 2253 milit.
370 2231 429 2253 test.
449 2229 490 2254 29.
513 2231 533 2254 1.
564 2228 720 2256 Rosci-ibere
739 2230 771 2256 ad
790 2230 961 2263 (desiderium
981 2231 1110 2265 alicuius).

276 2270 306 2297 fr.
327 2272 350 2296 4.
371 2271 392 2304 §.
412 2272 435 2296 5.
462 2270 494 2296 de
514 2272 556 2297 ott.
578 2271 650 2298 Proe.
677 2277 701 2298 et
722 2272 781 2309 Leg.
807 2275 828 2300 l.
850 2275 888 2300 16.
919 2274 948 2301 fr.
972 2277 1009 2301 15.
1035 2275 1067 2301 (11·
1086 2276 1111 2301 111

276 2314 316 2339 ius
336 2323 392 2339 voc.
416 2316 440 2339 2.
460 2315 482 2338 11.
522 2313 662 2341 Nuuwrare
681 2326 774 2342 annum
794 2316 825 2342 ad
852 2316 907 2343 (lies
928 2323 975 2344 etc.
1005 2317 1034 2344 fr.
1055 2319 1110 2345 134.

276 2354 308 2381 de
326 2354 357 2381 V.
378 2355 404 2382 S.
425 2358 464 2382 50,
488 2358 525 2382 Iti.
566 2356 711 2384 Nominari.
732 2369 755 2384 ν.
776 2359 902 2396 Exprimi.
923 2359 954 2386 ad
974 2366 1021 2387 919.
1054 2361 1110 2387 Gai.

276 2397 317 2423 III.
337 2399 378 2424 93.
399 2398 442 2424 IV.
457 2400 495 2425 10.
510 2401 550 2426 533.
571 2416 602 2419 -
623 2401 653 2433 ξ.
668 2401 704 2427 3.
733 2403 844 2434 Penes,
866 2404 965 2437 Apud.
992 2403 1111 2431 111οπ.

276 2439 419 2466 Remanere
438 2441 470 2467 ad
489 2441 617 2474 (ln-redes
637 2443 710 2475 oux).
738 2443 768 2470 l'r.
789 2446 829 2470 41.
849 2446 870 2478 ς’.
895 2448 930 2471 10.
951 2445 983 2472 dc
1001 2446 1050 2482 leg.
1069 2446 1111 2473 III.

276 2482 352 2515 (32.)
383 2484 412 2509 l‘r.
431 2486 472 2511 47.
497 2485 517 2519 ξ.
540 2486 561 2511 1.
587 2484 619 2511 (11ι
638 2491 703 2522 part.
728 2489 752 2512 2.
774 2489 812 2513 14.
849 2488 992 2515 Subsiden—
1012 2489 1043 2515 ad
1069 2489 1112 2515 ali·
1133 2499 1134 2516 1

277 2535 361 2561 quum.
390 2526 420 2552 sr.
440 2529 479 2553 62,
500 2528 521 2561 ξ.
543 2529 564 2554 l.
584 2527 616 2554 de
636 2528 711 2554 rond.
733 2534 758 2555 et
782 2529 847 2556 dem.
870 2532 912 2557 35.
934 2533 954 2557 l.
975 2547 1007 2550 —
1027 2532 1057 2565 §0
1073 2533 1110 2558 -Ι,
1133 2522 1134 2534 l

277 2570 401 2594 Coram.
438 2568 455 2594 I.
471 2571 531 2603 Sy.
559 2570 637 2607 Apud
657 2571 781 2604 (iudicem
795 2574 927 2609 experiri).
948 2573 977 2600 l'r.
991 2575 1032 2600 23.
1052 2573 1110 2611 dep.

278 2612 317 2636 16.
337 2611 419 2637 3.1“1“.
442 2613 462 2637 1.
483 2622 522 2648 ap.
547 2623 618 2643 eum.
643 2624 656 2640 a
676 2624 727 2650 quo
747 2624 805 2651 app.
835 2616 875 2641 49.
897 2617 935 2642 12.
978 2616 1020 2643 1Π.
1046 2618 1110 2644 Gn.

278 2652 357 2679 Adire
377 2652 539 2685 Praefectos.
564 2661 588 2681 et
612 2655 644 2682 ad
668 2667 725 2683 cum
749 2658 852 2687 testari.
878 2668 992 2694 reosque.
1014 2664 1110 2696 petere.

277 2696 306 2722 fr.
332 2697 354 2722 7.
386 2696 417 2721 de
441 2697 542 2723 inm-nd.
569 2700 649 2725 ruina.
673 2701 714 2726 47.
734 2701 757 2726 9.
801 2699 995 2727 professionem
1019 2702 1110 2734 faeere,

276 2748 297 2764 s.
317 2737 437 2764 l'roliteri
458 2739 490 2765 :ul
508 2739 694 2775 (Consul-1111).
732 2741 796 2768 Tab.
816 2741 917 2768 Harant.
938 2742 994 2770 Lin.
1016 2746 1036 2770 l.
1051 2755 1108 2781 sqq.

277 2783 298 2807 7.
320 2791 358 2817 sq.
380 2782 438 2807 Aer,
453 2781 517 2808 Brit.
539 2782 629 2809 Petere
644 2784 674 2810 ad
689 2786 852 2821 magistratus
866 2784 998 2819 (litteras).
1027 2785 1108 2813 Vatic.

276 2824 313 2857 ἐξ,
336 2826 390 2849 162.
415 2826 468 2851 167,
514 2824 548 2851 Vt
573 2827 657 2852 omnis
683 2829 831 2854 memoratis
850 2829 959 2855 intentio
983 2828 1014 2855 ad
1034 2828 1108 2856 l'rov.

1007 173 1096 205 ACU
1121 191 1159 197 —
1183 173 1280 204 ΔΒΑ.

1170 255 1310 282 Rectorem
1335 256 1376 282 sit.
1419 255 1468 282 Τ11.
1493 255 1524 283 C.
1549 255 1616 283 Vlll.
1640 258 1664 283 8.
1690 267 1711 284 9.
1736 258 1759 284 6.
1788 257 1821 285 (19.
1845 264 1960 286 exsecut.
1979 265 2006 287 et

1171 304 1252 325 exact.
1273 315 1305 318 —
1324 299 1355 333 ξ.
1376 299 1413 326 5.
1446 300 1490 326 111.
1527 299 1544 326 1.
1564 301 1625 335 Sy.
1662 299 1698 327 111.
1727 299 1795 334 (Ad.
1815 311 1838 327 v.
1858 301 1899 330 lu.
1919 302 2004 336 dare).

1171 340 1200 367 l'r.
1222 343 1263 367 42.
1282 341 1320 375 §§.
1340 343 1363 367 4.
1383 351 1422 378 sq.
1448 341 1477 367 sr.
1497 342 1537 368 43.
1557 352 1595 379 pr.
1620 343 1652 370 de
1669 353 1741 380 proc.
1760 345 1784 370 3.
1803 345 1828 370 3.
1847 360 1880 364 -
1898 354 2004 382 ponere.

1171 383 1227 410 Gai.
1246 383 1289 410 IV.
1309 385 1350 410 6⁸.
1371 400 1403 404 —
1422 384 1533 411 solvere.
1558 385 1587 412 l'r.
1606 386 1629 411 6.
1649 386 1671 420 §.
1686 387 1708 412 1.
1728 386 1760 413 de
1780 391 1861 413 contr.
1885 392 1943 414 emt.
1964 389 2004 414 18.

1146 437 1148 451 1
1173 428 1192 453 l.
1213 443 1245 446 —
1265 426 1390 453 conferre.
1416 426 1446 454 11.
1468 429 1506 454 14.
1527 437 1565 464 pr.
1585 427 1617 454 (19.
1635 429 1691 454 iure
1711 428 1792 456 codic.
1812 430 1853 456 29.
1865 431 1887 456 7.
1913 429 1944 456 sr.
1963 432 2004 457 44.

1168 469 1190 503 §.
1211 471 1233 495 1.
1264 468 1295 495 de
1316 469 1348 496 Ο.
1368 475 1392 496 et
1412 470 1443 496 A.
1474 471 1515 496 44.
1536 472 1558 497 7.
1599 469 1692 508 Vsque.
1711 471 1750 498 ad.
1780 472 1809 498 sr.
1829 474 1852 499 S.
1878 472 1899 507 ξ.
1919 474 1943 499 2.
1972 472 2005 499 (19

1169 517 1227 538 test.
1247 517 1295 539 tut.
1313 514 1355 539 26.
1376 515 1399 539 2.
1436 512 1520 539 tatic.
1541 513 1562 547 §.
1582 515 1622 540 50.
1642 514 1672 541 t'r.
1692 516 1715 541 4.
1736 525 1773 552 pr.
1794 514 1826 541 de
1845 525 1912 542 serv.
1936 517 1960 542 8,
1981 517 2003 542 1.

1167 565 1188 581 9.
1210 557 1232 582 l.
1258 566 1278 582 c.
1298 557 1322 582 2.
1347 555 1379 582 de
1398 555 1429 582 V.
1450 555 1477 582 S.
1502 557 1526 582 6.
1545 557 1587 582 38.
1630 556 1660 584 Il.
1681 559 1748 591 01³.
1775 558 1815 584 Ex
1839 558 1896 592 (Ex
1916 558 2004 586 condi-

1167 599 1250 631 tione,
1269 598 1302 625 ad
1321 598 1517 630 conditionem).
1545 597 1628 625 Vatic.
1647 600 1669 634 ξ.
1689 602 1730 627 50.
1759 601 1815 634 (Ex
1834 605 1959 638 tempore,
1978 612 2002 628 v.

1167 641 1223 673 die,
1243 657 1275 661 -—
1295 641 1327 668 ad
1347 646 1464 678 tempus.
1487 651 1511 668 v.
1539 641 1632 674 diem).
1667 641 1704 669 rb.
1728 643 1765 677 §§.
1785 645 1903 670 48-50.
1929 644 1959 671 fr.
1978 646 2002 671 4.

1166 694 1205 721 pr.
1225 683 1257 710 de
1275 685 1363 711 servit.
1383 686 1406 711 8.
1428 687 1449 711 l.
1477 684 1505 711 fr.
1524 686 1566 711 34.
1592 684 1625 711 de
1639 684 1725 712 111-1911.
1740 687 1799 713 inst.
1818 689 1859 713 28.
1874 689 1897 713 5.
1917 687 1947 713 fr.
1960 689 2002 714 44.

1166 728 1187 761 ς’.
1209 729 1231 753 1.
1252 726 1284 753 de
1303 727 1335 754 Ο.
1356 732 1382 754 et.
1395 727 1426 754 A.
1445 729 1486 754 44.
1507 729 1530 754 7.
1567 727 1608 753 III.
1629 728 1695 755 Gn.
1722 728 1764 755 Ad
1777 729 1875 766 aliquid
1894 731 2003 763 (novum

1167 770 1236 803 etc.).
1257 769 1286 796 t'r.
1302 771 1323 796 l.
1337 780 1376 807 pr.
1397 771 1429 797 de
1448 770 1522 807 legat.
1542 775 1638 808 praest.
1657 772 1698 797 37.
1718 773 1742 798 5.
1761 772 1806 799 efr.
1827 772 1856 799 fr.
1876 775 1900 799 2.
1919 774 1941 807 §.
1959 774 2002 800 38.

1167 813 1199 839 (19
1219 812 1251 839 O.
1271 812 1289 839 I.
1310 814 1333 839 1.
1353 816 1376 840 2.
1413 813 1455 840 Ad
1474 824 1603 840 summum
1626 814 1709 847 (nihil
1728 814 1863 849 babeant).
1901 815 1950 843 Th.
1971 816 2002 843 C.

1165 855 1235 882 XVI.
1255 857 1279 882 5.
1299 866 1320 882 c.
1342 858 1381 883 17.
1402 866 1423 882 e.
1445 858 1484 882 18.
1503 856 1524 890 ξ.
1547 859 1568 883 1.
1588 857 1621 884 (19
1639 857 1735 883 haeret.
1764 857 1806 884 Ad
1824 858 1935 895 aliquem
1949 869 2002 886 mo—

1166 899 1227 925 dum
1247 900 1358 935 (augeri,
1378 909 1401 926 v.
1422 899 1509 926 dicere
1528 899 1602 933 eux).
1631 900 1687 927 Gai.
1708 899 1751 927 IV.
1774 901 1812 926 16.
1845 900 1904 939 ΠΡ.
1918 902 2000 929 XXII.

1165 943 1206 968 28.
1236 941 1266 968 sr.
1285 944 1308 968 2.
1328 942 1350 976 §.
1369 944 1393 969 2.
1413 942 1445 969 de.
1465 942 1497 969 Ο.
1518 942 1535 969 1.
1557 944 1578 969 l.
1593 944 1616 969 2.
1642 942 1683 969 Ad
1698 943 1805 970 modum
1824 944 1911 971 exsilii
1929 945 2002 982 (pos—

1166 989 1227 1011 sunt
1246 984 1312 1012 serre
1331 985 1506 1019 sententiam).
1532 985 1561 1012 sr.
1581 987 1622 1012 39.
1643 986 1664 1020 §.
1686 987 1707 1012 l.
1738 985 1770 1012 de
1794 986 1895 1013 liberali
1919 997 1940 1014 c.
1958 989 2000 1014 40.

1167 1030 1206 1054 12.
1235 1027 1293 1054 Non
1307 1027 1416 1057 admitti.
1435 1029 1486 1054 nisi
1506 1027 1572 1055 sorte
1587 1028 1619 1054 ad
1633 1033 1749 1065 quartam
1763 1029 1854 1059 solam.
1874 1034 1899 1056 et
1917 1029 2002 1057 hacte-

1165 1080 1214 1097 nus
1235 1075 1261 1096 ut
1282 1075 1330 1097 etc.
1350 1070 1380 1098 sr.
1399 1073 1440 1097 22.
1461 1071 1482 1105 §.
1504 1073 1526 1097 1.
1546 1071 1577 1097 de
1597 1070 1684 1109 adopt.
1706 1074 1728 1098 l.
1747 1073 1770 1098 7.
1796 1072 1838 1099 Ad
1857 1072 1884 1099 id
1896 1074 2002 1100 inventa

1165 1119 1218 1143 est.
1243 1124 1275 1140 ne
1300 1118 1348 1140 etc.
1379 1113 1409 1140 fr.
1430 1115 1453 1140 7.
1478 1124 1517 1151 pr.
1542 1113 1574 1141 de
1598 1124 1683 1141 aceuS.
1714 1115 1755 1141 48.
1779 1116 1803 1141 2.
1844 1115 1886 1142 Ad
1911 1126 2002 1143 necem

1165 1157 1245 1184 caedi.
1280 1156 1348 1183 Coll.
1367 1156 1420 1184 LL.
1439 1157 1472 1184 Μ.
1496 1157 1526 1184 Π.
1552 1159 1574 1184 7.
1610 1157 1653 1184 Ad
1672 1162 1771 1184 certum
1790 1158 1894 1195 pondus
1913 1160 2001 1186 oneris

1165 1200 1265 1234 (locare
1284 1200 1387 1233 mulas).
1413 1200 1442 1227 fr.
1462 1202 1503 1227 30.
1524 1201 1545 1234 ξ.
1564 1202 1588 1227 2.
1609 1200 1659 1227 loc.
1681 1202 1720 1227 19.
1739 1203 1762 1227 2.
1792 1201 1932 1230 Proficere.
1952 1201 2001 1229 Ce-

1165 1243 1240 1275 dere,
1261 1243 1293 1270 ad
1312 1243 1463 1277 (utilitatem
1477 1244 1547 1277 ete).
1572 1242 1628 1270 Gai.
1643 1243 1684 1270 III.
1700 1244 1756 1270 178.
1771 1254 1792 1270 c.
1807 1245 1847 1270 16.
1867 1243 1899 1270 de
1911 1244 1999 1282 praed.

1164 1291 1189 1313 et
1203 1286 1234 1313 al.
1254 1286 1308 1313 reb.
1329 1287 1389 1312 min.
1413 1288 1437 1312 5.
1458 1288 1498 1313 71.
1532 1302 1564 1307 —
1595 1287 1626 1321 ξ.
1647 1288 1685 1313 6.
1714 1287 1828 1319 Circa,
1853 1288 1999 1322 Propter.

1163 1329 1205 1355 III.
1227 1330 1294 1357 Cn·
1326 1328 1386 1355 Non
1411 1330 1437 1355 in
1462 1339 1516 1356 rem
1535 1339 1608 1356 suam
1633 1329 1721 1361 datus,
1745 1339 1793 1355 nee
1817 1329 1849 1355 ad
1872 1340 1927 1356 eam
1945 1341 2001 1358 rem

1163 1371 1246 1398 factus
1266 1372 1458 1409 (procurator).
1484 1371 1514 1399 fr.
1533 1374 1574 1400 28.
1595 1372 1626 1399 (19
1644 1382 1716 1410 proc.
1735 1373 1759 1398 3.
1778 1373 1802 1398 3.
1840 1371 1939 1400 Locum
1957 1373 2000 1400 ha-

1164 1415 1208 1442 bet
1227 1416 1276 1449 (sc.
1296 1414 1488 1449 iusiurandum)
1507 1420 1531 1442 et
1551 1415 1582 1442 ad
1596 1416 1728 1454 peeuuiaS.
1749 1419 1774 1441 et
1793 1415 1825 1442 ad
1844 1425 1934 1443 omnes
1948 1426 1998 1443 res.

1163 1458 1193 1485 fr.
1211 1460 1252 1485 34,
1274 1468 1314 1496 pr.
1334 1458 1366 1485 de
1385 1459 1490 1485 iureiur.
1517 1460 1557 1485 12.
1577 1461 1601 1485 2.
1636 1459 1721 1485 Datus
1741 1468 1801 1485 esse.
1824 1457 1856 1484 ad
1880 1459 2000 1492 (univer-

1162 1511 1219 1528 sum
1238 1503 1430 1539 patrimonium,
1450 1511 1486 1528 sc.
1507 1502 1598 1535 tutor.)
1622 1502 1643 1536 ξ.
1659 1503 1699 1528 17.
1723 1500 1741 1528 I.
1761 1501 1794 1528 de
1812 1511 1900 1528 exous.
1920 1503 1943 1528 l.
1955 1503 1998 1528 25.

1162 1545 1283 1582 Improbe
1302 1546 1401 1571 versari
1420 1544 1452 1571 ad
1471 1544 1627 1581 (legatum).
1661 1555 1683 1577 c,
1703 1546 1743 1571 17.
1769 1544 1801 1571 (19
1824 1544 1910 1571 fideic.
1932 1543 1997 1571 libb.

1162 1590 1185 1615 7.
1204 1590 1228 1615 4.
1257 1587 1405 1624 Ignoscitur
1423 1587 1454 1614 ad
1474 1598 1514 1617 ea.
1536 1598 1601 1624 quae
1621 1592 1669 1614 etc.
1698 1587 1728 1614 fr.
1749 1589 1805 1614 157.
1824 1598 1863 1625 pr.
1883 1587 1915 1614 de
1933 1587 1964 1614 R.
1978 1587 1996 1614 1.

1161 1633 1201 1657 50.
1223 1633 1263 1657 17.
1305 1631 1413 1657 Ambire
1436 1630 1468 1657 ad
1494 1631 1624 1664 (honores
1645 1630 1718 1664 eta).
1761 1630 1810 1657 Th.
1830 1630 1860 1657 C.
1880 1629 1935 1657 VII.
1954 1632 1996 1657 21.

1162 1685 1182 1701 c.
1202 1676 1226 1700 2.
1251 1673 1283 1701 (19
1307 1675 1402 1700 testim.
1427 1674 1556 1700 extribnn.
1585 1673 1652 1700 Ylll.
1677 1674 1700 1699 4.
1721 1684 1742 1699 9.
1760 1675 1799 1700 14.
1819 1673 1852 1700 de
1870 1673 1995 1700 cohortal.

1161 1716 1317 1744 Commuuio
1342 1716 1374 1743 ad
1393 1716 1586 1743 ecclesiasticos
1609 1717 1683 1742 ritus.
1720 1715 1786 1743 Nov.
1805 1718 1846 1743 37.
1874 1715 1997 1753 Proposi-

1161 1765 1214 1786 tum
1234 1759 1266 1786 ad
1286 1769 1341 1786 eam
1360 1770 1414 1786 19111
1433 1759 1634 1793 (interdictum).
1663 1758 1746 1786 Vatic.
1766 1760 1788 1794 §.
1807 1761 1848 1786 93.
1868 1775 1900 1779 —
1919 1760 1950 1793 ξ.
1963 1760 1995 1787 ἶ.

1160 1805 1246 1830 Post.
1283 1802 1301 1829 I.
1322 1803 1383 1837 Sy.
1417 1802 1481 1829 Post
1506 1803 1642 1836 (annum).
1673 1802 1702 1829 fr.
1725 1804 1764 1829 18.
1788 1803 1809 1836 ξ.
1828 1804 1852 1828 2.
1877 1802 1910 1828 de
1928 1812 1994 1829 man.

1160 1850 1219 1872 test.
1244 1847 1284 1871 40.
1304 1847 1327 1871 4.
1362 1862 1394 1866 —
1426 1846 1457 1880 ξ.
1477 1847 1514 1874 S.
1549 1847 1682 1872 Contra.
1718 1845 1737 1872 1.
1757 1846 1818 1880 Sy.
1850 1844 1994 1872 Adversus.

1160 1888 1189 1915 fr.
1211 1890 1250 1915 14.
1271 1888 1304 1914 de
1323 1888 1452 1925 publiean.
1471 1890 1513 1915 39.
1532 1890 1555 1915 4.
1592 1888 1621 1915 sr.
1643 1890 1665 1914 l.
1688 1888 1710 1922 ξ.
1732 1890 1771 1915 ll.
1797 1887 1829 1914 de
1854 1888 1933 1914 cloac.
1952 1889 1993 1914 43.

1158 1933 1199 1958 23.
1240 1930 1283 1957 III.
1304 1933 1369 1958 (ln.
1401 1930 1430 1957 Si
1456 1932 1514 1967 quis
1538 1940 1721 1968 percussorem
1745 1930 1776 1956 ad
1800 1940 1828 1956 se
1847 1932 1994 1957 venientem

1157 1974 1244 2011 gladio
1264 1973 1396 2010 repulerit.
1422 1984 1443 2000 9.
1462 1976 1486 2000 3.
1506 1973 1538 2000 ad
1556 1973 1585 2000 L.
1606 1973 1668 1999 Cor.
1689 1973 1721 1999 (19
1739 1974 1785 1999 sie..
1805 1974 1828 2000 9.
1850 1974 1888 1999 16.

1190 2018 1430 2049 Adaequare.
1468 2016 1498 2049 §0
1519 2017 1552 2042 1.
1585 2017 1817 2050 Complawre,
1848 2017 1993 2043 Coniun-

1155 2069 1236 2095 gere.
1283 2058 1324 2085 ΙΙΙ.
1352 2060 1417 2086 Cn.
1451 2058 1568 2085 Tabulae
1592 2058 1706 2087 adlixae.
1733 2063 1758 2085 et
1782 2058 1927 2096 parietibus
1951 2059 1993 2086 ad-

1157 2103 1273 2129 iunctae.
1298 2101 1339 2128 vel
1358 2101 1458 2138 singula
1479 2101 1563 2137 sigilla
1582 2101 1731 2138 adaequata.
1755 2101 1784 2128 fr.
1799 2103 1839 2128 41.
1859 2102 1880 2136 ξ.
1901 2104 1940 2129 13.
1960 2101 1993 2129 de

1157 2144 1204 2181 leg.
1226 2144 1243 2171 1.
1264 2145 1340 2178 (30.)
1370 2160 1401 2163 —
1430 2145 1460 2178 ᾖ.
1481 2146 1515 2171 2.
1544 2146 1592 2171 Ad
1614 2147 1813 2180 aequitatem
1834 2147 1991 2180 redigere.

1157 2187 1174 2214 I.
1194 2188 1255 2222 Sy.
1283 2187 1410 2223 Aequare.
1440 2187 1598 2224 Exaequare.
1627 2186 1658 2214 cs.
1677 2197 1701 2214 v.
1716 2187 1842 2223 Aequare.
1871 2187 1911 2214 1Π.
1926 2189 1991 2216 Gn.

1157 2230 1193 2257 Vt.
1211 2231 1341 2267 quantitas
1361 2231 1441 2256 sortis
1461 2231 1598 2267 quantitati
1617 2229 1730 2256 foenoris
1744 2230 1908 2266 adaequetur.
1941 2230 1990 2258 Τ11.

1157 2274 1187 2300 C.
1208 2273 1251 2300 11.
1274 2275 1312 2300 19.
1338 2284 1358 2299 9.
1380 2275 1401 2299 l.
1427 2274 1448 2307 ξ.
1467 2276 1491 2299 2.
1523 2273 1555 2299 de
1575 2283 1644 2299 usur.
1669 2273 1705 2298 rei
1730 2272 1780 2299 iud.
1818 2272 1900 2301 Loca.
1925 2284 1991 2310 quae

1156 2317 1357 2353 praestationem
1376 2325 1448 2342 suam
1468 2315 1577 2353 implere
1596 2325 1647 2341 non
1668 2320 1791 2352 possunt.
1816 2317 1989 2354 praecipimus

1156 2359 1301 2395 adaequari.
1339 2359 1375 2385 lb.
1394 2358 1462 2385 xm.
1485 2360 1524 2385 11.
1544 2369 1564 2385 c.
1587 2360 1625 2384 12.
1646 2357 1677 2384 de
1698 2359 1818 2385 censitor.

1190 2403 1372 2435 Adaeque
1404 2401 1514 2435 (Adv.).
1552 2402 1664 2435 Aeque.
1700 2400 1742 2427 Ill.
1763 2403 1828 2429 Cn.
1864 2401 1988 2438 Adaeque

1156 2461 1188 2464 —
1207 2444 1239 2471 ad
1258 2454 1303 2470 eos
1328 2460 1360 2464 —
1384 2446 1439 2471 iure
1463 2444 1547 2481 patrio
1570 2445 1753 2470 transmittant.
1795 2444 1844 2471 Τ11.
1871 2444 1901 2471 C.
1920 2443 1986 2471 1111.

1158 2488 1196 2514 18.
1216 2498 1237 2514 9.
1257 2489 1279 2514 4.
1300 2487 1333 2514 de.
1351 2492 1456 2513 matern.
1477 2486 1536 2512 bon.

1190 2532 1396 2558 Adam-are.
1450 2531 1498 2556 Ad
1533 2531 1618 2556 aeris
1652 2531 1795 2564 pretium
1829 2532 1985 2566 redigere.

1155 2573 1174 2599 1.
1195 2575 1255 2608 Sy.
1291 2572 1450 2610 Deprendere
1469 2573 1624 2609 (pretium).
1663 2572 1698 2599 lb.
1719 2572 1772 2599 VII.
1797 2573 1820 2598 4.
1846 2582 1866 2599 e.
1885 2574 1927 2599 32.
1954 2572 1987 2599 de

1156 2626 1224 2652 erog.
1244 2616 1296 2643 mil.
1317 2626 1373 2642 nnn.
1411 2616 1485 2651 Quae.
1509 2616 1534 2641 in
1560 2625 1617 2641 aere
1641 2616 1682 2649 (v.
1702 2616 1780 2649 auro)
1799 2616 1984 2653 percipiuntur.

1155 2659 1291 2687 Aerariae.
1320 2659 1462 2685 Adaei-atae
1491 2659 1543 2692 (se.
1563 2658 1704 2692 annonae).
1750 2657 1786 2684 lb.
1816 2658 1832 2685 1.
1859 2658 1874 2684 l.
1904 2668 1924 2684 c.
1943 2659 1984 2683 31.

1155 2712 1175 2728 9.
1194 2703 1236 2728 34.
1262 2712 1283 2728 9.
1302 2704 1343 2729 36.
1387 2701 1417 2728 II.
1437 2702 1504 2735 Op.
1538 2700 1565 2727 In
1591 2702 1679 2738 specie
1702 2701 1833 2738 praebere.
1870 2700 1906 2727 lb.
1932 2700 1947 2726 l.
1968 2700 1983 2726 l.

1154 2755 1175 2771 9.
1194 2746 1235 2771 28.
1255 2755 1294 2782 pr.
1314 2744 1369 2771 Vll.
1389 2746 1412 2770 6.
1432 2754 1453 2770 c.
1473 2745 1496 2770 5.
1517 2743 1549 2770 de
1567 2744 1641 2770 milit.
1661 2749 1741 2770 veste.
1779 2743 1819 2770 III.
1840 2744 1900 2771 Gn.
1925 2742 1983 2769 Non

1154 2787 1239 2813 solum
1260 2789 1285 2813 in
1305 2787 1442 2817 relevatis,
1462 2797 1551 2813 verum
1571 2788 1645 2813 etiarn
1665 2787 1690 2812 iu
1709 2787 1826 2814 donatis.
1849 2785 1983 2813 adae-ratis„

1154 2829 1340 2866 translatisque
1369 2830 1506 2863 (volumus
1532 2830 1690 2862 observari).
1733 2829 1798 2855 Nov.
1823 2828 1870 2855 Th.
1896 2828 1925 2854 11.
1952 2828 1984 2854 (1(-

1946 2881 1983 2897 re-
