2197 3121
1051 166 1143 197 PRA.

228 248 271 273 44.
292 247 315 273 l.
336 246 368 273 cf.
388 246 471 273 vatic.
491 247 513 280 §.
532 248 591 273 207.
609 260 643 266 --
663 246 693 279 ξ.
709 246 747 272 3.
768 246 995 280 Βὶερεηᾶἰιιηι,
1014 248 1066 274 In-

226 292 427 317 commodum.
473 289 517 315 111.
537 291 603 317 Cn.
631 288 739 315 Nullum
766 288 954 325 praeiudicium
982 288 1066 315 facere

227 331 348 364 (absenti
367 331 517 365 creditori.)
537 331 566 358 sr.
586 333 610 357 4.
629 332 651 365 §.
670 334 693 358 4.
713 331 746 358 de
765 341 823 368 app.
845 336 871 358 et
889 330 961 357 relat.
980 333 1021 358 49.
1042 333 1064 357 l.

226 373 300 400 Nihil
324 374 475 412 praeiudicii
500 375 561 412 pati.
589 374 620 400 fr.
639 376 680 400 29.
705 374 737 400 de
760 384 826 400 man.
851 378 952 400 testam.
976 375 1016 400 40.
1041 376 1064 400 4.

227 426 249 443 c.
270 418 309 443 12.
329 417 361 443 de
381 417 411 443 A.
431 427 455 443 v.
475 416 505 443 R.
524 416 552 443 P.
573 418 596 443 7.
615 417 657 443 32.
694 416 858 443 Praeiudicio
877 420 972 442 exutus
992 418 1064 449 (con-

227 464 324 485 tractae
343 469 396 486 non
414 469 461 486 suo
481 460 545 486 vitio
565 459 722 491 tarditatis.)
747 458 795 486 Th.
817 458 847 485 C.
866 458 899 485 X.
921 460 960 484 10.
982 468 1002 485 c.
1022 460 1063 485 27.

226 502 249 536 §.
264 504 289 528 3.
309 501 341 528 de
360 503 432 539 petit.
453 507 478 528 et
496 502 565 528 ultro
586 502 636 529 dat.
673 501 754 528 Liber
772 512 785 528 a
804 501 975 527 contubernio
995 511 1065 527 scae-

226 545 279 570 nici
303 544 462 582 praeiudicii.
491 545 527 571 lb.
547 544 606 571 XV.
627 546 650 572 7.
675 555 696 571 c.
715 547 739 571 4.
765 554 786 570 c.
806 545 829 570 9.
849 543 881 570 de
900 544 1011 570 scaenic.
1031 560 1063 565 —

225 587 258 620 δ.
271 589 309 614 4.
329 589 582 623 Praerogativa.
617 586 636 613 I.
657 588 719 621 Sy.
739 586 883 622 Suffragia,
902 585 1065 612 Praeiudicia

225 629 375 663 (honorum,
395 640 419 656 v.
439 630 563 663 actuum.)
582 629 619 656 lb.
638 630 695 656 XII.
717 632 738 656 1.
759 639 779 655 c.
801 630 858 654 134.
878 628 910 654 de
929 628 1062 656 decurion.

225 672 268 698 ΙΙΙ.
292 674 358 700 Gn·
390 672 560 709 Quicunque,
589 683 620 699 ex
644 672 777 699 curialium
802 676 879 697 natus
903 681 1010 707 genere,
1030 688 1062 691 —
1084 670 1085 687 ³

225 714 385 752 praeiudicio
412 717 546 751 sanguinis
573 716 690 753 coeperit
717 713 853 752 postulari.
884 713 920 740 lb.
944 713 1015 740 XVI.
1037 716 1062 741 2.

226 767 248 783 c.
267 759 306 784 19.
327 757 359 783 de
378 759 458 795 episc.
479 758 541 785 eccl.

260 801 468 828 Praelatio.
514 802 664 832 Sanctio,
694 809 750 833 per
783 809 875 833 quam
902 801 1061 834 singulas

223 845 303 869 aliis
328 845 558 877 praeponitur.
598 842 639 869 III.
660 843 725 870 οη.
750 841 816 868 Cum
837 842 904 868 enim
924 847 995 868 esset
1014 842 1061 876 [al.

224 886 280 919 est]
307 885 446 923 praelatio,
472 891 554 912 matre
577 886 712 912 omittente
731 884 811 911 S.Cti
834 884 1001 917 beneficium,
1021 886 1062 911 ius

223 928 342 954 succedit
361 933 444 955 vetus.
465 928 495 955 fr.
514 931 538 954 2.
558 928 579 961 9.
598 930 639 954 20.
660 927 691 954 ad
711 927 737 954 S.
747 927 777 954 C.
798 926 870 953 Tert.
889 929 931 953 38.
953 928 992 953 17.

260 972 476 998 Praelatus.
495 971 614 1005 (Partic.)
635 970 675 996 Cf.
695 981 718 997 v.
732 970 875 1001 Praeferre,
895 980 918 996 v.
932 969 1061 996 Proferre.

259 1014 505 1048 Praelegare.
548 1013 578 1046 ξ.
604 1014 638 1039 l.
668 1014 825 1049 Legatum
853 1014 1003 1049 conferre
1029 1015 1061 1039 in

222 1058 388 1091 singulum
411 1066 446 1082 ex
469 1058 675 1083 coheredibus
699 1062 882 1082 nostrornm
902 1058 1061 1083 bonorum.

222 1099 241 1125 1.
255 1100 316 1134 Sy.
336 1099 385 1126 Per
403 1099 612 1136 praeceptionem
632 1098 700 1125 dare.
722 1098 764 1125 Cf.
780 1109 804 1124 v.
818 1098 980 1135 Praeceptio.
1000 1099 1021 1132 §.
1037 1101 1059 1125 1.

222 1141 252 1168 11.
269 1143 335 1176 Op.
354 1142 452 1168 Extero
472 1141 565 1177 legare.
580 1157 612 1161 ——-
631 1141 717 1168 Alteri
736 1140 928 1173 (coheredum)
949 1141 1060 1178 praeleg.

222 1184 253 1211 fr.
272 1185 312 1211 67.
332 1185 354 1218 §.
373 1185 397 1210 4.
422 1184 454 1210 de
474 1183 549 1220 legat.
569 1183 599 1210 11.
620 1185 693 1217 (31.)
730 1183 771 1210 111.
792 1185 858 1211 Cn.
882 1183 999 1211 Heredes
1024 1186 1061 1211 in-

221 1228 343 1259 stituere,
363 1232 388 1253 et
407 1226 511 1264 praedia
532 1231 601 1253 certa
621 1226 731 1263 singulis
751 1226 863 1264 praeleg.
883 1226 914 1252 fr.
933 1229 975 1253 27.
994 1228 1060 1261 9.1.

221 1269 278 1296 eod.
298 1269 340 1296 111.
361 1270 427 1303 (32.)
447 1269 477 1295 fr.
498 1271 538 1296 94.
558 1269 590 1295 ad
611 1269 638 1296 L.
659 1269 729 1296 falc.
748 1272 789 1296 35.
809 1272 833 1296 2.
858 1269 940 1296 vatic.
960 1270 982 1303 §.
1001 1272 1060 1297 256.

219 1311 272 1339 Vni
297 1322 329 1339 ex
353 1311 495 1338 heredibus
519 1312 703 1349 praelegatum.
728 1312 758 1338 fr.
778 1313 802 1338 8.
822 1323 861 1350 pr.
886 1312 944 1339 sam.
968 1314 1059 1339 ercisc.

221 1357 261 1381 10.
280 1357 306 1381 2.
343 1354 435 1381 Partes
455 1355 628 1381 coheredibus
648 1355 818 1392 praelegatae.
838 1355 868 1382 fr.
885 1357 925 1382 77.
944 1356 966 1390 §.
985 1357 1009 1382 8.
1029 1356 1061 1383 de

220 1397 296 1434 legat.
316 1398 346 1425 ll.
367 1399 434 1431 (31.)
470 1397 576 1424 Peculia
595 1408 647 1424 non
666 1397 812 1435 praelegata
832 1399 994 1432 (communia
1012 1398 1060 1426 sra-

218 1446 288 1468 trum
308 1442 393 1475 esse.)
414 1440 496 1467 Vatic.
516 1441 537 1474 9.
557 1442 615 1467 294.
641 1457 673 1460 —
698 1441 728 1474 §.
749 1442 784 1467 2.
808 1442 935 1476 Legata
959 1443 1059 1468 inter-

218 1487 378 1516 veniente,
398 1486 583 1510 restituere.
615 1486 778 1519 Relegare.
814 1483 832 1509 1.
854 1485 916 1518 Sy.
934 1484 1060 1520 Relegare

218 1526 352 1560 (dotem.)
373 1526 402 1553 fr.
422 1528 463 1552 41.
488 1527 552 1560 9.1.
573 1525 602 1552 fr.
624 1528 664 1552 77.
685 1527 705 1560 9
728 1528 766 1552 12.
787 1526 819 1553 de
838 1527 913 1563 legat.
933 1526 963 1553 11.
984 1528 1058 1560 (31.)

219 1569 250 1596 fr.
272 1571 294 1596 l.
314 1570 351 1604 99,
374 1571 397 1595 7.
416 1579 455 1605 sq.
478 1571 517 1595 13.
537 1569 567 1595 fr.
586 1571 610 1595 2.
630 1579 669 1606 pr.
690 1569 722 1595 de
741 1569 802 1596 dote
820 1570 900 1607 prael.
914 1571 955 1596 33.
968 1572 991 1596 4.
1016 1570 1058 1596 lIl.

219 1613 286 1640 Gn.
305 1613 363 1639 Dos
384 1612 529 1649 praelegata
549 1612 716 1644 retinebitur,
737 1614 858 1649 quoniam
876 1612 950 1639 reddi
970 1614 1058 1649 potius

220 1654 334 1687 videtur,
355 1665 431 1691 quam
451 1654 514 1680 dari.
535 1654 565 1681 fr.
586 1656 626 1680 77.
646 1655 667 1688 §.
690 1657 729 1681 12.
749 1655 764 1682 l.
785 1657 859 1689 (31.)
895 1655 1057 1693 lmpuberem

219 1696 302 1723 filium
322 1697 442 1723 heredem
457 1698 579 1728 instituit,
598 1698 673 1723 uxori
687 1697 773 1724 dotem
787 1698 953 1735 praelegavit.
972 1698 1001 1725 sr.
1016 1700 1058 1725 88.

219 1739 240 1772 9.
262 1741 284 1765 7.
305 1740 361 1766 eod.
381 1742 447 1773 (31.)
469 1740 553 1766 [1227.
574 1739 606 1766 de
625 1750 675 1766 usu
694 1745 719 1766 et.
738 1741 805 1767 usus.
825 1741 872 1778 leg.
886 1743 928 1768 33.
941 1743 965 1767 2.
985 1741 1056 1768 Paul.

219 1781 262 1808 IV.
283 1783 305 1808 1.
325 1782 346 1815 9.
369 1784 389 1809 1.

256 1825 510 1860 Praelegatio.
547 1826 578 1858 ξ.
604 1826 640 1851 l·
677 1827 892 1860 Praecipuum
929 1829 1058 1861 aliquid

218 1870 360 1903 legatum
380 1870 527 1900 (heredi.)
565 1867 583 1894 1.
605 1870 666 1902 Sy.
686 1867 847 1906 praeceptio.
868 1869 896 1896 sr.
910 1871 952 1896 25.
972 1869 1001 1896 fr.
1014 1871 1056 1896 31.

219 1910 240 1944 §.
262 1912 283 1936 l.
304 1909 336 1936 de
355 1910 431 1936 adim.
450 1910 525 1945 legat.
541 1912 582 1936 34.
602 1912 626 1936 4.
663 1910 706 1937 111.
721 1913 786 1939 Cn.
806 1912 846 1938 Ex
865 1912 1057 1949 praelegatione

218 1954 350 1990 pertinere
369 1952 414 1985 (ad
433 1955 561 1985 matrem.)
582 1953 609 1979 l'r.
630 1955 671 1979 31.
690 1954 712 1987 9.
734 1956 756 1980 1.
776 1954 792 1980 1.
811 1957 853 1981 34.
873 1957 896 1981 4.
918 1972 946 1975 —
971 1956 1001 1988 ξ.
1021 1957 1055 1982 2.

217 1997 375 2031 Legatum
400 1997 443 2028 id,
473 1998 553 2030 quod
575 1998 745 2030 legatario
769 1999 903 2024 aliunde
927 2000 989 2024 iam
1009 2001 1057 2025 de-

217 2040 314 2064 betur.
352 2038 371 2064 I.
392 2039 453 2072 Sy.
472 2038 608 2074 Relegatio
629 2038 734 2072 (dotis.)
758 2039 788 2066 fr.
808 2041 848 2066 95.
869 2040 900 2067 de
919 2041 993 2077 legat.
1014 2041 1055 2068 111.

218 2081 284 2114 (32.)
304 2080 334 2107 sr.
356 2082 377 2106 l.
399 2081 419 2114 9.
439 2083 463 2107 5.
484 2081 516 2107 de
536 2081 596 2107 dote
615 2081 728 2118 praeleg.
747 2084 789 2109 33.
809 2085 833 2109 4.

254 2124 463 2151 Praelium.
501 2124 542 2150 Cf.
561 2134 585 2150 v.
606 2123 745 2151 Proelium.

255 2166 449 2193 Praelunn.
487 2169 755 2200 lustramentum,
780 2179 838 2203 quo
857 2179 918 2196 uva
935 2172 1054 2204 premi-

219 2214 274 2233 tur
293 2211 339 2234 vel
357 2211 452 2235 oliva.
489 2209 532 2235 III.
552 2210 617 2236 Gn.
643 2210 745 2245 Quodsi
765 2211 861 2247 regulis
882 2212 938 2238 olea
957 2223 1055 2249 prema-

220 2254 275 2281 tur,
299 2255 324 2276 et
346 2251 475 2287 praelum,
500 2257 526 2278 et
545 2252 675 2284 suculam,
696 2269 726 2273 —
748 2259 773 2280 et
791 2255 934 2286 trochleas.
960 2256 1054 2291 quibus

220 2292 350 2319 relevatur
368 2294 492 2330 praelum,
512 2295 637 2331 (parare.)
657 2296 685 2322 l‘r.
707 2298 746 2322 19.
766 2297 787 2330 §.
807 2301 829 2323 2.
850 2297 925 2324 locat.
946 2300 986 2324 19.
1005 2301 1029 2324 2.

258 2336 520 2364 Praenuature.
545 2338 657 2371 (Advb.)
682 2341 765 2365 Ante
784 2342 902 2366 iustum
923 2347 1053 2375 tempus.

220 2377 251 2404 11.
267 2379 333 2411 01).
354 2377 466 2404 Tardius
486 2382 587 2416 (petere
606 2383 667 2414 etc.)
687 2382 708 2415 9.
727 2382 805 2408 33.1.
828 2382 859 2408 de
879 2384 973 2409 action.
993 2386 1015 2410 4.
1030 2386 1054 2411 6.

219 2419 263 2446 111.
280 2421 345 2447 Gn.
369 2419 452 2446 Posse
475 2422 516 2447 vel
540 2433 569 2449 eo
594 2424 635 2450 die
654 2426 790 2461 pecuniam
809 2427 876 2462 peti,
902 2436 949 2452 nec
972 2426 1054 2453 videri

220 2464 409 2499 praematurius
429 2464 475 2499 agi.
499 2464 528 2490 fr.
550 2468 605 2492 118.
625 2468 689 2501 9.1.
711 2467 742 2494 de
762 2467 792 2494 V.
813 2468 845 2494 Ο.
866 2470 906 2495 45.
928 2471 950 2495 l.

257 2506 543 2533 Praematurus.
563 2508 689 2543 (Adiect.)
712 2512 977 2545 Intempestivus,
997 2515 1054 2539 Ac-

220 2550 389 2574 veteranus.
427 2548 469 2574 111.
490 2550 556 2576 Gn.
574 2549 737 2579 Praematura
757 2559 797 2580 est
816 2564 877 2591 spes
898 2554 1054 2587 collationis,

221 2600 278 2616 cum
298 2590 382 2616 adhuc
401 2592 471 2617 vivat
490 2592 512 2617 is
532 2597 580 2618 cte.
599 2592 628 2619 [r.
644 2595 665 2619 1.
685 2595 706 2628 §.
719 2597 760 2622 21.
781 2596 813 2622 de
833 2597 918 2623 collat.
940 2597 999 2624 bon.
1012 2600 1054 2625 37.

220 2634 244 2659 6.
275 2632 439 2660 Praematura
456 2635 624 2671 pecuniarum
636 2635 739 2665 solutio.
760 2638 790 2665 fr.
804 2641 844 2666 41.
864 2641 885 2674 9.
901 2642 922 2666 1.
944 2640 975 2667 de
989 2651 1056 2668 man.

220 2681 321 2702 testam.
345 2677 385 2702 40.
405 2678 428 2702 4.

259 2719 550 2746 Praemeclitari.
576 2721 819 2756 Praecogitare.
856 2725 899 2752 111.
914 2727 981 2753 Cn.
1000 2725 1054 2753 Sci-

221 2766 264 2788 ant
278 2762 373 2791 cuueti,
392 2761 621 2798 praemeditemur,
636 2767 694 2789 ante
706 2773 883 2801 praecaveant.
904 2768 953 2796 Th.
968 2768 998 2795 C.
1010 2769 1053 2796 lX.

220 2805 262 2831 37.
282 2814 304 2831 c.
322 2806 346 2831 3.
367 2804 399 2830 de
419 2804 507 2831 abolit.

1885 177 1946 207 745

1150 249 1415 278 Praemissere.
1453 253 1483 285 ξ.
1508 255 1542 280 1.
1571 255 1651 281 Ante
1674 257 1808 282 mittere.
1846 257 1863 283 l.
1884 259 1945 292 Sy.

1110 289 1213 318 Mittere
1232 292 1390 326 (custodes)
1410 293 1440 320 fr.
1461 297 1483 321 1.
1503 296 1540 330 99.
1554 298 1577 323 3.
1592 307 1650 334 sqq.
1670 297 1702 324 dc
1721 298 1795 335 adgn.
1816 305 1841 325 et
1860 300 1944 327 alend.

1109 334 1151 359 25.
1171 335 1195 360 3.
1217 350 1246 354 —
1266 335 1297 368 ᾗ.
1313 337 1347 361 2.
1368 338 1449 362 Ante
1467 341 1635 366 collocare.
1671 340 1714 367 111.
1730 343 1795 369 Cn·
1815 342 1945 377 Quoniam

1110 375 1189 402 multa
1203 392 1234 396 —-
1248 377 1297 403 sub
1317 377 1366 404 hoc
1387 378 1463 405 titulo
1483 379 1591 407 Praetor
1609 383 1727 415 inseruit,
1747 384 1806 410 ideo
1820 401 1852 404 —
1871 396 1943 422 prae-

1108 419 1186 445 misit.
1207 419 1236 445 sr.
1257 421 1280 446 1.
1300 419 1332 446 de
1351 420 1381 447 R.
1401 421 1431 448 C.
1454 424 1492 448 12.
1514 425 1536 449 1.
1573 423 1722 458 Videamus,
1744 443 1774 447 —
1794 433 1853 454 ante
1872 439 1944 465 prae-

1107 462 1188 487 misso
1208 466 1257 489 etc.
1277 462 1306 489 fr.
1327 465 1350 490 9.
1371 473 1409 501 pr.
1430 464 1462 491 dc
1481 466 1529 492 iur.
1550 472 1575 492 et
1594 467 1654 495 sacti
1673 470 1723 504 ign.
1742 472 1784 496 22.
1804 472 1827 496 6.

1145 505 1376 533 Praemium.
1415 509 1535 535 Merces
1553 512 1704 538 laborum.
1741 511 1758 538 1.
1777 514 1838 547 Sy.
1858 513 1943 549 Quae-

1107 551 1164 573 stus
1184 558 1270 579 causa‚
1288 548 1400 586 Propter
1417 552 1560 587 praemium
1577 553 1696 589 (prodire
1710 555 1734 580 in
1748 565 1866 582 scaenam
1881 558 1942 588 etc.)

1107 589 1137 615 fr.
1159 591 1181 616 1.
1200 601 1238 627 pr.
1259 590 1289 617 fr.
1308 593 1332 618 2.
1352 592 1374 625 9.
1393 594 1416 618 5.
1437 592 1467 619 Γπ.
1486 595 1510 619 3.
1531 604 1570 630 sq.
1591 595 1622 621 de
1642 596 1665 622 h.
1686 607 1728 633 qu.
1749 604 1802 626 not.
1821 599 1866 626 ins.
1879 601 1902 626 3.
1916 602 1940 626 2.

1106 631 1148 658 Ill.
1169 634 1234 660 011.
1264 634 1350 669 Quive
1374 635 1407 661 ob
1433 641 1509 673 caput
1528 638 1593 663 civis
1612 637 1642 664 R.
1662 640 1837 672 referendum,
1866 653 1943 679 pecu-

1106 676 1182 707 niam,
1202 677 1357 712 praemiutn,
1376 677 1479 705 aliudve
1499 679 1562 716 quid
1581 682 1663 717 cepit,
1683 685 1789 719 ceperit.
1809 684 1873 711 Tab.
1894 685 1942 712 He-

1106 717 1167 744 racl.
1187 718 1231 744 lin.
1245 720 1285 745 48.
1300 729 1349 745 acr.
1363 720 1445 758 Neap.
1483 722 1536 757 Qui
1555 733 1607 749 non
1626 726 1733 760 praemii
1753 728 1941 764 consequendi,

1106 761 1167 787 item
1195 771 1285 788 eorum
1308 763 1352 798 qui
1380 763 1525 791 ulciscendi
1552 767 1632 801 gratia
1661 766 1837 796 adversarium
1865 781 1940 797 suum

1083 830 1085 841 ⁴
1107 803 1234 831 deserunt.
1261 804 1292 830 fr.
1311 807 1335 831 2.
1356 816 1393 842 pr.
1413 807 1444 833 cf.
1474 807 1504 834 sr.
1525 809 1564 834 15.
1594 809 1630 842 99.
1653 811 1675 836 1.
1694 812 1718 836 3.
1743 811 1774 837 de
1797 813 1852 839 iure
1874 814 1940 841 fisci.

1106 848 1146 872 49.
1168 848 1206 872 14.
1245 847 1288 873 Ob
1312 848 1436 876 indicium
1460 850 1698 887 comprehendendi
1717 853 1781 880 furis
1800 857 1941 891 praemium

1106 890 1272 925 promissum.
1292 890 1363 918 Paul.
1380 892 1409 918 11.
1422 894 1463 919 31,
1483 894 1504 927 9.
1518 896 1559 921 24.
1596 894 1740 922 Commoda
1759 900 1941 934 praemiorum,

1107 941 1172 967 quae
1190 938 1299 969 propter
1318 944 1427 961 coronas
1447 945 1534 963 sacras
1553 943 1725 974 praestantur.
1753 940 1783 966 l'r.
1803 943 1843 968 40.
1864 942 1895 968 de
1913 953 1941 969 re

1105 973 1158 1000 iud.
1178 976 1219 1001 42.
1241 977 1262 1001 1.
1284 986 1304 1002 c.
1318 978 1341 1002 5.
1362 977 1413 1013 Qu.
1432 988 1475 1004 res
1494 980 1562 1016 pigo.
1583 984 1606 1007 ὅ,
1627 983 1666 1008 17.
1704 981 1890 1011 possessiones
1909 996 1941 1013 ex

1105 1022 1245 1054 praecepto
1260 1017 1400 1056 Principali
1414 1036 1445 1040 —
1460 1024 1589 1049 veteranis
1609 1024 1634 1050 in
1653 1027 1766 1061 praemia
1784 1027 1940 1063 adsignatae.

1105 1059 1134 1085 fr.
1156 1061 1196 1086 11.
1216 1070 1248 1097 pr
1275 1060 1307 1087 de
1326 1063 1447 1089 eviction.
1466 1065 1507 1090 21.
1527 1067 1550 1091 2.
1571 1066 1602 1092 cs.
1622 1066 1652 1092 sr.
1670 1069 1711 1094 26.
1732 1069 1753 1102 9.
1774 1071 1795 1096 1.
1815 1070 1848 1097 de
1866 1071 1940 1099 milit.

1106 1107 1207 1129 testam.
1221 1104 1261 1129 29.
1284 1105 1305 1131 l.
1342 1104 1479 1142 Proprium
1499 1110 1640 1143 praemium
1660 1111 1829 1139 immunitatis
1849 1114 1941 1151 (patri-

1104 1145 1154 1171 bus
1173 1145 1282 1179 datum.)
1307 1147 1336 1174 fr.
1357 1150 1380 1175 3.
1406 1149 1428 1182 9
1449 1150 1472 1175 6.
1497 1149 1529 1175 de
1553 1161 1621 1178 mun.
1641 1157 1667 1178 et
1685 1153 1746 1179 hon.
1765 1156 1806 1181 50.
1826 1158 1850 1182 4.
1886 1156 1940 1183 Pri-

1104 1187 1196 1224 vilegia
1217 1194 1242 1215 et
1262 1192 1373 1226 praemia
1393 1193 1589 1229 (exspectare.)
1609 1193 1658 1220 Th.
1679 1195 1709 1222 C.
1730 1195 1795 1224 Vlll.
1815 1201 1838 1224 4.
1858 1209 1879 1225 c.
1898 1201 1939 1226 28.

1104 1230 1136 1257 de
1156 1231 1281 1259 cohortal.
1319 1233 1359 1260 Ne
1378 1236 1437 1271 quis
1456 1235 1510 1262 doli
1529 1237 1570 1262 sui
1589 1239 1730 1274 praemium
1753 1239 1825 1266 serat.
1848 1241 1877 1268 fr.
1897 1244 1939 1269 31.

1105 1273 1136 1300 de
1156 1284 1206 1300 rec.
1227 1285 1268 1311 qu.
1289 1276 1341 1303 arb.
1362 1279 1385 1303 4.
1404 1279 1428 1304 8.
1449 1278 1481 1304 cf.
1502 1278 1530 1305 fr.
1551 1281 1591 1305 14.
1611 1281 1632 1313 §.
1647 1283 1671 1307 5.
1692 1281 1743 1316 Qu.
1762 1288 1821 1309 met.
1842 1295 1862 1310 c.
1878 1287 1901 1311 4.
1914 1288 1940 1313 2.

1140 1318 1410 1347 Praemonere.
1452 1323 1533 1348 Ante
1556 1325 1765 1357 denunciare,
1790 1329 1838 1352 vet
1860 1338 1940 1354 com-

1104 1362 1314 1396 monefacere.
1349 1361 1368 1388 I.
1388 1364 1450 1398 Sy.
1470 1363 1630 1391 Praedicere.
1651 1366 1693 1393 Cf.
1712 1366 1735 1393 h.
1756 1377 1780 1393 v.
1800 1369 1858 1402 9.1.
1897 1370 1939 1397 111.

1104 1404 1169 1430 Cn.
1196 1403 1317 1441 Repetite
1344 1406 1554 1443 promulgatione
1584 1424 1614 1428 —
1643 1411 1852 1445 praemonendos
1881 1423 1940 1439 esse

1103 1455 1247 1472 censemus
1267 1458 1288 1473 c.
1308 1449 1348 1474 41.
1368 1448 1400 1474 de
1419 1450 1499 1486 episc.
1519 1455 1544 1476 et
1563 1450 1624 1477 cler.
1645 1454 1667 1478 l.
1686 1454 1710 1479 3.
1731 1453 1779 1480 Th.
1795 1454 1825 1481 C.
1839 1455 1883 1482 IX.
1898 1458 1940 1484 45.

1103 1498 1123 1515 c.
1143 1491 1166 1515 4.
1186 1490 1207 1522 9.
1227 1491 1251 1515 3.
1271 1489 1303 1516 de
1322 1490 1346 1516 h.
1368 1501 1410 1527 qu.
1430 1491 1462 1518 ad
1481 1492 1545 1519 eccl.

1140 1533 1405 1561 Praemunire.
1441 1537 1647 1562 Praecavere.
1684 1537 1727 1564 111.
1747 1540 1812 1566 Gn.
1836 1539 1872 1566 Vt
1891 1543 1940 1567 sei-

1102 1579 1160 1600 rent
1179 1576 1257 1605 cives,
1273 1591 1302 1595 —
1317 1585 1398 1612 seque
1415 1579 1618 1614 praemunirent,
1637 1579 1733 1611 (edicta
1748 1584 1939 1619 proponebant,

1102 1627 1138 1643 sc.
1158 1618 1344 1653 magistratus.)
1369 1619 1398 1645 sr.
1417 1622 1441 1646 2.
1462 1620 1544 1653 910.
1565 1621 1597 1647 de
1617 1621 1650 1648 O.
1670 1622 1688 1649 I.
1709 1625 1732 1650 1.
1751 1626 1775 1650 2.

1139 1661 1392 1688 Praenonlen·
1412 1664 1610 1696 Adpellatffl,
1632 1675 1710 1699 quae
1728 1670 1851 1694 nomini
1866 1679 1939 1702 geu-

1102 1705 1213 1729 tz'licio
1235 1706 1465 1737 praeponitur.
1502 1704 1545 1731 III.
1565 1708 1630 1734 Cn.
1653 1708 1803 1746 Eorumque
1826 1713 1939 1745 nomina,

1102 1747 1278 1782 praenomina,
1297 1751 1393 1782 patres,
1414 1752 1456 1772 aut
1475 1752 1609 1784 patronos,
1628 1750 1721 1783 tribus,
1741 1755 1893 1789 cognomina
1906 1771 1938 1776 —

1102 1788 1132 1814 ab
1158 1789 1189 1814 iis
1215 1789 1305 1814 iuratis
1330 1790 1448 1825 accipito.
1481 1789 1545 1817 Tab.
1570 1791 1671 1819 Heracl.
1695 1793 1740 1820 lin.
1766 1797 1804 1821 72.
1824 1806 1862 1833 sq.
1887 1807 1938 1824 aer.

1102 1830 1183 1867 Neap.
1220 1830 1330 1863 Nomen,
1350 1836 1376 1857 et
1394 1841 1524 1868 praenom.
1545 1838 1571 1860 et
1586 1845 1729 1871 cognomen
1748 1837 1853 1870 (dicere
1872 1840 1938 1873 etc.)

1102 1873 1131 1900 fr.
1152 1875 1174 1899 l.
1196 1872 1228 1900 de
1250 1873 1295 1900 lib.
1322 1879 1347 1900 et
1370 1874 1457 1911 posth.
1477 1876 1518 1902 28.
1537 1878 1561 1903 2.
1583 1878 1613 1904 cf.
1639 1888 1660 1904 c.
1681 1881 1703 1905 l.
1727 1879 1759 1906 de
1783 1886 1844 1908 mut.
1869 1893 1936 1910 nom.

1101 1918 1126 1943 9.
1144 1919 1185 1943 25.

1138 1960 1441 1993 Praeoccupare.
1483 1964 1704 1996 Antevertere,
1733 1967 1935 1994 Praevenire.

1100 2001 1143 2028 III.
1163 2003 1229 2029 Cn.
1256 2002 1433 2040 Praeoccupat
1457 2004 1498 2031 hic
1523 2015 1599 2032 casus
1624 2012 1747 2040 mortem,
1772 2013 1797 2034 et
1819 2019 1936 2036 nonnun-

1102 2055 1177 2081 quam
1198 2044 1301 2081 longum
1321 2051 1422 2083 tempus
1442 2054 1559 2085 occupat.
1579 2049 1609 2075 sr.
1628 2051 1670 2076 29.
1691 2050 1722 2077 de
1741 2061 1816 2087 poen.
1836 2054 1877 2078 45.
1896 2055 1934 2079 19.

1100 2087 1142 2119 Si,
1167 2088 1215 2114 sub
1241 2085 1390 2115 conditione
1410 2089 1469 2116 dato
1490 2090 1591 2127 legato,
1611 2092 1686 2119 heres
1705 2097 1936 2130 praeoccupaverit

1100 2135 1125 2156 et
1149 2132 1264 2166 exegerit
1288 2131 1411 2158 debitum.
1441 2133 1471 2159 fr.
1490 2136 1530 2160 21.
1556 2135 1576 2168 9.
1596 2136 1620 2161 2.
1645 2135 1677 2161 de
1700 2135 1800 2162 liberat.
1825 2137 1873 2174 leg.
1891 2140 1934 2165 34.

1099 2175 1123 2200 3.
1161 2173 1228 2200 Cum
1248 2174 1269 2199 is
1290 2190 1320 2194 —
1340 2184 1392 2200 non
1415 2177 1501 2212 possit
1524 2177 1606 2203 videri
1631 2177 1729 2203 celatus
1753 2183 1779 2204 et
1798 2189 1934 2216 praeoccu-

1099 2221 1184 2253 patus,
1204 2221 1340 2253 antequam
1361 2221 1564 2245 controversiam
1583 2220 1686 2246 faceret.
1706 2220 1735 2247 fr.
1756 2223 1778 2248 7.
1798 2223 1819 2256 9.
1837 2225 1861 2249 2.
1881 2224 1932 2259 Qu.

1099 2261 1125 2285 vi
1145 2264 1187 2285 aut
1207 2259 1238 2285 cl.
1258 2262 1298 2286 43.
1318 2262 1359 2286 24.
1396 2260 1497 2288 Partem
1524 2263 1720 2290 coniunctorum
1739 2264 1790 2291 sibi
1808 2265 1932 2292 heredum

1100 2304 1175 2339 quasi
1194 2312 1266 2328 suam
1285 2309 1482 2341 praeoccupant.
1512 2315 1532 2330 c.
1554 2307 1575 2331 1.
1605 2306 1626 2339 9.
1648 2308 1686 2332 10.
1711 2306 1742 2333 de
1770 2307 1857 2334 caduc.
1875 2308 1931 2335 toll.

1098 2347 1122 2372 6.
1141 2348 1182 2372 51.

1139 2389 1387 2421 Praeoptare.
1436 2391 1545 2423 Magis
1581 2397 1712 2425 aptare,
1749 2394 1929 2428 Praeferre.

1098 2430 1140 2457 111.
1161 2432 1226 2458 Cn·
1255 2430 1358 2465 Quodsi
1383 2430 1492 2457 feminae
1516 2432 1610 2459 tutelas
1630 2434 1782 2470 refugerint,
1811 2440 1836 2461 et
1859 2446 1931 2472 prae—

1099 2475 1247 2511 optaverint
1270 2474 1381 2509 nuptias.
1408 2473 1457 2500 Th.
1478 2474 1508 2501 C.
1528 2475 1570 2502 111.
1591 2478 1630 2502 17.
1654 2487 1673 2502 c.
1693 2479 1716 2502 4.
1741 2477 1762 2510 9,
1783 2478 1806 2502 4.
1831 2477 1863 2503 de
1881 2483 1929 2506 tut.

1099 2521 1123 2542 et
1143 2526 1196 2542 cur.
1217 2515 1318 2541 creand.

1136 2560 1387 2590 Praeparare.
1416 2560 1446 2592 §.
1461 2561 1495 2586 1.
1514 2562 1643 2586 Parare.
1680 2560 1722 2586 ΙΙΙ.
1735 2562 1799 2589 Cn.
1819 2562 1930 2591 Coemta

1098 2617 1130 2621 —
1149 2602 1207 2626 usui
1227 2610 1318 2626 cursus
1338 2601 1456 2628 animalia
1470 2618 1500 2621 -
1520 2612 1606 2639 praep.
1626 2602 1716 2629 leI.
1730 2606 1770 2630 29.
1791 2615 1811 2632 c.
1826 2607 1849 2632 9.
1868 2607 1890 2640 §.
1905 2609 1927 2634 1.

1099 2643 1130 2670 de
1156 2644 1250 2669 curios.
1293 2643 1346 2678 Qui
1374 2644 1543 2681 praeparandi
1569 2646 1648 2680 gratia
1675 2644 1707 2671 ad
1733 2650 1928 2682 possessionem

1098 2686 1205 2712 venerit.
1237 2685 1273 2711 lb.
1299 2685 1355 2713 Vll.
1376 2689 1399 2714 8.
1428 2697 1448 2713 c.
1470 2689 1507 2712 10.
1532 2687 1554 2720 9.
1575 2688 1595 2713 l.
1621 2686 1653 2713 de
1676 2693 1760 2715 metat.
1802 2690 1829 2717 In
1853 2702 1928 2718 exco-

1099 2729 1185 2755 ctione
1208 2728 1360 2760 buccellati,
1388 2729 1459 2766 quod
1478 2745 1509 2748 —
1533 2728 1660 2756 militibus
1683 2733 1805 2759 convenit
1822 2743 1928 2771 praepa-

1100 2771 1159 2797 rari.
1190 2770 1226 2797 lb.
1247 2770 1302 2798 Vll.
1321 2773 1344 2798 5.
1367 2782 1386 2798 c.
1407 2774 1430 2798 2.
1451 2771 1482 2797 de
1501 2777 1599 2798 excoct.
1620 2777 1645 2798 et
1663 2774 1752 2800 transl.
1781 2789 1812 2794 —
1842 2777 1873 2809 ἓ.
1891 2778 1926 2803 2.

1100 2816 1278 2846 Instruere,
1304 2816 1487 2849 Auapicarz'.
1529 2814 1547 2840 1.
1567 2815 1628 2849 Sy·
1654 2815 1792 2844 Instituere
1815 2818 1924 2851 (litem.)

1458 2858 1491 2883 94
