<?xml version="1.0" encoding="UTF-8"?>
<!DOCTYPE html PUBLIC "-//W3C//DTD XHTML 1.0 Transitional//EN"
    "http://www.w3.org/TR/xhtml1/DTD/xhtml1-transitional.dtd">
<html xmlns="http://www.w3.org/1999/xhtml" xml:lang="en" lang="en">
 <head>
  <title>
</title>
<meta http-equiv="Content-Type" content="text/html;charset=utf-8" />
  <meta name='ocr-system' content='tesseract 3.04.00' />
  <meta name='ocr-capabilities' content='ocr_page ocr_carea ocr_par ocr_line ocrx_word'/>
</head>
<body>
  <div class='ocr_page' id='page_1' title='image "./manualelatinitat00dirk_0980.png"; bbox 0 0 2197 3121; ppageno 0'>
   <div class='ocr_carea' id='block_1_1' title="bbox 240 180 305 212">
    <p class='ocr_par' dir='ltr' id='par_1_1' title="bbox 240 180 305 212">
     <span class='ocr_line' id='line_1_1' title="bbox 240 180 305 212; baseline -0.031 0"><span class='ocrx_word' id='word_1_1' title='bbox 240 180 305 212; x_wconf 84' lang='lat'>966</span> 
     </span>
    </p>
   </div>
   <div class='ocr_carea' id='block_1_2' title="bbox 242 254 1120 1069">
    <p class='ocr_par' dir='ltr' id='par_1_2' title="bbox 242 254 1086 297">
     <span class='ocr_line' id='line_1_2' title="bbox 242 254 1086 297; baseline -0.011 -8"><span class='ocrx_word' id='word_1_2' title='bbox 242 261 306 289; x_wconf 87' lang='lat' dir='ltr'>eccl.</span> <span class='ocrx_word' id='word_1_3' title='bbox 335 260 364 288; x_wconf 83' lang='lat' dir='ltr'>Si</span> <span class='ocrx_word' id='word_1_4' title='bbox 385 261 444 297; x_wconf 78' lang='lat' dir='ltr'>quis</span> <span class='ocrx_word' id='word_1_5' title='bbox 463 259 586 286; x_wconf 78' lang='lat' dir='ltr'>utendam</span> <span class='ocrx_word' id='word_1_6' title='bbox 607 269 660 285; x_wconf 86' lang='lat' dir='ltr'>rem</span> <span class='ocrx_word' id='word_1_7' title='bbox 674 258 813 295; x_wconf 86' lang='lat' dir='ltr'>acceperit,</span> <span class='ocrx_word' id='word_1_8' title='bbox 833 265 941 292; x_wconf 77' lang='lat' dir='ltr'>eamque</span> <span class='ocrx_word' id='word_1_9' title='bbox 962 256 987 282; x_wconf 95' lang='lat' dir='ltr'>in</span> <span class='ocrx_word' id='word_1_10' title='bbox 1007 254 1086 281; x_wconf 87' lang='lat' dir='ltr'>alium</span> 
     </span>
    </p>

    <p class='ocr_par' dir='ltr' id='par_1_3' title="bbox 243 297 1086 332">
     <span class='ocr_line' id='line_1_3' title="bbox 243 297 1086 332; baseline -0.011 0"><span class='ocrx_word' id='word_1_11' title='bbox 243 315 319 332; x_wconf 91' lang='lat' dir='ltr'>usum</span> <span class='ocrx_word' id='word_1_12' title='bbox 342 303 514 331; x_wconf 77' lang='lat' dir='ltr'>transtulerit.</span> <span class='ocrx_word' id='word_1_13' title='bbox 541 303 598 329; x_wconf 81' lang='lat' dir='ltr'>Gai.</span> <span class='ocrx_word' id='word_1_14' title='bbox 618 302 659 328; x_wconf 92' lang='lat'>111.</span> <span class='ocrx_word' id='word_1_15' title='bbox 683 302 738 328; x_wconf 84' lang='grc'>196.</span> <span class='ocrx_word' id='word_1_16' title='bbox 759 300 791 327; x_wconf 92' lang='lat' dir='ltr'>cf.</span> <span class='ocrx_word' id='word_1_17' title='bbox 818 299 847 327; x_wconf 90' lang='lat' dir='ltr'>fr.</span> <span class='ocrx_word' id='word_1_18' title='bbox 867 300 926 326; x_wconf 76' lang='lat'>206.</span> <span class='ocrx_word' id='word_1_19' title='bbox 955 298 986 325; x_wconf 89' lang='lat' dir='ltr'>de</span> <span class='ocrx_word' id='word_1_20' title='bbox 1006 297 1038 324; x_wconf 68' lang='grc' dir='ltr'>Υ.</span> <span class='ocrx_word' id='word_1_21' title='bbox 1059 297 1086 323; x_wconf 91' lang='lat' dir='ltr'>S.</span> 
     </span>
    </p>

    <p class='ocr_par' dir='ltr' id='par_1_4' title="bbox 243 335 1120 1069">
     <span class='ocr_line' id='line_1_4' title="bbox 243 335 1110 380; baseline -0.01 -5"><span class='ocrx_word' id='word_1_22' title='bbox 243 350 286 375; x_wconf 87' lang='lat'>50.</span> <span class='ocrx_word' id='word_1_23' title='bbox 308 349 346 374; x_wconf 86' lang='lat'>16.</span> <span class='ocrx_word' id='word_1_24' title='bbox 384 347 412 373; x_wconf 91' lang='lat' dir='ltr'>In</span> <span class='ocrx_word' id='word_1_25' title='bbox 432 346 500 372; x_wconf 87' lang='lat' dir='ltr'>aliud</span> <span class='ocrx_word' id='word_1_26' title='bbox 521 355 630 375; x_wconf 83' lang='lat' dir='ltr'>nomeu,</span> <span class='ocrx_word' id='word_1_27' title='bbox 651 344 783 380; x_wconf 86' lang='lat' dir='ltr'>aliumque</span> <span class='ocrx_word' id='word_1_28' title='bbox 803 347 899 369; x_wconf 80' lang='lat' dir='ltr'>statum</span> <span class='ocrx_word' id='word_1_29' title='bbox 919 341 1088 376; x_wconf 72' lang='lat' dir='ltr'>obligationis</span> <span class='ocrx_word' id='word_1_30' title='bbox 1108 335 1110 340; x_wconf 54' lang='lat'><strong>¹</strong></span> 
     </span>
     <span class='ocr_line' id='line_1_5' title="bbox 246 383 1112 418; baseline -0.012 0"><span class='ocrx_word' id='word_1_31' title='bbox 246 390 390 418; x_wconf 79' lang='lat' dir='ltr'>transferri.</span> <span class='ocrx_word' id='word_1_32' title='bbox 410 390 439 416; x_wconf 77' lang='lat' dir='ltr'>fr,</span> <span class='ocrx_word' id='word_1_33' title='bbox 462 391 500 415; x_wconf 93' lang='lat'>17.</span> <span class='ocrx_word' id='word_1_34' title='bbox 521 388 552 415; x_wconf 84' lang='lat' dir='ltr'>de</span> <span class='ocrx_word' id='word_1_35' title='bbox 573 387 648 414; x_wconf 85' lang='lat' dir='ltr'>cond.</span> <span class='ocrx_word' id='word_1_36' title='bbox 670 387 729 413; x_wconf 83' lang='lat' dir='ltr'>furt.</span> <span class='ocrx_word' id='word_1_37' title='bbox 751 388 828 413; x_wconf 88' lang='lat'>13.1.</span> <span class='ocrx_word' id='word_1_38' title='bbox 847 386 879 412; x_wconf 90' lang='lat' dir='ltr'>cf.</span> <span class='ocrx_word' id='word_1_39' title='bbox 900 384 957 411; x_wconf 86' lang='lat' dir='ltr'>Gai.</span> <span class='ocrx_word' id='word_1_40' title='bbox 973 383 1015 410; x_wconf 91' lang='lat'>111.</span> <span class='ocrx_word' id='word_1_41' title='bbox 1032 384 1088 409; x_wconf 85' lang='lat'>176.</span> <span class='ocrx_word' id='word_1_42' title='bbox 1110 399 1112 416; x_wconf 31' lang='lat' dir='ltr'>Q</span> 
     </span>
     <span class='ocr_line' id='line_1_6' title="bbox 246 418 1113 470; baseline -0.012 -9"><span class='ocrx_word' id='word_1_43' title='bbox 246 434 275 461; x_wconf 89' lang='lat' dir='ltr'>In</span> <span class='ocrx_word' id='word_1_44' title='bbox 300 443 417 470; x_wconf 81' lang='lat' dir='ltr'>graecum</span> <span class='ocrx_word' id='word_1_45' title='bbox 442 442 590 458; x_wconf 82' lang='lat' dir='ltr'>sermonem</span> <span class='ocrx_word' id='word_1_46' title='bbox 613 430 703 457; x_wconf 87' lang='lat' dir='ltr'>transf.</span> <span class='ocrx_word' id='word_1_47' title='bbox 730 432 796 466; x_wconf 86' lang='lat' dir='ltr'>(per</span> <span class='ocrx_word' id='word_1_48' title='bbox 820 426 1089 465; x_wconf 68' lang='lat' dir='ltr'>interpretationem.)</span> <span class='ocrx_word' id='word_1_49' title='bbox 1110 418 1113 463; x_wconf 41' lang='grc' dir='ltr'>ἶ</span> 
     </span>
     <span class='ocr_line' id='line_1_7' title="bbox 246 469 1090 511; baseline -0.011 -7"><span class='ocrx_word' id='word_1_50' title='bbox 246 477 284 504; x_wconf 88' lang='lat' dir='ltr'>Id.</span> <span class='ocrx_word' id='word_1_51' title='bbox 303 476 345 503; x_wconf 90' lang='lat'>111.</span> <span class='ocrx_word' id='word_1_52' title='bbox 360 477 400 502; x_wconf 85' lang='lat'>93.</span> <span class='ocrx_word' id='word_1_53' title='bbox 428 474 480 506; x_wconf 77' lang='lat' dir='ltr'>lus.</span> <span class='ocrx_word' id='word_1_54' title='bbox 501 473 572 511; x_wconf 86' lang='lat' dir='ltr'>quod</span> <span class='ocrx_word' id='word_1_55' title='bbox 592 475 648 510; x_wconf 87' lang='lat' dir='ltr'>ipse</span> <span class='ocrx_word' id='word_1_56' title='bbox 668 483 699 500; x_wconf 86' lang='lat' dir='ltr'>ex</span> <span class='ocrx_word' id='word_1_57' title='bbox 720 477 808 498; x_wconf 78' lang='lat' dir='ltr'>vetere</span> <span class='ocrx_word' id='word_1_58' title='bbox 827 473 882 498; x_wconf 88' lang='lat' dir='ltr'>iure</span> <span class='ocrx_word' id='word_1_59' title='bbox 902 472 929 496; x_wconf 90' lang='lat' dir='ltr'>in</span> <span class='ocrx_word' id='word_1_60' title='bbox 942 470 991 496; x_wconf 86' lang='lat' dir='ltr'>XII</span> <span class='ocrx_word' id='word_1_61' title='bbox 1005 469 1090 496; x_wconf 78' lang='lat' dir='ltr'>Tabb.</span> 
     </span>
     <span class='ocr_line' id='line_1_8' title="bbox 247 513 1091 551; baseline -0.011 -4"><span class='ocrx_word' id='word_1_62' title='bbox 247 519 424 547; x_wconf 72' lang='lat' dir='ltr'>transtulerat.</span> <span class='ocrx_word' id='word_1_63' title='bbox 449 517 479 544; x_wconf 82' lang='lat' dir='ltr'>fr.</span> <span class='ocrx_word' id='word_1_64' title='bbox 497 520 522 544; x_wconf 69' lang='lat'>2.</span> <span class='ocrx_word' id='word_1_65' title='bbox 543 518 564 551; x_wconf 87' lang='lat'>5</span> <span class='ocrx_word' id='word_1_66' title='bbox 584 519 625 543; x_wconf 66' lang='lat'>24.</span> <span class='ocrx_word' id='word_1_67' title='bbox 647 516 679 542; x_wconf 86' lang='lat' dir='ltr'>de</span> <span class='ocrx_word' id='word_1_68' title='bbox 699 516 732 542; x_wconf 91' lang='grc' dir='ltr'>Ο.</span> <span class='ocrx_word' id='word_1_69' title='bbox 751 515 770 542; x_wconf 94' lang='lat'>1.</span> <span class='ocrx_word' id='word_1_70' title='bbox 793 517 814 542; x_wconf 96' lang='lat'>1.</span> <span class='ocrx_word' id='word_1_71' title='bbox 834 518 858 541; x_wconf 74' lang='lat'>2.</span> <span class='ocrx_word' id='word_1_72' title='bbox 897 513 1005 544; x_wconf 77' lang='lat' dir='ltr'>Omnia,</span> <span class='ocrx_word' id='word_1_73' title='bbox 1025 522 1091 549; x_wconf 85' lang='lat' dir='ltr'>quae</span> 
     </span>
     <span class='ocr_line' id='line_1_9' title="bbox 247 556 1114 591; baseline -0.009 -2"><span class='ocrx_word' id='word_1_74' title='bbox 247 563 280 590; x_wconf 88' lang='lat' dir='ltr'>de</span> <span class='ocrx_word' id='word_1_75' title='bbox 300 562 340 588; x_wconf 88' lang='lat' dir='ltr'>his</span> <span class='ocrx_word' id='word_1_76' title='bbox 360 561 429 588; x_wconf 87' lang='lat' dir='ltr'>dicta</span> <span class='ocrx_word' id='word_1_77' title='bbox 448 566 522 591; x_wconf 79' lang='lat' dir='ltr'>sunt,</span> <span class='ocrx_word' id='word_1_78' title='bbox 547 565 573 586; x_wconf 91' lang='lat' dir='ltr'>et</span> <span class='ocrx_word' id='word_1_79' title='bbox 596 559 628 586; x_wconf 80' lang='lat' dir='ltr'>ad</span> <span class='ocrx_word' id='word_1_80' title='bbox 648 559 696 585; x_wconf 90' lang='lat' dir='ltr'>hos</span> <span class='ocrx_word' id='word_1_81' title='bbox 715 557 858 585; x_wconf 79' lang='lat' dir='ltr'>transferre</span> <span class='ocrx_word' id='word_1_82' title='bbox 877 556 974 583; x_wconf 63' lang='lat' dir='ltr'>licebit.</span> <span class='ocrx_word' id='word_1_83' title='bbox 999 556 1029 582; x_wconf 88' lang='lat' dir='ltr'>fr.</span> <span class='ocrx_word' id='word_1_84' title='bbox 1048 556 1092 581; x_wconf 73' lang='lat'>20.</span> <span class='ocrx_word' id='word_1_85' title='bbox 1113 578 1114 589; x_wconf 52' lang='grc'>,</span> 
     </span>
     <span class='ocr_line' id='line_1_10' title="bbox 249 598 1115 636; baseline -0.009 -4"><span class='ocrx_word' id='word_1_86' title='bbox 249 605 282 633; x_wconf 85' lang='lat' dir='ltr'>de</span> <span class='ocrx_word' id='word_1_87' title='bbox 301 603 376 631; x_wconf 87' lang='lat' dir='ltr'>cond.</span> <span class='ocrx_word' id='word_1_88' title='bbox 397 603 483 630; x_wconf 85' lang='lat' dir='ltr'>indeb.</span> <span class='ocrx_word' id='word_1_89' title='bbox 506 606 544 630; x_wconf 75' lang='lat'>12.</span> <span class='ocrx_word' id='word_1_90' title='bbox 563 604 587 629; x_wconf 87' lang='grc'>6.</span> <span class='ocrx_word' id='word_1_91' title='bbox 608 602 638 629; x_wconf 90' lang='lat' dir='ltr'>fr.</span> <span class='ocrx_word' id='word_1_92' title='bbox 651 604 694 628; x_wconf 73' lang='lat'>38.</span> <span class='ocrx_word' id='word_1_93' title='bbox 713 602 735 636; x_wconf 86' lang='lat'>5.</span> <span class='ocrx_word' id='word_1_94' title='bbox 755 605 778 628; x_wconf 70' lang='grc' dir='ltr'>ὅ.</span> <span class='ocrx_word' id='word_1_95' title='bbox 799 600 831 627; x_wconf 82' lang='lat' dir='ltr'>de</span> <span class='ocrx_word' id='word_1_96' title='bbox 850 600 937 626; x_wconf 84' lang='lat' dir='ltr'>Aedil.</span> <span class='ocrx_word' id='word_1_97' title='bbox 958 599 1036 626; x_wconf 83' lang='lat' dir='ltr'>edict.</span> <span class='ocrx_word' id='word_1_98' title='bbox 1049 600 1091 624; x_wconf 83' lang='lat'>21.</span> <span class='ocrx_word' id='word_1_99' title='bbox 1113 598 1115 609; x_wconf 64' lang='lat'><em>¹</em></span> 
     </span>
     <span class='ocr_line' id='line_1_11' title="bbox 250 643 1116 679; baseline -0.008 -5"><span class='ocrx_word' id='word_1_100' title='bbox 250 651 272 675; x_wconf 95' lang='lat'>1.</span> <span class='ocrx_word' id='word_1_101' title='bbox 293 647 350 674; x_wconf 75' lang='lat' dir='ltr'>Gai.</span> <span class='ocrx_word' id='word_1_102' title='bbox 361 646 518 673; x_wconf 58' lang='grc'>111206-</span> <span class='ocrx_word' id='word_1_103' title='bbox 539 646 570 679; x_wconf 71' lang='lat'>§-</span> <span class='ocrx_word' id='word_1_104' title='bbox 582 647 620 672; x_wconf 79' lang='lat'>3.</span> <span class='ocrx_word' id='word_1_105' title='bbox 644 646 883 672; x_wconf 77' lang='lat' dir='ltr'>Transmittere</span> <span class='ocrx_word' id='word_1_106' title='bbox 904 645 948 674; x_wconf 84' lang='lat' dir='ltr'>(in</span> <span class='ocrx_word' id='word_1_107' title='bbox 968 643 1090 671; x_wconf 79' lang='lat' dir='ltr'>alium.)</span> <span class='ocrx_word' id='word_1_108' title='bbox 1115 666 1116 678; x_wconf 18' lang='grc' dir='ltr'><strong>χ</strong></span> 
     </span>
     <span class='ocr_line' id='line_1_12' title="bbox 251 684 1092 723; baseline -0.01 -5"><span class='ocrx_word' id='word_1_109' title='bbox 251 692 491 719; x_wconf 70' lang='lat' dir='ltr'>Transrribere.</span> <span class='ocrx_word' id='word_1_110' title='bbox 529 688 547 715; x_wconf 97' lang='lat' dir='ltr'>l.</span> <span class='ocrx_word' id='word_1_111' title='bbox 562 690 624 723; x_wconf 78' lang='lat' dir='ltr'>Sy.</span> <span class='ocrx_word' id='word_1_112' title='bbox 643 687 854 714; x_wconf 79' lang='lat' dir='ltr'>Translationem</span> <span class='ocrx_word' id='word_1_113' title='bbox 875 686 959 712; x_wconf 84' lang='lat' dir='ltr'>facere</span> <span class='ocrx_word' id='word_1_114' title='bbox 979 684 1092 721; x_wconf 81' lang='lat' dir='ltr'>(legati.)</span> 
     </span>
     <span class='ocr_line' id='line_1_13' title="bbox 249 718 1116 768; baseline -0.01 -7"><span class='ocrx_word' id='word_1_115' title='bbox 249 733 405 761; x_wconf 87' lang='lat' dir='ltr'>Transferre</span> <span class='ocrx_word' id='word_1_116' title='bbox 426 732 582 768; x_wconf 77' lang='lat' dir='ltr'>(legatum.)</span> <span class='ocrx_word' id='word_1_117' title='bbox 604 731 633 758; x_wconf 85' lang='lat' dir='ltr'>fr.</span> <span class='ocrx_word' id='word_1_118' title='bbox 655 733 678 757; x_wconf 82' lang='lat'>3.</span> <span class='ocrx_word' id='word_1_119' title='bbox 699 740 737 768; x_wconf 85' lang='lat' dir='ltr'>pr.</span> <span class='ocrx_word' id='word_1_120' title='bbox 758 729 788 756; x_wconf 92' lang='lat' dir='ltr'>fr.</span> <span class='ocrx_word' id='word_1_121' title='bbox 809 731 832 756; x_wconf 85' lang='lat'>6.</span> <span class='ocrx_word' id='word_1_122' title='bbox 851 739 891 766; x_wconf 91' lang='lat' dir='ltr'>pr.</span> <span class='ocrx_word' id='word_1_123' title='bbox 911 729 944 755; x_wconf 83' lang='lat' dir='ltr'>de</span> <span class='ocrx_word' id='word_1_124' title='bbox 963 727 1040 754; x_wconf 89' lang='lat' dir='ltr'>adim.</span> <span class='ocrx_word' id='word_1_125' title='bbox 1059 726 1095 753; x_wconf 83' lang='lat' dir='ltr'>le-</span> <span class='ocrx_word' id='word_1_126' title='bbox 1115 718 1116 726; x_wconf 36' lang='lat' dir='ltr'>l</span> 
     </span>
     <span class='ocr_line' id='line_1_14' title="bbox 249 771 1095 814; baseline -0.011 -10"><span class='ocrx_word' id='word_1_127' title='bbox 249 782 300 814; x_wconf 78' lang='lat' dir='ltr'>gat.</span> <span class='ocrx_word' id='word_1_128' title='bbox 319 779 361 803; x_wconf 70' lang='lat'>34.</span> <span class='ocrx_word' id='word_1_129' title='bbox 381 778 405 802; x_wconf 87' lang='grc'>4.</span> <span class='ocrx_word' id='word_1_130' title='bbox 430 775 461 802; x_wconf 90' lang='lat' dir='ltr'>fr.</span> <span class='ocrx_word' id='word_1_131' title='bbox 480 777 521 802; x_wconf 81' lang='lat'>95.</span> <span class='ocrx_word' id='word_1_132' title='bbox 547 774 579 801; x_wconf 83' lang='lat' dir='ltr'>de</span> <span class='ocrx_word' id='word_1_133' title='bbox 598 774 673 801; x_wconf 81' lang='lat' dir='ltr'>cond.</span> <span class='ocrx_word' id='word_1_134' title='bbox 695 778 720 799; x_wconf 88' lang='lat' dir='ltr'>et</span> <span class='ocrx_word' id='word_1_135' title='bbox 740 773 806 799; x_wconf 86' lang='lat' dir='ltr'>dem.</span> <span class='ocrx_word' id='word_1_136' title='bbox 825 774 868 800; x_wconf 89' lang='lat'>35.</span> <span class='ocrx_word' id='word_1_137' title='bbox 889 774 911 799; x_wconf 95' lang='lat' dir='ltr'>l.</span> <span class='ocrx_word' id='word_1_138' title='bbox 950 771 1095 798; x_wconf 82' lang='lat' dir='ltr'>Transmit-</span> 
     </span>
     <span class='ocr_line' id='line_1_15' title="bbox 249 812 1093 856; baseline -0.009 -9"><span class='ocrx_word' id='word_1_139' title='bbox 249 826 305 847; x_wconf 89' lang='lat' dir='ltr'>tere</span> <span class='ocrx_word' id='word_1_140' title='bbox 325 819 364 847; x_wconf 88' lang='lat' dir='ltr'>ad.</span> <span class='ocrx_word' id='word_1_141' title='bbox 392 819 421 846; x_wconf 91' lang='lat' dir='ltr'>fr.</span> <span class='ocrx_word' id='word_1_142' title='bbox 441 820 465 845; x_wconf 74' lang='lat'>4.</span> <span class='ocrx_word' id='word_1_143' title='bbox 486 828 523 856; x_wconf 88' lang='lat' dir='ltr'>pr.</span> <span class='ocrx_word' id='word_1_144' title='bbox 548 819 612 852; x_wconf 87' lang='lat'>5.1.</span> <span class='ocrx_word' id='word_1_145' title='bbox 640 817 691 852; x_wconf 88' lang='lat' dir='ltr'>Qu.</span> <span class='ocrx_word' id='word_1_146' title='bbox 711 816 768 842; x_wconf 87' lang='lat' dir='ltr'>dies</span> <span class='ocrx_word' id='word_1_147' title='bbox 789 815 865 851; x_wconf 84' lang='lat' dir='ltr'>legat.</span> <span class='ocrx_word' id='word_1_148' title='bbox 884 816 926 841; x_wconf 85' lang='lat'>36.</span> <span class='ocrx_word' id='word_1_149' title='bbox 946 816 970 840; x_wconf 76' lang='lat'>2.</span> <span class='ocrx_word' id='word_1_150' title='bbox 991 813 1042 840; x_wconf 88' lang='lat' dir='ltr'>Th.</span> <span class='ocrx_word' id='word_1_151' title='bbox 1062 812 1093 839; x_wconf 86' lang='lat' dir='ltr'>C.</span> 
     </span>
     <span class='ocr_line' id='line_1_16' title="bbox 249 856 1096 898; baseline -0.011 -7"><span class='ocrx_word' id='word_1_152' title='bbox 249 864 295 891; x_wconf 87' lang='lat' dir='ltr'>Xl.</span> <span class='ocrx_word' id='word_1_153' title='bbox 314 865 356 890; x_wconf 75' lang='lat'>22.</span> <span class='ocrx_word' id='word_1_154' title='bbox 377 873 398 889; x_wconf 92' lang='lat' dir='ltr'>c.</span> <span class='ocrx_word' id='word_1_155' title='bbox 415 864 436 888; x_wconf 93' lang='lat' dir='ltr'>l.</span> <span class='ocrx_word' id='word_1_156' title='bbox 450 871 508 898; x_wconf 84' lang='lat' dir='ltr'>sqq.</span> <span class='ocrx_word' id='word_1_157' title='bbox 530 871 561 886; x_wconf 87' lang='lat' dir='ltr'>ne</span> <span class='ocrx_word' id='word_1_158' title='bbox 581 859 669 886; x_wconf 87' lang='lat' dir='ltr'>collat.</span> <span class='ocrx_word' id='word_1_159' title='bbox 688 859 806 885; x_wconf 76' lang='lat' dir='ltr'>translat.</span> <span class='ocrx_word' id='word_1_160' title='bbox 845 858 979 889; x_wconf 79' lang='lat' dir='ltr'>Transire,</span> <span class='ocrx_word' id='word_1_161' title='bbox 999 856 1096 883; x_wconf 88' lang='lat' dir='ltr'>Trans-</span> 
     </span>
     <span class='ocr_line' id='line_1_17' title="bbox 250 900 1095 940; baseline -0.009 -7"><span class='ocrx_word' id='word_1_162' title='bbox 250 907 313 933; x_wconf 85' lang='lat' dir='ltr'>ferri</span> <span class='ocrx_word' id='word_1_163' title='bbox 333 905 584 940; x_wconf 82' lang='lat' dir='ltr'>(iurisdictionem.)</span> <span class='ocrx_word' id='word_1_164' title='bbox 613 902 643 929; x_wconf 80' lang='lat' dir='ltr'>fr.</span> <span class='ocrx_word' id='word_1_165' title='bbox 665 904 686 929; x_wconf 94' lang='lat'>1.</span> <span class='ocrx_word' id='word_1_166' title='bbox 711 903 732 936; x_wconf 88' lang='lat'>5</span> <span class='ocrx_word' id='word_1_167' title='bbox 755 904 776 928; x_wconf 95' lang='lat'>1.</span> <span class='ocrx_word' id='word_1_168' title='bbox 801 901 833 928; x_wconf 87' lang='lat' dir='ltr'>de</span> <span class='ocrx_word' id='word_1_169' title='bbox 858 902 901 927; x_wconf 83' lang='lat' dir='ltr'>off.</span> <span class='ocrx_word' id='word_1_170' title='bbox 927 901 991 926; x_wconf 89' lang='lat' dir='ltr'>eius.</span> <span class='ocrx_word' id='word_1_171' title='bbox 1013 901 1035 926; x_wconf 91' lang='lat'>1.</span> <span class='ocrx_word' id='word_1_172' title='bbox 1054 900 1095 925; x_wconf 78' lang='lat'>21.</span> 
     </span>
     <span class='ocr_line' id='line_1_18' title="bbox 251 942 1097 983; baseline -0.009 -7"><span class='ocrx_word' id='word_1_173' title='bbox 251 950 283 976; x_wconf 88' lang='grc' dir='ltr'>Π.</span> <span class='ocrx_word' id='word_1_174' title='bbox 298 951 365 983; x_wconf 76' lang='lat' dir='ltr'>Op.</span> <span class='ocrx_word' id='word_1_175' title='bbox 385 947 524 975; x_wconf 81' lang='lat' dir='ltr'>Deducere</span> <span class='ocrx_word' id='word_1_176' title='bbox 544 946 678 978; x_wconf 87' lang='lat' dir='ltr'>(usumfr.)</span> <span class='ocrx_word' id='word_1_177' title='bbox 699 945 783 971; x_wconf 69' lang='lat' dir='ltr'>Vatic.</span> <span class='ocrx_word' id='word_1_178' title='bbox 802 945 840 979; x_wconf 85' lang='lat'>55.</span> <span class='ocrx_word' id='word_1_179' title='bbox 861 946 902 971; x_wconf 87' lang='lat'>47.</span> <span class='ocrx_word' id='word_1_180' title='bbox 924 953 982 980; x_wconf 85' lang='lat' dir='ltr'>sqq.</span> <span class='ocrx_word' id='word_1_181' title='bbox 1012 942 1097 978; x_wconf 87' lang='lat' dir='ltr'>Quae-</span> 
     </span>
     <span class='ocr_line' id='line_1_19' title="bbox 252 985 1120 1027; baseline -0.01 -8"><span class='ocrx_word' id='word_1_182' title='bbox 252 993 311 1020; x_wconf 87' lang='lat' dir='ltr'>dam</span> <span class='ocrx_word' id='word_1_183' title='bbox 330 991 481 1022; x_wconf 72' lang='lat' dir='ltr'>transferre,</span> <span class='ocrx_word' id='word_1_184' title='bbox 502 989 628 1027; x_wconf 81' lang='lat' dir='ltr'>quaedam</span> <span class='ocrx_word' id='word_1_185' title='bbox 648 988 805 1025; x_wconf 82' lang='lat' dir='ltr'>relinquere.</span> <span class='ocrx_word' id='word_1_186' title='bbox 825 988 854 1014; x_wconf 87' lang='lat' dir='ltr'>fr.</span> <span class='ocrx_word' id='word_1_187' title='bbox 869 989 910 1013; x_wconf 78' lang='lat'>27.</span> <span class='ocrx_word' id='word_1_188' title='bbox 926 996 966 1024; x_wconf 84' lang='lat' dir='ltr'>pr.</span> <span class='ocrx_word' id='word_1_189' title='bbox 987 985 1021 1012; x_wconf 83' lang='lat' dir='ltr'>de</span> <span class='ocrx_word' id='word_1_190' title='bbox 1039 995 1098 1022; x_wconf 87' lang='lat' dir='ltr'>pro·</span> <span class='ocrx_word' id='word_1_191' title='bbox 1119 999 1120 1009; x_wconf 44' lang='grc' dir='ltr'>η</span> 
     </span>
     <span class='ocr_line' id='line_1_20' title="bbox 253 1030 1100 1069; baseline -0.011 -6"><span class='ocrx_word' id='word_1_192' title='bbox 253 1046 307 1063; x_wconf 89' lang='lat' dir='ltr'>cur.</span> <span class='ocrx_word' id='word_1_193' title='bbox 326 1037 350 1062; x_wconf 89' lang='lat'>3.</span> <span class='ocrx_word' id='word_1_194' title='bbox 370 1037 394 1062; x_wconf 87' lang='grc'>3.</span> <span class='ocrx_word' id='word_1_195' title='bbox 422 1032 570 1060; x_wconf 83' lang='lat' dir='ltr'>Transferri</span> <span class='ocrx_word' id='word_1_196' title='bbox 585 1033 781 1069; x_wconf 77' lang='lat' dir='ltr'>proprietatem.</span> <span class='ocrx_word' id='word_1_197' title='bbox 795 1047 827 1051; x_wconf 83' lang='lat'>-</span> <span class='ocrx_word' id='word_1_198' title='bbox 848 1030 1021 1056; x_wconf 85' lang='lat' dir='ltr'>Dominorum</span> <span class='ocrx_word' id='word_1_199' title='bbox 1041 1038 1100 1065; x_wconf 87' lang='lat' dir='ltr'>per-</span> 
     </span>
    </p>
   </div>
   <div class='ocr_carea' id='block_1_3' title="bbox 1109 282 1121 994">
    <p class='ocr_par' dir='ltr' id='par_1_5' title="bbox 1109 282 1121 994">
     <span class='ocr_line' id='line_1_21' title="bbox 1109 282 1121 994; baseline 0 0"><span class='ocrx_word' id='word_1_200' title='bbox 1109 282 1121 994; x_wconf 95' lang='lat' dir='ltr'> </span> 
     </span>
    </p>
   </div>
   <div class='ocr_carea' id='block_1_4' title="bbox 1061 171 1159 203">
    <p class='ocr_par' dir='ltr' id='par_1_6' title="bbox 1061 171 1159 203">
     <span class='ocr_line' id='line_1_22' title="bbox 1061 171 1159 203; baseline -0.02 0"><span class='ocrx_word' id='word_1_201' title='bbox 1061 171 1159 203; x_wconf 73' lang='lat' dir='ltr'>TRA.</span> 
     </span>
    </p>
   </div>
   <div class='ocr_carea' id='block_1_5' title="bbox 1132 250 2012 503">
    <p class='ocr_par' dir='ltr' id='par_1_7' title="bbox 1132 250 2012 503">
     <span class='ocr_line' id='line_1_23' title="bbox 1132 250 1976 288; baseline -0.001 -9"><span class='ocrx_word' id='word_1_202' title='bbox 1132 253 1244 279; x_wconf 82' lang='lat' dir='ltr'>amicitia</span> <span class='ocrx_word' id='word_1_203' title='bbox 1264 256 1319 283; x_wconf 80' lang='lat' dir='ltr'>est.</span> <span class='ocrx_word' id='word_1_204' title='bbox 1344 251 1397 278; x_wconf 82' lang='lat' dir='ltr'>fide</span> <span class='ocrx_word' id='word_1_205' title='bbox 1423 256 1546 288; x_wconf 74' lang='lat' dir='ltr'>suscepta</span> <span class='ocrx_word' id='word_1_206' title='bbox 1569 251 1715 288; x_wconf 72' lang='lat' dir='ltr'>transfugit,</span> <span class='ocrx_word' id='word_1_207' title='bbox 1741 250 1771 278; x_wconf 79' lang='lat' dir='ltr'>fr.</span> <span class='ocrx_word' id='word_1_208' title='bbox 1792 252 1832 277; x_wconf 82' lang='lat'>19.</span> <span class='ocrx_word' id='word_1_209' title='bbox 1857 252 1879 285; x_wconf 84' lang='lat'>5.</span> <span class='ocrx_word' id='word_1_210' title='bbox 1898 254 1922 278; x_wconf 73' lang='lat'>8.</span> <span class='ocrx_word' id='word_1_211' title='bbox 1943 251 1976 278; x_wconf 82' lang='lat' dir='ltr'>de</span> 
     </span>
     <span class='ocr_line' id='line_1_24' title="bbox 1133 293 1976 333; baseline -0.002 -11"><span class='ocrx_word' id='word_1_212' title='bbox 1133 296 1228 333; x_wconf 80' lang='lat' dir='ltr'>captiv.</span> <span class='ocrx_word' id='word_1_213' title='bbox 1243 296 1285 321; x_wconf 81' lang='lat'>49.</span> <span class='ocrx_word' id='word_1_214' title='bbox 1302 296 1341 321; x_wconf 86' lang='lat'>15.</span> <span class='ocrx_word' id='word_1_215' title='bbox 1379 294 1409 321; x_wconf 91' lang='lat'>11.</span> <span class='ocrx_word' id='word_1_216' title='bbox 1425 296 1492 329; x_wconf 74' lang='lat' dir='ltr'>Op.</span> <span class='ocrx_word' id='word_1_217' title='bbox 1512 294 1675 331; x_wconf 74' lang='lat' dir='ltr'>Transfugae</span> <span class='ocrx_word' id='word_1_218' title='bbox 1695 293 1726 320; x_wconf 85' lang='lat' dir='ltr'>ad</span> <span class='ocrx_word' id='word_1_219' title='bbox 1741 293 1841 321; x_wconf 86' lang='lat' dir='ltr'>hostes.</span> <span class='ocrx_word' id='word_1_220' title='bbox 1862 293 1902 319; x_wconf 80' lang='lat' dir='ltr'>vel</span> <span class='ocrx_word' id='word_1_221' title='bbox 1917 304 1976 320; x_wconf 87' lang='lat' dir='ltr'>con-</span> 
     </span>
     <span class='ocr_line' id='line_1_25' title="bbox 1132 336 2012 374; baseline -0.002 -9"><span class='ocrx_word' id='word_1_222' title='bbox 1132 338 1252 365; x_wconf 85' lang='lat' dir='ltr'>siliorum</span> <span class='ocrx_word' id='word_1_223' title='bbox 1272 342 1422 364; x_wconf 78' lang='lat' dir='ltr'>nostrornm</span> <span class='ocrx_word' id='word_1_224' title='bbox 1437 339 1642 365; x_wconf 88' lang='lat' dir='ltr'>renunciatores.</span> <span class='ocrx_word' id='word_1_225' title='bbox 1657 354 1687 358; x_wconf 91' lang='lat'>—-</span> <span class='ocrx_word' id='word_1_226' title='bbox 1708 337 1750 363; x_wconf 89' lang='lat' dir='ltr'>Ab</span> <span class='ocrx_word' id='word_1_227' title='bbox 1763 336 1886 363; x_wconf 82' lang='lat' dir='ltr'>hostibus</span> <span class='ocrx_word' id='word_1_228' title='bbox 1900 337 1976 374; x_wconf 80' lang='lat' dir='ltr'>capti.</span> <span class='ocrx_word' id='word_1_229' title='bbox 2010 350 2012 352; x_wconf 58' lang='grc'>’</span> 
     </span>
     <span class='ocr_line' id='line_1_26' title="bbox 1135 379 1977 417; baseline -0.002 -9"><span class='ocrx_word' id='word_1_230' title='bbox 1135 382 1164 408; x_wconf 87' lang='lat' dir='ltr'>fr.</span> <span class='ocrx_word' id='word_1_231' title='bbox 1187 383 1226 408; x_wconf 76' lang='lat'>14.</span> <span class='ocrx_word' id='word_1_232' title='bbox 1250 392 1282 408; x_wconf 82' lang='lat' dir='ltr'>ex</span> <span class='ocrx_word' id='word_1_233' title='bbox 1303 391 1345 417; x_wconf 92' lang='lat' dir='ltr'>qu.</span> <span class='ocrx_word' id='word_1_234' title='bbox 1367 391 1388 407; x_wconf 93' lang='lat' dir='ltr'>c.</span> <span class='ocrx_word' id='word_1_235' title='bbox 1413 382 1471 407; x_wconf 82' lang='lat' dir='ltr'>mai.</span> <span class='ocrx_word' id='word_1_236' title='bbox 1492 383 1516 408; x_wconf 81' lang='lat'>4.</span> <span class='ocrx_word' id='word_1_237' title='bbox 1536 383 1560 407; x_wconf 82' lang='lat'>6.</span> <span class='ocrx_word' id='word_1_238' title='bbox 1584 381 1614 408; x_wconf 91' lang='lat' dir='ltr'>fr.</span> <span class='ocrx_word' id='word_1_239' title='bbox 1633 381 1676 407; x_wconf 79' lang='lat'>38.</span> <span class='ocrx_word' id='word_1_240' title='bbox 1699 380 1721 414; x_wconf 84' lang='lat'>5.</span> <span class='ocrx_word' id='word_1_241' title='bbox 1743 382 1765 407; x_wconf 92' lang='lat' dir='ltr'>l.</span> <span class='ocrx_word' id='word_1_242' title='bbox 1788 379 1820 406; x_wconf 86' lang='lat' dir='ltr'>de</span> <span class='ocrx_word' id='word_1_243' title='bbox 1839 390 1916 417; x_wconf 84' lang='lat' dir='ltr'>poen.</span> <span class='ocrx_word' id='word_1_244' title='bbox 1935 380 1977 406; x_wconf 77' lang='lat'>48.</span> 
     </span>
     <span class='ocr_line' id='line_1_27' title="bbox 1137 422 1979 459; baseline -0.001 -9"><span class='ocrx_word' id='word_1_245' title='bbox 1137 426 1176 451; x_wconf 87' lang='lat'>19.</span> <span class='ocrx_word' id='word_1_246' title='bbox 1190 439 1223 444; x_wconf 89' lang='lat'>—-</span> <span class='ocrx_word' id='word_1_247' title='bbox 1244 424 1275 457; x_wconf 66' lang='grc' dir='ltr'>ξ.</span> <span class='ocrx_word' id='word_1_248' title='bbox 1293 425 1328 450; x_wconf 72' lang='grc'>2.</span> <span class='ocrx_word' id='word_1_249' title='bbox 1348 425 1508 459; x_wconf 71' lang='lat' dir='ltr'>Fugiens,</span> <span class='ocrx_word' id='word_1_250' title='bbox 1529 425 1692 450; x_wconf 72' lang='lat' dir='ltr'>Desertor.</span> <span class='ocrx_word' id='word_1_251' title='bbox 1729 423 1773 450; x_wconf 93' lang='lat'>111.</span> <span class='ocrx_word' id='word_1_252' title='bbox 1784 424 1850 450; x_wconf 73' lang='lat' dir='ltr'>Cn.</span> <span class='ocrx_word' id='word_1_253' title='bbox 1870 422 1912 449; x_wconf 82' lang='lat' dir='ltr'>De</span> <span class='ocrx_word' id='word_1_254' title='bbox 1928 432 1979 448; x_wconf 85' lang='lat' dir='ltr'>me-</span> 
     </span>
     <span class='ocr_line' id='line_1_28' title="bbox 1135 465 1980 503; baseline -0.004 -10"><span class='ocrx_word' id='word_1_255' title='bbox 1135 467 1199 494; x_wconf 85' lang='lat' dir='ltr'>tallo</span> <span class='ocrx_word' id='word_1_256' title='bbox 1214 472 1306 503; x_wconf 81' lang='lat' dir='ltr'>captus</span> <span class='ocrx_word' id='word_1_257' title='bbox 1322 483 1349 486; x_wconf 97' lang='lat'><strong>—</strong></span> <span class='ocrx_word' id='word_1_258' title='bbox 1366 476 1414 493; x_wconf 86' lang='lat' dir='ltr'>nec</span> <span class='ocrx_word' id='word_1_259' title='bbox 1431 471 1527 498; x_wconf 78' lang='lat' dir='ltr'>tamen,</span> <span class='ocrx_word' id='word_1_260' title='bbox 1546 471 1575 493; x_wconf 85' lang='lat' dir='ltr'>ut</span> <span class='ocrx_word' id='word_1_261' title='bbox 1593 467 1725 502; x_wconf 82' lang='lat' dir='ltr'>transfuga</span> <span class='ocrx_word' id='word_1_262' title='bbox 1744 465 1853 493; x_wconf 83' lang='lat' dir='ltr'>metalli.</span> <span class='ocrx_word' id='word_1_263' title='bbox 1871 466 1980 503; x_wconf 87' lang='lat' dir='ltr'>punien-</span> 
     </span>
    </p>
   </div>
   <div class='ocr_carea' id='block_1_6' title="bbox 1113 508 1980 546">
    <p class='ocr_par' dir='ltr' id='par_1_8' title="bbox 1113 508 1980 546">
     <span class='ocr_line' id='line_1_29' title="bbox 1113 508 1980 546; baseline -0.002 -10"><span class='ocrx_word' id='word_1_264' title='bbox 1113 540 1114 544; x_wconf 64' lang='lat'>,</span> <span class='ocrx_word' id='word_1_265' title='bbox 1136 511 1185 537; x_wconf 89' lang='lat' dir='ltr'>dus</span> <span class='ocrx_word' id='word_1_266' title='bbox 1200 511 1257 536; x_wconf 85' lang='lat' dir='ltr'>erit.</span> <span class='ocrx_word' id='word_1_267' title='bbox 1276 510 1307 537; x_wconf 86' lang='lat' dir='ltr'>l&#39;r.</span> <span class='ocrx_word' id='word_1_268' title='bbox 1323 512 1362 536; x_wconf 77' lang='lat'>12.</span> <span class='ocrx_word' id='word_1_269' title='bbox 1382 510 1404 544; x_wconf 87' lang='lat'>5.</span> <span class='ocrx_word' id='word_1_270' title='bbox 1420 511 1458 536; x_wconf 97' lang='lat' dir='ltr'>l7.</span> <span class='ocrx_word' id='word_1_271' title='bbox 1479 509 1512 536; x_wconf 86' lang='lat' dir='ltr'>dc</span> <span class='ocrx_word' id='word_1_272' title='bbox 1526 510 1620 546; x_wconf 87' lang='lat' dir='ltr'>captiv.</span> <span class='ocrx_word' id='word_1_273' title='bbox 1635 511 1676 536; x_wconf 71' lang='lat'>49.</span> <span class='ocrx_word' id='word_1_274' title='bbox 1692 512 1731 536; x_wconf 80' lang='lat'>15.</span> <span class='ocrx_word' id='word_1_275' title='bbox 1760 508 1880 536; x_wconf 88' lang='lat' dir='ltr'>Cunctos</span> <span class='ocrx_word' id='word_1_276' title='bbox 1897 513 1980 535; x_wconf 82' lang='lat' dir='ltr'>trans-</span> 
     </span>
    </p>
   </div>
   <div class='ocr_carea' id='block_1_7' title="bbox 1136 550 1981 675">
    <p class='ocr_par' dir='ltr' id='par_1_9' title="bbox 1136 550 1981 675">
     <span class='ocr_line' id='line_1_30' title="bbox 1136 550 1979 589; baseline -0.001 -10"><span class='ocrx_word' id='word_1_277' title='bbox 1136 553 1209 589; x_wconf 82' lang='lat' dir='ltr'>fugas</span> <span class='ocrx_word' id='word_1_278' title='bbox 1229 569 1261 573; x_wconf 96' lang='lat'>—</span> <span class='ocrx_word' id='word_1_279' title='bbox 1281 553 1312 579; x_wconf 89' lang='lat' dir='ltr'>ad</span> <span class='ocrx_word' id='word_1_280' title='bbox 1333 554 1459 589; x_wconf 74' lang='lat' dir='ltr'>originem</span> <span class='ocrx_word' id='word_1_281' title='bbox 1478 553 1616 589; x_wconf 83' lang='lat' dir='ltr'>pristinam</span> <span class='ocrx_word' id='word_1_282' title='bbox 1635 553 1760 580; x_wconf 85' lang='lat' dir='ltr'>revocari.</span> <span class='ocrx_word' id='word_1_283' title='bbox 1781 550 1944 579; x_wconf 85' lang='lat' dir='ltr'>Th.C.X11.</span> <span class='ocrx_word' id='word_1_284' title='bbox 1957 552 1979 578; x_wconf 90' lang='lat'>1.</span> 
     </span>
     <span class='ocr_line' id='line_1_31' title="bbox 1138 595 1445 622; baseline -0.003 0"><span class='ocrx_word' id='word_1_285' title='bbox 1138 606 1159 622; x_wconf 91' lang='lat' dir='ltr'>c.</span> <span class='ocrx_word' id='word_1_286' title='bbox 1182 598 1238 622; x_wconf 88' lang='lat'>113.</span> <span class='ocrx_word' id='word_1_287' title='bbox 1259 595 1290 622; x_wconf 87' lang='lat' dir='ltr'>de</span> <span class='ocrx_word' id='word_1_288' title='bbox 1310 596 1445 622; x_wconf 73' lang='lat' dir='ltr'>decurion.</span> 
     </span>
     <span class='ocr_line' id='line_1_32' title="bbox 1173 638 1981 675; baseline -0.002 -10"><span class='ocrx_word' id='word_1_289' title='bbox 1173 640 1445 673; x_wconf 66' lang='lat' dir='ltr'>Transfuga-e·</span> <span class='ocrx_word' id='word_1_290' title='bbox 1490 638 1521 671; x_wconf 67' lang='grc' dir='ltr'>ξ.</span> <span class='ocrx_word' id='word_1_291' title='bbox 1546 639 1581 665; x_wconf 91' lang='lat'>1.</span> <span class='ocrx_word' id='word_1_292' title='bbox 1617 639 1812 675; x_wconf 75' lang='lat' dir='ltr'>Transfuga</span> <span class='ocrx_word' id='word_1_293' title='bbox 1839 638 1981 664; x_wconf 67' lang='lat' dir='ltr'>hostium</span> 
     </span>
    </p>
   </div>
   <div class='ocr_carea' id='block_1_8' title="bbox 1115 678 1982 718">
    <p class='ocr_par' dir='ltr' id='par_1_10' title="bbox 1115 678 1982 718">
     <span class='ocr_line' id='line_1_33' title="bbox 1115 678 1982 718; baseline -0.002 -10"><span class='ocrx_word' id='word_1_294' title='bbox 1115 705 1116 714; x_wconf 60' lang='grc'>,</span> <span class='ocrx_word' id='word_1_295' title='bbox 1133 683 1229 718; x_wconf 70' lang='lat' dir='ltr'>fieri.</span> <span class='ocrx_word' id='word_1_296' title='bbox 1266 681 1285 709; x_wconf 91' lang='lat' dir='ltr'>l.</span> <span class='ocrx_word' id='word_1_297' title='bbox 1299 682 1361 716; x_wconf 81' lang='lat' dir='ltr'>Sy.</span> <span class='ocrx_word' id='word_1_298' title='bbox 1382 681 1532 717; x_wconf 76' lang='lat' dir='ltr'>Confugere</span> <span class='ocrx_word' id='word_1_299' title='bbox 1552 681 1597 715; x_wconf 84' lang='lat' dir='ltr'>(ad</span> <span class='ocrx_word' id='word_1_300' title='bbox 1616 681 1730 715; x_wconf 88' lang='lat' dir='ltr'>hostes.)</span> <span class='ocrx_word' id='word_1_301' title='bbox 1751 681 1780 708; x_wconf 90' lang='lat' dir='ltr'>fr.</span> <span class='ocrx_word' id='word_1_302' title='bbox 1798 683 1835 707; x_wconf 96' lang='lat'>15.</span> <span class='ocrx_word' id='word_1_303' title='bbox 1855 680 1888 707; x_wconf 84' lang='lat' dir='ltr'>de</span> <span class='ocrx_word' id='word_1_304' title='bbox 1906 678 1982 706; x_wconf 82' lang='lat' dir='ltr'>tutel.</span> 
     </span>
    </p>
   </div>
   <div class='ocr_carea' id='block_1_9' title="bbox 1138 723 1983 803">
    <p class='ocr_par' dir='ltr' id='par_1_11' title="bbox 1138 723 1983 803">
     <span class='ocr_line' id='line_1_34' title="bbox 1138 723 1982 761; baseline -0.002 -10"><span class='ocrx_word' id='word_1_305' title='bbox 1138 726 1179 751; x_wconf 69' lang='lat'>26.</span> <span class='ocrx_word' id='word_1_306' title='bbox 1202 726 1223 751; x_wconf 91' lang='lat'>1.</span> <span class='ocrx_word' id='word_1_307' title='bbox 1244 724 1273 751; x_wconf 88' lang='lat' dir='ltr'>fr.</span> <span class='ocrx_word' id='word_1_308' title='bbox 1296 726 1335 751; x_wconf 84' lang='lat'>19.</span> <span class='ocrx_word' id='word_1_309' title='bbox 1354 725 1376 758; x_wconf 85' lang='lat'>5.</span> <span class='ocrx_word' id='word_1_310' title='bbox 1396 728 1422 751; x_wconf 77' lang='grc' dir='ltr'>δ.</span> <span class='ocrx_word' id='word_1_311' title='bbox 1440 724 1472 751; x_wconf 88' lang='lat' dir='ltr'>de</span> <span class='ocrx_word' id='word_1_312' title='bbox 1493 726 1587 761; x_wconf 82' lang='lat' dir='ltr'>captiv.</span> <span class='ocrx_word' id='word_1_313' title='bbox 1607 725 1648 750; x_wconf 82' lang='grc'>49.</span> <span class='ocrx_word' id='word_1_314' title='bbox 1670 726 1709 750; x_wconf 89' lang='lat'>15.</span> <span class='ocrx_word' id='word_1_315' title='bbox 1731 723 1761 750; x_wconf 87' lang='lat' dir='ltr'>fr.</span> <span class='ocrx_word' id='word_1_316' title='bbox 1780 725 1804 750; x_wconf 88' lang='lat'>3.</span> <span class='ocrx_word' id='word_1_317' title='bbox 1825 723 1862 758; x_wconf 89' lang='lat'>55.</span> <span class='ocrx_word' id='word_1_318' title='bbox 1884 725 1923 750; x_wconf 89' lang='lat'>10.</span> <span class='ocrx_word' id='word_1_319' title='bbox 1943 732 1982 759; x_wconf 81' lang='lat' dir='ltr'>sq.</span> 
     </span>
     <span class='ocr_line' id='line_1_35' title="bbox 1139 767 1983 803; baseline -0.002 -9"><span class='ocrx_word' id='word_1_320' title='bbox 1139 767 1172 794; x_wconf 86' lang='lat' dir='ltr'>de</span> <span class='ocrx_word' id='word_1_321' title='bbox 1191 767 1223 794; x_wconf 80' lang='lat' dir='ltr'>R.</span> <span class='ocrx_word' id='word_1_322' title='bbox 1243 767 1276 794; x_wconf 81' lang='grc' dir='ltr'>Μ.</span> <span class='ocrx_word' id='word_1_323' title='bbox 1295 769 1336 794; x_wconf 85' lang='grc'>49.</span> <span class='ocrx_word' id='word_1_324' title='bbox 1358 768 1397 794; x_wconf 86' lang='grc'>16.</span> <span class='ocrx_word' id='word_1_325' title='bbox 1411 783 1444 787; x_wconf 92' lang='grc'>-</span> <span class='ocrx_word' id='word_1_326' title='bbox 1464 768 1495 801; x_wconf 80' lang='lat'>§.</span> <span class='ocrx_word' id='word_1_327' title='bbox 1507 769 1542 794; x_wconf 70' lang='lat'>2.</span> <span class='ocrx_word' id='word_1_328' title='bbox 1566 768 1740 799; x_wconf 70' lang='lat' dir='ltr'>Transire,</span> <span class='ocrx_word' id='word_1_329' title='bbox 1754 768 1893 803; x_wconf 73' lang='lat' dir='ltr'>fraudis</span> <span class='ocrx_word' id='word_1_330' title='bbox 1912 776 1983 792; x_wconf 82' lang='lat' dir='ltr'>con·</span> 
     </span>
    </p>
   </div>
   <div class='ocr_carea' id='block_1_10' title="bbox 1116 808 1984 852">
    <p class='ocr_par' dir='ltr' id='par_1_12' title="bbox 1116 808 1984 852">
     <span class='ocr_line' id='line_1_36' title="bbox 1116 808 1984 852; baseline -0.002 -16"><span class='ocrx_word' id='word_1_331' title='bbox 1116 841 1118 852; x_wconf 39' lang='lat'><strong>⁴</strong></span> <span class='ocrx_word' id='word_1_332' title='bbox 1139 812 1226 837; x_wconf 64' lang='lat' dir='ltr'>silio.</span> <span class='ocrx_word' id='word_1_333' title='bbox 1264 809 1309 837; x_wconf 91' lang='lat'>111.</span> <span class='ocrx_word' id='word_1_334' title='bbox 1323 812 1389 838; x_wconf 73' lang='lat' dir='ltr'>Gn.</span> <span class='ocrx_word' id='word_1_335' title='bbox 1408 811 1558 843; x_wconf 83' lang='lat' dir='ltr'>Ambiendi,</span> <span class='ocrx_word' id='word_1_336' title='bbox 1578 815 1604 837; x_wconf 81' lang='lat' dir='ltr'>et</span> <span class='ocrx_word' id='word_1_337' title='bbox 1622 809 1812 846; x_wconf 80' lang='lat' dir='ltr'>transfugiendi</span> <span class='ocrx_word' id='word_1_338' title='bbox 1832 810 1857 835; x_wconf 90' lang='lat' dir='ltr'>in</span> <span class='ocrx_word' id='word_1_339' title='bbox 1876 808 1984 835; x_wconf 86' lang='lat' dir='ltr'>alterius</span> 
     </span>
    </p>
   </div>
   <div class='ocr_carea' id='block_1_11' title="bbox 1140 850 1985 887">
    <p class='ocr_par' dir='ltr' id='par_1_13' title="bbox 1140 850 1985 887">
     <span class='ocr_line' id='line_1_37' title="bbox 1140 850 1985 887; baseline -0.004 -7"><span class='ocrx_word' id='word_1_340' title='bbox 1140 852 1249 880; x_wconf 79' lang='lat' dir='ltr'>militiae</span> <span class='ocrx_word' id='word_1_341' title='bbox 1270 853 1389 880; x_wconf 78' lang='lat' dir='ltr'>ordinem</span> <span class='ocrx_word' id='word_1_342' title='bbox 1413 853 1566 887; x_wconf 82' lang='lat' dir='ltr'>(facultas.)</span> <span class='ocrx_word' id='word_1_343' title='bbox 1591 852 1641 879; x_wconf 88' lang='lat' dir='ltr'>Th.</span> <span class='ocrx_word' id='word_1_344' title='bbox 1661 852 1692 880; x_wconf 87' lang='lat' dir='ltr'>C.</span> <span class='ocrx_word' id='word_1_345' title='bbox 1712 852 1780 879; x_wconf 81' lang='lat' dir='ltr'>VIII.</span> <span class='ocrx_word' id='word_1_346' title='bbox 1799 854 1824 878; x_wconf 81' lang='lat'>4.</span> <span class='ocrx_word' id='word_1_347' title='bbox 1849 862 1870 878; x_wconf 91' lang='lat' dir='ltr'>c.</span> <span class='ocrx_word' id='word_1_348' title='bbox 1892 852 1932 878; x_wconf 88' lang='lat'>18.</span> <span class='ocrx_word' id='word_1_349' title='bbox 1951 850 1985 877; x_wconf 85' lang='lat' dir='ltr'>dc</span> 
     </span>
    </p>
   </div>
   <div class='ocr_carea' id='block_1_12' title="bbox 1141 896 1988 1058">
    <p class='ocr_par' dir='ltr' id='par_1_14' title="bbox 1141 896 1269 923">
     <span class='ocr_line' id='line_1_38' title="bbox 1141 896 1269 923; baseline 0 0"><span class='ocrx_word' id='word_1_350' title='bbox 1141 896 1269 923; x_wconf 80' lang='lat' dir='ltr'>cohortal.</span> 
     </span>
    </p>

    <p class='ocr_par' dir='ltr' id='par_1_15' title="bbox 1143 935 1988 1058">
     <span class='ocr_line' id='line_1_39' title="bbox 1177 935 1984 975; baseline -0.005 -9"><span class='ocrx_word' id='word_1_351' title='bbox 1177 941 1479 967; x_wconf 77' lang='lat' dir='ltr'>Transfundere.</span> <span class='ocrx_word' id='word_1_352' title='bbox 1517 939 1548 972; x_wconf 64' lang='grc' dir='ltr'>ἓ.</span> <span class='ocrx_word' id='word_1_353' title='bbox 1572 940 1607 966; x_wconf 88' lang='lat'>1.</span> <span class='ocrx_word' id='word_1_354' title='bbox 1639 940 1904 975; x_wconf 74' lang='lat' dir='ltr'>Trannformare.</span> <span class='ocrx_word' id='word_1_355' title='bbox 1940 935 1984 962; x_wconf 89' lang='lat'>111.</span> 
     </span>
     <span class='ocr_line' id='line_1_40' title="bbox 1144 979 1986 1019; baseline -0.005 -10"><span class='ocrx_word' id='word_1_356' title='bbox 1144 984 1210 1010; x_wconf 74' lang='lat'>011.</span> <span class='ocrx_word' id='word_1_357' title='bbox 1236 983 1345 1009; x_wconf 85' lang='lat' dir='ltr'>Abitum</span> <span class='ocrx_word' id='word_1_358' title='bbox 1370 982 1401 1008; x_wconf 89' lang='lat' dir='ltr'>ab</span> <span class='ocrx_word' id='word_1_359' title='bbox 1422 983 1478 1008; x_wconf 85' lang='lat' dir='ltr'>iure</span> <span class='ocrx_word' id='word_1_360' title='bbox 1497 983 1624 1019; x_wconf 80' lang='lat' dir='ltr'>pristinae</span> <span class='ocrx_word' id='word_1_361' title='bbox 1644 981 1813 1017; x_wconf 75' lang='lat' dir='ltr'>obligationis</span> <span class='ocrx_word' id='word_1_362' title='bbox 1832 989 1941 1016; x_wconf 83' lang='lat' dir='ltr'>eamque</span> <span class='ocrx_word' id='word_1_363' title='bbox 1959 979 1986 1005; x_wconf 86' lang='lat' dir='ltr'>in</span> 
     </span>
     <span class='ocr_line' id='line_1_41' title="bbox 1143 1024 1988 1058; baseline -0.004 -7"><span class='ocrx_word' id='word_1_364' title='bbox 1143 1026 1220 1052; x_wconf 86' lang='lat' dir='ltr'>huius</span> <span class='ocrx_word' id='word_1_365' title='bbox 1241 1025 1416 1051; x_wconf 81' lang='lat' dir='ltr'>condictionis</span> <span class='ocrx_word' id='word_1_366' title='bbox 1442 1024 1486 1058; x_wconf 85' lang='lat' dir='ltr'>[al.</span> <span class='ocrx_word' id='word_1_367' title='bbox 1507 1024 1657 1051; x_wconf 88' lang='lat' dir='ltr'>huiusmodi</span> <span class='ocrx_word' id='word_1_368' title='bbox 1677 1024 1884 1057; x_wconf 83' lang='lat' dir='ltr'>condictionem]</span> <span class='ocrx_word' id='word_1_369' title='bbox 1904 1027 1988 1049; x_wconf 84' lang='lat' dir='ltr'>trans-</span> 
     </span>
    </p>
   </div>
   <div class='ocr_carea' id='block_1_13' title="bbox 253 1065 1988 1240">
    <p class='ocr_par' dir='ltr' id='par_1_16' title="bbox 253 1065 1988 1240">
     <span class='ocr_line' id='line_1_42' title="bbox 253 1065 1988 1109; baseline -0.009 -3"><span class='ocrx_word' id='word_1_370' title='bbox 253 1089 358 1107; x_wconf 85' lang='lat' dir='ltr'>mauere</span> <span class='ocrx_word' id='word_1_371' title='bbox 376 1088 438 1105; x_wconf 89' lang='lat' dir='ltr'>rem.</span> <span class='ocrx_word' id='word_1_372' title='bbox 459 1077 488 1103; x_wconf 87' lang='lat' dir='ltr'>fr.</span> <span class='ocrx_word' id='word_1_373' title='bbox 511 1078 532 1103; x_wconf 95' lang='lat'>1.</span> <span class='ocrx_word' id='word_1_374' title='bbox 552 1076 574 1109; x_wconf 90' lang='lat'>5.</span> <span class='ocrx_word' id='word_1_375' title='bbox 592 1077 612 1102; x_wconf 88' lang='lat'>1.</span> <span class='ocrx_word' id='word_1_376' title='bbox 633 1075 665 1101; x_wconf 91' lang='lat' dir='ltr'>de</span> <span class='ocrx_word' id='word_1_377' title='bbox 685 1074 728 1100; x_wconf 73' lang='lat' dir='ltr'>off.</span> <span class='ocrx_word' id='word_1_378' title='bbox 747 1074 823 1100; x_wconf 88' lang='lat' dir='ltr'>Proc.</span> <span class='ocrx_word' id='word_1_379' title='bbox 839 1073 916 1100; x_wconf 74' lang='lat' dir='ltr'>Caes.</span> <span class='ocrx_word' id='word_1_380' title='bbox 932 1074 954 1098; x_wconf 97' lang='lat' dir='ltr'>l.</span> <span class='ocrx_word' id='word_1_381' title='bbox 970 1074 1009 1098; x_wconf 81' lang='lat'>19.</span> <span class='ocrx_word' id='word_1_382' title='bbox 1030 1071 1060 1098; x_wconf 82' lang='lat' dir='ltr'>fr.</span> <span class='ocrx_word' id='word_1_383' title='bbox 1075 1072 1099 1097; x_wconf 88' lang='lat'>9.</span> <span class='ocrx_word' id='word_1_384' title='bbox 1120 1074 1122 1107; x_wconf 49' lang='lat' dir='ltr'>l</span> <span class='ocrx_word' id='word_1_385' title='bbox 1144 1068 1235 1094; x_wconf 84' lang='lat' dir='ltr'>fusam.</span> <span class='ocrx_word' id='word_1_386' title='bbox 1261 1068 1290 1094; x_wconf 89' lang='lat' dir='ltr'>fr.</span> <span class='ocrx_word' id='word_1_387' title='bbox 1310 1069 1351 1093; x_wconf 66' lang='lat'>24.</span> <span class='ocrx_word' id='word_1_388' title='bbox 1372 1067 1404 1093; x_wconf 87' lang='lat' dir='ltr'>de</span> <span class='ocrx_word' id='word_1_389' title='bbox 1423 1077 1456 1093; x_wconf 91' lang='lat' dir='ltr'>m.</span> <span class='ocrx_word' id='word_1_390' title='bbox 1477 1077 1497 1093; x_wconf 88' lang='lat' dir='ltr'>c.</span> <span class='ocrx_word' id='word_1_391' title='bbox 1522 1066 1581 1094; x_wconf 85' lang='lat' dir='ltr'>don.</span> <span class='ocrx_word' id='word_1_392' title='bbox 1601 1069 1642 1094; x_wconf 84' lang='lat'>39.</span> <span class='ocrx_word' id='word_1_393' title='bbox 1663 1069 1687 1095; x_wconf 84' lang='lat'>6.</span> <span class='ocrx_word' id='word_1_394' title='bbox 1725 1067 1780 1094; x_wconf 77' lang='lat' dir='ltr'>Nec</span> <span class='ocrx_word' id='word_1_395' title='bbox 1800 1068 1826 1093; x_wconf 88' lang='lat' dir='ltr'>in</span> <span class='ocrx_word' id='word_1_396' title='bbox 1846 1065 1988 1093; x_wconf 86' lang='lat' dir='ltr'>Falcidiam</span> 
     </span>
     <span class='ocr_line' id='line_1_43' title="bbox 253 1108 1987 1158; baseline -0.007 -10"><span class='ocrx_word' id='word_1_397' title='bbox 253 1124 291 1157; x_wconf 83' lang='lat'>55.</span> <span class='ocrx_word' id='word_1_398' title='bbox 313 1124 335 1148; x_wconf 90' lang='lat'>7.</span> <span class='ocrx_word' id='word_1_399' title='bbox 355 1131 395 1158; x_wconf 89' lang='lat' dir='ltr'>sq.</span> <span class='ocrx_word' id='word_1_400' title='bbox 416 1120 448 1147; x_wconf 86' lang='lat' dir='ltr'>de</span> <span class='ocrx_word' id='word_1_401' title='bbox 468 1120 498 1146; x_wconf 95' lang='lat' dir='ltr'>A.</span> <span class='ocrx_word' id='word_1_402' title='bbox 519 1119 550 1146; x_wconf 84' lang='lat' dir='ltr'>R.</span> <span class='ocrx_word' id='word_1_403' title='bbox 570 1118 603 1145; x_wconf 92' lang='lat' dir='ltr'>D.</span> <span class='ocrx_word' id='word_1_404' title='bbox 623 1120 664 1144; x_wconf 82' lang='lat'>41.</span> <span class='ocrx_word' id='word_1_405' title='bbox 687 1119 709 1144; x_wconf 88' lang='lat'>1.</span> <span class='ocrx_word' id='word_1_406' title='bbox 746 1116 787 1143; x_wconf 92' lang='lat'>111.</span> <span class='ocrx_word' id='word_1_407' title='bbox 807 1117 874 1144; x_wconf 74' lang='lat' dir='ltr'>Cn.</span> <span class='ocrx_word' id='word_1_408' title='bbox 894 1115 1036 1146; x_wconf 81' lang='lat' dir='ltr'>Relevatis,</span> <span class='ocrx_word' id='word_1_409' title='bbox 1057 1113 1100 1140; x_wconf 86' lang='lat' dir='ltr'>vel</span> <span class='ocrx_word' id='word_1_410' title='bbox 1144 1112 1267 1148; x_wconf 87' lang='lat' dir='ltr'>imputari</span> <span class='ocrx_word' id='word_1_411' title='bbox 1282 1120 1370 1148; x_wconf 78' lang='lat' dir='ltr'>posse,</span> <span class='ocrx_word' id='word_1_412' title='bbox 1390 1111 1440 1136; x_wconf 88' lang='lat' dir='ltr'>iam</span> <span class='ocrx_word' id='word_1_413' title='bbox 1454 1110 1522 1136; x_wconf 85' lang='lat' dir='ltr'>enim</span> <span class='ocrx_word' id='word_1_414' title='bbox 1536 1110 1696 1137; x_wconf 86' lang='lat' dir='ltr'>transfusum</span> <span class='ocrx_word' id='word_1_415' title='bbox 1709 1110 1822 1146; x_wconf 80' lang='lat' dir='ltr'>legatum</span> <span class='ocrx_word' id='word_1_416' title='bbox 1836 1119 1904 1136; x_wconf 86' lang='lat' dir='ltr'>esse.</span> <span class='ocrx_word' id='word_1_417' title='bbox 1923 1108 1953 1136; x_wconf 86' lang='lat' dir='ltr'>fr.</span> <span class='ocrx_word' id='word_1_418' title='bbox 1965 1109 1987 1134; x_wconf 92' lang='lat' dir='ltr'>l.</span> 
     </span>
     <span class='ocr_line' id='line_1_44' title="bbox 255 1152 1988 1196; baseline -0.009 -4"><span class='ocrx_word' id='word_1_419' title='bbox 255 1166 393 1195; x_wconf 76' lang='lat' dir='ltr'>adaeratis,</span> <span class='ocrx_word' id='word_1_420' title='bbox 413 1163 455 1190; x_wconf 88' lang='lat' dir='ltr'>vel</span> <span class='ocrx_word' id='word_1_421' title='bbox 475 1163 588 1193; x_wconf 81' lang='lat' dir='ltr'>donatis,</span> <span class='ocrx_word' id='word_1_422' title='bbox 607 1160 650 1187; x_wconf 84' lang='lat' dir='ltr'>vel</span> <span class='ocrx_word' id='word_1_423' title='bbox 670 1160 803 1186; x_wconf 80' lang='lat' dir='ltr'>translatis</span> <span class='ocrx_word' id='word_1_424' title='bbox 816 1157 1035 1196; x_wconf 80' lang='lat' dir='ltr'>possessionibus</span> <span class='ocrx_word' id='word_1_425' title='bbox 1051 1157 1101 1190; x_wconf 92' lang='lat' dir='ltr'>(in-</span> <span class='ocrx_word' id='word_1_426' title='bbox 1122 1171 1123 1193; x_wconf 34' lang='grc' dir='ltr'>ἢ</span> <span class='ocrx_word' id='word_1_427' title='bbox 1144 1155 1167 1188; x_wconf 90' lang='grc'>9.</span> <span class='ocrx_word' id='word_1_428' title='bbox 1187 1158 1210 1180; x_wconf 75' lang='grc'>8.</span> <span class='ocrx_word' id='word_1_429' title='bbox 1234 1154 1265 1180; x_wconf 79' lang='lat' dir='ltr'>ad</span> <span class='ocrx_word' id='word_1_430' title='bbox 1284 1153 1315 1180; x_wconf 85' lang='lat' dir='ltr'>L.</span> <span class='ocrx_word' id='word_1_431' title='bbox 1336 1153 1405 1180; x_wconf 77' lang='lat' dir='ltr'>Fale.</span> <span class='ocrx_word' id='word_1_432' title='bbox 1425 1155 1467 1179; x_wconf 83' lang='lat'>35.</span> <span class='ocrx_word' id='word_1_433' title='bbox 1487 1156 1510 1179; x_wconf 86' lang='lat'>2.</span> <span class='ocrx_word' id='word_1_434' title='bbox 1531 1152 1564 1179; x_wconf 93' lang='lat' dir='ltr'>cf.</span> <span class='ocrx_word' id='word_1_435' title='bbox 1588 1152 1618 1179; x_wconf 88' lang='lat' dir='ltr'>fr.</span> <span class='ocrx_word' id='word_1_436' title='bbox 1639 1155 1662 1179; x_wconf 96' lang='lat'>1.</span> <span class='ocrx_word' id='word_1_437' title='bbox 1685 1152 1718 1179; x_wconf 86' lang='lat' dir='ltr'>de</span> <span class='ocrx_word' id='word_1_438' title='bbox 1741 1163 1811 1190; x_wconf 89' lang='lat' dir='ltr'>penu</span> <span class='ocrx_word' id='word_1_439' title='bbox 1834 1152 1883 1189; x_wconf 82' lang='lat' dir='ltr'>leg.</span> <span class='ocrx_word' id='word_1_440' title='bbox 1902 1153 1944 1178; x_wconf 82' lang='lat'>33.</span> <span class='ocrx_word' id='word_1_441' title='bbox 1963 1152 1988 1178; x_wconf 83' lang='lat'>9.</span> 
     </span>
     <span class='ocr_line' id='line_1_45' title="bbox 255 1193 1988 1240; baseline -0.008 -5"><span class='ocrx_word' id='word_1_442' title='bbox 255 1209 368 1240; x_wconf 84' lang='lat' dir='ltr'>dicere.)</span> <span class='ocrx_word' id='word_1_443' title='bbox 390 1206 454 1233; x_wconf 74' lang='lat' dir='ltr'>Nov.</span> <span class='ocrx_word' id='word_1_444' title='bbox 476 1205 526 1232; x_wconf 92' lang='lat' dir='ltr'>Th.</span> <span class='ocrx_word' id='word_1_445' title='bbox 546 1204 575 1231; x_wconf 89' lang='lat' dir='ltr'>lt.</span> <span class='ocrx_word' id='word_1_446' title='bbox 596 1204 628 1231; x_wconf 86' lang='lat' dir='ltr'>de</span> <span class='ocrx_word' id='word_1_447' title='bbox 648 1203 754 1230; x_wconf 85' lang='lat' dir='ltr'>relevat.</span> <span class='ocrx_word' id='word_1_448' title='bbox 774 1201 792 1228; x_wconf 92' lang='lat'>1.</span> <span class='ocrx_word' id='word_1_449' title='bbox 812 1203 854 1227; x_wconf 77' lang='lat'>25.</span> <span class='ocrx_word' id='word_1_450' title='bbox 875 1211 895 1227; x_wconf 88' lang='lat' dir='ltr'>c.</span> <span class='ocrx_word' id='word_1_451' title='bbox 918 1203 938 1227; x_wconf 75' lang='lat'>1,</span> <span class='ocrx_word' id='word_1_452' title='bbox 958 1201 996 1234; x_wconf 86' lang='lat'>55.</span> <span class='ocrx_word' id='word_1_453' title='bbox 1015 1202 1040 1226; x_wconf 76' lang='lat'>2.</span> <span class='ocrx_word' id='word_1_454' title='bbox 1060 1209 1100 1236; x_wconf 88' lang='lat' dir='ltr'>sq.</span> <span class='ocrx_word' id='word_1_455' title='bbox 1122 1218 1123 1231; x_wconf 55' lang='grc'>,</span> <span class='ocrx_word' id='word_1_456' title='bbox 1145 1214 1177 1218; x_wconf 92' lang='grc'>-</span> <span class='ocrx_word' id='word_1_457' title='bbox 1198 1198 1228 1231; x_wconf 83' lang='lat'>§.</span> <span class='ocrx_word' id='word_1_458' title='bbox 1243 1199 1278 1223; x_wconf 69' lang='lat'>2.</span> <span class='ocrx_word' id='word_1_459' title='bbox 1302 1198 1550 1223; x_wconf 74' lang='lat' dir='ltr'>Transmittere.</span> <span class='ocrx_word' id='word_1_460' title='bbox 1587 1195 1605 1222; x_wconf 77' lang='lat'>1.</span> <span class='ocrx_word' id='word_1_461' title='bbox 1627 1196 1688 1230; x_wconf 77' lang='lat' dir='ltr'>Sy.</span> <span class='ocrx_word' id='word_1_462' title='bbox 1707 1195 1871 1222; x_wconf 87' lang='lat' dir='ltr'>Transferre.</span> <span class='ocrx_word' id='word_1_463' title='bbox 1892 1194 1943 1221; x_wconf 91' lang='lat' dir='ltr'>Th.</span> <span class='ocrx_word' id='word_1_464' title='bbox 1957 1193 1988 1221; x_wconf 88' lang='lat' dir='ltr'>C.</span> 
     </span>
    </p>
   </div>
   <div class='ocr_carea' id='block_1_14' title="bbox 205 1239 1143 2873">
    <p class='ocr_par' dir='ltr' id='par_1_17' title="bbox 205 1239 1143 2873">
     <span class='ocr_line' id='line_1_46' title="bbox 256 1239 1124 1288; baseline -0.013 -10"><span class='ocrx_word' id='word_1_465' title='bbox 256 1251 297 1279; x_wconf 74' lang='lat' dir='ltr'>Cf.</span> <span class='ocrx_word' id='word_1_466' title='bbox 318 1250 367 1277; x_wconf 83' lang='lat' dir='ltr'>Th.</span> <span class='ocrx_word' id='word_1_467' title='bbox 383 1250 412 1276; x_wconf 89' lang='lat' dir='ltr'>C.</span> <span class='ocrx_word' id='word_1_468' title='bbox 427 1249 472 1276; x_wconf 84' lang='lat' dir='ltr'>XI.</span> <span class='ocrx_word' id='word_1_469' title='bbox 492 1251 534 1275; x_wconf 73' lang='lat'>22.</span> <span class='ocrx_word' id='word_1_470' title='bbox 555 1258 576 1274; x_wconf 91' lang='lat' dir='ltr'>c.</span> <span class='ocrx_word' id='word_1_471' title='bbox 598 1250 619 1274; x_wconf 85' lang='lat' dir='ltr'>l.</span> <span class='ocrx_word' id='word_1_472' title='bbox 640 1257 672 1273; x_wconf 87' lang='lat' dir='ltr'>ne</span> <span class='ocrx_word' id='word_1_473' title='bbox 692 1245 779 1272; x_wconf 84' lang='lat' dir='ltr'>collat.</span> <span class='ocrx_word' id='word_1_474' title='bbox 801 1243 918 1270; x_wconf 77' lang='lat' dir='ltr'>translat.</span> <span class='ocrx_word' id='word_1_475' title='bbox 955 1243 1021 1270; x_wconf 85' lang='lat' dir='ltr'>Rem</span> <span class='ocrx_word' id='word_1_476' title='bbox 1041 1242 1102 1268; x_wconf 87' lang='lat' dir='ltr'>alie-</span> <span class='ocrx_word' id='word_1_477' title='bbox 1122 1239 1124 1288; x_wconf 39' lang='lat' dir='ltr'>l</span> 
     </span>
     <span class='ocr_line' id='line_1_47' title="bbox 205 1287 1124 1329; baseline -0.012 -7"><span class='ocrx_word' id='word_1_478' title='bbox 205 1295 210 1299; x_wconf 73' lang='grc'>’</span> <span class='ocrx_word' id='word_1_479' title='bbox 255 1304 314 1322; x_wconf 86' lang='lat' dir='ltr'>nam</span> <span class='ocrx_word' id='word_1_480' title='bbox 334 1293 365 1320; x_wconf 88' lang='lat' dir='ltr'>ad</span> <span class='ocrx_word' id='word_1_481' title='bbox 385 1292 498 1329; x_wconf 84' lang='lat' dir='ltr'>aliquem</span> <span class='ocrx_word' id='word_1_482' title='bbox 519 1290 669 1321; x_wconf 72' lang='lat' dir='ltr'>transferre.</span> <span class='ocrx_word' id='word_1_483' title='bbox 693 1294 717 1315; x_wconf 81' lang='lat' dir='ltr'>et</span> <span class='ocrx_word' id='word_1_484' title='bbox 737 1287 842 1314; x_wconf 74' lang='lat' dir='ltr'>efficere</span> <span class='ocrx_word' id='word_1_485' title='bbox 862 1292 891 1313; x_wconf 85' lang='lat' dir='ltr'>ut</span> <span class='ocrx_word' id='word_1_486' title='bbox 910 1298 923 1313; x_wconf 86' lang='lat' dir='ltr'>a</span> <span class='ocrx_word' id='word_1_487' title='bbox 942 1294 1101 1324; x_wconf 76' lang='lat' dir='ltr'>possessore</span> <span class='ocrx_word' id='word_1_488' title='bbox 1122 1289 1124 1302; x_wconf 72' lang='grc'>”</span> 
     </span>
     <span class='ocr_line' id='line_1_48' title="bbox 256 1304 1125 1374; baseline -0.012 -10"><span class='ocrx_word' id='word_1_489' title='bbox 256 1338 433 1374; x_wconf 77' lang='lat' dir='ltr'>usucapiatur.</span> <span class='ocrx_word' id='word_1_490' title='bbox 459 1335 516 1361; x_wconf 86' lang='lat' dir='ltr'>Gai.</span> <span class='ocrx_word' id='word_1_491' title='bbox 536 1334 566 1360; x_wconf 93' lang='lat'>11.</span> <span class='ocrx_word' id='word_1_492' title='bbox 587 1335 628 1359; x_wconf 89' lang='lat'>50.</span> <span class='ocrx_word' id='word_1_493' title='bbox 648 1342 686 1368; x_wconf 89' lang='lat' dir='ltr'>sq.</span> <span class='ocrx_word' id='word_1_494' title='bbox 724 1330 804 1357; x_wconf 62' lang='lat' dir='ltr'>*Nullo</span> <span class='ocrx_word' id='word_1_495' title='bbox 825 1339 914 1356; x_wconf 90' lang='lat' dir='ltr'>eorum</span> <span class='ocrx_word' id='word_1_496' title='bbox 934 1329 1026 1361; x_wconf 77' lang='lat' dir='ltr'>modo,</span> <span class='ocrx_word' id='word_1_497' title='bbox 1047 1329 1103 1365; x_wconf 87' lang='lat' dir='ltr'>qui·</span> <span class='ocrx_word' id='word_1_498' title='bbox 1122 1304 1125 1359; x_wconf 75' lang='lat' dir='ltr'>l</span> 
     </span>
     <span class='ocr_line' id='line_1_49' title="bbox 257 1367 1125 1415; baseline -0.013 -7"><span class='ocrx_word' id='word_1_499' title='bbox 257 1382 307 1408; x_wconf 87' lang='lat' dir='ltr'>bus</span> <span class='ocrx_word' id='word_1_500' title='bbox 333 1390 374 1406; x_wconf 86' lang='lat' dir='ltr'>res</span> <span class='ocrx_word' id='word_1_501' title='bbox 394 1377 547 1415; x_wconf 73' lang='lat' dir='ltr'>corporales</span> <span class='ocrx_word' id='word_1_502' title='bbox 566 1376 597 1403; x_wconf 84' lang='lat' dir='ltr'>ad</span> <span class='ocrx_word' id='word_1_503' title='bbox 623 1375 701 1402; x_wconf 90' lang='lat' dir='ltr'>alium</span> <span class='ocrx_word' id='word_1_504' title='bbox 726 1373 926 1400; x_wconf 82' lang='lat' dir='ltr'>transferuntur.</span> <span class='ocrx_word' id='word_1_505' title='bbox 953 1372 987 1399; x_wconf 91' lang='lat' dir='ltr'>ld.</span> <span class='ocrx_word' id='word_1_506' title='bbox 1009 1372 1040 1399; x_wconf 94' lang='lat'>11.</span> <span class='ocrx_word' id='word_1_507' title='bbox 1059 1372 1102 1398; x_wconf 87' lang='lat'>38.</span> <span class='ocrx_word' id='word_1_508' title='bbox 1124 1367 1125 1384; x_wconf 60' lang='lat'><em>³</em></span> 
     </span>
     <span class='ocr_line' id='line_1_50' title="bbox 257 1393 1125 1454; baseline -0.014 -3"><span class='ocrx_word' id='word_1_509' title='bbox 257 1424 289 1451; x_wconf 89' lang='lat' dir='ltr'>cf.</span> <span class='ocrx_word' id='word_1_510' title='bbox 301 1426 344 1450; x_wconf 77' lang='lat'>22.</span> <span class='ocrx_word' id='word_1_511' title='bbox 363 1422 405 1449; x_wconf 90' lang='lat'>111.</span> <span class='ocrx_word' id='word_1_512' title='bbox 418 1423 460 1448; x_wconf 82' lang='lat'>85.</span> <span class='ocrx_word' id='word_1_513' title='bbox 490 1419 560 1446; x_wconf 85' lang='lat' dir='ltr'>Dolo</span> <span class='ocrx_word' id='word_1_514' title='bbox 575 1418 641 1445; x_wconf 89' lang='lat' dir='ltr'>malo</span> <span class='ocrx_word' id='word_1_515' title='bbox 656 1418 687 1445; x_wconf 89' lang='lat' dir='ltr'>ad</span> <span class='ocrx_word' id='word_1_516' title='bbox 702 1418 780 1444; x_wconf 85' lang='lat' dir='ltr'>alium</span> <span class='ocrx_word' id='word_1_517' title='bbox 800 1417 999 1454; x_wconf 86' lang='lat' dir='ltr'>possessionem</span> <span class='ocrx_word' id='word_1_518' title='bbox 1019 1420 1104 1441; x_wconf 89' lang='lat' dir='ltr'>trans·</span> <span class='ocrx_word' id='word_1_519' title='bbox 1123 1393 1125 1444; x_wconf 76' lang='lat' dir='ltr'>l</span> 
     </span>
     <span class='ocr_line' id='line_1_51' title="bbox 257 1459 1126 1494; baseline -0.013 0"><span class='ocrx_word' id='word_1_520' title='bbox 257 1466 361 1494; x_wconf 86' lang='lat' dir='ltr'>tulisse.</span> <span class='ocrx_word' id='word_1_521' title='bbox 381 1464 418 1491; x_wconf 90' lang='lat' dir='ltr'>ld.</span> <span class='ocrx_word' id='word_1_522' title='bbox 433 1463 476 1490; x_wconf 84' lang='lat' dir='ltr'>lv.</span> <span class='ocrx_word' id='word_1_523' title='bbox 491 1464 547 1489; x_wconf 91' lang='lat'>177.</span> <span class='ocrx_word' id='word_1_524' title='bbox 577 1463 703 1488; x_wconf 83' lang='lat' dir='ltr'>Actiones</span> <span class='ocrx_word' id='word_1_525' title='bbox 723 1460 896 1486; x_wconf 79' lang='lat' dir='ltr'>hereditariae</span> <span class='ocrx_word' id='word_1_526' title='bbox 916 1460 939 1485; x_wconf 87' lang='lat' dir='ltr'>ei</span> <span class='ocrx_word' id='word_1_527' title='bbox 959 1463 985 1485; x_wconf 88' lang='lat' dir='ltr'>et</span> <span class='ocrx_word' id='word_1_528' title='bbox 1004 1459 1030 1484; x_wconf 89' lang='lat' dir='ltr'>in</span> <span class='ocrx_word' id='word_1_529' title='bbox 1045 1468 1103 1484; x_wconf 90' lang='lat' dir='ltr'>eum</span> <span class='ocrx_word' id='word_1_530' title='bbox 1124 1466 1126 1490; x_wconf 56' lang='lat'>4*</span> 
     </span>
     <span class='ocr_line' id='line_1_52' title="bbox 259 1501 1102 1542; baseline -0.013 -5"><span class='ocrx_word' id='word_1_531' title='bbox 259 1509 465 1538; x_wconf 81' lang='lat' dir='ltr'>transferuntur,</span> <span class='ocrx_word' id='word_1_532' title='bbox 485 1506 547 1542; x_wconf 85' lang='lat' dir='ltr'>(qui</span> <span class='ocrx_word' id='word_1_533' title='bbox 567 1505 696 1541; x_wconf 84' lang='lat' dir='ltr'>receperit</span> <span class='ocrx_word' id='word_1_534' title='bbox 716 1503 912 1535; x_wconf 78' lang='lat' dir='ltr'>hereditatem.)</span> <span class='ocrx_word' id='word_1_535' title='bbox 937 1501 973 1528; x_wconf 90' lang='lat' dir='ltr'>Id.</span> <span class='ocrx_word' id='word_1_536' title='bbox 993 1501 1024 1527; x_wconf 94' lang='lat'>11.</span> <span class='ocrx_word' id='word_1_537' title='bbox 1043 1503 1102 1527; x_wconf 71' lang='lat'>258.</span> 
     </span>
     <span class='ocr_line' id='line_1_53' title="bbox 259 1544 1103 1582; baseline -0.012 -2"><span class='ocrx_word' id='word_1_538' title='bbox 259 1553 301 1580; x_wconf 87' lang='lat' dir='ltr'>Ad</span> <span class='ocrx_word' id='word_1_539' title='bbox 320 1550 444 1578; x_wconf 85' lang='lat' dir='ltr'>heredem</span> <span class='ocrx_word' id='word_1_540' title='bbox 469 1559 543 1575; x_wconf 89' lang='lat' dir='ltr'>suum</span> <span class='ocrx_word' id='word_1_541' title='bbox 569 1548 710 1574; x_wconf 78' lang='lat' dir='ltr'>transferre</span> <span class='ocrx_word' id='word_1_542' title='bbox 730 1546 849 1582; x_wconf 82' lang='lat' dir='ltr'>legatum.</span> <span class='ocrx_word' id='word_1_543' title='bbox 875 1545 905 1572; x_wconf 90' lang='lat' dir='ltr'>fr.</span> <span class='ocrx_word' id='word_1_544' title='bbox 925 1547 948 1571; x_wconf 97' lang='lat'>4.</span> <span class='ocrx_word' id='word_1_545' title='bbox 968 1555 1008 1582; x_wconf 89' lang='lat' dir='ltr'>pr.</span> <span class='ocrx_word' id='word_1_546' title='bbox 1029 1544 1059 1571; x_wconf 89' lang='lat' dir='ltr'>fr.</span> <span class='ocrx_word' id='word_1_547' title='bbox 1078 1546 1103 1570; x_wconf 86' lang='lat'>5.</span> 
     </span>
     <span class='ocr_line' id='line_1_54' title="bbox 260 1586 1127 1635; baseline -0.012 -12"><span class='ocrx_word' id='word_1_548' title='bbox 260 1607 298 1635; x_wconf 90' lang='lat' dir='ltr'>pr.</span> <span class='ocrx_word' id='word_1_549' title='bbox 320 1596 371 1631; x_wconf 94' lang='lat' dir='ltr'>Qu.</span> <span class='ocrx_word' id='word_1_550' title='bbox 391 1593 448 1620; x_wconf 82' lang='lat' dir='ltr'>dies</span> <span class='ocrx_word' id='word_1_551' title='bbox 467 1592 542 1628; x_wconf 78' lang='lat' dir='ltr'>legat.</span> <span class='ocrx_word' id='word_1_552' title='bbox 556 1593 597 1617; x_wconf 85' lang='lat'>36.</span> <span class='ocrx_word' id='word_1_553' title='bbox 611 1592 634 1617; x_wconf 73' lang='lat'>2,</span> <span class='ocrx_word' id='word_1_554' title='bbox 672 1590 731 1616; x_wconf 73' lang='lat' dir='ltr'>Nun</span> <span class='ocrx_word' id='word_1_555' title='bbox 751 1589 809 1616; x_wconf 87' lang='lat' dir='ltr'>vult</span> <span class='ocrx_word' id='word_1_556' title='bbox 828 1589 905 1615; x_wconf 86' lang='lat' dir='ltr'>heres</span> <span class='ocrx_word' id='word_1_557' title='bbox 925 1598 993 1620; x_wconf 85' lang='lat' dir='ltr'>esse,</span> <span class='ocrx_word' id='word_1_558' title='bbox 1014 1588 1058 1624; x_wconf 86' lang='lat' dir='ltr'>qui</span> <span class='ocrx_word' id='word_1_559' title='bbox 1073 1586 1104 1613; x_wconf 92' lang='lat' dir='ltr'>ad</span> <span class='ocrx_word' id='word_1_560' title='bbox 1126 1587 1127 1620; x_wconf 58' lang='lat' dir='ltr'>l</span> 
     </span>
     <span class='ocr_line' id='line_1_55' title="bbox 260 1630 1104 1666; baseline -0.012 0"><span class='ocrx_word' id='word_1_561' title='bbox 260 1639 338 1666; x_wconf 85' lang='lat' dir='ltr'>alium</span> <span class='ocrx_word' id='word_1_562' title='bbox 357 1636 500 1664; x_wconf 79' lang='lat' dir='ltr'>transferre</span> <span class='ocrx_word' id='word_1_563' title='bbox 519 1634 603 1661; x_wconf 87' lang='lat' dir='ltr'>voluit</span> <span class='ocrx_word' id='word_1_564' title='bbox 623 1633 802 1660; x_wconf 75' lang='lat' dir='ltr'>hereditatem.</span> <span class='ocrx_word' id='word_1_565' title='bbox 826 1632 855 1658; x_wconf 89' lang='lat' dir='ltr'>fr.</span> <span class='ocrx_word' id='word_1_566' title='bbox 875 1633 899 1657; x_wconf 91' lang='lat'>6.</span> <span class='ocrx_word' id='word_1_567' title='bbox 919 1631 951 1658; x_wconf 90' lang='lat' dir='ltr'>de</span> <span class='ocrx_word' id='word_1_568' title='bbox 971 1631 1003 1657; x_wconf 84' lang='lat' dir='ltr'>R.</span> <span class='ocrx_word' id='word_1_569' title='bbox 1024 1630 1042 1656; x_wconf 90' lang='lat'>1.</span> <span class='ocrx_word' id='word_1_570' title='bbox 1063 1632 1104 1656; x_wconf 87' lang='lat'>50.</span> 
     </span>
     <span class='ocr_line' id='line_1_56' title="bbox 262 1674 1129 1714; baseline -0.013 -5"><span class='ocrx_word' id='word_1_571' title='bbox 262 1684 302 1709; x_wconf 94' lang='lat'>17.</span> <span class='ocrx_word' id='word_1_572' title='bbox 340 1681 428 1707; x_wconf 80' lang='lat' dir='ltr'>Onera</span> <span class='ocrx_word' id='word_1_573' title='bbox 448 1680 504 1705; x_wconf 85' lang='lat' dir='ltr'>eius</span> <span class='ocrx_word' id='word_1_574' title='bbox 520 1694 549 1697; x_wconf 93' lang='lat'><em>—</em></span> <span class='ocrx_word' id='word_1_575' title='bbox 565 1677 596 1703; x_wconf 84' lang='lat' dir='ltr'>ad</span> <span class='ocrx_word' id='word_1_576' title='bbox 616 1682 716 1714; x_wconf 85' lang='lat' dir='ltr'>patrem</span> <span class='ocrx_word' id='word_1_577' title='bbox 736 1676 887 1713; x_wconf 87' lang='lat' dir='ltr'>adoptivum</span> <span class='ocrx_word' id='word_1_578' title='bbox 903 1674 1105 1700; x_wconf 81' lang='lat' dir='ltr'>transferuntur.</span> <span class='ocrx_word' id='word_1_579' title='bbox 1127 1686 1129 1694; x_wconf 43' lang='grc' dir='ltr'><strong><em>π</em></strong></span> 
     </span>
     <span class='ocr_line' id='line_1_57' title="bbox 262 1717 1108 1758; baseline -0.012 -6"><span class='ocrx_word' id='word_1_580' title='bbox 262 1725 290 1752; x_wconf 89' lang='lat' dir='ltr'>fr.</span> <span class='ocrx_word' id='word_1_581' title='bbox 311 1727 352 1751; x_wconf 72' lang='lat'>45,</span> <span class='ocrx_word' id='word_1_582' title='bbox 373 1723 405 1750; x_wconf 86' lang='lat' dir='ltr'>de</span> <span class='ocrx_word' id='word_1_583' title='bbox 423 1722 512 1758; x_wconf 85' lang='lat' dir='ltr'>adopt.</span> <span class='ocrx_word' id='word_1_584' title='bbox 535 1723 556 1747; x_wconf 95' lang='lat'>1.</span> <span class='ocrx_word' id='word_1_585' title='bbox 578 1722 600 1746; x_wconf 88' lang='lat'>7.</span> <span class='ocrx_word' id='word_1_586' title='bbox 639 1720 692 1755; x_wconf 87' lang='lat' dir='ltr'>Qui</span> <span class='ocrx_word' id='word_1_587' title='bbox 714 1736 742 1739; x_wconf 97' lang='lat'><strong>—</strong></span> <span class='ocrx_word' id='word_1_588' title='bbox 769 1719 840 1745; x_wconf 86' lang='lat' dir='ltr'>litem</span> <span class='ocrx_word' id='word_1_589' title='bbox 865 1718 896 1744; x_wconf 91' lang='lat' dir='ltr'>ad</span> <span class='ocrx_word' id='word_1_590' title='bbox 921 1717 999 1743; x_wconf 85' lang='lat' dir='ltr'>alium</span> <span class='ocrx_word' id='word_1_591' title='bbox 1024 1721 1108 1742; x_wconf 85' lang='lat' dir='ltr'>traus-</span> 
     </span>
     <span class='ocr_line' id='line_1_58' title="bbox 262 1759 1106 1800; baseline -0.012 -5"><span class='ocrx_word' id='word_1_592' title='bbox 262 1769 325 1795; x_wconf 82' lang='lat' dir='ltr'>fcrt.</span> <span class='ocrx_word' id='word_1_593' title='bbox 351 1772 379 1794; x_wconf 84' lang='lat' dir='ltr'>ut</span> <span class='ocrx_word' id='word_1_594' title='bbox 403 1765 542 1792; x_wconf 81' lang='lat' dir='ltr'>molestum</span> <span class='ocrx_word' id='word_1_595' title='bbox 567 1763 745 1789; x_wconf 78' lang='lat' dir='ltr'>adversarium</span> <span class='ocrx_word' id='word_1_596' title='bbox 764 1772 813 1800; x_wconf 84' lang='lat' dir='ltr'>pro</span> <span class='ocrx_word' id='word_1_597' title='bbox 833 1772 862 1787; x_wconf 87' lang='lat' dir='ltr'>se</span> <span class='ocrx_word' id='word_1_598' title='bbox 881 1761 1012 1787; x_wconf 81' lang='lat' dir='ltr'>subiiciat.</span> <span class='ocrx_word' id='word_1_599' title='bbox 1032 1759 1062 1785; x_wconf 90' lang='lat' dir='ltr'>fr.</span> <span class='ocrx_word' id='word_1_600' title='bbox 1081 1761 1106 1785; x_wconf 83' lang='grc'>4.</span> 
     </span>
     <span class='ocr_line' id='line_1_59' title="bbox 263 1801 1130 1845; baseline -0.013 -7"><span class='ocrx_word' id='word_1_601' title='bbox 263 1812 285 1845; x_wconf 84' lang='grc'>9.</span> <span class='ocrx_word' id='word_1_602' title='bbox 308 1813 327 1837; x_wconf 94' lang='lat'>1.</span> <span class='ocrx_word' id='word_1_603' title='bbox 349 1810 381 1837; x_wconf 92' lang='lat' dir='ltr'>de</span> <span class='ocrx_word' id='word_1_604' title='bbox 400 1808 475 1835; x_wconf 80' lang='lat' dir='ltr'>alien.</span> <span class='ocrx_word' id='word_1_605' title='bbox 501 1807 553 1834; x_wconf 90' lang='lat' dir='ltr'>iud.</span> <span class='ocrx_word' id='word_1_606' title='bbox 574 1811 636 1832; x_wconf 88' lang='lat' dir='ltr'>mut.</span> <span class='ocrx_word' id='word_1_607' title='bbox 657 1816 677 1832; x_wconf 91' lang='lat' dir='ltr'>c.</span> <span class='ocrx_word' id='word_1_608' title='bbox 697 1807 721 1832; x_wconf 69' lang='lat'>4.</span> <span class='ocrx_word' id='word_1_609' title='bbox 743 1807 765 1832; x_wconf 91' lang='lat'>7.</span> <span class='ocrx_word' id='word_1_610' title='bbox 803 1804 888 1831; x_wconf 86' lang='lat' dir='ltr'>Litem</span> <span class='ocrx_word' id='word_1_611' title='bbox 912 1805 939 1830; x_wconf 91' lang='lat' dir='ltr'>in</span> <span class='ocrx_word' id='word_1_612' title='bbox 962 1813 991 1830; x_wconf 90' lang='lat' dir='ltr'>se</span> <span class='ocrx_word' id='word_1_613' title='bbox 1016 1801 1107 1829; x_wconf 83' lang='lat' dir='ltr'>transf.</span> <span class='ocrx_word' id='word_1_614' title='bbox 1129 1812 1130 1819; x_wconf 61' lang='lat'>¹</span> 
     </span>
     <span class='ocr_line' id='line_1_60' title="bbox 264 1840 1130 1890; baseline -0.014 -10"><span class='ocrx_word' id='word_1_615' title='bbox 264 1854 293 1881; x_wconf 84' lang='lat' dir='ltr'>fr.</span> <span class='ocrx_word' id='word_1_616' title='bbox 316 1855 355 1879; x_wconf 91' lang='lat'>17.</span> <span class='ocrx_word' id='word_1_617' title='bbox 375 1862 414 1890; x_wconf 90' lang='lat' dir='ltr'>pr.</span> <span class='ocrx_word' id='word_1_618' title='bbox 435 1852 467 1878; x_wconf 89' lang='lat' dir='ltr'>de</span> <span class='ocrx_word' id='word_1_619' title='bbox 486 1860 559 1888; x_wconf 85' lang='lat' dir='ltr'>proc.</span> <span class='ocrx_word' id='word_1_620' title='bbox 579 1851 603 1876; x_wconf 97' lang='lat'>3.</span> <span class='ocrx_word' id='word_1_621' title='bbox 623 1850 647 1875; x_wconf 82' lang='lat'>3.</span> <span class='ocrx_word' id='word_1_622' title='bbox 1129 1840 1130 1843; x_wconf 36' lang='lat'>¹</span> 
     </span>
     <span class='ocr_line' id='line_1_61' title="bbox 300 1892 1108 1928; baseline -0.011 -5"><span class='ocrx_word' id='word_1_623' title='bbox 300 1895 606 1928; x_wconf 77' lang='lat' dir='ltr'>Transfigurare.</span> <span class='ocrx_word' id='word_1_624' title='bbox 644 1893 804 1927; x_wconf 77' lang='lat' dir='ltr'>Figuram</span> <span class='ocrx_word' id='word_1_625' title='bbox 827 1897 856 1917; x_wconf 76' lang='lat' dir='ltr'>et</span> <span class='ocrx_word' id='word_1_626' title='bbox 875 1892 1019 1927; x_wconf 81' lang='lat' dir='ltr'>formam</span> <span class='ocrx_word' id='word_1_627' title='bbox 1045 1898 1108 1915; x_wconf 82' lang='lat' dir='ltr'>mu-</span> 
     </span>
     <span class='ocr_line' id='line_1_62' title="bbox 265 1931 1108 1971; baseline -0.011 -4"><span class='ocrx_word' id='word_1_628' title='bbox 265 1947 342 1967; x_wconf 80' lang='lat' dir='ltr'>tare.</span> <span class='ocrx_word' id='word_1_629' title='bbox 381 1938 400 1965; x_wconf 90' lang='lat'>1.</span> <span class='ocrx_word' id='word_1_630' title='bbox 421 1939 482 1971; x_wconf 74' lang='lat' dir='ltr'>Sy.</span> <span class='ocrx_word' id='word_1_631' title='bbox 507 1936 626 1962; x_wconf 85' lang='lat' dir='ltr'>Formam</span> <span class='ocrx_word' id='word_1_632' title='bbox 646 1940 753 1961; x_wconf 85' lang='lat' dir='ltr'>mutare.</span> <span class='ocrx_word' id='word_1_633' title='bbox 780 1934 810 1961; x_wconf 88' lang='lat' dir='ltr'>fr.</span> <span class='ocrx_word' id='word_1_634' title='bbox 832 1936 871 1960; x_wconf 86' lang='lat'>13.</span> <span class='ocrx_word' id='word_1_635' title='bbox 891 1934 912 1968; x_wconf 86' lang='lat'>5.</span> <span class='ocrx_word' id='word_1_636' title='bbox 934 1935 956 1959; x_wconf 92' lang='lat' dir='ltr'>l.</span> <span class='ocrx_word' id='word_1_637' title='bbox 977 1932 1010 1959; x_wconf 86' lang='lat' dir='ltr'>de</span> <span class='ocrx_word' id='word_1_638' title='bbox 1030 1931 1061 1958; x_wconf 81' lang='lat' dir='ltr'>V.</span> <span class='ocrx_word' id='word_1_639' title='bbox 1081 1931 1108 1957; x_wconf 89' lang='lat' dir='ltr'>S.</span> 
     </span>
     <span class='ocr_line' id='line_1_63' title="bbox 266 1977 1110 2008; baseline -0.009 0"><span class='ocrx_word' id='word_1_640' title='bbox 266 1985 308 2008; x_wconf 82' lang='lat'>50.</span> <span class='ocrx_word' id='word_1_641' title='bbox 330 1983 368 2007; x_wconf 82' lang='lat'>16.</span> <span class='ocrx_word' id='word_1_642' title='bbox 406 1980 448 2007; x_wconf 94' lang='lat'>111.</span> <span class='ocrx_word' id='word_1_643' title='bbox 469 1981 534 2007; x_wconf 73' lang='lat' dir='ltr'>Gn.</span> <span class='ocrx_word' id='word_1_644' title='bbox 555 1980 745 2005; x_wconf 86' lang='lat' dir='ltr'>Ornamentum</span> <span class='ocrx_word' id='word_1_645' title='bbox 765 1977 938 2008; x_wconf 86' lang='lat' dir='ltr'>dissolutum,</span> <span class='ocrx_word' id='word_1_646' title='bbox 963 1981 1006 2002; x_wconf 86' lang='lat' dir='ltr'>aut</span> <span class='ocrx_word' id='word_1_647' title='bbox 1025 1980 1110 2001; x_wconf 84' lang='lat' dir='ltr'>trans-</span> 
     </span>
     <span class='ocr_line' id='line_1_64' title="bbox 267 2020 957 2061; baseline -0.01 -9"><span class='ocrx_word' id='word_1_648' title='bbox 267 2025 412 2061; x_wconf 68' lang='lat' dir='ltr'>figuratum.</span> <span class='ocrx_word' id='word_1_649' title='bbox 434 2023 463 2049; x_wconf 86' lang='lat' dir='ltr'>l&#39;r.</span> <span class='ocrx_word' id='word_1_650' title='bbox 486 2024 524 2048; x_wconf 77' lang='lat'>10.</span> <span class='ocrx_word' id='word_1_651' title='bbox 545 2022 558 2055; x_wconf 86' lang='lat'>5</span> <span class='ocrx_word' id='word_1_652' title='bbox 580 2023 603 2047; x_wconf 88' lang='grc'>6.</span> <span class='ocrx_word' id='word_1_653' title='bbox 625 2022 676 2056; x_wconf 92' lang='lat' dir='ltr'>Qu.</span> <span class='ocrx_word' id='word_1_654' title='bbox 697 2021 765 2047; x_wconf 89' lang='lat' dir='ltr'>mod.</span> <span class='ocrx_word' id='word_1_655' title='bbox 786 2020 869 2047; x_wconf 86' lang='lat' dir='ltr'>ususf.</span> <span class='ocrx_word' id='word_1_656' title='bbox 891 2021 913 2045; x_wconf 90' lang='lat'>7.</span> <span class='ocrx_word' id='word_1_657' title='bbox 933 2021 957 2045; x_wconf 82' lang='lat'>4.</span> 
     </span>
     <span class='ocr_line' id='line_1_65' title="bbox 303 2061 1134 2100; baseline -0.008 -6"><span class='ocrx_word' id='word_1_658' title='bbox 303 2067 562 2095; x_wconf 76' lang='lat' dir='ltr'>Transfluere.</span> <span class='ocrx_word' id='word_1_659' title='bbox 582 2064 746 2100; x_wconf 80' lang='lat' dir='ltr'>Efflnere,</span> <span class='ocrx_word' id='word_1_660' title='bbox 762 2064 979 2091; x_wconf 80' lang='lat' dir='ltr'>Praeterlahi.</span> <span class='ocrx_word' id='word_1_661' title='bbox 999 2061 1110 2095; x_wconf 75' lang='lat' dir='ltr'>lLOp.</span> <span class='ocrx_word' id='word_1_662' title='bbox 1132 2061 1134 2087; x_wconf 75' lang='lat' dir='ltr'>l</span> 
     </span>
     <span class='ocr_line' id='line_1_66' title="bbox 268 2103 1111 2146; baseline -0.009 -8"><span class='ocrx_word' id='word_1_663' title='bbox 268 2112 337 2138; x_wconf 84' lang='lat' dir='ltr'>Intra</span> <span class='ocrx_word' id='word_1_664' title='bbox 357 2111 418 2136; x_wconf 91' lang='lat' dir='ltr'>anni</span> <span class='ocrx_word' id='word_1_665' title='bbox 438 2109 529 2146; x_wconf 85' lang='lat' dir='ltr'>spatia.</span> <span class='ocrx_word' id='word_1_666' title='bbox 551 2124 580 2128; x_wconf 93' lang='lat'>—</span> <span class='ocrx_word' id='word_1_667' title='bbox 605 2107 634 2133; x_wconf 87' lang='lat' dir='ltr'>Si</span> <span class='ocrx_word' id='word_1_668' title='bbox 657 2108 806 2143; x_wconf 82' lang='lat' dir='ltr'>praestituti</span> <span class='ocrx_word' id='word_1_669' title='bbox 831 2106 957 2142; x_wconf 82' lang='lat' dir='ltr'>temporis</span> <span class='ocrx_word' id='word_1_670' title='bbox 982 2103 1111 2131; x_wconf 84' lang='lat' dir='ltr'>curricula</span> 
     </span>
     <span class='ocr_line' id='line_1_67' title="bbox 269 2148 1076 2184; baseline -0.01 -3"><span class='ocrx_word' id='word_1_671' title='bbox 269 2153 476 2181; x_wconf 80' lang='lat' dir='ltr'>transfluxeriut.</span> <span class='ocrx_word' id='word_1_672' title='bbox 497 2150 546 2177; x_wconf 90' lang='lat' dir='ltr'>Th.</span> <span class='ocrx_word' id='word_1_673' title='bbox 565 2150 596 2177; x_wconf 86' lang='lat' dir='ltr'>C.</span> <span class='ocrx_word' id='word_1_674' title='bbox 616 2149 661 2176; x_wconf 83' lang='lat' dir='ltr'>lX.</span> <span class='ocrx_word' id='word_1_675' title='bbox 679 2151 721 2176; x_wconf 74' lang='lat'>27.</span> <span class='ocrx_word' id='word_1_676' title='bbox 742 2159 762 2175; x_wconf 93' lang='lat' dir='ltr'>c.</span> <span class='ocrx_word' id='word_1_677' title='bbox 784 2151 807 2175; x_wconf 93' lang='lat'>7.</span> <span class='ocrx_word' id='word_1_678' title='bbox 827 2148 858 2175; x_wconf 84' lang='lat' dir='ltr'>ad</span> <span class='ocrx_word' id='word_1_679' title='bbox 878 2148 907 2174; x_wconf 90' lang='lat' dir='ltr'>L.</span> <span class='ocrx_word' id='word_1_680' title='bbox 926 2148 973 2174; x_wconf 89' lang='lat' dir='ltr'>lul.</span> <span class='ocrx_word' id='word_1_681' title='bbox 994 2152 1076 2184; x_wconf 79' lang='lat' dir='ltr'>repet.</span> 
     </span>
     <span class='ocr_line' id='line_1_68' title="bbox 306 2191 1112 2226; baseline -0.01 -3"><span class='ocrx_word' id='word_1_682' title='bbox 306 2196 612 2224; x_wconf 67' lang='lat' dir='ltr'>&#39;transfor-mare.</span> <span class='ocrx_word' id='word_1_683' title='bbox 649 2193 680 2226; x_wconf 59' lang='grc' dir='ltr'>ᾗ.</span> <span class='ocrx_word' id='word_1_684' title='bbox 698 2194 731 2219; x_wconf 86' lang='lat'>1.</span> <span class='ocrx_word' id='word_1_685' title='bbox 752 2194 971 2222; x_wconf 77' lang='lat' dir='ltr'>commutare,</span> <span class='ocrx_word' id='word_1_686' title='bbox 993 2191 1112 2217; x_wconf 81' lang='lat' dir='ltr'>Trans-</span> 
     </span>
     <span class='ocr_line' id='line_1_69' title="bbox 266 2233 1115 2276; baseline -0.009 -10"><span class='ocrx_word' id='word_1_687' title='bbox 266 2242 370 2276; x_wconf 80' lang='lat' dir='ltr'>ferre.</span> <span class='ocrx_word' id='word_1_688' title='bbox 405 2237 422 2264; x_wconf 77' lang='lat'>1.</span> <span class='ocrx_word' id='word_1_689' title='bbox 444 2239 505 2271; x_wconf 71' lang='lat' dir='ltr'>Sy.</span> <span class='ocrx_word' id='word_1_690' title='bbox 530 2236 681 2267; x_wconf 76' lang='lat' dir='ltr'>hummare,</span> <span class='ocrx_word' id='word_1_691' title='bbox 706 2235 871 2262; x_wconf 80' lang='lat' dir='ltr'>Convertere</span> <span class='ocrx_word' id='word_1_692' title='bbox 895 2233 942 2265; x_wconf 83' lang='lat' dir='ltr'>(ad</span> <span class='ocrx_word' id='word_1_693' title='bbox 963 2233 1041 2259; x_wconf 86' lang='lat' dir='ltr'>alium</span> <span class='ocrx_word' id='word_1_694' title='bbox 1060 2242 1115 2259; x_wconf 88' lang='lat' dir='ltr'>mo-</span> 
     </span>
     <span class='ocr_line' id='line_1_70' title="bbox 271 2276 1114 2314; baseline -0.009 -5"><span class='ocrx_word' id='word_1_695' title='bbox 271 2283 353 2314; x_wconf 86' lang='lat' dir='ltr'>dum)</span> <span class='ocrx_word' id='word_1_696' title='bbox 374 2281 404 2307; x_wconf 95' lang='lat' dir='ltr'>fr.</span> <span class='ocrx_word' id='word_1_697' title='bbox 420 2282 458 2306; x_wconf 78' lang='lat'>13.</span> <span class='ocrx_word' id='word_1_698' title='bbox 478 2281 500 2314; x_wconf 84' lang='lat'>5.</span> <span class='ocrx_word' id='word_1_699' title='bbox 515 2282 537 2306; x_wconf 91' lang='lat'>7.</span> <span class='ocrx_word' id='word_1_700' title='bbox 558 2279 590 2306; x_wconf 83' lang='lat' dir='ltr'>de</span> <span class='ocrx_word' id='word_1_701' title='bbox 610 2278 691 2306; x_wconf 83' lang='lat' dir='ltr'>usufr.</span> <span class='ocrx_word' id='word_1_702' title='bbox 706 2280 729 2305; x_wconf 92' lang='lat'>7.</span> <span class='ocrx_word' id='word_1_703' title='bbox 751 2280 770 2304; x_wconf 98' lang='lat' dir='ltr'>l.</span> <span class='ocrx_word' id='word_1_704' title='bbox 808 2277 851 2304; x_wconf 91' lang='lat'>111.</span> <span class='ocrx_word' id='word_1_705' title='bbox 864 2278 929 2304; x_wconf 73' lang='lat'>011.</span> <span class='ocrx_word' id='word_1_706' title='bbox 949 2276 977 2302; x_wconf 90' lang='lat' dir='ltr'>In</span> <span class='ocrx_word' id='word_1_707' title='bbox 997 2285 1114 2311; x_wconf 72' lang='lat' dir='ltr'>graecam</span> 
     </span>
     <span class='ocr_line' id='line_1_71' title="bbox 272 2318 1112 2356; baseline -0.01 -5"><span class='ocrx_word' id='word_1_708' title='bbox 272 2335 364 2351; x_wconf 80' lang='lat' dir='ltr'>vocem</span> <span class='ocrx_word' id='word_1_709' title='bbox 383 2323 474 2350; x_wconf 81' lang='lat' dir='ltr'>transf.</span> <span class='ocrx_word' id='word_1_710' title='bbox 495 2333 515 2349; x_wconf 91' lang='lat' dir='ltr'>c.</span> <span class='ocrx_word' id='word_1_711' title='bbox 535 2326 558 2348; x_wconf 74' lang='lat'>2.</span> <span class='ocrx_word' id='word_1_712' title='bbox 579 2324 599 2356; x_wconf 90' lang='lat'>5.</span> <span class='ocrx_word' id='word_1_713' title='bbox 620 2324 660 2349; x_wconf 77' lang='lat'>21.</span> <span class='ocrx_word' id='word_1_714' title='bbox 682 2321 714 2348; x_wconf 77' lang='lat' dir='ltr'>de</span> <span class='ocrx_word' id='word_1_715' title='bbox 733 2326 784 2348; x_wconf 82' lang='lat' dir='ltr'>vet.</span> <span class='ocrx_word' id='word_1_716' title='bbox 806 2322 861 2346; x_wconf 89' lang='lat' dir='ltr'>iure</span> <span class='ocrx_word' id='word_1_717' title='bbox 881 2318 966 2345; x_wconf 83' lang='lat' dir='ltr'>enucl.</span> <span class='ocrx_word' id='word_1_718' title='bbox 990 2321 1010 2344; x_wconf 91' lang='lat'>1.</span> <span class='ocrx_word' id='word_1_719' title='bbox 1028 2320 1066 2344; x_wconf 89' lang='lat'>17.</span> <span class='ocrx_word' id='word_1_720' title='bbox 1083 2335 1112 2338; x_wconf 94' lang='lat'><strong>—</strong></span> 
     </span>
     <span class='ocr_line' id='line_1_72' title="bbox 274 2359 1139 2402; baseline -0.012 -7"><span class='ocrx_word' id='word_1_721' title='bbox 274 2369 305 2402; x_wconf 63' lang='grc' dir='ltr'>ξ.</span> <span class='ocrx_word' id='word_1_722' title='bbox 330 2369 365 2394; x_wconf 65' lang='lat'>2.</span> <span class='ocrx_word' id='word_1_723' title='bbox 392 2368 592 2402; x_wconf 80' lang='lat' dir='ltr'>Reformare.</span> <span class='ocrx_word' id='word_1_724' title='bbox 634 2365 764 2392; x_wconf 74' lang='lat' dir='ltr'>111.‘Cn.</span> <span class='ocrx_word' id='word_1_725' title='bbox 789 2364 948 2390; x_wconf 82' lang='lat' dir='ltr'>Iustiniauus</span> <span class='ocrx_word' id='word_1_726' title='bbox 974 2361 1059 2387; x_wconf 78' lang='lat' dir='ltr'>codex</span> <span class='ocrx_word' id='word_1_727' title='bbox 1084 2377 1113 2381; x_wconf 81' lang='grc'>-</span> <span class='ocrx_word' id='word_1_728' title='bbox 1138 2359 1139 2362; x_wconf 69' lang='grc'>’</span> 
     </span>
     <span class='ocr_line' id='line_1_73' title="bbox 274 2403 1117 2448; baseline -0.009 -11"><span class='ocrx_word' id='word_1_729' title='bbox 274 2415 412 2448; x_wconf 74' lang='lat' dir='ltr'>purgatus,</span> <span class='ocrx_word' id='word_1_730' title='bbox 433 2425 464 2429; x_wconf 88' lang='lat'>-—</span> <span class='ocrx_word' id='word_1_731' title='bbox 485 2414 510 2434; x_wconf 84' lang='lat' dir='ltr'>et</span> <span class='ocrx_word' id='word_1_732' title='bbox 530 2408 714 2434; x_wconf 81' lang='lat' dir='ltr'>circumductis</span> <span class='ocrx_word' id='word_1_733' title='bbox 735 2406 901 2439; x_wconf 73' lang='lat' dir='ltr'>(omuibus.)</span> <span class='ocrx_word' id='word_1_734' title='bbox 921 2410 947 2431; x_wconf 83' lang='lat' dir='ltr'>et</span> <span class='ocrx_word' id='word_1_735' title='bbox 965 2403 1071 2430; x_wconf 84' lang='lat' dir='ltr'>additis.</span> <span class='ocrx_word' id='word_1_736' title='bbox 1091 2408 1117 2429; x_wconf 85' lang='lat' dir='ltr'>et</span> 
     </span>
     <span class='ocr_line' id='line_1_74' title="bbox 275 2446 1116 2491; baseline -0.011 -11"><span class='ocrx_word' id='word_1_737' title='bbox 275 2454 391 2491; x_wconf 70' lang='lat' dir='ltr'>repletis.</span> <span class='ocrx_word' id='word_1_738' title='bbox 402 2462 512 2478; x_wconf 80' lang='lat' dir='ltr'>necnon</span> <span class='ocrx_word' id='word_1_739' title='bbox 527 2451 727 2477; x_wconf 69' lang='lat' dir='ltr'>transformatis.</span> <span class='ocrx_word' id='word_1_740' title='bbox 742 2450 836 2476; x_wconf 82' lang='lat' dir='ltr'>Const.</span> <span class='ocrx_word' id='word_1_741' title='bbox 849 2448 940 2475; x_wconf 78' lang='lat' dir='ltr'>Cordi.</span> <span class='ocrx_word' id='word_1_742' title='bbox 961 2448 1001 2474; x_wconf 87' lang='lat' dir='ltr'>De</span> <span class='ocrx_word' id='word_1_743' title='bbox 1015 2446 1116 2473; x_wconf 81' lang='lat' dir='ltr'>emend.</span> 
     </span>
     <span class='ocr_line' id='line_1_75' title="bbox 274 2492 1118 2531; baseline -0.009 -8"><span class='ocrx_word' id='word_1_744' title='bbox 274 2496 341 2523; x_wconf 53' lang='lat' dir='ltr'>(jod.</span> <span class='ocrx_word' id='word_1_745' title='bbox 362 2497 384 2530; x_wconf 89' lang='lat'>5.</span> <span class='ocrx_word' id='word_1_746' title='bbox 395 2497 419 2521; x_wconf 87' lang='lat'>4.</span> <span class='ocrx_word' id='word_1_747' title='bbox 448 2494 498 2521; x_wconf 71' lang='lat' dir='ltr'>Per</span> <span class='ocrx_word' id='word_1_748' title='bbox 513 2499 676 2531; x_wconf 78' lang='lat' dir='ltr'>praesentem</span> <span class='ocrx_word' id='word_1_749' title='bbox 692 2493 772 2527; x_wconf 69' lang='lat' dir='ltr'>legem</span> <span class='ocrx_word' id='word_1_750' title='bbox 789 2510 817 2513; x_wconf 89' lang='lat'>—</span> <span class='ocrx_word' id='word_1_751' title='bbox 834 2492 1021 2528; x_wconf 75' lang='lat' dir='ltr'>usucapionem</span> <span class='ocrx_word' id='word_1_752' title='bbox 1035 2495 1118 2516; x_wconf 88' lang='lat' dir='ltr'>trans-</span> 
     </span>
     <span class='ocr_line' id='line_1_76' title="bbox 276 2532 1117 2566; baseline -0.008 -1"><span class='ocrx_word' id='word_1_753' title='bbox 276 2538 435 2566; x_wconf 74' lang='lat' dir='ltr'>for-mandam</span> <span class='ocrx_word' id='word_1_754' title='bbox 455 2548 521 2564; x_wconf 86' lang='lat' dir='ltr'>esse.</span> <span class='ocrx_word' id='word_1_755' title='bbox 551 2548 572 2563; x_wconf 91' lang='lat' dir='ltr'>c.</span> <span class='ocrx_word' id='word_1_756' title='bbox 596 2539 615 2563; x_wconf 87' lang='lat'>1.</span> <span class='ocrx_word' id='word_1_757' title='bbox 637 2537 669 2563; x_wconf 76' lang='lat' dir='ltr'>de</span> <span class='ocrx_word' id='word_1_758' title='bbox 689 2546 760 2562; x_wconf 87' lang='lat' dir='ltr'>usuc.</span> <span class='ocrx_word' id='word_1_759' title='bbox 782 2535 871 2562; x_wconf 71' lang='lat' dir='ltr'>transf.</span> <span class='ocrx_word' id='word_1_760' title='bbox 892 2537 914 2561; x_wconf 86' lang='lat'>7.</span> <span class='ocrx_word' id='word_1_761' title='bbox 934 2536 976 2560; x_wconf 89' lang='lat'>31.</span> <span class='ocrx_word' id='word_1_762' title='bbox 1001 2532 1032 2559; x_wconf 88' lang='lat' dir='ltr'>cf.</span> <span class='ocrx_word' id='word_1_763' title='bbox 1053 2543 1074 2558; x_wconf 85' lang='lat' dir='ltr'>c.</span> <span class='ocrx_word' id='word_1_764' title='bbox 1093 2534 1117 2558; x_wconf 74' lang='lat'>2.</span> 
     </span>
     <span class='ocr_line' id='line_1_77' title="bbox 277 2571 1141 2617; baseline -0.008 -8"><span class='ocrx_word' id='word_1_765' title='bbox 277 2583 297 2615; x_wconf 84' lang='grc'>9.</span> <span class='ocrx_word' id='word_1_766' title='bbox 317 2585 340 2608; x_wconf 83' lang='grc'>9.</span> <span class='ocrx_word' id='word_1_767' title='bbox 361 2582 393 2608; x_wconf 86' lang='lat' dir='ltr'>de</span> <span class='ocrx_word' id='word_1_768' title='bbox 412 2582 517 2607; x_wconf 84' lang='lat' dir='ltr'>iureiur.</span> <span class='ocrx_word' id='word_1_769' title='bbox 538 2590 576 2617; x_wconf 84' lang='lat' dir='ltr'>pr.</span> <span class='ocrx_word' id='word_1_770' title='bbox 597 2580 643 2606; x_wconf 81' lang='lat' dir='ltr'>cal.</span> <span class='ocrx_word' id='word_1_771' title='bbox 663 2582 688 2606; x_wconf 75' lang='lat'>2.</span> <span class='ocrx_word' id='word_1_772' title='bbox 708 2580 749 2605; x_wconf 82' lang='lat'>59.</span> <span class='ocrx_word' id='word_1_773' title='bbox 1140 2571 1141 2605; x_wconf 71' lang='lat' dir='ltr'>l</span> 
     </span>
     <span class='ocr_line' id='line_1_78' title="bbox 313 2607 1141 2654; baseline -0.01 -3"><span class='ocrx_word' id='word_1_774' title='bbox 313 2625 594 2651; x_wconf 77' lang='lat' dir='ltr'>Transfreture.</span> <span class='ocrx_word' id='word_1_775' title='bbox 619 2625 706 2649; x_wconf 76' lang='lat' dir='ltr'>Mare</span> <span class='ocrx_word' id='word_1_776' title='bbox 725 2623 887 2648; x_wconf 44' lang='lat' dir='ltr'>traiicere.</span> <span class='ocrx_word' id='word_1_777' title='bbox 908 2619 926 2645; x_wconf 97' lang='lat'>1.</span> <span class='ocrx_word' id='word_1_778' title='bbox 942 2620 1003 2654; x_wconf 69' lang='lat' dir='ltr'>Sy.</span> <span class='ocrx_word' id='word_1_779' title='bbox 1024 2618 1119 2645; x_wconf 83' lang='lat' dir='ltr'>Trans·</span> <span class='ocrx_word' id='word_1_780' title='bbox 1140 2607 1141 2631; x_wconf 69' lang='lat' dir='ltr'>l</span> 
     </span>
     <span class='ocr_line' id='line_1_79' title="bbox 279 2657 1142 2699; baseline -0.005 -6"><span class='ocrx_word' id='word_1_781' title='bbox 279 2668 317 2693; x_wconf 83' lang='lat' dir='ltr'>ire</span> <span class='ocrx_word' id='word_1_782' title='bbox 337 2667 367 2692; x_wconf 84' lang='lat' dir='ltr'>ad</span> <span class='ocrx_word' id='word_1_783' title='bbox 388 2666 552 2699; x_wconf 78' lang='lat' dir='ltr'>(Sardiniam</span> <span class='ocrx_word' id='word_1_784' title='bbox 573 2668 640 2698; x_wconf 71' lang='lat' dir='ltr'>etc.)</span> <span class='ocrx_word' id='word_1_785' title='bbox 664 2664 713 2691; x_wconf 83' lang='lat' dir='ltr'>Th.</span> <span class='ocrx_word' id='word_1_786' title='bbox 735 2665 766 2691; x_wconf 77' lang='lat' dir='ltr'>C.</span> <span class='ocrx_word' id='word_1_787' title='bbox 788 2664 820 2690; x_wconf 76' lang='lat' dir='ltr'>X.</span> <span class='ocrx_word' id='word_1_788' title='bbox 844 2665 882 2689; x_wconf 82' lang='grc'>19.</span> <span class='ocrx_word' id='word_1_789' title='bbox 907 2672 927 2688; x_wconf 90' lang='lat' dir='ltr'>c.</span> <span class='ocrx_word' id='word_1_790' title='bbox 947 2664 971 2688; x_wconf 88' lang='lat'>6.</span> <span class='ocrx_word' id='word_1_791' title='bbox 997 2672 1018 2689; x_wconf 94' lang='lat' dir='ltr'>c.</span> <span class='ocrx_word' id='word_1_792' title='bbox 1038 2663 1061 2688; x_wconf 89' lang='lat'>9.</span> <span class='ocrx_word' id='word_1_793' title='bbox 1088 2660 1120 2687; x_wconf 86' lang='lat' dir='ltr'>de</span> <span class='ocrx_word' id='word_1_794' title='bbox 1141 2657 1142 2689; x_wconf 56' lang='lat' dir='ltr'>l</span> 
     </span>
     <span class='ocr_line' id='line_1_80' title="bbox 280 2699 1143 2738; baseline -0.01 -3"><span class='ocrx_word' id='word_1_795' title='bbox 280 2708 376 2735; x_wconf 82' lang='lat' dir='ltr'>metall.</span> <span class='ocrx_word' id='word_1_796' title='bbox 1141 2699 1143 2738; x_wconf 50' lang='lat' dir='ltr'>i</span> 
     </span>
     <span class='ocr_line' id='line_1_81' title="bbox 316 2749 1119 2787; baseline -0.007 -9"><span class='ocrx_word' id='word_1_797' title='bbox 316 2753 542 2787; x_wconf 70' lang='lat' dir='ltr'>Transfuga.</span> <span class='ocrx_word' id='word_1_798' title='bbox 579 2751 610 2784; x_wconf 82' lang='lat'>§.</span> <span class='ocrx_word' id='word_1_799' title='bbox 630 2752 664 2777; x_wconf 87' lang='lat'>1.</span> <span class='ocrx_word' id='word_1_800' title='bbox 692 2752 765 2783; x_wconf 78' lang='lat' dir='ltr'>Qui.</span> <span class='ocrx_word' id='word_1_801' title='bbox 790 2750 929 2776; x_wconf 75' lang='lat' dir='ltr'>consilio</span> <span class='ocrx_word' id='word_1_802' title='bbox 952 2749 1119 2782; x_wconf 74' lang='lat' dir='ltr'>proditio-</span> 
     </span>
     <span class='ocr_line' id='line_1_82' title="bbox 281 2790 1121 2829; baseline -0.006 -8"><span class='ocrx_word' id='word_1_803' title='bbox 281 2796 344 2825; x_wconf 81' lang='lat' dir='ltr'>nis,</span> <span class='ocrx_word' id='word_1_804' title='bbox 359 2795 445 2829; x_wconf 73' lang='lat' dir='ltr'>fuga</span> <span class='ocrx_word' id='word_1_805' title='bbox 466 2804 494 2820; x_wconf 70' lang='lat' dir='ltr'>se</span> <span class='ocrx_word' id='word_1_806' title='bbox 513 2796 654 2821; x_wconf 76' lang='lat' dir='ltr'>cuntulit</span> <span class='ocrx_word' id='word_1_807' title='bbox 674 2795 713 2826; x_wconf 87' lang='lat' dir='ltr'>(in</span> <span class='ocrx_word' id='word_1_808' title='bbox 733 2793 858 2819; x_wconf 83' lang='lat' dir='ltr'>ditionem</span> <span class='ocrx_word' id='word_1_809' title='bbox 875 2790 966 2828; x_wconf 84' lang='lat' dir='ltr'>populi</span> <span class='ocrx_word' id='word_1_810' title='bbox 982 2791 1121 2827; x_wconf 77' lang='lat' dir='ltr'>peregrini.</span> 
     </span>
     <span class='ocr_line' id='line_1_83' title="bbox 284 2833 1122 2873; baseline -0.006 -9"><span class='ocrx_word' id='word_1_811' title='bbox 284 2847 367 2873; x_wconf 80' lang='lat' dir='ltr'>neque</span> <span class='ocrx_word' id='word_1_812' title='bbox 387 2837 488 2867; x_wconf 86' lang='lat' dir='ltr'>amici.)</span> <span class='ocrx_word' id='word_1_813' title='bbox 525 2836 541 2862; x_wconf 93' lang='lat' dir='ltr'>l.</span> <span class='ocrx_word' id='word_1_814' title='bbox 563 2838 624 2871; x_wconf 68' lang='lat' dir='ltr'>Sy.</span> <span class='ocrx_word' id='word_1_815' title='bbox 649 2837 701 2872; x_wconf 86' lang='lat' dir='ltr'>Qui</span> <span class='ocrx_word' id='word_1_816' title='bbox 722 2835 753 2862; x_wconf 87' lang='lat' dir='ltr'>ad</span> <span class='ocrx_word' id='word_1_817' title='bbox 773 2844 832 2867; x_wconf 73' lang='lat' dir='ltr'>eos.</span> <span class='ocrx_word' id='word_1_818' title='bbox 857 2844 915 2860; x_wconf 88' lang='lat' dir='ltr'>cum</span> <span class='ocrx_word' id='word_1_819' title='bbox 935 2833 1031 2870; x_wconf 89' lang='lat' dir='ltr'>quibus</span> <span class='ocrx_word' id='word_1_820' title='bbox 1052 2833 1122 2860; x_wconf 83' lang='lat' dir='ltr'>nulla</span> 
     </span>
    </p>
   </div>
   <div class='ocr_carea' id='block_1_15' title="bbox 1126 1636 1139 2335">
    <p class='ocr_par' dir='ltr' id='par_1_18' title="bbox 1126 1636 1139 2335">
     <span class='ocr_line' id='line_1_84' title="bbox 1126 1636 1139 2335; baseline 0 0"><span class='ocrx_word' id='word_1_821' title='bbox 1126 1636 1139 2335; x_wconf 95' lang='lat' dir='ltr'> </span> 
     </span>
    </p>
   </div>
   <div class='ocr_carea' id='block_1_16' title="bbox 1145 1238 1990 1362">
    <p class='ocr_par' dir='ltr' id='par_1_19' title="bbox 1145 1238 1990 1362">
     <span class='ocr_line' id='line_1_85' title="bbox 1145 1238 1989 1277; baseline -0.005 -10"><span class='ocrx_word' id='word_1_822' title='bbox 1145 1240 1216 1268; x_wconf 71' lang='lat' dir='ltr'>XIV.</span> <span class='ocrx_word' id='word_1_823' title='bbox 1235 1242 1259 1267; x_wconf 86' lang='grc'>3.</span> <span class='ocrx_word' id='word_1_824' title='bbox 1281 1250 1302 1267; x_wconf 90' lang='lat' dir='ltr'>c.</span> <span class='ocrx_word' id='word_1_825' title='bbox 1324 1241 1363 1266; x_wconf 84' lang='grc'>13,</span> <span class='ocrx_word' id='word_1_826' title='bbox 1384 1239 1416 1265; x_wconf 88' lang='lat' dir='ltr'>de</span> <span class='ocrx_word' id='word_1_827' title='bbox 1435 1240 1529 1277; x_wconf 88' lang='lat' dir='ltr'>pistor.</span> <span class='ocrx_word' id='word_1_828' title='bbox 1566 1238 1608 1265; x_wconf 89' lang='lat' dir='ltr'>III.</span> <span class='ocrx_word' id='word_1_829' title='bbox 1634 1239 1700 1266; x_wconf 69' lang='lat' dir='ltr'>Cn.</span> <span class='ocrx_word' id='word_1_830' title='bbox 1727 1238 1866 1265; x_wconf 84' lang='lat' dir='ltr'>Hereditas</span> <span class='ocrx_word' id='word_1_831' title='bbox 1885 1239 1911 1264; x_wconf 91' lang='lat' dir='ltr'>in</span> <span class='ocrx_word' id='word_1_832' title='bbox 1931 1247 1989 1264; x_wconf 90' lang='lat' dir='ltr'>eum</span> 
     </span>
     <span class='ocr_line' id='line_1_86' title="bbox 1146 1281 1990 1318; baseline -0.004 -9"><span class='ocrx_word' id='word_1_833' title='bbox 1146 1284 1173 1310; x_wconf 88' lang='lat' dir='ltr'>id</span> <span class='ocrx_word' id='word_1_834' title='bbox 1192 1288 1292 1309; x_wconf 86' lang='lat' dir='ltr'>tantum</span> <span class='ocrx_word' id='word_1_835' title='bbox 1312 1281 1486 1313; x_wconf 73' lang='lat' dir='ltr'>transfundit,</span> <span class='ocrx_word' id='word_1_836' title='bbox 1507 1281 1578 1318; x_wconf 85' lang='lat' dir='ltr'>quod</span> <span class='ocrx_word' id='word_1_837' title='bbox 1598 1287 1647 1308; x_wconf 87' lang='lat' dir='ltr'>etc.</span> <span class='ocrx_word' id='word_1_838' title='bbox 1667 1281 1698 1308; x_wconf 86' lang='lat' dir='ltr'>fr.</span> <span class='ocrx_word' id='word_1_839' title='bbox 1719 1283 1742 1308; x_wconf 95' lang='lat' dir='ltr'>l.</span> <span class='ocrx_word' id='word_1_840' title='bbox 1761 1282 1783 1316; x_wconf 87' lang='lat'>5.</span> <span class='ocrx_word' id='word_1_841' title='bbox 1804 1283 1842 1308; x_wconf 92' lang='lat'>15.</span> <span class='ocrx_word' id='word_1_842' title='bbox 1863 1281 1886 1307; x_wconf 85' lang='lat' dir='ltr'>si</span> <span class='ocrx_word' id='word_1_843' title='bbox 1903 1281 1926 1307; x_wconf 85' lang='lat' dir='ltr'>is</span> <span class='ocrx_word' id='word_1_844' title='bbox 1945 1281 1990 1316; x_wconf 87' lang='lat' dir='ltr'>qui</span> 
     </span>
     <span class='ocr_line' id='line_1_87' title="bbox 1147 1322 1989 1362; baseline -0.005 -9"><span class='ocrx_word' id='word_1_845' title='bbox 1147 1332 1249 1353; x_wconf 78' lang='lat' dir='ltr'>testam.</span> <span class='ocrx_word' id='word_1_846' title='bbox 1269 1325 1314 1352; x_wconf 88' lang='lat' dir='ltr'>lib.</span> <span class='ocrx_word' id='word_1_847' title='bbox 1334 1327 1376 1352; x_wconf 87' lang='lat'>47.</span> <span class='ocrx_word' id='word_1_848' title='bbox 1396 1328 1419 1351; x_wconf 86' lang='lat'>4.</span> <span class='ocrx_word' id='word_1_849' title='bbox 1460 1325 1536 1360; x_wconf 84' lang='lat' dir='ltr'>Quae</span> <span class='ocrx_word' id='word_1_850' title='bbox 1560 1324 1592 1351; x_wconf 83' lang='lat' dir='ltr'>ad</span> <span class='ocrx_word' id='word_1_851' title='bbox 1617 1326 1692 1362; x_wconf 85' lang='lat' dir='ltr'>ipsos</span> <span class='ocrx_word' id='word_1_852' title='bbox 1712 1340 1745 1344; x_wconf 85' lang='lat'>—</span> <span class='ocrx_word' id='word_1_853' title='bbox 1768 1324 1887 1361; x_wconf 86' lang='lat' dir='ltr'>quolibet</span> <span class='ocrx_word' id='word_1_854' title='bbox 1911 1322 1989 1350; x_wconf 87' lang='lat' dir='ltr'>titulo</span> 
     </span>
    </p>
   </div>
   <div class='ocr_carea' id='block_1_17' title="bbox 1148 1366 1991 1448">
    <p class='ocr_par' dir='ltr' id='par_1_20' title="bbox 1148 1366 1991 1448">
     <span class='ocr_line' id='line_1_88' title="bbox 1148 1366 1991 1407; baseline -0.004 -11"><span class='ocrx_word' id='word_1_855' title='bbox 1148 1369 1293 1407; x_wconf 85' lang='lat' dir='ltr'>probantur</span> <span class='ocrx_word' id='word_1_856' title='bbox 1312 1378 1372 1395; x_wconf 87' lang='lat' dir='ltr'>esse</span> <span class='ocrx_word' id='word_1_857' title='bbox 1391 1368 1532 1394; x_wconf 83' lang='lat' dir='ltr'>transfusa.</span> <span class='ocrx_word' id='word_1_858' title='bbox 1553 1367 1603 1395; x_wconf 91' lang='lat' dir='ltr'>Th.</span> <span class='ocrx_word' id='word_1_859' title='bbox 1618 1369 1650 1395; x_wconf 82' lang='lat' dir='ltr'>C.</span> <span class='ocrx_word' id='word_1_860' title='bbox 1665 1367 1682 1395; x_wconf 85' lang='lat'>1.</span> <span class='ocrx_word' id='word_1_861' title='bbox 1698 1367 1714 1395; x_wconf 90' lang='lat' dir='ltr'>l.</span> <span class='ocrx_word' id='word_1_862' title='bbox 1734 1367 1802 1394; x_wconf 70' lang='lat' dir='ltr'>Nov.</span> <span class='ocrx_word' id='word_1_863' title='bbox 1821 1366 1943 1394; x_wconf 78' lang='lat' dir='ltr'>Anthem.</span> <span class='ocrx_word' id='word_1_864' title='bbox 1958 1366 1991 1393; x_wconf 84' lang='lat' dir='ltr'>de</span> 
     </span>
     <span class='ocr_line' id='line_1_89' title="bbox 1148 1411 1536 1448; baseline -0.005 -9"><span class='ocrx_word' id='word_1_865' title='bbox 1148 1414 1208 1439; x_wconf 90' lang='lat' dir='ltr'>bon.</span> <span class='ocrx_word' id='word_1_866' title='bbox 1228 1423 1282 1439; x_wconf 87' lang='lat' dir='ltr'>vac.</span> <span class='ocrx_word' id='word_1_867' title='bbox 1304 1411 1348 1438; x_wconf 76' lang='lat' dir='ltr'>VI.</span> <span class='ocrx_word' id='word_1_868' title='bbox 1366 1412 1391 1438; x_wconf 88' lang='lat'>3.</span> <span class='ocrx_word' id='word_1_869' title='bbox 1412 1422 1433 1438; x_wconf 90' lang='lat' dir='ltr'>c.</span> <span class='ocrx_word' id='word_1_870' title='bbox 1455 1413 1477 1438; x_wconf 90' lang='lat'>1.</span> <span class='ocrx_word' id='word_1_871' title='bbox 1498 1421 1536 1448; x_wconf 89' lang='lat' dir='ltr'>pr.</span> 
     </span>
    </p>
   </div>
   <div class='ocr_carea' id='block_1_18' title="bbox 1148 1451 1993 1535">
    <p class='ocr_par' dir='ltr' id='par_1_21' title="bbox 1148 1451 1993 1535">
     <span class='ocr_line' id='line_1_90' title="bbox 1183 1451 1992 1491; baseline -0.006 -8"><span class='ocrx_word' id='word_1_872' title='bbox 1183 1455 1420 1483; x_wconf 66' lang='lat' dir='ltr'>&#39;transf-isio.</span> <span class='ocrx_word' id='word_1_873' title='bbox 1462 1456 1744 1491; x_wconf 67' lang='lat' dir='ltr'>Transformaeio.</span> <span class='ocrx_word' id='word_1_874' title='bbox 1782 1452 1824 1479; x_wconf 88' lang='lat'>111.</span> <span class='ocrx_word' id='word_1_875' title='bbox 1850 1453 1917 1480; x_wconf 72' lang='lat' dir='ltr'>Gn.</span> <span class='ocrx_word' id='word_1_876' title='bbox 1941 1451 1992 1478; x_wconf 80' lang='lat' dir='ltr'>No-</span> 
     </span>
     <span class='ocr_line' id='line_1_91' title="bbox 1148 1496 1993 1535; baseline -0.005 -9"><span class='ocrx_word' id='word_1_877' title='bbox 1148 1501 1228 1530; x_wconf 77' lang='lat' dir='ltr'>vatio.</span> <span class='ocrx_word' id='word_1_878' title='bbox 1248 1503 1289 1524; x_wconf 87' lang='lat' dir='ltr'>est</span> <span class='ocrx_word' id='word_1_879' title='bbox 1308 1498 1404 1535; x_wconf 87' lang='lat' dir='ltr'>prioris</span> <span class='ocrx_word' id='word_1_880' title='bbox 1424 1496 1506 1524; x_wconf 82' lang='lat' dir='ltr'>debiti</span> <span class='ocrx_word' id='word_1_881' title='bbox 1526 1498 1552 1523; x_wconf 89' lang='lat' dir='ltr'>in</span> <span class='ocrx_word' id='word_1_882' title='bbox 1572 1497 1647 1524; x_wconf 88' lang='lat' dir='ltr'>aliam</span> <span class='ocrx_word' id='word_1_883' title='bbox 1663 1496 1849 1533; x_wconf 81' lang='lat' dir='ltr'>obligationem</span> <span class='ocrx_word' id='word_1_884' title='bbox 1862 1510 1896 1515; x_wconf 91' lang='lat'>—</span> <span class='ocrx_word' id='word_1_885' title='bbox 1909 1500 1993 1522; x_wconf 78' lang='lat' dir='ltr'>trans-</span> 
     </span>
    </p>
   </div>
   <div class='ocr_carea' id='block_1_19' title="bbox 1125 1538 1993 1580">
    <p class='ocr_par' dir='ltr' id='par_1_22' title="bbox 1125 1538 1993 1580">
     <span class='ocr_line' id='line_1_92' title="bbox 1125 1538 1993 1580; baseline -0.002 -12"><span class='ocrx_word' id='word_1_886' title='bbox 1125 1550 1127 1580; x_wconf 48' lang='lat'><em>]</em></span> <span class='ocrx_word' id='word_1_887' title='bbox 1150 1543 1218 1569; x_wconf 87' lang='lat' dir='ltr'>fusio</span> <span class='ocrx_word' id='word_1_888' title='bbox 1243 1547 1320 1578; x_wconf 83' lang='lat' dir='ltr'>atque</span> <span class='ocrx_word' id='word_1_889' title='bbox 1344 1540 1490 1567; x_wconf 81' lang='lat' dir='ltr'>translatio.</span> <span class='ocrx_word' id='word_1_890' title='bbox 1516 1540 1545 1567; x_wconf 75' lang='lat' dir='ltr'>l&#39;r.</span> <span class='ocrx_word' id='word_1_891' title='bbox 1571 1543 1590 1567; x_wconf 90' lang='lat'>1.</span> <span class='ocrx_word' id='word_1_892' title='bbox 1615 1551 1654 1578; x_wconf 84' lang='lat' dir='ltr'>pr.</span> <span class='ocrx_word' id='word_1_893' title='bbox 1679 1539 1712 1566; x_wconf 86' lang='lat' dir='ltr'>de</span> <span class='ocrx_word' id='word_1_894' title='bbox 1736 1544 1822 1566; x_wconf 87' lang='lat' dir='ltr'>novat.</span> <span class='ocrx_word' id='word_1_895' title='bbox 1846 1541 1888 1565; x_wconf 84' lang='lat'>46.</span> <span class='ocrx_word' id='word_1_896' title='bbox 1911 1540 1936 1565; x_wconf 78' lang='lat'>2.</span> <span class='ocrx_word' id='word_1_897' title='bbox 1961 1538 1993 1566; x_wconf 89' lang='lat' dir='ltr'>cf.</span> 
     </span>
    </p>
   </div>
   <div class='ocr_carea' id='block_1_20' title="bbox 1150 1584 1575 1612">
    <p class='ocr_par' dir='ltr' id='par_1_23' title="bbox 1150 1584 1575 1612">
     <span class='ocr_line' id='line_1_93' title="bbox 1150 1584 1575 1612; baseline -0.005 0"><span class='ocrx_word' id='word_1_898' title='bbox 1150 1587 1180 1612; x_wconf 80' lang='lat' dir='ltr'>fr.</span> <span class='ocrx_word' id='word_1_899' title='bbox 1199 1588 1242 1611; x_wconf 66' lang='lat'>24.</span> <span class='ocrx_word' id='word_1_900' title='bbox 1262 1584 1294 1611; x_wconf 88' lang='lat' dir='ltr'>de</span> <span class='ocrx_word' id='word_1_901' title='bbox 1314 1594 1346 1610; x_wconf 90' lang='lat' dir='ltr'>m.</span> <span class='ocrx_word' id='word_1_902' title='bbox 1367 1594 1388 1610; x_wconf 88' lang='lat' dir='ltr'>c.</span> <span class='ocrx_word' id='word_1_903' title='bbox 1409 1584 1469 1610; x_wconf 84' lang='lat' dir='ltr'>dou.</span> <span class='ocrx_word' id='word_1_904' title='bbox 1489 1585 1531 1611; x_wconf 78' lang='lat'>39.</span> <span class='ocrx_word' id='word_1_905' title='bbox 1551 1585 1575 1610; x_wconf 83' lang='lat'>6.</span> 
     </span>
    </p>
   </div>
   <div class='ocr_carea' id='block_1_21' title="bbox 1151 1624 1997 1835">
    <p class='ocr_par' dir='ltr' id='par_1_24' title="bbox 1151 1624 1997 1835">
     <span class='ocr_line' id='line_1_94' title="bbox 1186 1624 1994 1661; baseline -0.005 -7"><span class='ocrx_word' id='word_1_906' title='bbox 1186 1628 1432 1661; x_wconf 74' lang='lat' dir='ltr'>Transgredi.</span> <span class='ocrx_word' id='word_1_907' title='bbox 1470 1628 1501 1660; x_wconf 71' lang='lat'>§-</span> <span class='ocrx_word' id='word_1_908' title='bbox 1516 1628 1550 1653; x_wconf 88' lang='lat' dir='ltr'>l.</span> <span class='ocrx_word' id='word_1_909' title='bbox 1575 1627 1737 1653; x_wconf 73' lang='lat' dir='ltr'>Transire.</span> <span class='ocrx_word' id='word_1_910' title='bbox 1757 1624 1799 1651; x_wconf 90' lang='lat'>111.</span> <span class='ocrx_word' id='word_1_911' title='bbox 1815 1626 1881 1653; x_wconf 70' lang='lat' dir='ltr'>Cn.</span> <span class='ocrx_word' id='word_1_912' title='bbox 1896 1624 1994 1651; x_wconf 81' lang='lat' dir='ltr'>Trans—</span> 
     </span>
     <span class='ocr_line' id='line_1_95' title="bbox 1151 1667 1994 1709; baseline -0.005 -11"><span class='ocrx_word' id='word_1_913' title='bbox 1151 1671 1299 1709; x_wconf 81' lang='lat' dir='ltr'>grediamur</span> <span class='ocrx_word' id='word_1_914' title='bbox 1324 1680 1393 1696; x_wconf 86' lang='lat' dir='ltr'>nunc</span> <span class='ocrx_word' id='word_1_915' title='bbox 1413 1669 1445 1696; x_wconf 87' lang='lat' dir='ltr'>ad</span> <span class='ocrx_word' id='word_1_916' title='bbox 1465 1670 1534 1696; x_wconf 87' lang='lat' dir='ltr'>hunc</span> <span class='ocrx_word' id='word_1_917' title='bbox 1553 1668 1699 1695; x_wconf 90' lang='lat' dir='ltr'>articulum.</span> <span class='ocrx_word' id='word_1_918' title='bbox 1724 1668 1754 1695; x_wconf 92' lang='lat' dir='ltr'>fr.</span> <span class='ocrx_word' id='word_1_919' title='bbox 1774 1670 1816 1694; x_wconf 78' lang='lat'>22.</span> <span class='ocrx_word' id='word_1_920' title='bbox 1841 1668 1865 1702; x_wconf 86' lang='lat'>5.</span> <span class='ocrx_word' id='word_1_921' title='bbox 1885 1670 1922 1694; x_wconf 73' lang='lat'>12.</span> <span class='ocrx_word' id='word_1_922' title='bbox 1944 1667 1994 1694; x_wconf 86' lang='lat' dir='ltr'>sol.</span> 
     </span>
     <span class='ocr_line' id='line_1_96' title="bbox 1152 1710 1994 1747; baseline -0.006 -6"><span class='ocrx_word' id='word_1_923' title='bbox 1152 1716 1261 1742; x_wconf 82' lang='lat' dir='ltr'>matrim.</span> <span class='ocrx_word' id='word_1_924' title='bbox 1281 1716 1322 1739; x_wconf 71' lang='lat'>24.</span> <span class='ocrx_word' id='word_1_925' title='bbox 1342 1715 1366 1740; x_wconf 87' lang='lat'>3.</span> <span class='ocrx_word' id='word_1_926' title='bbox 1388 1729 1420 1733; x_wconf 93' lang='lat'>—</span> <span class='ocrx_word' id='word_1_927' title='bbox 1441 1714 1471 1747; x_wconf 84' lang='lat'>§.</span> <span class='ocrx_word' id='word_1_928' title='bbox 1487 1715 1523 1740; x_wconf 72' lang='lat'>2.</span> <span class='ocrx_word' id='word_1_929' title='bbox 1547 1714 1787 1739; x_wconf 71' lang='lat' dir='ltr'>Transcendere</span> <span class='ocrx_word' id='word_1_930' title='bbox 1807 1713 1945 1746; x_wconf 79' lang='lat' dir='ltr'>(Iegem.)</span> <span class='ocrx_word' id='word_1_931' title='bbox 1976 1710 1994 1736; x_wconf 97' lang='lat'>1.</span> 
     </span>
     <span class='ocr_line' id='line_1_97' title="bbox 1153 1752 1997 1793; baseline -0.007 -8"><span class='ocrx_word' id='word_1_932' title='bbox 1153 1760 1214 1793; x_wconf 75' lang='lat' dir='ltr'>Sy.</span> <span class='ocrx_word' id='word_1_933' title='bbox 1234 1756 1339 1793; x_wconf 82' lang='lat' dir='ltr'>Egredi.</span> <span class='ocrx_word' id='word_1_934' title='bbox 1359 1755 1390 1783; x_wconf 90' lang='lat' dir='ltr'>fr.</span> <span class='ocrx_word' id='word_1_935' title='bbox 1412 1758 1434 1782; x_wconf 94' lang='lat'>1.</span> <span class='ocrx_word' id='word_1_936' title='bbox 1454 1758 1476 1790; x_wconf 87' lang='lat'>5.</span> <span class='ocrx_word' id='word_1_937' title='bbox 1495 1758 1518 1782; x_wconf 79' lang='lat'>2.</span> <span class='ocrx_word' id='word_1_938' title='bbox 1539 1755 1571 1781; x_wconf 87' lang='lat' dir='ltr'>de</span> <span class='ocrx_word' id='word_1_939' title='bbox 1591 1759 1674 1781; x_wconf 86' lang='lat' dir='ltr'>const.</span> <span class='ocrx_word' id='word_1_940' title='bbox 1695 1753 1737 1780; x_wconf 90' lang='lat' dir='ltr'>Pr.</span> <span class='ocrx_word' id='word_1_941' title='bbox 1754 1755 1776 1780; x_wconf 92' lang='lat' dir='ltr'>l.</span> <span class='ocrx_word' id='word_1_942' title='bbox 1796 1756 1820 1780; x_wconf 89' lang='lat'>4.</span> <span class='ocrx_word' id='word_1_943' title='bbox 1839 1754 1861 1788; x_wconf 89' lang='lat'>5.</span> <span class='ocrx_word' id='word_1_944' title='bbox 1881 1756 1905 1780; x_wconf 87' lang='lat'>6.</span> <span class='ocrx_word' id='word_1_945' title='bbox 1926 1753 1943 1780; x_wconf 94' lang='lat' dir='ltr'>I.</span> <span class='ocrx_word' id='word_1_946' title='bbox 1964 1752 1997 1780; x_wconf 82' lang='lat' dir='ltr'>de</span> 
     </span>
     <span class='ocr_line' id='line_1_98' title="bbox 1152 1796 1997 1835; baseline -0.007 -7"><span class='ocrx_word' id='word_1_947' title='bbox 1152 1801 1170 1828; x_wconf 95' lang='lat' dir='ltr'>I.</span> <span class='ocrx_word' id='word_1_948' title='bbox 1189 1800 1222 1827; x_wconf 81' lang='lat' dir='ltr'>N.</span> <span class='ocrx_word' id='word_1_949' title='bbox 1248 1802 1270 1826; x_wconf 94' lang='lat'>1.</span> <span class='ocrx_word' id='word_1_950' title='bbox 1294 1801 1318 1826; x_wconf 80' lang='lat'>2.</span> <span class='ocrx_word' id='word_1_951' title='bbox 1359 1798 1403 1826; x_wconf 90' lang='lat'>111.</span> <span class='ocrx_word' id='word_1_952' title='bbox 1423 1800 1490 1827; x_wconf 79' lang='lat' dir='ltr'>Gn.</span> <span class='ocrx_word' id='word_1_953' title='bbox 1516 1798 1576 1825; x_wconf 62' lang='lat' dir='ltr'>Non</span> <span class='ocrx_word' id='word_1_954' title='bbox 1601 1798 1722 1835; x_wconf 85' lang='lat' dir='ltr'>imputari</span> <span class='ocrx_word' id='word_1_955' title='bbox 1746 1796 1900 1834; x_wconf 64' lang='lat' dir='ltr'>publicant),</span> <span class='ocrx_word' id='word_1_956' title='bbox 1925 1796 1997 1833; x_wconf 86' lang='lat' dir='ltr'>quod</span> 
     </span>
    </p>
   </div>
   <div class='ocr_carea' id='block_1_22' title="bbox 1129 1839 1996 1879">
    <p class='ocr_par' dir='ltr' id='par_1_25' title="bbox 1129 1839 1996 1879">
     <span class='ocr_line' id='line_1_99' title="bbox 1129 1839 1996 1879; baseline -0.005 -9"><span class='ocrx_word' id='word_1_957' title='bbox 1129 1846 1130 1852; x_wconf 64' lang='lat'>¹</span> <span class='ocrx_word' id='word_1_958' title='bbox 1152 1854 1205 1871; x_wconf 87' lang='lat' dir='ltr'>non</span> <span class='ocrx_word' id='word_1_959' title='bbox 1225 1843 1352 1870; x_wconf 82' lang='lat' dir='ltr'>instruxit</span> <span class='ocrx_word' id='word_1_960' title='bbox 1370 1842 1614 1879; x_wconf 80' lang='lat' dir='ltr'>transgredientem.</span> <span class='ocrx_word' id='word_1_961' title='bbox 1634 1841 1664 1867; x_wconf 79' lang='lat' dir='ltr'>fr.</span> <span class='ocrx_word' id='word_1_962' title='bbox 1681 1842 1720 1867; x_wconf 88' lang='grc'>16.</span> <span class='ocrx_word' id='word_1_963' title='bbox 1740 1840 1761 1874; x_wconf 82' lang='grc'>9.</span> <span class='ocrx_word' id='word_1_964' title='bbox 1776 1841 1799 1867; x_wconf 86' lang='grc'>6.</span> <span class='ocrx_word' id='word_1_965' title='bbox 1819 1840 1851 1866; x_wconf 91' lang='lat' dir='ltr'>de</span> <span class='ocrx_word' id='word_1_966' title='bbox 1864 1839 1996 1878; x_wconf 86' lang='lat' dir='ltr'>publican.</span> 
     </span>
    </p>
   </div>
   <div class='ocr_carea' id='block_1_23' title="bbox 1152 1888 1997 1963">
    <p class='ocr_par' dir='ltr' id='par_1_26' title="bbox 1152 1888 1997 1963">
     <span class='ocr_line' id='line_1_100' title="bbox 1153 1888 1238 1913; baseline 0 0"><span class='ocrx_word' id='word_1_967' title='bbox 1153 1891 1158 1897; x_wconf 84' lang='lat'>&#39;</span> <span class='ocrx_word' id='word_1_968' title='bbox 1189 1909 1194 1913; x_wconf 96' lang='lat'>.</span> <span class='ocrx_word' id='word_1_969' title='bbox 1214 1888 1238 1913; x_wconf 84' lang='lat'>4.</span> 
     </span>
     <span class='ocr_line' id='line_1_101' title="bbox 1152 1889 1997 1963; baseline -0.007 -6"><span class='ocrx_word' id='word_1_970' title='bbox 1152 1889 1433 1963; x_wconf 52' lang='lat' dir='ltr'>&lt;39Transigere.</span> <span class='ocrx_word' id='word_1_971' title='bbox 1453 1927 1507 1961; x_wconf 75' lang='lat' dir='ltr'>(Cf.</span> <span class='ocrx_word' id='word_1_972' title='bbox 1528 1937 1551 1954; x_wconf 85' lang='lat' dir='ltr'>v.</span> <span class='ocrx_word' id='word_1_973' title='bbox 1573 1926 1756 1957; x_wconf 83' lang='lat' dir='ltr'>Transactus.)</span> <span class='ocrx_word' id='word_1_974' title='bbox 1775 1927 1805 1960; x_wconf 59' lang='grc' dir='ltr'>ᾖ.</span> <span class='ocrx_word' id='word_1_975' title='bbox 1825 1927 1860 1952; x_wconf 92' lang='lat'>1.</span> <span class='ocrx_word' id='word_1_976' title='bbox 1881 1927 1997 1961; x_wconf 75' lang='lat' dir='ltr'>Agere,</span> 
     </span>
    </p>
   </div>
   <div class='ocr_carea' id='block_1_24' title="bbox 1131 1966 1996 2018">
    <p class='ocr_par' dir='ltr' id='par_1_27' title="bbox 1131 1966 1996 2018">
     <span class='ocr_line' id='line_1_102' title="bbox 1131 1966 1996 2018; baseline -0.006 -19"><span class='ocrx_word' id='word_1_977' title='bbox 1131 2003 1133 2018; x_wconf 60' lang='grc' dir='ltr'>Ι</span> <span class='ocrx_word' id='word_1_978' title='bbox 1155 1975 1324 2007; x_wconf 70' lang='lat' dir='ltr'>peragere.</span> <span class='ocrx_word' id='word_1_979' title='bbox 1362 1971 1403 1998; x_wconf 92' lang='lat'>111.</span> <span class='ocrx_word' id='word_1_980' title='bbox 1421 1973 1487 1999; x_wconf 77' lang='lat' dir='ltr'>Cn.</span> <span class='ocrx_word' id='word_1_981' title='bbox 1511 1970 1655 1997; x_wconf 77' lang='lat' dir='ltr'>Honestam</span> <span class='ocrx_word' id='word_1_982' title='bbox 1675 1971 1752 1996; x_wconf 88' lang='lat' dir='ltr'>vitam</span> <span class='ocrx_word' id='word_1_983' title='bbox 1771 1970 1924 2004; x_wconf 81' lang='lat' dir='ltr'>transigere.</span> <span class='ocrx_word' id='word_1_984' title='bbox 1949 1966 1996 1994; x_wconf 88' lang='lat' dir='ltr'>lul.</span> 
     </span>
    </p>
   </div>
   <div class='ocr_carea' id='block_1_25' title="bbox 1156 2012 2000 2310">
    <p class='ocr_par' dir='ltr' id='par_1_28' title="bbox 1156 2012 2000 2310">
     <span class='ocr_line' id='line_1_103' title="bbox 1156 2012 1997 2054; baseline -0.006 -12"><span class='ocrx_word' id='word_1_985' title='bbox 1156 2027 1196 2054; x_wconf 85' lang='lat' dir='ltr'>ep.</span> <span class='ocrx_word' id='word_1_986' title='bbox 1217 2025 1276 2042; x_wconf 85' lang='lat' dir='ltr'>nov.</span> <span class='ocrx_word' id='word_1_987' title='bbox 1297 2026 1318 2042; x_wconf 90' lang='lat' dir='ltr'>c.</span> <span class='ocrx_word' id='word_1_988' title='bbox 1337 2017 1378 2042; x_wconf 91' lang='lat'>45.</span> <span class='ocrx_word' id='word_1_989' title='bbox 1398 2015 1420 2049; x_wconf 90' lang='lat'>5.</span> <span class='ocrx_word' id='word_1_990' title='bbox 1443 2015 1500 2041; x_wconf 82' lang='lat'>179.</span> <span class='ocrx_word' id='word_1_991' title='bbox 1521 2029 1553 2034; x_wconf 87' lang='lat'>—-·</span> <span class='ocrx_word' id='word_1_992' title='bbox 1577 2014 1608 2047; x_wconf 67' lang='grc' dir='ltr'>ξ.</span> <span class='ocrx_word' id='word_1_993' title='bbox 1630 2015 1665 2040; x_wconf 69' lang='grc'>2.</span> <span class='ocrx_word' id='word_1_994' title='bbox 1685 2015 1865 2047; x_wconf 71' lang='lat' dir='ltr'>Expedite,</span> <span class='ocrx_word' id='word_1_995' title='bbox 1886 2012 1997 2038; x_wconf 68' lang='lat' dir='ltr'><em>Abeo!-</em></span> 
     </span>
     <span class='ocr_line' id='line_1_104' title="bbox 1157 2052 1999 2093; baseline -0.008 -7"><span class='ocrx_word' id='word_1_996' title='bbox 1157 2069 1240 2091; x_wconf 78' lang='lat' dir='ltr'>vere,</span> <span class='ocrx_word' id='word_1_997' title='bbox 1261 2060 1425 2085; x_wconf 79' lang='lat' dir='ltr'>Decidere.</span> <span class='ocrx_word' id='word_1_998' title='bbox 1464 2057 1504 2083; x_wconf 83' lang='grc' dir='ltr'>ΙΙΙ.</span> <span class='ocrx_word' id='word_1_999' title='bbox 1517 2058 1583 2085; x_wconf 76' lang='lat' dir='ltr'>Cn.</span> <span class='ocrx_word' id='word_1_1000' title='bbox 1601 2056 1661 2083; x_wconf 84' lang='lat' dir='ltr'>Bini</span> <span class='ocrx_word' id='word_1_1001' title='bbox 1681 2055 1792 2093; x_wconf 87' lang='lat' dir='ltr'>posthac</span> <span class='ocrx_word' id='word_1_1002' title='bbox 1812 2056 1937 2092; x_wconf 81' lang='lat' dir='ltr'>incipiant</span> <span class='ocrx_word' id='word_1_1003' title='bbox 1956 2052 1999 2079; x_wconf 81' lang='lat' dir='ltr'>ad-</span> 
     </span>
     <span class='ocr_line' id='line_1_105' title="bbox 1156 2094 1997 2140; baseline -0.008 -11"><span class='ocrx_word' id='word_1_1004' title='bbox 1156 2112 1296 2140; x_wconf 79' lang='lat' dir='ltr'>gnoscere,</span> <span class='ocrx_word' id='word_1_1005' title='bbox 1321 2101 1391 2138; x_wconf 90' lang='lat' dir='ltr'>quod</span> <span class='ocrx_word' id='word_1_1006' title='bbox 1411 2099 1507 2136; x_wconf 83' lang='lat' dir='ltr'>singuli</span> <span class='ocrx_word' id='word_1_1007' title='bbox 1528 2104 1602 2125; x_wconf 85' lang='lat' dir='ltr'>antea</span> <span class='ocrx_word' id='word_1_1008' title='bbox 1621 2098 1807 2134; x_wconf 84' lang='lat' dir='ltr'>transigebant.</span> <span class='ocrx_word' id='word_1_1009' title='bbox 1833 2096 1883 2123; x_wconf 90' lang='lat' dir='ltr'>Th.</span> <span class='ocrx_word' id='word_1_1010' title='bbox 1903 2095 1933 2123; x_wconf 91' lang='lat' dir='ltr'>C.</span> <span class='ocrx_word' id='word_1_1011' title='bbox 1956 2094 1997 2122; x_wconf 89' lang='lat' dir='ltr'>VI.</span> 
     </span>
     <span class='ocr_line' id='line_1_106' title="bbox 1156 2138 1999 2178; baseline -0.008 -6"><span class='ocrx_word' id='word_1_1012' title='bbox 1156 2149 1179 2173; x_wconf 84' lang='lat'>4.</span> <span class='ocrx_word' id='word_1_1013' title='bbox 1206 2156 1227 2172; x_wconf 91' lang='lat' dir='ltr'>c.</span> <span class='ocrx_word' id='word_1_1014' title='bbox 1246 2148 1288 2171; x_wconf 70' lang='lat'>25.</span> <span class='ocrx_word' id='word_1_1015' title='bbox 1315 2145 1337 2178; x_wconf 91' lang='grc'>9</span> <span class='ocrx_word' id='word_1_1016' title='bbox 1359 2146 1379 2170; x_wconf 92' lang='lat' dir='ltr'>l.</span> <span class='ocrx_word' id='word_1_1017' title='bbox 1407 2143 1439 2170; x_wconf 81' lang='lat' dir='ltr'>de</span> <span class='ocrx_word' id='word_1_1018' title='bbox 1459 2143 1543 2169; x_wconf 77' lang='lat' dir='ltr'>Praet.</span> <span class='ocrx_word' id='word_1_1019' title='bbox 1569 2147 1595 2168; x_wconf 86' lang='lat' dir='ltr'>et</span> <span class='ocrx_word' id='word_1_1020' title='bbox 1618 2142 1670 2178; x_wconf 87' lang='lat' dir='ltr'>Qu.</span> <span class='ocrx_word' id='word_1_1021' title='bbox 1707 2141 1759 2168; x_wconf 87' lang='lat' dir='ltr'>Pro</span> <span class='ocrx_word' id='word_1_1022' title='bbox 1783 2140 1933 2167; x_wconf 81' lang='lat' dir='ltr'>conditione</span> <span class='ocrx_word' id='word_1_1023' title='bbox 1956 2138 1999 2165; x_wconf 90' lang='lat' dir='ltr'>ad-</span> 
     </span>
     <span class='ocr_line' id='line_1_107' title="bbox 1157 2181 2000 2221; baseline -0.009 -5"><span class='ocrx_word' id='word_1_1024' title='bbox 1157 2189 1329 2219; x_wconf 74' lang='lat' dir='ltr'>mittentium,</span> <span class='ocrx_word' id='word_1_1025' title='bbox 1354 2187 1515 2213; x_wconf 65' lang='lat' dir='ltr'>coercitione</span> <span class='ocrx_word' id='word_1_1026' title='bbox 1540 2184 1743 2221; x_wconf 80' lang='lat' dir='ltr'>transigendum.</span> <span class='ocrx_word' id='word_1_1027' title='bbox 1772 2183 1801 2211; x_wconf 89' lang='lat' dir='ltr'>fr.</span> <span class='ocrx_word' id='word_1_1028' title='bbox 1822 2184 1844 2208; x_wconf 94' lang='lat' dir='ltr'>l.</span> <span class='ocrx_word' id='word_1_1029' title='bbox 1869 2181 1901 2209; x_wconf 80' lang='lat' dir='ltr'>de</span> <span class='ocrx_word' id='word_1_1030' title='bbox 1925 2186 2000 2208; x_wconf 89' lang='lat' dir='ltr'>term.</span> 
     </span>
     <span class='ocr_line' id='line_1_108' title="bbox 1158 2225 1999 2264; baseline -0.011 -5"><span class='ocrx_word' id='word_1_1031' title='bbox 1158 2237 1220 2259; x_wconf 88' lang='lat' dir='ltr'>mot.</span> <span class='ocrx_word' id='word_1_1032' title='bbox 1234 2233 1276 2258; x_wconf 76' lang='lat'>47.</span> <span class='ocrx_word' id='word_1_1033' title='bbox 1288 2233 1329 2257; x_wconf 76' lang='lat'>21.</span> <span class='ocrx_word' id='word_1_1034' title='bbox 1350 2228 1516 2256; x_wconf 84' lang='lat' dir='ltr'>Contrahere</span> <span class='ocrx_word' id='word_1_1035' title='bbox 1535 2233 1561 2254; x_wconf 84' lang='lat' dir='ltr'>et</span> <span class='ocrx_word' id='word_1_1036' title='bbox 1575 2229 1727 2264; x_wconf 86' lang='lat' dir='ltr'>transigere.</span> <span class='ocrx_word' id='word_1_1037' title='bbox 1754 2226 1839 2262; x_wconf 82' lang='lat' dir='ltr'>Agere</span> <span class='ocrx_word' id='word_1_1038' title='bbox 1854 2230 1879 2251; x_wconf 83' lang='lat' dir='ltr'>et</span> <span class='ocrx_word' id='word_1_1039' title='bbox 1892 2225 1999 2260; x_wconf 84' lang='lat' dir='ltr'>transig.</span> 
     </span>
     <span class='ocr_line' id='line_1_109' title="bbox 1159 2268 1999 2310; baseline -0.011 -8"><span class='ocrx_word' id='word_1_1040' title='bbox 1159 2276 1189 2302; x_wconf 91' lang='lat' dir='ltr'>fr.</span> <span class='ocrx_word' id='word_1_1041' title='bbox 1211 2277 1232 2301; x_wconf 93' lang='lat'>1.</span> <span class='ocrx_word' id='word_1_1042' title='bbox 1252 2275 1273 2308; x_wconf 94' lang='lat'>5.</span> <span class='ocrx_word' id='word_1_1043' title='bbox 1293 2276 1316 2300; x_wconf 76' lang='lat'>3.</span> <span class='ocrx_word' id='word_1_1044' title='bbox 1338 2273 1370 2299; x_wconf 86' lang='lat' dir='ltr'>de</span> <span class='ocrx_word' id='word_1_1045' title='bbox 1390 2277 1456 2310; x_wconf 86' lang='lat' dir='ltr'>pact.</span> <span class='ocrx_word' id='word_1_1046' title='bbox 1475 2274 1499 2298; x_wconf 79' lang='lat'>2.</span> <span class='ocrx_word' id='word_1_1047' title='bbox 1522 2273 1561 2298; x_wconf 81' lang='lat'>14.</span> <span class='ocrx_word' id='word_1_1048' title='bbox 1582 2271 1613 2298; x_wconf 93' lang='lat' dir='ltr'>fr.</span> <span class='ocrx_word' id='word_1_1049' title='bbox 1632 2273 1655 2297; x_wconf 85' lang='grc'>9.</span> <span class='ocrx_word' id='word_1_1050' title='bbox 1673 2280 1712 2307; x_wconf 90' lang='lat' dir='ltr'>pr.</span> <span class='ocrx_word' id='word_1_1051' title='bbox 1731 2268 1764 2295; x_wconf 88' lang='lat' dir='ltr'>de</span> <span class='ocrx_word' id='word_1_1052' title='bbox 1784 2272 1905 2294; x_wconf 78' lang='lat' dir='ltr'>transact.</span> <span class='ocrx_word' id='word_1_1053' title='bbox 1919 2270 1943 2294; x_wconf 77' lang='lat'>2.</span> <span class='ocrx_word' id='word_1_1054' title='bbox 1961 2269 1999 2294; x_wconf 87' lang='lat'>15.</span> 
     </span>
    </p>
   </div>
   <div class='ocr_carea' id='block_1_26' title="bbox 1137 2311 1998 2354">
    <p class='ocr_par' dir='ltr' id='par_1_29' title="bbox 1137 2311 1998 2354">
     <span class='ocr_line' id='line_1_110' title="bbox 1137 2311 1998 2354; baseline -0.01 -9"><span class='ocrx_word' id='word_1_1055' title='bbox 1137 2351 1138 2354; x_wconf 13' lang='grc' dir='ltr'><strong>Ἴ</strong></span> <span class='ocrx_word' id='word_1_1056' title='bbox 1161 2319 1189 2345; x_wconf 84' lang='lat' dir='ltr'>fr.</span> <span class='ocrx_word' id='word_1_1057' title='bbox 1212 2320 1234 2344; x_wconf 94' lang='lat'>1.</span> <span class='ocrx_word' id='word_1_1058' title='bbox 1254 2318 1337 2351; x_wconf 60' lang='lat'>5310.</span> <span class='ocrx_word' id='word_1_1059' title='bbox 1362 2316 1443 2351; x_wconf 84' lang='lat' dir='ltr'>Quar.</span> <span class='ocrx_word' id='word_1_1060' title='bbox 1470 2324 1519 2341; x_wconf 89' lang='lat' dir='ltr'>rer.</span> <span class='ocrx_word' id='word_1_1061' title='bbox 1540 2318 1588 2340; x_wconf 80' lang='lat' dir='ltr'>act.</span> <span class='ocrx_word' id='word_1_1062' title='bbox 1608 2316 1649 2340; x_wconf 71' lang='lat'>44.</span> <span class='ocrx_word' id='word_1_1063' title='bbox 1669 2315 1692 2339; x_wconf 84' lang='lat'>5.</span> <span class='ocrx_word' id='word_1_1064' title='bbox 1714 2328 1743 2332; x_wconf 95' lang='lat'><strong>—</strong></span> <span class='ocrx_word' id='word_1_1065' title='bbox 1769 2312 1800 2344; x_wconf 74' lang='lat'>§0</span> <span class='ocrx_word' id='word_1_1066' title='bbox 1818 2312 1855 2337; x_wconf 80' lang='lat'>³.</span> <span class='ocrx_word' id='word_1_1067' title='bbox 1879 2311 1998 2337; x_wconf 72' lang='lat' dir='ltr'>Trans-</span> 
     </span>
    </p>
   </div>
   <div class='ocr_carea' id='block_1_27' title="bbox 1161 2353 2000 2520">
    <p class='ocr_par' dir='ltr' id='par_1_30' title="bbox 1161 2353 2000 2520">
     <span class='ocr_line' id='line_1_111' title="bbox 1161 2353 1999 2391; baseline -0.011 -4"><span class='ocrx_word' id='word_1_1068' title='bbox 1161 2363 1316 2388; x_wconf 80' lang='lat' dir='ltr'>actionem</span> <span class='ocrx_word' id='word_1_1069' title='bbox 1337 2361 1510 2385; x_wconf 65' lang='lat' dir='ltr'>celebrare.</span> <span class='ocrx_word' id='word_1_1070' title='bbox 1547 2357 1565 2384; x_wconf 90' lang='lat'>1.</span> <span class='ocrx_word' id='word_1_1071' title='bbox 1580 2357 1642 2391; x_wconf 78' lang='lat' dir='ltr'>Sy.</span> <span class='ocrx_word' id='word_1_1072' title='bbox 1673 2355 1889 2381; x_wconf 83' lang='lat' dir='ltr'>Transactionem</span> <span class='ocrx_word' id='word_1_1073' title='bbox 1907 2353 1999 2380; x_wconf 78' lang='lat' dir='ltr'>facere.</span> 
     </span>
     <span class='ocr_line' id='line_1_112' title="bbox 1161 2395 2000 2437; baseline -0.011 -6"><span class='ocrx_word' id='word_1_1074' title='bbox 1161 2404 1351 2431; x_wconf 81' lang='lat' dir='ltr'>Transactione</span> <span class='ocrx_word' id='word_1_1075' title='bbox 1371 2411 1536 2437; x_wconf 83' lang='lat' dir='ltr'>componere.</span> <span class='ocrx_word' id='word_1_1076' title='bbox 1566 2399 1607 2425; x_wconf 79' lang='lat' dir='ltr'>Cf.</span> <span class='ocrx_word' id='word_1_1077' title='bbox 1628 2408 1651 2424; x_wconf 93' lang='lat' dir='ltr'>v.</span> <span class='ocrx_word' id='word_1_1078' title='bbox 1672 2397 1835 2423; x_wconf 85' lang='lat' dir='ltr'>Transactio.</span> <span class='ocrx_word' id='word_1_1079' title='bbox 1855 2397 1876 2430; x_wconf 90' lang='lat'>5.</span> <span class='ocrx_word' id='word_1_1080' title='bbox 1897 2398 1919 2422; x_wconf 89' lang='lat'>1.</span> <span class='ocrx_word' id='word_1_1081' title='bbox 1956 2395 2000 2422; x_wconf 92' lang='lat'>111.</span> 
     </span>
     <span class='ocr_line' id='line_1_113' title="bbox 1163 2438 1999 2481; baseline -0.011 -7"><span class='ocrx_word' id='word_1_1082' title='bbox 1163 2449 1228 2474; x_wconf 79' lang='lat' dir='ltr'>Cn.</span> <span class='ocrx_word' id='word_1_1083' title='bbox 1250 2446 1303 2472; x_wconf 70' lang='lat' dir='ltr'>Nec</span> <span class='ocrx_word' id='word_1_1084' title='bbox 1324 2446 1438 2481; x_wconf 79' lang='lat' dir='ltr'>transigi,</span> <span class='ocrx_word' id='word_1_1085' title='bbox 1458 2443 1499 2470; x_wconf 81' lang='lat' dir='ltr'>vel</span> <span class='ocrx_word' id='word_1_1086' title='bbox 1519 2442 1626 2469; x_wconf 83' lang='lat' dir='ltr'>iudicari</span> <span class='ocrx_word' id='word_1_1087' title='bbox 1645 2450 1732 2477; x_wconf 80' lang='lat' dir='ltr'>posse.</span> <span class='ocrx_word' id='word_1_1088' title='bbox 1754 2450 1775 2466; x_wconf 93' lang='lat' dir='ltr'>c.</span> <span class='ocrx_word' id='word_1_1089' title='bbox 1789 2442 1812 2466; x_wconf 86' lang='lat'>4.</span> <span class='ocrx_word' id='word_1_1090' title='bbox 1833 2439 1865 2466; x_wconf 87' lang='lat' dir='ltr'>de</span> <span class='ocrx_word' id='word_1_1091' title='bbox 1884 2438 1999 2479; x_wconf 80' lang='lat' dir='ltr'>postlim.</span> 
     </span>
     <span class='ocr_line' id='line_1_114' title="bbox 1163 2483 2000 2520; baseline -0.01 -4"><span class='ocrx_word' id='word_1_1092' title='bbox 1163 2500 1215 2516; x_wconf 75' lang='lat' dir='ltr'>rev.</span> <span class='ocrx_word' id='word_1_1093' title='bbox 1236 2492 1259 2515; x_wconf 69' lang='lat'>8.</span> <span class='ocrx_word' id='word_1_1094' title='bbox 1279 2491 1320 2515; x_wconf 88' lang='lat'>51.</span> <span class='ocrx_word' id='word_1_1095' title='bbox 1341 2488 1372 2514; x_wconf 84' lang='lat' dir='ltr'>cf.</span> <span class='ocrx_word' id='word_1_1096' title='bbox 1394 2489 1422 2514; x_wconf 67' lang='lat' dir='ltr'>l‘r.</span> <span class='ocrx_word' id='word_1_1097' title='bbox 1445 2489 1466 2513; x_wconf 96' lang='lat'>1.</span> <span class='ocrx_word' id='word_1_1098' title='bbox 1486 2487 1507 2520; x_wconf 91' lang='lat'>5.</span> <span class='ocrx_word' id='word_1_1099' title='bbox 1530 2487 1550 2511; x_wconf 89' lang='lat'>1.</span> <span class='ocrx_word' id='word_1_1100' title='bbox 1571 2488 1670 2510; x_wconf 78' lang='lat' dir='ltr'>testam.</span> <span class='ocrx_word' id='word_1_1101' title='bbox 1691 2483 1809 2519; x_wconf 84' lang='lat' dir='ltr'>quemad.</span> <span class='ocrx_word' id='word_1_1102' title='bbox 1829 2492 1898 2520; x_wconf 81' lang='lat' dir='ltr'>aper.</span> <span class='ocrx_word' id='word_1_1103' title='bbox 1917 2484 1959 2508; x_wconf 75' lang='lat'>29.</span> <span class='ocrx_word' id='word_1_1104' title='bbox 1975 2484 2000 2509; x_wconf 90' lang='lat'>3.</span> 
     </span>
    </p>
   </div>
   <div class='ocr_carea' id='block_1_28' title="bbox 1139 2524 2002 2567">
    <p class='ocr_par' dir='ltr' id='par_1_31' title="bbox 1139 2524 2002 2567">
     <span class='ocr_line' id='line_1_115' title="bbox 1139 2524 2002 2567; baseline -0.009 -8"><span class='ocrx_word' id='word_1_1105' title='bbox 1139 2538 1141 2566; x_wconf 60' lang='grc' dir='ltr'><strong>ζ</strong></span> <span class='ocrx_word' id='word_1_1106' title='bbox 1163 2532 1336 2567; x_wconf 65' lang='lat' dir='ltr'>&#39;l&#39;ransegisse</span> <span class='ocrx_word' id='word_1_1107' title='bbox 1355 2541 1413 2557; x_wconf 88' lang='lat' dir='ltr'>cum</span> <span class='ocrx_word' id='word_1_1108' title='bbox 1433 2539 1478 2559; x_wconf 75' lang='lat' dir='ltr'>eo,</span> <span class='ocrx_word' id='word_1_1109' title='bbox 1500 2533 1523 2553; x_wconf 77' lang='lat' dir='ltr'>et</span> <span class='ocrx_word' id='word_1_1110' title='bbox 1544 2527 1675 2553; x_wconf 80' lang='lat' dir='ltr'>decidisse</span> <span class='ocrx_word' id='word_1_1111' title='bbox 1695 2537 1724 2552; x_wconf 89' lang='lat' dir='ltr'>eo</span> <span class='ocrx_word' id='word_1_1112' title='bbox 1745 2527 1838 2563; x_wconf 88' lang='lat' dir='ltr'>pretio.</span> <span class='ocrx_word' id='word_1_1113' title='bbox 1859 2525 1889 2552; x_wconf 84' lang='lat' dir='ltr'>fr.</span> <span class='ocrx_word' id='word_1_1114' title='bbox 1908 2526 1949 2551; x_wconf 86' lang='lat'>46.</span> <span class='ocrx_word' id='word_1_1115' title='bbox 1969 2524 2002 2551; x_wconf 83' lang='lat' dir='ltr'>de</span> 
     </span>
    </p>
   </div>
   <div class='ocr_carea' id='block_1_29' title="bbox 1163 2569 2001 2740">
    <p class='ocr_par' dir='ltr' id='par_1_32' title="bbox 1163 2569 2001 2740">
     <span class='ocr_line' id='line_1_116' title="bbox 1164 2569 1999 2608; baseline -0.008 -7"><span class='ocrx_word' id='word_1_1116' title='bbox 1164 2575 1193 2601; x_wconf 70' lang='lat'>11.</span> <span class='ocrx_word' id='word_1_1117' title='bbox 1210 2575 1239 2601; x_wconf 63' lang='lat' dir='ltr'>Y.</span> <span class='ocrx_word' id='word_1_1118' title='bbox 1253 2577 1276 2601; x_wconf 80' lang='lat'>6.</span> <span class='ocrx_word' id='word_1_1119' title='bbox 1300 2577 1320 2600; x_wconf 92' lang='lat'>1.</span> <span class='ocrx_word' id='word_1_1120' title='bbox 1359 2573 1523 2607; x_wconf 75' lang='lat' dir='ltr'>Transigere.</span> <span class='ocrx_word' id='word_1_1121' title='bbox 1544 2571 1584 2596; x_wconf 73' lang='lat' dir='ltr'>vel</span> <span class='ocrx_word' id='word_1_1122' title='bbox 1604 2571 1709 2608; x_wconf 84' lang='lat' dir='ltr'>pacisci.</span> <span class='ocrx_word' id='word_1_1123' title='bbox 1731 2580 1752 2596; x_wconf 91' lang='lat' dir='ltr'>c.</span> <span class='ocrx_word' id='word_1_1124' title='bbox 1768 2571 1807 2595; x_wconf 74' lang='grc'>18.</span> <span class='ocrx_word' id='word_1_1125' title='bbox 1827 2569 1860 2595; x_wconf 86' lang='lat' dir='ltr'>de</span> <span class='ocrx_word' id='word_1_1126' title='bbox 1879 2573 1999 2594; x_wconf 88' lang='lat' dir='ltr'>trausact.</span> 
     </span>
     <span class='ocr_line' id='line_1_117' title="bbox 1163 2611 2001 2649; baseline -0.01 -4"><span class='ocrx_word' id='word_1_1127' title='bbox 1163 2620 1186 2644; x_wconf 72' lang='grc'>’2.</span> <span class='ocrx_word' id='word_1_1128' title='bbox 1208 2620 1230 2643; x_wconf 66' lang='grc'>4.</span> <span class='ocrx_word' id='word_1_1129' title='bbox 1269 2617 1348 2644; x_wconf 83' lang='lat' dir='ltr'>Paeto</span> <span class='ocrx_word' id='word_1_1130' title='bbox 1368 2616 1511 2649; x_wconf 72' lang='lat' dir='ltr'>transigere</span> <span class='ocrx_word' id='word_1_1131' title='bbox 1531 2617 1604 2645; x_wconf 80' lang='lat' dir='ltr'>(cum</span> <span class='ocrx_word' id='word_1_1132' title='bbox 1625 2613 1809 2644; x_wconf 81' lang='lat' dir='ltr'>adversariis.)</span> <span class='ocrx_word' id='word_1_1133' title='bbox 1835 2611 1864 2638; x_wconf 85' lang='lat' dir='ltr'>fr.</span> <span class='ocrx_word' id='word_1_1134' title='bbox 1885 2613 1908 2638; x_wconf 75' lang='grc'>9,</span> <span class='ocrx_word' id='word_1_1135' title='bbox 1936 2612 1957 2645; x_wconf 89' lang='lat'>5.</span> <span class='ocrx_word' id='word_1_1136' title='bbox 1977 2613 2001 2637; x_wconf 80' lang='grc'>3.</span> 
     </span>
     <span class='ocr_line' id='line_1_118' title="bbox 1165 2654 2000 2691; baseline -0.008 -5"><span class='ocrx_word' id='word_1_1137' title='bbox 1165 2660 1221 2686; x_wconf 79' lang='lat' dir='ltr'>cml.</span> <span class='ocrx_word' id='word_1_1138' title='bbox 1236 2663 1260 2686; x_wconf 73' lang='lat'>2.</span> <span class='ocrx_word' id='word_1_1139' title='bbox 1281 2662 1318 2686; x_wconf 82' lang='lat'>15.</span> <span class='ocrx_word' id='word_1_1140' title='bbox 1339 2659 1369 2685; x_wconf 90' lang='lat' dir='ltr'>fr.</span> <span class='ocrx_word' id='word_1_1141' title='bbox 1387 2660 1423 2685; x_wconf 87' lang='lat'>15.</span> <span class='ocrx_word' id='word_1_1142' title='bbox 1444 2658 1464 2691; x_wconf 85' lang='lat'>5.</span> <span class='ocrx_word' id='word_1_1143' title='bbox 1480 2659 1504 2683; x_wconf 79' lang='lat'>3.</span> <span class='ocrx_word' id='word_1_1144' title='bbox 1525 2657 1557 2683; x_wconf 76' lang='lat' dir='ltr'>tle.</span> <span class='ocrx_word' id='word_1_1145' title='bbox 1574 2666 1602 2682; x_wconf 85' lang='lat' dir='ltr'>rc</span> <span class='ocrx_word' id='word_1_1146' title='bbox 1621 2656 1671 2682; x_wconf 87' lang='lat' dir='ltr'>iud.</span> <span class='ocrx_word' id='word_1_1147' title='bbox 1686 2657 1727 2681; x_wconf 72' lang='lat'>42.</span> <span class='ocrx_word' id='word_1_1148' title='bbox 1750 2657 1771 2680; x_wconf 95' lang='lat'>1.</span> <span class='ocrx_word' id='word_1_1149' title='bbox 1810 2655 1878 2681; x_wconf 84' lang='lat' dir='ltr'>Cum</span> <span class='ocrx_word' id='word_1_1150' title='bbox 1898 2654 2000 2680; x_wconf 83' lang='lat' dir='ltr'>diversa</span> 
     </span>
     <span class='ocr_line' id='line_1_119' title="bbox 1165 2696 2000 2740; baseline -0.01 -10"><span class='ocrx_word' id='word_1_1151' title='bbox 1165 2708 1239 2740; x_wconf 86' lang='lat' dir='ltr'>parte</span> <span class='ocrx_word' id='word_1_1152' title='bbox 1259 2702 1416 2737; x_wconf 75' lang='lat' dir='ltr'>transegisse</span> <span class='ocrx_word' id='word_1_1153' title='bbox 1436 2701 1479 2732; x_wconf 84' lang='lat' dir='ltr'>ita,</span> <span class='ocrx_word' id='word_1_1154' title='bbox 1501 2705 1528 2726; x_wconf 91' lang='lat' dir='ltr'>ut</span> <span class='ocrx_word' id='word_1_1155' title='bbox 1548 2704 1595 2725; x_wconf 79' lang='lat' dir='ltr'>etc.</span> <span class='ocrx_word' id='word_1_1156' title='bbox 1616 2709 1636 2725; x_wconf 87' lang='lat' dir='ltr'>c.</span> <span class='ocrx_word' id='word_1_1157' title='bbox 1651 2699 1674 2724; x_wconf 88' lang='lat'>6.</span> <span class='ocrx_word' id='word_1_1158' title='bbox 1695 2698 1727 2724; x_wconf 89' lang='lat' dir='ltr'>de</span> <span class='ocrx_word' id='word_1_1159' title='bbox 1747 2702 1867 2724; x_wconf 85' lang='lat' dir='ltr'>transact.</span> <span class='ocrx_word' id='word_1_1160' title='bbox 1881 2699 1905 2724; x_wconf 69' lang='lat'>2.</span> <span class='ocrx_word' id='word_1_1161' title='bbox 1925 2699 1949 2724; x_wconf 77' lang='lat'>4.</span> <span class='ocrx_word' id='word_1_1162' title='bbox 1970 2696 2000 2722; x_wconf 84' lang='lat' dir='ltr'>cf.</span> 
     </span>
    </p>
   </div>
   <div class='ocr_carea' id='block_1_30' title="bbox 1142 2740 2002 2828">
    <p class='ocr_par' dir='ltr' id='par_1_33' title="bbox 1142 2740 2002 2828">
     <span class='ocr_line' id='line_1_120' title="bbox 1142 2740 2002 2780; baseline -0.009 -7"><span class='ocrx_word' id='word_1_1163' title='bbox 1142 2743 1144 2765; x_wconf 66' lang='grc' dir='ltr'>Ῑ</span> <span class='ocrx_word' id='word_1_1164' title='bbox 1165 2746 1230 2773; x_wconf 62' lang='lat' dir='ltr'>fus.</span> <span class='ocrx_word' id='word_1_1165' title='bbox 1251 2747 1287 2779; x_wconf 87' lang='lat'>55.</span> <span class='ocrx_word' id='word_1_1166' title='bbox 1303 2747 1344 2771; x_wconf 67' lang='lat'>24.</span> <span class='ocrx_word' id='word_1_1167' title='bbox 1361 2754 1399 2780; x_wconf 91' lang='lat' dir='ltr'>sq.</span> <span class='ocrx_word' id='word_1_1168' title='bbox 1415 2743 1471 2769; x_wconf 72' lang='lat' dir='ltr'>eod.</span> <span class='ocrx_word' id='word_1_1169' title='bbox 1485 2746 1508 2769; x_wconf 71' lang='lat'>2.</span> <span class='ocrx_word' id='word_1_1170' title='bbox 1532 2745 1569 2769; x_wconf 90' lang='lat'>15.</span> <span class='ocrx_word' id='word_1_1171' title='bbox 1598 2741 1766 2776; x_wconf 78' lang='lat' dir='ltr'>Transigens.</span> <span class='ocrx_word' id='word_1_1172' title='bbox 1787 2740 1901 2767; x_wconf 87' lang='lat' dir='ltr'>Persona</span> <span class='ocrx_word' id='word_1_1173' title='bbox 1921 2745 2002 2766; x_wconf 82' lang='lat' dir='ltr'>trans-</span> 
     </span>
     <span class='ocr_line' id='line_1_121' title="bbox 1143 2783 1859 2828; baseline -0.01 -13"><span class='ocrx_word' id='word_1_1174' title='bbox 1143 2796 1145 2828; x_wconf 37' lang='lat'>}</span> <span class='ocrx_word' id='word_1_1175' title='bbox 1166 2789 1300 2825; x_wconf 79' lang='lat' dir='ltr'>igentium.</span> <span class='ocrx_word' id='word_1_1176' title='bbox 1321 2788 1350 2814; x_wconf 85' lang='lat' dir='ltr'>fr.</span> <span class='ocrx_word' id='word_1_1177' title='bbox 1370 2791 1392 2813; x_wconf 67' lang='grc'>8.</span> <span class='ocrx_word' id='word_1_1178' title='bbox 1413 2788 1449 2821; x_wconf 86' lang='grc'>99.</span> <span class='ocrx_word' id='word_1_1179' title='bbox 1470 2788 1494 2813; x_wconf 72' lang='lat'>8.</span> <span class='ocrx_word' id='word_1_1180' title='bbox 1514 2795 1572 2822; x_wconf 86' lang='lat' dir='ltr'>sqq.</span> <span class='ocrx_word' id='word_1_1181' title='bbox 1593 2785 1622 2811; x_wconf 88' lang='lat' dir='ltr'>fr.</span> <span class='ocrx_word' id='word_1_1182' title='bbox 1639 2786 1677 2810; x_wconf 89' lang='lat'>10.</span> <span class='ocrx_word' id='word_1_1183' title='bbox 1698 2783 1755 2810; x_wconf 84' lang='lat' dir='ltr'>eod.</span> <span class='ocrx_word' id='word_1_1184' title='bbox 1774 2786 1798 2809; x_wconf 72' lang='lat'>2.</span> <span class='ocrx_word' id='word_1_1185' title='bbox 1820 2785 1859 2809; x_wconf 89' lang='lat'>15.</span> 
     </span>
    </p>
   </div>
   <div class='ocr_carea' id='block_1_31' title="bbox 1203 2827 1826 2860">
    <p class='ocr_par' dir='ltr' id='par_1_34' title="bbox 1203 2827 1826 2860">
     <span class='ocr_line' id='line_1_122' title="bbox 1203 2827 1826 2860; baseline -0.01 -2"><span class='ocrx_word' id='word_1_1186' title='bbox 1203 2831 1457 2858; x_wconf 76' lang='lat' dir='ltr'>Transiicere.</span> <span class='ocrx_word' id='word_1_1187' title='bbox 1495 2828 1536 2856; x_wconf 89' lang='lat' dir='ltr'>Cf.</span> <span class='ocrx_word' id='word_1_1188' title='bbox 1556 2839 1580 2855; x_wconf 89' lang='lat' dir='ltr'>v.</span> <span class='ocrx_word' id='word_1_1189' title='bbox 1601 2827 1740 2854; x_wconf 79' lang='lat' dir='ltr'>Traiicere.</span> <span class='ocrx_word' id='word_1_1190' title='bbox 1762 2827 1781 2860; x_wconf 76' lang='lat'>5.</span> <span class='ocrx_word' id='word_1_1191' title='bbox 1802 2828 1826 2852; x_wconf 72' lang='lat'>2,</span> 
     </span>
    </p>
   </div>
  </div>
 </body>
</html>
