2197 3121
250 193 313 223 604

251 273 308 301 VII.
327 276 351 301 3.
377 274 408 300 cs.
432 273 487 300 Gai.
508 273 525 300 I.
548 274 603 300 193.
645 272 767 305 Maritus.
792 275 871 301 iuvIta
896 273 1018 306 muliere,
1042 283 1090 311 per

251 316 282 344 L.
301 317 391 344 Iuliam
410 316 564 353 prohibetur
583 315 703 343 alienare.
742 316 777 343 Ib.
797 316 828 343 II.
850 318 891 344 63,

287 360 524 387 Manen-outa.
568 360 702 386 Mulier.
740 359 759 386 I.
785 361 846 395 Sy.
870 359 971 387 Mulier.
997 359 1028 386 fr.
1049 361 1090 386 16.
1112 381 1113 384 .

253 402 286 428 dc
304 412 381 428 servo
402 412 468 428 corr.
490 404 528 428 11.
548 403 572 428 3.
1112 399 1113 402 ¹

286 445 608 473 Mulier-eutarius.
650 447 714 479 Qui
732 448 881 473 mulieres
906 447 1090 480 impudicas

252 490 452 515 adsectalar.
490 487 532 513 III.
553 488 619 515 Gn.
639 488 732 515 Marito
751 488 889 526 repudium
913 490 1030 521 mittere,
1049 498 1092 515 ex·
1112 503 1114 529 3

252 531 349 567 quisita
369 540 454 561 causa,
474 529 546 556 velut
564 530 678 564 ebrioso,
697 536 741 558 aut
760 531 875 563 aleatori,
895 536 938 558 aut
954 530 1092 558 muliercu-

253 572 325 599 lario.
352 573 402 599 Th.
422 573 453 600 C.
473 573 514 599 III.
536 575 575 600 16.
596 584 616 600 c.
638 576 660 601 1.
680 574 712 601 de
731 574 822 612 repud.

286 616 415 642 Mulio.
460 617 622 643 Malorum
646 624 767 650 castos,
792 624 818 644 el
845 619 1010 653 agitator.
1047 616 1115 643 III.⁴

252 658 319 686 Gn.
344 658 459 685 Carruca
480 669 537 686 cum
555 661 674 687 iunctura
694 660 784 697 legata,
803 660 888 687 mulae
901 670 1007 697 quoque
1025 659 1093 696 lega-

253 705 307 733 tae,
327 711 378 728 non
398 701 478 728 mulio
498 702 610 729 videtur.
647 703 718 730 Paul.
739 703 780 730 lIl.
800 706 823 730 6.
847 704 869 737 5
888 705 929 730 91.
966 702 1023 729 Nec
1040 713 1094 729 mu-

251 743 351 776 liones,
372 755 420 771 nec
440 747 609 782 carpentarii,
630 756 676 773 nec
695 746 863 773 mulomedici
882 747 969 773 cursui
985 745 1093 784 publico

251 785 377 824 deputati.
415 787 466 815 Th.
485 788 517 815 C.
538 788 604 814 YIII.
624 790 647 815 5.
668 799 689 816 c.
708 791 750 816 31.
771 789 803 816 cf.
823 800 845 816 c.
863 791 906 815 311.
926 790 992 823 5.1.
1011 799 1033 815 e.
1051 790 1093 815 53.

252 839 274 856 c.
293 831 335 856 58.
355 829 388 856 de
407 841 485 857 cursu
505 831 566 868 pub.
604 831 715 859 Servum
734 843 819 859 meum
836 832 978 859 mulionem
998 831 1095 858 condu-

251 873 327 905 xisti,
352 873 506 909 negligentia
532 875 587 901 eius
611 874 697 902 mulus
722 880 782 902 tuus
800 877 887 913 periit.
917 875 946 902 sr.
966 876 1007 901 60.
1027 875 1049 909 5.
1070 876 1093 901 7.
1115 899 1116 904 ,

252 915 329 942 locat.
351 918 391 943 19.
411 920 434 943 2.
472 916 567 949 Mulio,
587 918 610 944 si
629 928 677 955 per
695 919 851 955 imperitiam
870 919 995 956 Impetum
1014 917 1094 944 mula-

252 968 309 985 rum
329 960 443 985 rctinere
463 970 514 986 non
534 962 658 998 potuerit.
686 960 716 987 I'r.
735 964 759 988 8.
780 962 800 996 5.
823 963 844 988 1.
865 961 895 988 I'r.
915 963 956 988 52.
976 962 997 996 5.
1017 964 1041 988 2.
1061 961 1093 987 ad
1114 993 1115 998 1

252 999 281 1027 L.
301 1001 370 1038 Aqu.
391 1004 414 1028 9.
434 1004 458 1029 2.

285 1044 571 1073 Mulomedieus.
614 1048 833 1074 Iumeneorum
862 1049 1012 1074 medicas.
1049 1046 1092 1073 111.

251 1087 318 1113 Gn.
343 1087 482 1119 Muliones,
501 1091 665 1126 carpentarii,
686 1089 861 1122 mulomedici,
882 1091 969 1117 cursui
984 1089 1092 1127 publico
1114 1082 1115 1096 ¹

251 1127 377 1166 deputati.
415 1131 456 1158 Cf.
476 1142 500 1158 v.
524 1132 614 1158 Mulio.
646 1132 805 1165 Architecti,
830 1133 967 1170 laquearii,
987 1149 1020 1153 —
1039 1143 1093 1159 mu-
1113 1137 1115 1173 ᾗ

251 1171 374 1200 lomedici
393 1179 441 1201 etc.
472 1174 521 1201 Tb.
543 1175 572 1202 C.
592 1175 660 1202 XIII.
681 1177 704 1202 4.
725 1186 746 1202 c.
766 1179 790 1202 2.
810 1175 842 1202 de
862 1186 950 1203 excus.
971 1176 1038 1202 artif.

286 1216 460 1245 Mulsum.
500 1219 652 1245 Mixtura
672 1221 780 1245 mellis
798 1226 828 1246 et
849 1221 925 1245 vini.
963 1218 1006 1245 IH.
1025 1220 1091 1246 Cn.

251 1257 303 1284 Cui
329 1258 414 1286 dulcia
434 1260 517 1297 legata
537 1266 639 1293 essent,
661 1278 691 1281 —
718 1262 803 1288 omnia
827 1261 891 1288 liaec
914 1272 974 1288 esse
996 1261 1091 1298 legata:

250 1300 373 1334 mulsum,
392 1313 507 1340 passum,
527 1303 666 1334 defrutum.
687 1309 712 1330 et
731 1304 831 1331 similes
851 1306 982 1341 potiones.
1002 1304 1032 1332 fr.
1051 1306 1091 1331 16.

250 1343 273 1377 5.
294 1345 316 1370 l.
345 1344 378 1371 de
396 1347 449 1372 trit.
470 1348 539 1373 vino.
563 1348 605 1373 353.
630 1348 654 1373 6.
686 1346 757 1373 Paul.
777 1347 820 1374 III.
845 1350 868 1374 6.
894 1348 915 1382 5.
937 1350 977 1374 77.
1006 1348 1036 1374 Si
1060 1358 1092 1374 ex

251 1387 313 1413 vino
333 1392 359 1413 et
377 1388 454 1415 melle
474 1399 530 1416 ineo
551 1389 663 1416 mulsum
689 1390 791 1417 seceris.
829 1390 886 1417 Gai.
906 1390 936 1418 ll.
956 1392 997 1418 79.
1017 1390 1048 1418 fr.
1067 1392 1091 1418 9.
1113 1388 1115 1421 Ξ

250 1439 290 1466 pr.
311 1429 328 1456 l.
349 1430 365 1457 I.
385 1432 426 1458 33.
447 1434 462 1458 6

285 1473 418 1500 Multa.
455 1475 496 1501 CI'.
517 1485 540 1500 v.
561 1475 666 1502 Mateta.

285 1517 548 1544 Multisariam.
591 1518 714 1553 (Advb.)
750 1521 869 1547 Multis
897 1521 1039 1551 vicibus,
1068 1529 1090 1546 v.

250 1560 360 1584 modis.
395 1559 437 1585 III.
453 1561 518 1587 Cn.
542 1560 636 1587 Multis.
656 1567 827 1600 prospectum
847 1572 915 1594 esse,
935 1572 958 1589 v.
978 1562 1091 1599 placere.

251 1599 280 1626 sr.
302 1602 324 1627 7.
349 1601 380 1627 de
399 1603 501 1629 incend.
527 1604 609 1630 ruina.
630 1606 672 1631 47.
693 1607 716 1631 9.
744 1605 775 1631 fr.
795 1608 853 1631 220.
883 1606 904 1639 5.
926 1606 948 1631 l.
968 1604 1001 1631 de
1020 1604 1051 1631 V.
1063 1605 1089 1631 S.
1113 1613 1114 1617 ¹

249 1645 291 1669 50.
313 1645 352 1670 16.
389 1645 429 1672 Ex
443 1645 469 1671 S.
491 1647 726 1674 constitutionibus
744 1647 838 1675 multis.
859 1649 963 1674 emissis
983 1647 1092 1681 (babent
1113 1651 1114 1674 l

251 1687 312 1719 etc.)
333 1686 416 1714 Vatic.
437 1689 535 1722 §.134.

285 1730 539 1760 Multimoaus.
571 1732 710 1766 (Adiect.)
745 1735 879 1766 Varius,
902 1735 1091 1768 Multiplex.
1113 1728 1114 1743 ³

250 1772 294 1799 III.
313 1774 379 1800 Cn.
403 1774 556 1801 Multimoda
576 1776 763 1803 observatione
783 1782 907 1803 caverunt
927 1776 1000 1810 (DD.
1020 1776 1091 1803 Prin·
1113 1777 1114 1791 ³

251 1816 346 1852 cipes.)
365 1816 414 1843 Tb.
436 1817 466 1844 C.
482 1818 552 1845 XVI.
571 1822 595 1846 2.
617 1821 689 1845 014.
710 1820 766 1854 5.1.
787 1819 819 1846 de
839 1821 920 1856 episc.
941 1819 1004 1846 eccl.
1027 1819 1090 1847 mut-
1113 1821 1114 1847 i

251 1859 347 1885 timoda
371 1860 511 1887 donatione
536 1862 718 1889 transcribere.
757 1862 793 1888 lb.
820 1862 891 1889 Xlt'.
916 1865 941 1889 4.
966 1873 986 1888 e.
1011 1865 1035 1889 5.
1059 1862 1092 1889 de
1113 1852 1114 1888 i

251 1911 319 1928 suar.

286 1946 495 1979 Multiplex.
521 1947 658 1981 (Adiect.)
690 1950 859 1982 Cepimus,
884 1949 1016 1975 Varius.
1049 1947 1091 1974 111.
1113 1966 1115 1982 ¹.

251 1988 318 2014 Cn.
341 1988 371 2014 B.
392 1988 453 2015 Pnis
478 1990 634 2017 beneficium
654 1990 793 2028 multiplex
814 1996 867 2019 est.
888 2001 945 2017 nam
965 1990 1091 2027 quaedam

251 2029 281 2056 B.
302 2030 370 2057 Pnes
395 2038 546 2069 competunt
571 2038 622 2059 etc.
648 2034 678 2060 l'r.
697 2036 721 2061 6.
747 2034 768 2067 5.
797 2036 816 2060 I.
846 2033 879 2060 de
903 2033 933 2060 B.
954 2033 981 2059 I’.
1001 2035 1043 2060 37.
1070 2035 1091 2059 l.

251 2071 311 2099 Non
331 2073 387 2100 sola
411 2085 502 2101 manus
528 2075 680 2108 collatione,
701 2091 732 2095 »-
753 2076 801 2102 sed
820 2076 878 2102 aliis
900 2076 1092 2114 multiplicibus
1114 2085 1115 2088 ¹

253 2115 426 2144 documentis.
451 2118 501 2144 Th.
522 2118 552 2145 C.
573 2118 602 2144 II.
622 2121 664 2145 27.
689 2129 710 2145 c.
733 2120 753 2145 1.
773 2119 838 2152 5.1.
862 2120 884 2145 si
905 2124 967 2146 cert.
987 2124 1040 2156 pet.
1061 2119 1093 2146 de
1114 2130 1115 2142 1

252 2158 316 2185 chir.
348 2160 498 2187 Constituta
518 2161 681 2198 multiplicia.
720 2161 756 2187 Ib.
775 2161 847 2188 XXI.
868 2164 906 2188 10.
928 2172 948 2188 c.
968 2164 1010 2188 20.
1030 2162 1052 2196 5.
1068 2164 1092 2188 2.
1114 2157 1115 2180 l

252 2200 285 2227 de.
307 2211 397 2238 pagan.
1114 2199 1115 2204 ¹

288 2246 555 2278 Multiplieare.
598 2249 734 2282 Angere.
766 2246 807 2272 111.
833 2247 898 2274 Cn.
928 2247 1026 2274 Eadem
1050 2258 1092 2274 res

252 2288 357 2324 saepius
377 2291 503 2324 praestari
523 2300 574 2316 nou
594 2294 694 2327 potest,
720 2289 809 2316 eadem
832 2300 929 2315 summa
950 2306 981 2309 —
1007 2290 1093 2317 multi-
1114 2320 1116 2323 .

252 2329 344 2367 plicari
364 2335 459 2367 potest.
481 2332 509 2357 I'r.
529 2334 570 2359 34.
590 2334 612 2366 5.
632 2335 656 2359 3.
677 2333 709 2358 de.
728 2332 802 2369 legat.
824 2331 841 2358 I.
869 2333 937 2365 (30.)
957 2332 987 2359 cI'.
1008 2333 1038 2359 I'r.
1051 2336 1092 2359 45.

252 2373 274 2407 5.
295 2375 318 2399 6.
338 2373 422 2400 mand.
445 2376 482 2400 17.
506 2376 526 2400 I.
548 2375 576 2400 I'r.
591 2378 613 2401 6,
635 2375 668 2402 (le
687 2375 818 2413 publicau.
837 2376 879 2401 39.
899 2376 922 2402 4.
960 2374 999 2401 Ne
1018 2375 1093 2402 aliter

253 2416 346 2443 modus
367 2416 450 2443 litium
475 2417 664 2454 multiplieatus
684 2428 809 2444 summam
829 2434 861 2437 —
886 2418 962 2444 I'aeiat
981 2418 1093 2445 dislieul-
1113 2445 1115 2448 Α

253 2463 338 2485 tatem.
360 2459 427 2486 1”ι·.6.
448 2459 480 2486 (Ie
500 2470 555 2486 exe.
575 2461 611 2486 rei
632 2461 682 2486 iad.
704 2463 744 2487 44.
763 2464 787 2487 2.
826 2460 895 2487 Ilaec
915 2471 1025 2498 corpora
1045 2461 1093 2487 sre-

253 2503 358 2539 quentia
382 2502 514 2529 bominum
534 2502 701 2540 multiplicari
727 2503 856 2541 expediet.
895 2503 943 2530 Th.
969 2503 1000 2530 C.
1020 2504 1091 2531 XIV.
1113 2493 1114 2531 i

253 2547 276 2570 8.
298 2555 318 2570 r.
340 2547 362 2571 l.
383 2545 414 2571 de
1113 2536 1114 2551 l

288 2588 565 2621 Multiplieafio.
604 2590 800 2615 Cumulatio.
827 2589 868 2615 ΙΙΙ.
882 2591 948 2617 Gn.
967 2588 1092 2616 Noumu-

255 2633 289 2654 tat
310 2630 481 2657 substantiam
501 2642 585 2657 rerum
606 2642 657 2657 non
677 2632 822 2657 necessaria
847 2632 987 2658 verborum
1006 2632 1091 2659 multi—

255 2670 369 2707 plicatio.
393 2673 421 2699 I'r.
443 2676 484 2699 32.
504 2675 525 2707 5.
546 2676 569 2700 6.
589 2674 621 2700 de
641 2684 703 2700 auro
724 2684 774 2709 arg.
795 2675 836 2699 34.
856 2677 879 2700 2.

288 2715 560 2748 Mulfiplicfiter.
598 2716 718 2749 (Advb.)
748 2717 866 2743 Multis
887 2719 1024 2748 vicibus,

434 2551 534 2573 centon.

1044 2720 1093 2744 vel
1112 2722 1114 2743 ¹.

256 2758 360 2782 modis.
397 2757 437 2783 III.
458 2760 524 2786 Cn.
557 2760 632 2795 Quae
656 2759 770 2796 multipl.
798 2774 829 2778 —
859 2760 1001 2785 constituta
1021 2765 1090 2786 suut.

255 2798 305 2825 Tb.
327 2798 357 2824 C.
378 2798 446 2825 XVI.
466 2803 489 2826 5.
510 2812 530 2828 c.
551 2804 590 2828 47.
612 2802 644 2828 de
663 2802 759 2829 haeret.
1112 2819 1114 2823 ·

288 2842 500 2869 Multitudo.
536 2845 567 2877 §-
595 2846 626 2871 Ι.
654 2846 770 2879 Copia,
791 2847 838 2871 vel
863 2854 1025 2876 numerus,
1049 2832 1114 2887 itt-l

1062 191 1165 223 MUL.

1111 278 1219 309 {gena
1256 274 1274 300 I.
1295 275 1356 309 Sy.
1386 275 1574 312 Amplissimos
1598 285 1729 302 numerus.
1754 275 1784 302 sr.
1805 278 1826 303 l.
1851 278 1872 311 5.
1892 280 1916 304 2.
1941 278 1973 305 de

1112 316 1113 319 ’
1135 317 1224 344 testib.
1248 320 1289 343 22.
1309 319 1333 343 5.
1370 317 1413 344 III.
1439 319 1506 346 Cn.
1534 318 1702 345 Multitudine
1729 329 1816 345 rerum
1843 319 1971 357 distringi.

1135 359 1164 386 fr.
1184 362 1226 386 25.
1246 370 1277 386 ex
1297 370 1339 396 qu.
1360 371 1380 386 c.
1400 362 1457 387 mai.
1476 363 1500 388 4.
1520 363 1544 388 6.
1565 378 1596 381 -
1621 362 1653 395 ἓ.
1665 363 1700 388 2.
1726 363 1853 389 Corona
1877 365 1972 390 homi-

1112 424 1113 443 }
1135 413 1213 429 num.
1250 402 1293 429 III.
1309 404 1374 430 Cn.
1402 403 1432 430 Si
1455 403 1556 430 turbam
1577 420 1608 424 -—
1629 404 1797 437 conduxerit,
1821 414 1913 432 servos
1931 406 1973 433 ad-

1112 481 1113 484 *
1135 447 1277 477 vocaverit,
1297 445 1406 472 aliamve
1419 456 1493 482 quam
1507 447 1701 474 multitudinem
1715 446 1877 474 conduxerit.
1901 448 1972 476 Paul.

1136 488 1167 515 V.
1186 490 1228 515 30.
1248 489 1280 515 Λ.
1299 490 1355 523 5.1.
1376 488 1407 515 cl'.
1427 489 1458 516 I'r.
1476 492 1500 516 4.
1521 490 1542 524 5.
1562 492 1587 517 3.
1606 492 1632 517 vi
1651 490 1712 516 bon.
1732 495 1798 527 rapt.
1812 492 1853 517 47.
1872 492 1896 517 8.
1920 492 1974 527 Qui

1136 541 1267 569 oppressu
1289 531 1464 558 multitudiuis
1489 548 1521 552 —
1545 538 1666 560 terretur.
1698 532 1769 559 Paul.
1794 532 1827 560 V.
1851 535 1875 560 6.
1903 535 1926 568 5.
1949 536 1973 560 4.

1135 574 1252 601 Libidini
1275 579 1301 601 et
1323 575 1460 602 commodo
1479 576 1612 613 potiorum
1638 575 1779 603 multitudo
1805 576 1975 604 mediocrium

1137 617 1262 644 subiecta.
1292 617 1341 644 Th.
1362 618 1392 645 C.
1406 618 1451 645 XI.
1473 620 1512 645 16.
1533 628 1555 645 c.
1569 620 1593 645 3.
1613 618 1646 645 de
1665 624 1731 646 extr.
1751 629 1772 645 S.
1792 619 1863 646 sord.
1882 619 1975 646 cf.Va-

1137 662 1180 687 tic.
1200 661 1222 694 5.
1241 663 1283 688 35.
1320 660 1407 687 Nullis
1422 661 1527 688 circulis
1542 665 1644 693 coeant,
1663 662 1761 688 nullam
1775 661 1899 698 colligant
1911 662 1975 689 mul-

1138 703 1283 730 titudinem.
1321 703 1370 730 Th.
1391 704 1422 731 C.
1442 704 1511 732 XVI.
1531 706 1556 731 5.
1576 714 1597 731 c.
1619 706 1658 731 11.
1678 704 1711 731 de
1729 704 1826 731 haeret.

1172 748 1303 774 Multo.
1331 746 1452 780 (Advb.)
1483 748 1635 779 Multum,
1658 749 1770 780 Valde,
1789 749 1904 783 Longe.
1933 747 1974 774 III.

1138 791 1204 817 011.
1228 789 1311 816 Multo
1330 788 1423 826 pluris,
1442 800 1518 826 quam
1538 791 1627 826 quanti
1646 795 1709 822 erat,
1729 800 1820 817 emere.
1841 790 1923 817 sr.61.
1943 790 1976 817 ad

1137 832 1166 859 L.
1179 832 1248 859 Falc.
1267 834 1309 858 35.
1322 834 1346 858 2.
1379 832 1434 859 Cur
1452 842 1504 859 non
1523 833 1606 860 multo
1619 838 1678 860 ante
1693 832 1827 870 profectus
1842 843 1879 865 es,
1898 842 1976 870 quam

1138 875 1194 902 dies
1208 875 1393 912 promissionis
1406 876 1524 902 veniret?
1543 876 1573 902 fr.
1584 878 1607 902 2.
1627 876 1649 910 5.
1663 878 1687 904 8.
1707 877 1730 902 si
1744 886 1786 912 qu.
1806 880 1885 902 cautt.
1897 878 1922 902 2.
1935 877 1974 902 11.

1114 941 1115 945 ,
1137 918 1220 945 Multo
1239 919 1327 954 magis.
1357 917 1398 944 CI.
1417 928 1441 944 v.
1460 918 1549 955 Magis.
1569 919 1634 952 5.1.
1671 918 1754 946 lIIulto
1777 920 1881 945 iustius.
1900 917 1931 945 fr.
1950 921 1973 946 6.

1137 961 1170 988 (Ie
1188 971 1253 997 mag.
1274 971 1348 987 couv.
1368 962 1410 988 27.
1429 962 1453 988 8.

1171 1004 1403 1031 Multotiens.
1423 1003 1545 1037 (Advb.)
1566 1006 1806 1038 Saepenumero.
1844 1004 1886 1031 III.
1908 1005 1974 1032 Cn·

1136 1047 1185 1074 Est
1209 1048 1356 1084 quaesitum
1374 1046 1528 1073 multotiens
1547 1048 1574 1074 in
1593 1047 1705 1074 iudicas.
1742 1047 1788 1074 Iul.
1808 1058 1848 1085 ep.
1873 1057 1934 1074 nov.
1953 1057 1974 1073 c.

1135 1091 1177 1117 36.
1197 1090 1219 1123 §.
1241 1090 1298 1116 1-16.

1170 1134 1344 1160 Multum.
1377 1131 1500 1165 (Advb.)
1536 1134 1647 1167 Valde,
1681 1134 1892 1160 Vehementer.
1933 1132 1975 1159 III.

1113 1179 1115 1189 ¹
1137 1177 1203 1203 Gn·
1232 1174 1300 1202 Cum
1320 1175 1364 1201 diu
1383 1174 1546 1211 multumque
1566 1176 1698 1207 tractavit,
1719 1192 1749 1196 -—
1770 1177 1914 1203 novissime
1933 1177 1980 1202 ait:

1137 1218 1167 1245 fr.
1186 1220 1228 1244 33.
1248 1218 1280 1245 ad
1299 1218 1327 1244 S.
1339 1217 1370 1245 C.
1391 1217 1471 1244 Treb.
1484 1220 1526 1244 36.
1542 1220 1564 1244 1.
1596 1217 1646 1244 Per
1659 1218 1786 1254 singulos,
1801 1218 1851 1250 vel.v
1872 1224 1900 1245 ut
1913 1219 1977 1245 mul-

1138 1267 1200 1293 tum,
1220 1261 1305 1288 binos.
1337 1260 1387 1287 Th.
1403 1260 1436 1287 C.
1455 1260 1510 1287 Vll.
1530 1263 1554 1287 4.
1575 1271 1596 1287 c.
1611 1262 1651 1287 13.
1671 1261 1704 1287 de
1722 1271 1791 1297 erog.
1811 1261 1864 1288 mil.
1882 1272 1976 1288 annon.

1136 1305 1266 1336 Differre,
1286 1314 1308 1331 S.
1327 1304 1442 1336 Distare,
1461 1304 1580 1331 multum.
1607 1303 1664 1330 Gai.
1678 1303 1708 1330 1Ι.
1727 1305 1786 1330 ⁴268.
1806 1304 1848 1331 III.
1870 1306 1926 1331 109.
1946 1305 1976 1331 I'r.

1136 1350 1178 1375 23.
1198 1358 1236 1385 pr.
1257 1347 1290 1374 de
1309 1357 1382 1385 oper.
1401 1347 1488 1374 libert.
1507 1348 1549 1373 38.
1570 1349 1592 1373 1.
1624 1346 1695 1373 Inter
1719 1348 1835 1374 criminis
1858 1357 1931 1378 reos,
1951 1352 1977 1373 et

1136 1390 1236 1417 I'raudis
1256 1391 1408 1428 partiCipes,
1427 1390 1538 1417 multum
1557 1400 1624 1416 esse.
1645 1389 1676 1416 fr.
1695 1391 1719 1416 6.
1739 1389 1772 1416 de
1789 1389 1921 1428 publicau.
1935 1392 1976 1417 39.

1136 1436 1161 1461 4.
1179 1433 1210 1460 cf.
1231 1433 1261 1460 fr.
1281 1435 1322 1460 54.
1342 1433 1375 1460 de
1394 1434 1424 1460 R.
1438 1433 1471 1461 V.
1492 1435 1516 1460 6.
1533 1435 1554 1459 1.
1592 1432 1648 1459 Nec
1666 1432 1776 1459 multum
1790 1433 1874 1460 videri
1888 1434 1913 1460 in
1928 1432 1977 1459 Iioc

1137 1487 1199 1503 casu
1218 1476 1303 1503 facere.
1323 1482 1371 1503 etc.
1397 1476 1427 1503 fr.
1446 1478 1489 1502 21.
1510 1476 1542 1502 de
1562 1475 1628 1502 adm.
1654 1480 1679 1502 et
1697 1477 1777 1513 peric.
1796 1477 1838 1502 26.
1859 1478 1881 1503 7.
1918 1476 1977 1502 Non

1113 1529 1115 1541 ¹=
1136 1519 1246 1546 multum
1267 1520 1360 1548 aberit.
1380 1520 1443 1556 quin
1463 1524 1511 1545 etc.
1532 1518 1562 1545 fr.
1584 1521 1623 1545 17.
1647 1517 1679 1545 de
1699 1518 1814 1545 statulib.
1834 1521 1875 1545 40.
1896 1520 1918 1545 7.

1171 1564 1324 1589 Multus.
1343 1562 1471 1596 (Adiect.)
1491 1563 1569 1596 §.l.
1590 1564 1766 1596 Frequens,
1788 1563 1977 1596 Mztltiplea‘.

1140 1607 1272 1632 Varius.
1308 1605 1339 1632 II.
1357 1607 1424 1640 Op.
1455 1604 1573 1641 Aliquis,
1599 1604 1721 1640 Quidam.
1746 1620 1777 1623 —
1801 1604 1884 1631 Multi.
1904 1603 1934 1631 sr.
1953 1608 1977 1631 2.

1137 1649 1157 1681 5.
1180 1650 1201 1675 l.
1222 1648 1254 1674 de
1274 1648 1298 1674 h.
1319 1659 1361 1685 qu.
1382 1653 1435 1674 not.
1455 1647 1541 1674 inI'am.
1560 1649 1584 1674 3.
1604 1649 1628 1673 2.
1653 1646 1683 1673 fr.
1697 1648 1755 1673 240.
1780 1646 1812 1673 de
1837 1646 1868 1673 V.
1889 1646 1916 1673 S.
1936 1649 1977 1673 50.

1139 1692 1178 1717 16.
1216 1690 1259 1717 III.
1279 1692 1345 1718 (711.
1370 1691 1437 1718 Cum
1457 1691 1521 1716 satis
1541 1690 1638 1716 multae.
1657 1691 1711 1716 sint
1729 1690 1792 1716 iuris
1807 1695 1904 1727 parteS,
1923 1691 1979 1726 qui-

1137 1733 1186 1759 bus
1206 1738 1254 1759 etc.
1275 1733 1304 1760 fr.
1326 1735 1347 1760 1.
1368 1734 1390 1767 5
1409 1735 1434 1759 2.
1455 1732 1487 1759 de
1507 1732 1570 1759 Pub.
1591 1733 1617 1759 in
1637 1732 1667 1759 R.
1679 1733 1711 1759 A.
1730 1734 1753 1759 6.
1767 1734 1793 1759 2.
1818 1733 1852 1759 Et
1865 1732 1979 1769 denique

1137 1775 1287 1813 complures
1308 1776 1372 1803 aliae
1386 1776 1456 1812 leges
1476 1777 1502 1802 iu
1521 1775 1611 1802 multis
1629 1777 1723 1802 causis.
1755 1775 1811 1802 Gai.
1826 1775 1870 1802 IV.
1889 1777 1931 1802 22.
1945 1776 1977 1802 ct'.

1137 1819 1167 1845 II.
1186 1821 1246 1845 235.
1265 1819 1324 1845 ⁶238.
1362 1818 1391 1845 Si
1410 1818 1485 1845 multi
1499 1818 1633 1856 publicani
1648 1823 1716 1850 sunt,
1731 1835 1764 1838 —
1784 1829 1836 1845 non
1855 1818 1979 1855 multipli-

1138 1867 1211 1888 catur
1230 1861 1304 1899 dupli
1325 1863 1401 1888 actio.
1426 1861 1456 1888 fr.
1471 1863 1495 1888 6.
1516 1862 1549 1888 de
1568 1862 1700 1899 publican.
1719 1863 1761 1888 39.
1776 1863 1800 1888 4.
1837 1861 1865 1888 In
1883 1860 1978 1888 multas

1113 1911 1114 1918 ¹
1136 1905 1319 1941 legatariorum
1342 1914 1470 1941 personas
1493 1904 1636 1931 distributo
1662 1905 1828 1942 patrimonio.
1871 1903 1926 1930 Gai.
1947 1903 1976 1930 lt.

1135 1950 1194 1974 226.
1225 1947 1334 1974 Multum
1356 1947 1486 1974 hominem
1505 1949 1611 1974 venisse
1630 1947 1747 1974 Romam.
1776 1947 1806 1974 I'r.
1827 1948 1884 1973 158.
1903 1946 1935 1973 de
1946 1945 1975 1971 V.

1137 1990 1164 2017 S.
1184 1992 1225 2016 50.
1248 1992 1286 2016 16.
1324 1989 1400 2016 Multi
1419 1990 1551 2016 dixerunt.
1588 1990 1740 2017 Secundum
1763 1990 1903 2017 multorum
1922 1990 1976 2026 opi-

1114 2038 1115 2071 }
1137 2034 1248 2060 nionem.
1275 2033 1305 2059 fr.
1325 2035 1366 2059 41.
1387 2032 1420 2059 (Ie
1438 2043 1488 2059 rec.
1510 2044 1552 2070 qu.
1573 2033 1626 2060 arb.
1647 2035 1670 2059 4.
1691 2034 1714 2059 8.
1739 2033 1769 2059 fr.
1788 2034 1830 2059 30.
1854 2032 1875 2065 5.
1895 2033 1919 2058 3.
1944 2031 1977 2057 (Ie

1114 2075 1115 2103 l
1137 2076 1168 2102 Α.
1193 2087 1217 2102 v.
1237 2076 1270 2102 Ο.
1290 2075 1321 2102 II.
1345 2077 1387 2101 29.
1406 2077 1432 2101 2.
1456 2091 1487 2094 —
1516 2076 1547 2109 §.
1572 2077 1607 2102 ἓ.
1638 2078 1780 2109 Largus,
1807 2076 1975 2109 Copiosns.

1138 2119 1179 2145 III.
1195 2120 1262 2146 (711.
1281 2118 1361 2145 Multa
1382 2118 1456 2144 turba
1476 2119 1680 2155 peregrinorum.
1706 2118 1735 2144 l'r.
1755 2120 1779 2143 2.
1800 2117 1821 2151 5.
1835 2119 1876 2143 28.
1897 2116 1929 2143 (le
1942 2118 1975 2143 0,

1137 2161 1155 2188 I.
1176 2163 1198 2188 1.
1212 2164 1237 2187 2.
1275 2161 1384 2187 Multum
1404 2160 1538 2186 effundere
1558 2165 1702 2187 tractatum.
1723 2171 1743 2187 c.
1756 2162 1780 2186 3.
1793 2169 1839 2196 per
1850 2170 1892 2196 qu.
1906 2169 1975 2197 pers.

1114 2206 1115 2215 ¹
1137 2204 1198 2231 nob.
1218 2203 1294 2240 adqu.
1307 2205 1331 2230 4.
1351 2205 1393 2229 27.
1418 2203 1501 2229 Cuius
1517 2204 1638 2240 rescripti
1651 2202 1729 2229 verba
1744 2203 1802 2239 quia
1814 2202 1892 2229 multa
1907 2208 1975 2230 sunt.

1114 2244 1115 2249 ¹
1138 2263 1169 2267 —
1190 2257 1270 2284 paura
1289 2246 1398 2272 subieci.
1430 2246 1500 2272 Coll.
1520 2245 1576 2272 LL.
1596 2245 1629 2273 M.
1648 2245 1707 2271 XV.
1727 2247 1750 2271 2.
1776 2244 1867 2275 Multo.
1887 2245 1975 2281 longo,

1137 2290 1295 2327 prolixoque
1315 2294 1440 2326 tempore.
1465 2299 1485 2315 c.
1506 2290 1546 2315 66.
1573 2288 1605 2315 de
1624 2288 1755 2314 decurion.
1778 2290 1816 2314 10.
1836 2290 1878 2314 31.
1916 2288 1975 2315 Non

1138 2337 1199 2369 post
1218 2332 1327 2359 mnltnm
1348 2332 1474 2369 temporis
1493 2332 1612 2368 spatium.
1638 2330 1667 2357 I'r.
1681 2332 1704 2357 2.
1725 2331 1747 2364 5.
1763 2332 1784 2356 7.
1805 2330 1838 2357 de
1858 2330 1890 2357 0.
1907 2330 1931 2357 «I.
1952 2333 1973 2357 1.

1136 2378 1159 2401 2.
1192 2374 1250 2401 Non
1275 2374 1357 2401 multo
1383 2379 1501 2411 tempore
1524 2374 1689 2410 interposito.
1716 2372 1745 2399 fr.
1764 2374 1805 2399 33.
1834 2373 1866 2400 de
1890 2373 1921 2400 R.
1943 2373 1973 2400 N.

1136 2420 1177 2444 23.
1197 2421 1220 2444 2.

1171 2462 1306 2487 Mutus.
1331 2461 1446 2487 Muta.

1136 2514 1226 2538 equo,
1249 2506 1350 2529 velex
1369 2512 1448 2537 equa
1467 2507 1495 2527 et
1515 2503 1622 2532 asino,
1641 2503 1808 2535 gignitur.
1845 2501 1886 2527 III.
1907 2502 1972 2529 οη.

1136 2545 1276 2578 Animalia,
1297 2555 1362 2581 quae
1381 2544 1493 2580 mancipi
1512 2549 1581 2570 sunt.
1602 2553 1653 2580 quo
1674 2544 1698 2569 in
1719 2553 1826 2569 nurnero
1845 2543 1973 2570 habentur

1136 2589 1233 2617 boves.
1253 2589 1328 2624 equi,
1347 2586 1422 2617 muli.
1442 2587 1515 2612 asini.
1548 2587 1603 2613 Gai.
1624 2586 1642 2612 I.
1664 2588 1719 2612 12¹0.
1744 2596 1783 2622 sq.
1822 2585 1882 2622 le.
1901 2585 1970 2612 XIX.

1138 2634 1158 2658 I.
1197 2631 1325 2658 Mulon-uni
1345 2629 1520 2665 adpellatione
1540 2630 1616 2655 etiam
1635 2628 1720 2654 mula·-
1743 2630 1918 2655 continentur.
1941 2628 1969 2653 fr.

1135 2677 1177 2700 (52.
1202 2673 1234 2699 de
1259 2672 1332 2707 legat.
1358 2671 1400 2697 III.
1425 2674 1491 2704 (32.)
1524 2671 1591 2697 Cum
1616 2676 1743 2697 commota
1763 2671 1864 2698 feritate
1883 2671 1971 2696 nocuit.

1137 2716 1300 2753 quadrupes,
1325 2719 1387 2751 puta
1409 2731 1438 2734 ——
1463 2714 1560 2746 mulae,
1585 2719 1694 2751 propter
1713 2714 1816 2740 nimiam
1835 2714 1969 2740 feritatem.

1137 2759 1165 2784 I'r.
1187 2760 1209 2784 l.
1229 2758 1251 2791 5.
1271 2758 1294 2782 ⁴1.
1319 2757 1341 2782 si
1367 2756 1494 2794 quadrup.
1519 2758 1542 2782 9.
1564 2758 1586 2782 1.
1612 2756 1642 2782 ef.
1663 2756 1693 2782 sr.
1712 2758 1754 2782 27.
1779 2757 1800 2790 5.
1819 2757 1860 2782 34.
1884 2754 1916 2781 ad
1941 2754 1968 2781 L.

1136 2801 1203 2836 Aqu.
1223 2802 1247 2826 9.
1266 2802 1290 2825 2.
1327 2799 1428 2835 Iugum,
1448 2810 1472 2826 v.
1494 2799 1550 2830 Par,
1569 2798 1703 2825 mularum.
1728 2798 1758 2825 sr.
1772 2800 1812 2825 38.
1836 2798 1858 2831 5.
1880 2798 1918 2823 13.
1938 2798 1970 2824 de

1136 2842 1220 2869 Aedil.
1241 2841 1316 2868 edict.
1337 2844 1377 2868 21.
1400 2844 1421 2868 1.
1459 2841 1572 2868 Carruca
1592 2851 1651 2868 cum
1670 2843 1787 2869 iunctura
1806 2840 1896 2876 legata,
1917 2850 1969 2866 mu-

1489 2460 1630 2490 Animal,
1661 2461 1744 2493 quod
1765 2469 1800 2485 ex
1823 2461 1918 2485 asina
1945 2466 1971 2485 el
