2197 3121
954 156 1032 187 DIR
1057 175 1095 180 —-
1120 155 1230 188 DISC.

225 242 387 270 transducta.
426 241 557 268 lie-lictum
577 240 631 273 (sc.
650 238 754 271 solum)
774 238 807 266 ad
825 238 966 269 directum.
987 239 1068 265 certis
1090 241 1091 255 ¹

226 285 324 312 finibus
344 285 499 311 latitudinis.
523 284 552 310 fr.
571 285 613 309 29.
633 282 666 308 de
685 282 716 308 A.
735 281 766 308 11.
788 282 821 308 Ι).
841 283 883 308 41.
904 284 927 308 l.
952 281 982 308 fr.
1002 283 1026 307 2.
1046 282 1067 315 5.

225 330 268 354 2l.
289 338 321 354 ne
341 339 383 364 qu.
404 329 430 354 in
450 327 509 353 loco
529 326 590 363 pub.
605 327 681 352 4:223.
719 325 828 351 Directo
842 325 898 351 iure
918 329 996 360 atque
1012 334 1070 361 per·
1090 318 1091 322 ¹

226 375 308 408 petuo
328 371 482 403 (obtinere.)
521 369 570 395 Th.
591 367 622 394 C.
641 368 674 394 X.
696 369 718 394 1.
739 378 759 394 c.
779 369 803 394 2.
824 367 856 393 de
875 368 932 393 iure
950 367 1017 393 fisci.
1038 383 1067 387 —

227 414 258 446 §·
279 414 314 439 ἓ.
335 415 383 440 Ε.ι·
402 416 473 448 ipso
498 415 569 438 inre
592 413 690 438 civili
709 412 912 441 descendens,
933 412 981 435 vvel
1000 411 1070 435 iure

226 458 414 482 honorario.
456 455 473 481 1.
503 456 563 488 Sy.
600 453 690 483 Recta.
717 453 823 479 Directa
849 451 1020 485 (vindicatio,
1044 461 1068 477 v.

228 500 317 531 actio.)
345 498 375 525 [Γ.
399 500 422 525 9.
448 498 469 532 5.
495 500 518 523 2.
539 496 571 523 de
590 497 621 523 A.
642 496 674 522 R.
694 496 727 523 D.
747 498 788 522 41.
810 497 832 521 l.
870 494 899 521 11.
921 496 988 528 Op.
1024 494 1070 520 Di-

227 546 307 573 recta.
326 556 359 560 —
378 540 458 567 Vtilis
478 540 578 572 (aetio.)
599 539 630 565 [Γ.
650 541 691 566 47.
711 539 733 573 5.
755 540 776 565 l.
800 537 832 564 de
851 536 882 562 N.
898 536 930 563 G.
949 539 974 563 3.
994 539 1018 563 5.
1038 537 1068 563 [Γ.

230 586 270 610 13.
290 594 329 621 pr.
358 584 389 610 ad
410 583 437 610 L.
457 583 526 618 Aqn.
546 584 569 609 9.
589 584 613 609 2.
633 582 663 608 fr.
681 584 724 608 37.
745 591 783 618 pr.
804 580 836 606 de
860 580 893 606 O.
920 585 945 606 et
967 580 998 606 A.
1028 582 1068 606 44.

229 628 252 653 7.
290 627 411 653 Directas
431 627 548 652 actiones
567 625 671 651 habere.
701 640 734 644 —-
763 623 836 650 ficto
861 633 890 649 se
914 623 1011 649 herede
1034 625 1070 649 in—

229 669 344 695 tendere.
365 669 420 695 Gai.
441 668 485 695 IV.
505 670 546 694 34.
568 684 598 688 --
619 669 649 702 §.
669 669 705 694 3.
727 669 775 693 Ex
793 668 862 703 ipso
882 669 1069 698 testatoris,
1091 678 1092 685 ¹

228 714 276 738 vel
294 714 479 742 donatoris,
500 713 591 737 iussu
609 712 836 746 proficiscens.
862 709 880 735 l.
896 711 957 743 Sy.
978 709 1070 736 Recto.

229 754 339 780 Directo
359 755 448 787 (iure.)
469 754 505 780 lb.
526 754 556 780 ll.
577 756 637 780 248.
673 752 808 788 Legitima.
828 752 936 778 Directa
956 752 1069 785 (verba.)
1092 746 1093 755 ¹

230 807 252 823 c.
274 799 313 823 10.
335 807 355 823 c.
377 799 417 824 14.
438 797 470 823 de
490 802 591 823 testam.
612 806 678 822 man.
700 796 722 821 7.
743 797 766 821 2.
804 794 834 821 11.
851 796 917 829 01).
937 794 1071 821 Solemnia

229 838 272 865 vel
291 838 399 871 directa,
420 856 451 859 —
473 841 664 876 Quaecunque,
688 848 712 864 v.
732 837 851 864 Precaria
872 838 985 870 (verba.)
1006 848 1027 864 c.
1046 841 1070 864 2.

231 891 323 908 comm.
349 882 381 908 de
406 882 481 919 legat.
501 885 525 909 6.
544 885 585 909 43.
606 893 626 908 c.
648 883 688 907 14.
717 880 749 907 de
768 880 925 907 fideicomm.
945 882 969 906 6.
989 882 1029 907 42.
1050 891 1070 906 c.

231 926 271 951 10.
292 924 324 951 de
345 931 429 952 contr.
450 931 475 952 et
495 936 587 952 comm.
608 926 668 962 stip.
689 925 713 951 8.
731 924 773 949 38.
811 923 927 954 Directa.
942 923 1073 950 —Fidei—

231 969 462 999 co1umissaria.‚s.
483 969 697 995 Fideiconnnissa
717 966 869 1000 (libertas.)
890 966 946 992 Gai.
967 966 983 992 l.
1004 966 1020 992 l.
1041 966 1071 992 [Γ.

231 1012 271 1036 11.
292 1011 314 1044 ξ.
334 1013 358 1038 2.
378 1012 408 1038 sc.
430 1014 468 1038 16.
489 1012 510 1045 ξ.
534 1013 571 1037 13.
592 1010 621 1037 fr.
641 1012 682 1036 22.
702 1011 724 1044 ξ.
746 1011 768 1035 1.
788 1009 820 1035 ad
840 1009 867 1035 S.
888 1009 919 1035 c..
932 1008 1010 1035 Treh.
1030 1011 1071 1035 36.

232 1056 254 1080 1.
275 1053 304 1080 [Γ.
325 1056 365 1080 26.
390 1065 428 1091 pr.
450 1054 482 1080 de
501 1053 586 1080 tidvic.
606 1053 670 1080 libb.
690 1054 731 1079 210.
752 1054 776 1078 5.
814 1052 935 1084 Directa,
955 1068 987 1072 —-
1006 1052 1074 1079 Mor·
1094 1057 1095 1070 ¹

230 1098 265 1123 tis
286 1107 362 1123 causa
384 1098 503 1124 instituta
524 1097 665 1129 (donatio.)
685 1095 735 1122 Th.
752 1095 783 1122 C.
798 1095 866 1122 YIII.
888 1097 928 1122 12.
948 1106 969 1122 c.
992 1097 1014 1122 l.
1032 1105 1072 1132 pr.

231 1139 264 1166 de
283 1139 370 1166 donat.

264 1183 451 1215 Dii-optio.
490 1185 628 1217 Rapina.
668 1181 710 1208 III.
735 1183 802 1209 Cn.
838 1181 879 1208 Ne
899 1197 929 1201 —
950 1182 1073 1219 spoliatio

232 1235 261 1251 ac
285 1224 399 1262 direptio
423 1231 598 1263 perpetretur.
637 1225 673 1252 lb.
698 1224 768 1251 XVI.
793 1227 817 1251 5.
844 1235 865 1251 c.
890 1227 931 1251 57.
956 1226 978 1259 5.
997 1226 1021 1251 2.
1042 1225 1074 1251 de

231 1268 329 1294 haeret.
366 1268 407 1294 Ab
423 1269 623 1305 inquietantium
644 1267 734 1294 fraude
748 1267 996 1305 direptionibusque
1015 1267 1074 1294 subv

232 1321 346 1337 movere.
366 1311 403 1337 lb.
418 1311 476 1337 XV.
497 1313 519 1338 7.
541 1322 561 1338 c.
576 1315 599 1337 2.
615 1311 647 1337 de
661 1311 772 1337 scaenic.
810 1311 955 1337 Exactores
969 1316 995 1337 et
1008 1321 1076 1337 com-

232 1353 369 1391 pulsores,
394 1365 506 1391 quorum
532 1355 646 1392 direptio
671 1354 795 1390 arguitur.
837 1353 874 1380 lb.
894 1354 927 1380 X.
950 1355 971 1379 l.
993 1364 1014 1380 c.
1035 1355 1074 1379 16.
1097 1349 1098 1356 ¹

233 1396 266 1423 de
284 1398 340 1423 iure
359 1397 426 1423 fisci.

267 1441 460 1473 ltin-optor.
498 1442 637 1474 Raptor,
657 1442 850 1467 Praedator.
879 1440 922 1466 III.
943 1441 1009 1468 Cn.
1028 1440 1074 1466 Di-

234 1487 369 1519 reptorum
389 1483 529 1520 quadrupli
553 1493 636 1520 poena
662 1493 694 1509 ex
719 1493 809 1509 eorum
828 1484 986 1520 patrimonio
1006 1493 1077 1509 erua-

235 1530 285 1552 tur.
306 1525 355 1552 Th.
376 1526 407 1552 C.
427 1526 472 1553 XI.
493 1528 515 1552 7.
537 1537 557 1552 c.
577 1530 619 1552 20.
640 1526 672 1552 de
692 1527 820 1552 exaction.

270 1569 462 1602 Bireptus.
493 1569 625 1602 (Partic.)
650 1569 680 1602 ξ.
708 1571 740 1596 1.
767 1571 947 1603 .—1bruptas,
969 1571 1076 1596 Inter-

236 1614 331 1638 «risus.
370 1612 411 1638 111.
424 1614 489 1640 (7η.
523 1612 603 1648 Quod
623 1622 654 1638 ex
674 1611 726 1638 alto
747 1611 830 1641 cadet.
850 1612 936 1638 lenius
956 1617 981 1638 et
1000 1613 1078 1638 iuter-

238 1654 299 1680 dum
318 1654 450 1692 direptum
470 1655 513 1688 [al.
535 1655 683 1688 directum]
706 1654 735 1681 [Γ.
755 1657 797 1681 20.
817 1656 839 1688 5.
859 1657 882 1682 5.
904 1655 936 1682 de
949 1655 977 1682 S.
996 1655 1025 1681 P.
1045 1654 1076 1681 V.

239 1699 262 1723 ὃ.
282 1699 306 1723 2.
326 1713 358 1717 -
378 1699 408 1731 §.
429 1699 464 1724 2.
485 1700 625 1731 Raptus,
646 1700 794 1724 Aversor.
833 1698 851 1724 I.
872 1700 933 1732 Sy.
958 1699 1078 1729 Amatae,

239 1739 338 1776 Raptae
357 1741 433 1773 (res.)
471 1741 589 1777 Direpta.
614 1750 635 1766 c.
655 1742 679 1767 6.
699 1751 739 1777 sq.
762 1741 795 1767 de
818 1740 874 1767 ord.
899 1751 972 1777 cogn.
994 1743 1016 1767 7.
1039 1743 1078 1766 19.

238 1782 282 1808 111.
303 1784 368 1810 Gn.
387 1783 506 1820 Direptu.
526 1783 568 1809 vel
587 1788 711 1820 usurpata
736 1794 748 1810 a
774 1783 930 1820 quibusdam
955 1784 1079 1814 (tamiaca

240 1825 367 1862 praedia.)
387 1825 434 1851 Iul.
455 1836 495 1862 ep.
515 1836 574 1852 nov.
596 1837 617 1852 c.
636 1829 678 1852 22.
699 1828 720 1860 5.
739 1828 781 1853 83.
803 1827 857 1859 (Cf.
877 1837 901 1852 v.
921 1826 1066 1862 Diripere.)

275 1869 462 1902 llil-igere.
501 1868 531 1900 ξ.
548 1870 581 1894 1.
606 1871 741 1903 Regere.
762 1871 958 1903 Componere
985 1868 1080 1902 hsy.

242 1910 350 1947 liegere,
370 1910 512 1937 Declarnre
532 1911 615 1944 (fines
635 1912 701 1944 etc.)
727 1911 756 1938 fr.
779 1913 801 1938 1.
822 1911 852 1938 [Γ.
871 1914 895 1937 2.
920 1911 985 1944 5.1.
1007 1910 1036 1937 [Γ.
1056 1914 1080 1936 ὅ.
1103 1941 1104 1951 ¹

242 1964 279 1990 pr.
301 1954 345 1980 fin.
366 1953 472 1989 regund.
496 1956 534 1980 lt).
557 1955 578 1980 1.
616 1954 737 1981 111011.
757 1954 800 1986 Vt.
822 1965 871 1991 qua
890 1956 1001 1990 primum
1014 1954 1082 1979 viam
1103 1966 1105 1975 π

243 1996 393 2025 direxisset.
413 2007 441 2021 ea
462 1995 565 2022 demum
585 1998 621 2022 ire
641 2006 716 2031 agere
740 1996 856 2023 deberet.
881 1996 910 2023 [Γ.
930 1998 954 2023 9.
979 1995 1011 2022 (1(-
1030 2006 1083 2022 ser·

242 2040 287 2065 vit..
307 2042 330 2065 ὃ.
354 2041 374 2065 1.
412 2038 493 2065 Iudex
514 2039 630 2065 officium
654 2049 729 2065 suum
748 2040 783 2064 ita
803 2040 909 2075 diriget.
936 2044 964 2065 ut
983 2044 1031 2065 etc.
1052 2038 1082 2065 [Γ.

244 2084 266 2108 7.
286 2082 369 2115 510.
390 2091 480 2108 comm.
502 2082 554 2108 div.
576 2085 615 2108 10.
635 2084 659 2108 3.
689 2098 721 2101 —-
750 2083 780 2115 ξ.
797 2083 832 2108 2.
854 2084 1000 2112 Mittere,
1021 2083 1082 2108 De—

245 2127 374 2151 stinare.
412 2124 430 2150 I.
451 2126 512 2159 Sy.
542 2125 581 2151 Ire
600 2126 759 2162 praecipere.
786 2124 835 2152 Th.
856 2125 886 2152 C.
907 2125 936 2151 II.
955 2126 996 2150 26.
1018 2135 1038 2151 c.
1061 2127 1082 2150 1.

247 2166 348 2199 (Wek.)
362 2167 405 2194 fin.
420 2168 527 2204 regund.
559 2168 693 2199 Emittere.
714 2168 826 2196 Mittere.
845 2168 950 2195 Ducere
967 2168 1012 2201 (ad
1026 2178 1084 2204 pro·
1105 2166 1107 2178 ⁴

248 2210 368 2238 vinciam.
392 2221 416 2236 v.
436 2221 530 2237 munus
550 2212 612 2243 etc.)
651 2210 687 2236 lb.
707 2211 725 2237 I.
747 2213 787 2237 10.
815 2222 836 2237 c.
856 2213 879 2238 6,
901 2221 959 2247 sqq.
980 2210 1083 2243 (ch.)

250 2251 281 2277 de
306 2252 349 2278 off.
373 2253 446 2279 Com.
472 2254 498 2280 S.
524 2254 603 2290 largg.
626 2253 669 2279 Π.
693 2256 735 2280 28.
762 2264 782 2280 c.
808 2256 830 2280 1.
858 2264 878 2280 c.
903 2255 927 2280 3.
951 2253 983 2280 de
1001 2255 1084 2290 princ.

251 2299 332 2330 agent.
357 2296 383 2321 in
408 2297 461 2322 reb.
481 2297 514 2323 X.
535 2299 575 2323 10.
596 2307 617 2322 c.
639 2299 678 2322 12.
705 2307 743 2333 pr.
769 2297 834 2330 5.1.
859 2307 879 2323 c.
902 2298 940 2323 13.
961 2297 993 2323 de
1011 2297 1084 2333 petit.

251 2342 277 2362 et
295 2336 364 2362 ultro
384 2337 434 2364 dat.
471 2339 610 2366 Destinare
630 2339 706 2372 (ad.)
732 2339 768 2365 lb.
788 2339 833 2365 XI.
853 2341 894 2366 30.
918 2350 939 2366 c.
958 2341 999 2365 34.
1020 2340 1041 2372 5.
1063 2341 1085 2364 l.

252 2391 272 2406 c.
292 2382 332 2406 65.
353 2379 385 2405 de
404 2390 461 2416 app.
481 2387 506 2408 et
523 2392 600 2418 poen.
636 2382 678 2408 ΙΙΙ.
691 2383 756 2410 Cn.
776 2382 831 2408 Sub
852 2382 945 2408 idonea
964 2392 1087 2419 prosecu-

253 2424 323 2448 tione
342 2422 374 2448 ad
393 2422 515 2449 iudicium
534 2424 646 2460 dirigant
665 2426 768 2458 (reos)
791 2425 827 2451 lb.
853 2424 897 2451 IX.
917 2427 940 2451 2.
962 2435 982 2451 c.
1003 2427 1026 2450 5.
1047 2434 1086 2460 sq.

253 2465 285 2491 de
305 2464 363 2490 exli.
382 2474 407 2490 v.
428 2470 532 2492 transm.
569 2467 643 2493 Certi
664 2469 740 2494 etiam
759 2468 911 2504 dirigantur.
931 2469 975 2504 qui
996 2471 1087 2493 cuncta

254 2507 376 2534 sollerter
394 2508 533 2543 inquirant.
570 2509 606 2536 lb.
630 2510 663 2536 X.
690 2513 730 2537 10.
755 2521 776 2537 c.
797 2513 836 2537 11.
874 2510 999 2547 Singulos
1019 2509 1086 2536 codi-

254 2560 298 2576 ces
318 2566 348 2569 -
368 2560 415 2586 per
434 2549 523 2576 orben]
542 2550 699 2587 dirigendos.
719 2570 751 2573 —
770 2553 799 2580 In
817 2564 893 2580 manu
906 2558 946 2580 est
965 2558 1088 2590 acceptus

255 2593 338 2619 codex
358 2609 390 2612 —
409 2594 593 2629 praeceptione
611 2594 733 2623 directus.
770 2596 850 2623 Gesta
870 2598 896 2623 in
909 2596 970 2623 Sen.
991 2596 1023 2622 de
1036 2606 1086 2622 rec.

255 2636 305 2662 Th.
326 2635 356 2661 C.
377 2635 468 2667 (XVck.
487 2646 512 2672 p.
533 2636 570 2667 4.)
591 2636 622 2662 cf.
641 2647 665 2664 v.
684 2638 816 2665 Directus.
837 2639 956 2672 (Partic.)
975 2639 997 2672 5
1016 2641 1040 2664 2.
1056 2654 1087 2658 -—

256 2680 287 2712 §.
307 2680 343 2705 3.
366 2680 535 2713 Conferre,
556 2680 699 2715 Deferre.
736 2681 754 2708 l.
770 2683 831 2717 sy.
849 2681 995 2713 Intendere,
1014 2681 1089 2707 Insti-

256 2727 329 2748 turre
354 2722 513 2754 (actionem.
538 2731 562 2747 v.
587 2722 802 2757 accusationem.)
828 2724 858 2751 [Γ.
877 2726 919 2751 20.
943 2725 964 2758 5
986 2725 1010 2750 8.
1029 2724 1087 2750 fam.
1109 2718 1111 2726 ¹

257 2765 347 2791 ercisc.
370 2766 409 2790 10.
434 2766 458 2790 2.
485 2774 506 2790 c.
529 2766 554 2790 2.
574 2774 632 2801 sqq.
653 2764 685 2790 ad
703 2764 732 2790 L.
752 2765 798 2792 lul.
823 2767 855 2794 de
878 2768 904 2793 vi
922 2767 984 2804 pub.
1004 2768 1028 2794 9.
1049 2768 1088 2792 12.

1107 2315 1109 2318 ψ
1130 2298 1170 2322 45.
1191 2307 1223 2322 ex
1243 2306 1285 2332 qu.
1306 2306 1326 2322 c.
1346 2296 1403 2321 mai.
1424 2298 1446 2321 4.
1467 2297 1490 2321 6.

257 2806 300 2833 Ill.
315 2808 381 2835 (7¹11.
407 2806 435 2833 In
455 2816 513 2833 eum
531 2806 671 2833 destinatio
691 2806 767 2843 dirigi
784 2814 880 2845 potest.
903 2809 932 2836 In
951 2819 1028 2846 quem
1046 2820 1090 2836 vo-

1889 158 1953 188 289

1114 238 1222 265 luntatis
1242 239 1353 265 intentio
1373 238 1506 274 dirigetur.
1526 238 1558 264 [Γ.
1579 239 1619 264 77.
1646 238 1684 271 55.
1705 239 1745 264 10.
1763 239 1805 264 26.
1826 238 1858 264 de
1876 238 1952 274 legat.

1114 281 1142 307 ll.
1163 282 1240 315 (31.)
1278 281 1306 307 Si
1330 283 1356 307 in
1380 281 1455 308 aliam
1478 291 1619 318 personam
1643 282 1793 318 captionem
1818 280 1952 308 direxerit.

1114 324 1143 350 [Γ.
1165 326 1204 350 71.
1225 325 1246 358 5.
1268 327 1290 350 l.
1311 324 1343 350 de.
1362 324 1450 350 hered.
1471 325 1531 350 inst.
1551 327 1592 350 28.
1613 326 1636 350 5.
1674 323 1715 349 Ad
1736 334 1812 360 quam
1831 326 1880 356 (sc.
1897 335 1953 361 per-

1114 368 1220 399 sonam)
1244 367 1324 393 verba
1344 366 1523 403 stipulationis
1544 367 1619 403 dirigi
1638 367 1751 404 possint.
1772 367 1802 392 [Γ.
1822 369 1845 393 5.
1865 378 1903 404 pr.
1925 373 1953 394 ut.

1114 409 1188 445 legat.
1210 420 1278 436 serv.
1299 420 1320 436 c.
1339 411 1380 435 36.
1400 412 1424 436 3.

1148 453 1351 480 Dirimere·
1389 453 1419 486 ᾖ.
1439 454 1474 478 l.
1513 454 1654 483 Solvere,
1683 454 1816 479 Tollere.
1855 452 1872 479 I.
1891 454 1953 487 Sy.

1114 495 1269 522 Distrahere
1295 497 1479 529 (societatem,
1503 505 1526 521 V.
1551 496 1769 527 matrimonium.)
1794 495 1824 521 [Γ.
1843 497 1884 521 27.
1905 506 1953 532 pro

1114 548 1168 564 soc.
1190 540 1229 564 17.
1249 541 1273 565 ’2.
1294 538 1324 565 [Γ.
1346 540 1367 565 l.
1388 548 1428 574 sq.
1451 538 1483 564 de
1503 537 1597 563 divort.
1617 540 1658 564 24.
1678 540 1702 563 2.
1740 537 1782 563 III.
1806 539 1871 565 Gn.
1897 538 1952 564 lura

1115 582 1248 617 sanguinis
1273 581 1359 608 dirimi
1373 583 1455 614 .(non
1474 581 1580 617 posse.)
1605 580 1634 606 [Γ.
1659 583 1682 605 8.
1708 580 1740 605 de
1760 579 1790 606 R.
1811 580 1828 606 Ι.
1850 582 1891 606 50.
1915 583 1953 607 17.

1115 624 1144 650 Si
1164 624 1284 650 adfinitas
1305 624 1415 651 diremta
1438 625 1479 650 sit.
1504 623 1534 649 [Γ.
1555 625 1596 648 453.
1620 623 1642 656 5.
1662 624 1685 648 6.
1711 622 1743 648 de
1762 633 1866 659 procur.
1886 625 1909 649 3.
1928 626 1952 650 3.

1115 683 1147 686 —
1168 668 1198 699 §-
1219 669 1254 694 2.
1277 669 1439 694 Dec-idere.
1477 665 1520 692 111.
1548 666 1614 692 (711.
1652 667 1801 700 Quaeritur,
1822 682 1854 685 —
1874 666 1955 701 Quod

1116 711 1206 746 utique
1226 711 1264 736 sic
1283 710 1458 737 dirimendum
1483 713 1530 735 est.
1556 707 1587 734 fr.
1606 710 1647 733 38.
1668 718 1706 744 pr.
1731 708 1762 734 de
1788 708 1847 734 bon.
1867 709 1954 736 libert.

1114 754 1156 779 38.
1175 755 1199 779 2.
1238 754 1313 788 Quae
1333 754 1462 779 sententia
1487 751 1582 778 multas
1607 752 1776 787 quaestiones
1799 751 1904 778 dirimit.
1924 752 1954 779 [Γ.

1118 797 1138 821 1.
1159 796 1180 829 5.
1202 797 1240 822 16.
1262 796 1294 822 ad
1314 796 1340 822 S.
1362 796 1393 822 C.
1409 795 1488 822 Treb.
1507 796 1549 820 36.
1570 796 1593 821 l.
1630 793 1834 820 Adiudicatione
1853 800 1955 821 contro-

1115 839 1226 864 versiam
1246 838 1330 865 dirim.
1352 839 1381 865 [Γ.
1395 841 1419 865 2.
1439 839 1460 872 5
1478 840 1499 864 1.
1520 838 1564 864 sm.
1584 836 1692 873 regund.
1715 838 1753 862 10.
1772 838 1793 862 1.
1826 837 1875 863 Per
1888 848 1956 864 men-

1117 891 1191 907 sores
1212 880 1334 907 dirimere
1354 882 1464 913 (fines.)
1487 881 1518 907 [Γ.
1537 883 1560 906 2.
1584 881 1650 914 5.1.
1676 879 1706 905 fr.
1726 882 1749 905 8.
1774 880 1839 913 5.1.
1860 880 1894 906 ib.
1916 883 1955 907 10.

1118 926 1140 950 1.
1178 923 1277 950 Officio
1301 923 1396 950 iudicis
1420 923 1593 950 dirimendum
1618 928 1666 949 est.
1686 923 1715 949 fr.
1736 924 1776 948 73.
1801 922 1833 948 de
1852 933 1956 959 procur.

1094 981 1095 984 ¹
1116 969 1140 994 3.
1164 968 1188 993 3.

1151 1010 1340 1043 llflrflpere.
1365 1009 1396 1042 ξ.
1417 1010 1451 1035 l·
1478 1011 1638 1043 Abripere.
1669 1008 1711 1034 III.
1736 1010 1801 1036 Cn.
1834 1008 1869 1035 Vt
1893 1009 1958 1035 dire-

1094 1076 1095 1081 .
1118 1058 1179 1090 ptus
1194 1064 1206 1079 a
1221 1052 1324 1079 clericis
1338 1052 1482 1078 adseratur.
1503 1051 1552 1078 Th.
1568 1051 1598 1078 C.
1613 1051 1658 1077 lx.
1673 1053 1713 1077 40.
1735 1062 1755 1078 c.
1772 1053 1811 1077 15.
1832 1051 1864 1078 de.
1879 1062 1957 1089 poen.

1119 1096 1199 1122 Omni
1218 1095 1318 1122 macula
1338 1096 1444 1132 penitus
1465 1094 1566 1131 direpta
1587 1099 1635 1120 etc.
1656 1104 1677 1120 c.
1697 1096 1738 1120 23.
1758 1094 1817 1127 5.1.
1838 1094 1870 1121 (le
1885 1100 1957 1132 nupt.

1118 1141 1142 1165 5.
1162 1141 1185 1165 4.
1208 1154 1239 1157 —
1260 1139 1291 1172 ἕ.
1315 1140 1351 1165 2.
1382 1140 1520 1171 Rapere,
1541 1139 1674 1164 Furari.
1706 1137 1724 1163 I.
1745 1139 1805 1171 Sy.
1825 1137 1958 1167 Invadere.

1095 1213 1096 1217 Ἰ
1120 1181 1252 1218 Adpetere
1271 1182 1306 1213 vi,
1326 1180 1459 1212 Adimere,
1479 1180 1597 1206 Auferre.
1618 1179 1648 1206 [Γ.
1668 1182 1692 1205 4.
1713 1180 1734 1212 5.
1756 1181 1777 1205 l.
1798 1179 1827 1206 [Γ.
1842 1182 1865 1206 5.
1886 1180 1916 1206 fr.
1935 1182 1958 1206 7.

1119 1224 1151 1251 de
1171 1223 1273 1250 inceud.
1298 1225 1379 1250 ruina.
1404 1225 1445 1250 47.
1470 1225 1493 1250 9.
1532 1223 1643 1260 Rapere.
1669 1223 1699 1248 [Γ.
1723 1224 1747 1248 3.
1771 1233 1810 1259 pr.
1834 1223 1872 1256 55.
1894 1225 1915 1249 l.
1935 1224 1958 1249 8.

1120 1267 1149 1294 [Γ.
1169 1269 1192 1294 4.
1213 1278 1252 1304 pr.
1278 1267 1307 1293 [Γ.
1329 1269 1352 1292 5.
1377 1266 1412 1293 ib.
1432 1268 1474 1293 47.
1494 1268 1518 1293 9.
1543 1266 1573 1293 fr.
1595 1268 1616 1292 l.
1642 1266 1727 1299 551.
1749 1275 1788 1301 sq.
1813 1265 1845 1291 ad
1864 1265 1894 1291 L.
1913 1265 1959 1291 Iul.

1120 1310 1152 1336 de
1172 1311 1197 1336 vi
1216 1311 1283 1347 priv.
1303 1311 1344 1336 48.
1367 1311 1389 1335 7.
1426 1309 1469 1336 III.
1486 1311 1552 1337 (711.
1572 1308 1698 1335 Praedam
1712 1308 1826 1344 diripere
1841 1310 1885 1340 (ex
1902 1318 1961 1334 nau-

1120 1353 1223 1389 fragio.)
1243 1352 1273 1379 [Γ.
1293 1354 1317 1379 4.
1337 1353 1359 1386 5.
1383 1354 1404 1378 l.
1425 1352 1457 1379 de
1477 1352 1579 1379 incend.
1600 1354 1641 1378 47.
1656 1353 1679 1378 9.
1717 1352 1770 1386 Qui
1790 1350 1880 1377 fecerit
1900 1361 1962 1387 quo-

1097 1402 1099 1435 }
1121 1397 1206 1422 minus
1226 1395 1377 1433 sepeliatur.
1399 1406 1450 1432 quo
1470 1397 1551 1432 magis
1571 1395 1649 1422 funus
1671 1394 1818 1431 diripiatur,
1837 1393 1963 1420 distraha-

1121 1444 1170 1465 tur.
1191 1438 1221 1465 [Γ.
1241 1441 1264 1465 5.
1285 1449 1324 1475 pr.
1344 1438 1376 1464 ad
1394 1438 1424 1465 L.
1444 1438 1491 1465 Iul.
1512 1438 1544 1465 de
1563 1439 1589 1464 vi
1608 1437 1670 1474 pub.
1691 1439 1732 1463 45.
1753 1439 1776 1463 6.

1155 1482 1330 1509 Diruere.
1370 1483 1561 1513 Des-tmere,
1581 1483 1748 1507 Evertere.
1787 1479 1804 1506 l.
1821 1481 1883 1514 Sy.
1915 1480 1956 1506 De

1098 1521 1099 1544 ἶ
1121 1524 1216 1556 moliri,
1236 1524 1358 1550 Deiicere.
1378 1523 1473 1557 (aedes
1493 1525 1558 1555 etc.)
1582 1523 1613 1550 fr.
1638 1525 1661 1549 8.
1686 1523 1717 1549 fr.
1739 1524 1778 1548 10.
1803 1523 1825 1556 5.
1852 1525 1872 1548 l.
1910 1522 1961 1557 Qu.

1121 1567 1190 1594 mod.
1211 1567 1293 1593 ususf.
1314 1569 1337 1593 7.
1357 1568 1380 1593 4.
1419 1566 1468 1593 Th.
1494 1566 1525 1593 C.
1545 1566 1615 1593 XVI.
1642 1568 1681 1592 lo.
1707 1576 1727 1592 c.
1755 1566 1794 1591 16.
1820 1565 1852 1591 de
1871 1575 1962 1601 pagan.

1122 1611 1270 1647 Dilapsum,
1290 1610 1414 1636 Dirutum
1435 1609 1617 1642 (aedificium.)
1642 1608 1672 1635 fr.
1692 1610 1716 1635 6.
1736 1618 1774 1645 pr.
1795 1608 1816 1641 5.
1836 1609 1860 1633 3.
1881 1608 1913 1633 de
1932 1608 1962 1634 R.

1122 1654 1155 1680 D.
1177 1656 1199 1680 l.
1219 1656 1243 1679 ὅ.
1280 1652 1323 1679 111.
1344 1654 1410 1680 sn.
1442 1652 1471 1678 Si
1496 1653 1625 1679 deteriora
1648 1651 1753 1688 praedia
1774 1651 1839 1677 facta
1859 1650 1963 1681 suerint,

1123 1713 1155 1717 ——
1175 1697 1218 1722 vel
1237 1695 1354 1722 aedilicia
1376 1695 1470 1725 diruta.
1490 1695 1532 1721 vel
1552 1699 1651 1721 exusta.
1677 1694 1706 1720 [Γ.
1726 1695 1750 1720 9.
1770 1694 1791 1727 5
1812 1696 1836 1719 5.
1857 1693 1889 1719 de
1909 1693 1963 1719 reb.

1100 1768 1102 1777 Ι
1124 1745 1190 1766 auct..
1211 1738 1263 1764 iud.
1284 1740 1325 1764 42.
1345 1740 1369 1763 5.
1408 1737 1447 1763 Ne
1465 1737 1508 1764 vel
1527 1737 1644 1763 aedilicia
1657 1737 1801 1763 diruantur.
1821 1752 1853 1755 —
1873 1736 1915 1762 vet
1929 1737 1965 1762 vi-

1124 1792 1229 1809 nearum
1249 1780 1349 1806 cultura
1370 1780 1497 1807 turbetur.
1522 1780 1552 1806 [Γ.
1574 1782 1595 1806 1.
1620 1790 1659 1816 pr.
1680 1779 1713 1805 de
1734 1780 1804 1815 tigno
1824 1780 1903 1805 iunct.
1922 1780 1964 1804 47.

1124 1827 1148 1851 -’3
1186 1824 1215 1850 Si
1235 1839 1266 1842 —
1285 1823 1333 1849 hae.
1352 1822 1429 1849 aedes
1450 1824 1475 1849 vi
1495 1824 1659 1860 tempestatis
1679 1823 1705 1848 in
1724 1827 1767 1848 tua
1788 1822 1905 1848 aediticia
1925 1832 1965 1848 ce-

1125 1867 1245 1897 ciderint.
1266 1876 1347 1902 eaque
1371 1866 1507 1892 ‹lii-ucrint.
1532 1866 1561 1892 [Γ.
1581 1867 1623 1891 24.
1649 1866 1731 1899 5.10.
1756 1864 1788 1891 de
1807 1864 1900 1890 danim.
1920 1864 1964 1891 inf.

1125 1911 1166 1936 39.
1186 1911 1210 1934 2.
1248 1908 1346 1935 Terrae
1365 1914 1437 1935 motu
1457 1909 1541 1935 diruta
1562 1908 1638 1941 (aede
1651 1908 1746 1940 sacra.)
1766 1907 1795 1934 [Γ.
1817 1909 1856 1934 73.
1877 1917 1916 1944 pr.
1933 1907 1965 1933 de

1127 1957 1210 1979 contr.
1231 1957 1290 1978 emt.
1313 1954 1351 1978 ls.
1374 1953 1395 1978 l.

1162 1996 1380 2022 Discedere.
1412 1996 1442 2028 §-
1463 1996 1497 2021 1.
1530 1996 1644 2026 Exire,
1666 1995 1826 2020 Deserere.
1864 1994 1881 2019 1.
1903 1995 1964 2027 Sy.

1128 2039 1273 2065 Proiicisci.
1293 2038 1380 2064 Exire.
1401 2038 1430 2064 fr.
1452 2039 1491 2064 19.
1513 2037 1534 2071 5.
1555 2040 1578 2063 2.
1599 2037 1631 2063 de
1650 2037 1728 2063 indic.
1748 2039 1771 2062 5.
1794 2038 1814 2062 1.
1844 2036 1900 2062 Gai.
1921 2035 1963 2062 IV.

1130 2083 1185 2108 164.
1207 2081 1348 2117 Aul'ugere.
1367 2080 1534 2117 Relinquere.
1555 2080 1585 2106 [Γ.
1607 2082 1645 2106 17.
1666 2080 1703 2113 55.
1720 2081 1741 2105 1.
1755 2089 1813 2115 sqq.
1834 2079 1865 2105 de
1879 2078 1964 2105 Aedil.

1129 2125 1205 2151 edict.
1225 2126 1267 2150 21.
1290 2126 1311 2150 1.
1349 2123 1391 2150 III.
1418 2125 1483 2151 Gn.
1508 2123 1599 2149 lubere
1624 2123 1690 2149 bona
1715 2122 1857 2148 adversarii
1881 2122 1965 2158 possi-

1129 2168 1194 2196 deri.
1214 2172 1239 2193 et
1258 2177 1310 2193 non
1329 2172 1388 2193 ante
1407 2166 1467 2192 inde
1487 2165 1635 2195 discedere.
1660 2175 1736 2201 quam
1762 2170 1810 2191 etc.
1831 2164 1861 2190 fr.
1883 2166 1922 2189 125.
1942 2165 1964 2188 si

1106 2237 1108 2243 Α
1129 2211 1218 2237 servit.
1238 2211 1261 2236 8.
1281 2212 1304 2235 5.
1325 2209 1355 2236 fr.
1378 2210 1416 2235 18.
1437 2210 1458 2243 5.
1479 2211 1502 2236 6.
1522 2209 1580 2235 sam.
1605 2209 1696 2234 ercisc.
1724 2210 1763 2234 lo.
1782 2210 1806 2233 2.
1844 2207 1897 2241 Qui
1916 2209 1963 2238 (sc.

1129 2253 1238 2285 milites)
1259 2252 1395 2279 discedere
1415 2254 1496 2288 siguis
1516 2253 1572 2278 sine
1592 2251 1709 2288 periculo
1724 2260 1775 2276 non
1795 2254 1913 2286 possunt.
1933 2247 1963 2273 [Γ.

1536 2295 1576 2321 De
1599 2294 1685 2320 medio
1711 2292 1809 2319 disced.
1834 2292 1862 2318 [Γ.
1887 2292 1910 2316 8.
1932 2290 1965 2316 de

1131 2339 1207 2365 cond.
1228 2343 1253 2364 et
1276 2338 1342 2364 dem.
1362 2340 1403 2364 35.
1425 2341 1447 2364 l.
1481 2355 1509 2358 —
1543 2338 1573 2370 ς’.
1599 2338 1634 2364 2.
1660 2339 1828 2364 Recedere.
1854 2335 1962 2365 Abire,

1132 2384 1290 2408 Abdicare
1309 2391 1344 2407 se.
1382 2381 1399 2406 1.
1420 2382 1482 2415 Sy.
1510 2379 1657 2407 Recedere.
1678 2379 1759 2405 Abire
1779 2377 1821 2410 (ab
1842 2377 1963 2405 emtione.

1131 2435 1155 2450 v.
1175 2426 1332 2455 contractu.)
1353 2423 1382 2449 [Γ.
1406 2426 1427 2449 1.
1449 2433 1488 2459 sq.
1508 2422 1538 2449 [Γ.
1558 2425 1582 2449 5.
1601 2433 1640 2459 pr.
1660 2422 1690 2448 [Γ.
1712 2423 1733 2447 7.
1754 2421 1774 2454 5.
1797 2422 1818 2445 l.
1838 2419 1868 2444 fr.
1888 2421 1911 2445 ὃ.
1932 2418 1964 2445 de

1132 2477 1197 2494 resc.
1218 2466 1294 2493 vend.
1317 2468 1355 2492 18.
1376 2469 1399 2492 5.
1420 2466 1449 2492 [Γ.
1471 2468 1510 2491 10.
1529 2476 1568 2502 pr.
1589 2466 1610 2498 5.
1631 2466 1653 2490 l.
1691 2464 1741 2498 Qu.
1758 2461 1825 2487 mod.
1839 2462 1909 2498 pign.
1922 2463 1963 2487 20.

1131 2512 1155 2536 6.
1192 2509 1312 2535 Resilire.
1333 2508 1363 2535 [Γ.
1383 2511 1407 2536 9.
1431 2509 1461 2535 fr.
1482 2510 1521 2535 14.
1547 2509 1584 2541 55.
1604 2510 1627 2533 2.
1647 2516 1686 2542 sq.
1711 2505 1740 2530 [Γ.
1762 2506 1802 2530 17.
1827 2514 1866 2540 sq.
1887 2503 1919 2530 de
1937 2504 1964 2530 in

1109 2544 1110 2555 l
1132 2552 1200 2579 diem
1219 2551 1313 2578 addict.
1335 2553 1374 2577 le.
1394 2553 1417 2577 2.
1455 2550 1578 2577 Liberare
1603 2548 1819 2585 (hypothecam.)
1856 2546 1963 2573 Disced.

1132 2595 1179 2628 (ab
1200 2596 1254 2626 ea.)
1278 2594 1309 2620 fr.
1334 2596 1357 2620 5.
1396 2594 1447 2629 Qu.
1472 2593 1540 2620 mod,
1565 2594 1633 2629 pign.
1657 2594 1697 2616 20.
1722 2592 1745 2616 6.
1782 2590 1921 2616 Divertere
1939 2590 1964 2621 (a

1109 2663 1110 2668 ,
1132 2638 1245 2669 marito.)
1266 2637 1295 2663 [Γ.
1315 2639 1339 2663 2.
1359 2647 1398 2673 pr.
1418 2636 1448 2663 sr.
1470 2639 1508 2662 10.
1529 2635 1560 2661 ‹tc›
1580 2635 1673 2660 divort.
1693 2634 1734 2658 24.
1754 2635 1778 2659 2.
1805 2632 1835 2659 fr.
1853 2634 1894 2658 35.
1915 2631 1962 2657 sol.

1132 2681 1241 2707 matrim.
1260 2682 1302 2706 24.
1321 2681 1345 2706 3.
1382 2679 1412 2705 II.
1434 2681 1500 2712 Op.
1519 2677 1600 2703 Adire
1619 2676 1823 2708 (hereditatem.)
1843 2691 1874 2694 —
1891 2675 1963 2701 Disc.

1133 2723 1177 2757 (ab
1197 2725 1247 2755 ea.)
1276 2733 1296 2750 c.
1316 2724 1356 2748 22.
1382 2723 1404 2755 5.
1426 2723 1465 2747 13.
1489 2720 1520 2746 de
1544 2721 1599 2746 iure.
1623 2718 1702 2745 delib.
1721 2720 1745 2745 6.
1764 2720 1805 2745 30.
1841 2718 1964 2744 Retinere

1133 2768 1173 2793 ius
1193 2776 1276 2792 suum.
1306 2782 1338 2785 -
1365 2765 1477 2791 Efficere
1500 2767 1527 2788 ut
1551 2773 1564 2788 a
1589 2772 1617 2788 se
1636 2761 1760 2788 discedat.
1797 2761 1854 2787 Gai.
1874 2760 1962 2786 1130.

1133 2809 1175 2836 llI.
1196 2810 1262 2837 Cn.
1282 2808 1309 2835 In
1329 2805 1539 2835 dissensionibus
1558 2804 1692 2836 civilibus,
1717 2819 1751 2824 —-
1774 2805 1819 2841 qui
1842 2805 1867 2830 in
1889 2802 1962 2828 alter-

1490 2850 1522 2875 37
