2197 3121
300 187 365 218 696
1125 180 1219 211 PER.

301 268 428 305 (aliquam
446 265 650 305 exceptionem.)
669 264 755 292 Vatic.
775 265 798 299 ξ.
815 264 874 291 266.
905 262 1002 290 Facere
1020 272 1068 300 per
1087 262 1146 295 (im-
1165 262 1168 281 ¹

301 312 431 349 peritiam.
452 309 493 336 vel
513 310 685 336 rusticitatem
706 308 769 341 etc.)
788 307 819 334 fr.
839 309 862 334 7.
882 307 904 340 §.
918 308 943 333 4.
963 305 996 332 de
1014 304 1106 332 iurisd.
1120 306 1144 331 2.
1189 304 1319 332 trandum.
1339 304 1388 331 Th.
1404 304 1435 332 C.
1449 305 1493 333 VI.
1505 308 1548 333 29.
1568 317 1589 334 c.
1608 309 1632 334 2.
1652 307 1674 341 §.
1695 308 1719 334 4.
1739 306 1772 334 de
1791 308 1888 334 curios.
1907 307 1950 335 Cf.
1969 308 2033 335 lust.

303 357 326 381 l.
347 354 378 380 ct'.
403 354 433 380 t‘r.
453 354 476 379 6.
503 353 524 386 ξ.
545 354 567 378 7.
593 351 625 378 de
645 351 688 378 off.
708 350 797 377 Praes.
818 352 841 376 l.
862 351 902 376 15.
927 365 958 369 —
983 349 1014 382 ἓ.
1034 350 1072 375 6.
1093 350 1146 375 Se·
1166 371 1167 376 .
1190 348 1221 375 C.
1242 358 1264 375 c.
1283 351 1308 375 2.
1329 347 1386 374 eod.
1407 350 1448 375 12.
1467 350 1509 376 23.

301 399 446 425 cundum.
484 395 526 421 111.
544 396 610 423 Cn.
635 393 717 430 Quod
736 393 849 431 amplius
868 393 979 429 ceperit,
1003 401 1080 428 quam
1098 401 1146 428 per
1166 381 1167 415 i
1227 392 1432 426 Peragere.
1469 392 1500 425 ξ.
1520 393 1555 419 1.
1579 394 1736 428 Agitare,
1757 394 1947 426 Celebrate,
1968 396 2033 421 Ex-

301 440 331 467 L.
352 439 492 466 Falcidiam
513 439 536 464 ei
560 437 672 464 licuerit.
699 437 729 464 t’r.
748 439 790 464 31.
816 436 847 463 ad
867 435 896 462 L.
917 434 986 461 falc.
1005 436 1048 460 35.
1066 435 1091 460 2.
1112 432 1144 460 cs.
1166 431 1167 483 i
1187 436 1307 469 pedire.
1344 434 1362 460 1.
1378 435 1440 468 Sy.
1464 434 1551 471 Agere
1575 436 1641 472 (per
1664 445 1708 462 aes
1733 440 1759 462 et
1777 435 1898 470 libram.)
1925 435 1982 463 Gai.
2002 435 2032 463 II.

302 483 332 510 sr.
352 484 375 509 S.
396 483 418 516 ξ.
438 484 461 508 4.
482 481 534 517 Qu.
554 480 645 507 satisd.
666 490 722 517 cog.
742 482 766 507 2.
786 482 810 507 8.
848 479 876 505 Si
901 477 995 509 velint,
1024 486 1072 514 per
1091 486 1145 503 eam
1166 491 1167 511 χ
1191 478 1248 503 102.
1285 475 1450 504 Contrahere
1469 479 1643 511 (emtionem.)
1663 478 1693 505 fr.
1710 480 1732 505 1.
1751 479 1773 513 ξ.
1787 481 1811 505 2.
1830 479 1863 506 de
1876 483 1960 506 contr.
1974 484 2032 506 emt.

302 526 385 562 legem
405 524 476 551 adire
495 524 653 550 Praetorem.
674 524 731 551 Gai.
751 523 770 550 l.
789 524 831 549 29.
868 521 920 548 Per
938 520 1029 557 legem,
1049 530 1073 546 v.
1094 518 1146 545 edi·
1166 524 1168 551 t
1191 520 1231 546 18.
1252 521 1274 546 1.
1311 519 1354 546 ΠΙ.
1369 521 1436 548 Cn.
1464 520 1518 556 Qui
1537 522 1610 558 prior
1627 521 1820 553 vindicaverat,
1841 538 1871 542 —
1892 522 2034 557 interroga-

302 574 383 597 ctum.
409 577 502 605 posse,
526 577 550 593 v.
569 567 695 604 permitti.
724 566 760 592 ld.
781 565 811 592 ll.
831 566 890 591 274.
918 563 960 590 Ill.
979 565 1022 590 27.
1041 572 1081 599 sq.
1100 560 1145 588 IV.
1166 558 1167 562 ¹
1190 562 1235 588 bat
1248 567 1296 589 etc.
1316 578 1345 582 —
1368 562 1412 589 ille
1431 563 1626 600 respondebat:
1645 564 1707 596 „lus
1726 565 1843 602 peregi-‘⁶
1863 564 1920 591 Gai.
1933 563 1978 591 IV.
1993 565 2033 591 16.

304 613 361 638 124.
381 610 412 637 sr.
425 612 449 637 9.
469 611 490 644 ξ.
510 612 534 636 2.
557 609 590 636 de
610 609 653 636 off.
673 609 748 636 Proc.
769 613 793 635 et
812 607 875 644 Leg.
896 609 918 633 1.
940 607 978 633 16.
1017 605 1068 632 Per
1087 614 1146 632 cou—
1166 615 1168 634 ,ι
1190 604 1323 632 Solemnia
1350 607 1443 632 mortis
1467 612 1600 644 peragant.
1624 607 1654 634 fr.
1674 609 1715 635 44.
1740 607 1773 635 de
1796 618 1910 635 manum.
1931 612 2034 634 testam.

302 655 455 682 stitutioues
474 652 638 690 Principales
657 662 738 690 posse
757 653 811 685 (ius
831 650 971 687 ignorare.)
991 648 1021 676 fr.
1037 650 1061 676 9.
1081 649 1102 682 ξ.
1123 650 1145 674 l.
1166 646 1168 667 3
1191 650 1232 674 40.
1251 650 1276 674 4.
1314 648 1368 684 Qui
1392 649 1548 686 peragendis
1573 650 1761 687 signandisque
1780 651 1918 688 responsis
1938 667 1971 670 —
1990 650 2035 677 ob-

1189 261 1258 289 sortc
1283 261 1379 299 aliquis
1398 264 1625 299 peraestimaverit
1644 263 1693 297 [al.
1713 265 1922 299 existimaverit]
1942 275 2034 303 perpe-

302 698 335 725 de
359 699 406 724 iur.
431 702 457 723 et
475 696 534 723 fact.
558 697 610 733 ign.
628 697 671 722 22.
691 697 715 721 6.
752 694 839 721 Iurare
863 703 911 731 per
935 693 1055 729 (genium
1073 690 1146 718 Prin-

303 741 397 778 cipis.)
422 739 451 766 fr.
473 741 513 766 13.
538 740 560 774 ξ.
580 740 603 765 6.
625 738 657 765 de
677 738 782 764 iureiur.
803 739 843 764 12.
863 739 888 763 2.
925 735 975 762 Per
998 744 1085 762 rerum
1104 744 1146 760 na-

302 789 386 811 turam
406 783 521 821 (posse.)
540 781 612 808 Paul.
632 780 676 807 lV.
699 782 738 806 11.
758 780 780 814 ξ.
801 781 824 806 8.
845 779 876 806 fr.
898 780 955 806 186.
975 778 1008 805 de
1025 777 1057 804 R.
1071 777 1090 804 I.
1104 779 1145 803 50.

304 829 344 853 17.
381 826 492 864 Septeni
516 835 564 862 per
586 824 718 850 hominem
742 822 852 860 scripuli
876 821 1060 859 largitionibus
1084 819 1147 847 inse-

303 875 394 897 rantur
412 869 442 896 ab
463 867 622 904 aurilegulis.
651 866 701 893 Th.
722 865 753 893 C.
772 866 805 892 X.
827 867 866 892 19.
892 875 913 892 c.
934 866 973 891 12.
999 864 1031 891 de
1050 863 1146 890 metall.

303 930 335 934 -
355 914 387 948 ᾖ.
402 913 491 940 6.A.
513 913 618 937 Circa.
656 909 699 936 III.
715 910 780 937 Cu.
800 908 851 935 Per
871 909 956 935 omnia
977 912 1002 934 et
1021 908 1047 934 in
1067 907 1147 934 omni-

302 957 353 984 bus
372 955 497 988 (haberi.)
522 953 552 980 fr.
572 955 596 979 2.
616 953 638 987 ξ.
658 954 682 979 3.
703 952 735 979 de
754 953 810 978 iure
829 951 912 978 codic.
931 952 973 978 29.
994 952 1016 977 7.
1037 950 1068 977 cf.
1089 949 1146 976 Gai.
1168 963 1169 966 ¹

302 1000 333 1027 11.
354 1001 411 1025 147.

302 1044 325 1077 ξ,
344 1044 385 1068 24.
423 1040 480 1067 Pati
500 1041 620 1066 iniuriam
638 1053 672 1058 —
692 1049 739 1076 per
758 1039 945 1075 nosmetipsos,
966 1053 998 1057 —
1017 1047 1065 1074 per
1084 1036 1147 1063 libe-

302 1096 348 1113 ros
368 1089 482 1111 nostros.
503 1082 560 1109 Gai.
580 1081 622 1108 111.
643 1083 701 1108 221.
722 1096 754 1100 —
778 1081 809 1114 ξ.
831 1082 863 1108 2.
889 1083 1064 1115 Pet-quam,
1090 1081 1147 1106 Ni-

303 1131 370 1156 mis.
407 1127 425 1154 Ι.
441 1128 503 1161 Sy.
522 1125 652 1162 Pei-quam
671 1123 834 1157 (absurdum,
850 1134 873 1150 v.
889 1123 981 1150 durum
996 1123 1058 1155 etc.)
1078 1122 1108 1149 sr.
1123 1124 1146 1148 4.

303 1173 326 1206 ξ.
346 1173 370 1198 6.
390 1170 423 1197 de
443 1170 486 1196 oss.
506 1168 582 1196 Proc.
603 1173 628 1194 et
646 1167 709 1203 Leg.
730 1169 752 1193 1.
768 1168 807 1193 16.
829 1166 858 1193 Γπ.
872 1168 913 1192 25.
934 1176 972 1203 pr.
992 1165 1025 1192 de
1044 1165 1146 1202 probat.

302 1217 345 1242 22.
364 1216 389 1241 3.
409 1213 439 1240 sr.
459 1215 483 1239 2.
509 1213 530 1246 ξ.
553 1214 575 1238 l.
595 1211 628 1238 de
647 1215 713 1237 cust.
734 1215 760 1236 ct
779 1209 866 1236 exhib.
885 1210 927 1236 48.
947 1210 970 1235 3.
992 1219 1013 1235 c.
1033 1209 1056 1235 8.
1094 1208 1147 1244 Qui

303 1263 356 1297 pet.
376 1262 423 1284 tut.
443 1258 468 1282 5.
487 1257 529 1282 32.
566 1254 610 1281 111.
633 1255 699 1282 011.
725 1253 779 1280 Sed
805 1253 869 1279 haee
888 1253 1070 1289 interpretatio
1089 1262 1148 1289 per—

305 1301 377 1332 dura.
397 1299 553 1337 pernimium
573 1307 663 1323 severa
684 1302 731 1323 est.
751 1296 782 1323 l'r.
795 1298 820 1322 2.
841 1297 862 1330 ξ.
879 1298 899 1323 1.
920 1295 936 1322 l.
957 1297 998 1322 48.
1019 1296 1043 1321 3.
1081 1294 1148 1322 Cum

304 1341 504 1382 perabsurdum.
524 1351 624 1378 perque.
644 1341 807 1366 temerarium
827 1341 861 1365 sit
876 1344 924 1366 etc.
945 1348 966 1364 c.
980 1340 1004 1364 2.
1025 1337 1057 1365 (18
1076 1348 1148 1376 prae—

304 1398 362 1426 pos
384 1390 467 1422 agent.
488 1386 513 1411 in
533 1384 587 1410 reb.
609 1385 648 1409 12.
669 1385 709 1409 21.

449 997 499 1024 Per
518 997 604 1023 omnia
623 996 663 1029 (iu
681 996 811 1030 integrum
830 994 955 1027 restitui.)
974 993 1047 1020 Paul.
1061 993 1106 1020 IV.
1121 994 1146 1019 8.

341 1431 602 1460 Pernequare.
640 1428 689 1452 Ea·
713 1435 812 1460 nequo
837 1427 1000 1459 imponere
1019 1424 1148 1461 (singulis
1169 1432 1171 1439 ’

304 1474 396 1500 terris.
422 1482 453 1497 ex
472 1480 559 1496 earum
579 1468 657 1495 modo
678 1473 701 1495 et
722 1468 864 1505 qualitate.
889 1477 925 1494 sc.
945 1467 1069 1501 tributa.)
1105 1467 1147 1494 111.
1169 1465 1171 1473 '

305 1518 371 1544 Cn.
392 1515 466 1550 Quae
486 1512 527 1539 vel
542 1512 646 1544 donata,
664 1511 707 1537 vel
721 1515 887 1548 peraequata,
908 1515 951 1537 aut
967 1510 1081 1538 relevata
1100 1515 1148 1542 est.

305 1559 354 1593 (ab
379 1560 435 1596 ipsa
458 1557 631 1594 possessione
651 1571 681 1575 -
703 1554 896 1587 conserantur.)
921 1553 971 1580 Th.
992 1553 1022 1580 C.
1042 1553 1086 1580 XI.
1106 1555 1148 1579 20.

306 1613 327 1629 c.
347 1604 370 1628 5.
397 1602 418 1635 ς.
442 1602 463 1626 1.
488 1599 521 1626 (18
547 1598 633 1625 collat.
660 1597 748 1624 donat.
790 1596 951 1633 Perae-quam
976 1598 1047 1623 omni
1071 1597 1149 1631 patri·

303 1645 401 1676 monio.
422 1642 501 1676 (nihil
521 1641 552 1668 (18
573 1641 686 1668 desertis
705 1645 798 1677 postea
812 1640 1008 1676 conqueratur.)
1028 1639 1065 1666 lb.
1079 1639 1148 1666 Xlll.
1170 1651 1171 1658 ι

306 1690 346 1714 11.
367 1698 387 1713 c.
410 1688 448 1712 14,
470 1685 502 1711 (18
522 1685 645 1711 censitor.

343 1728 615 1762 Pet-aequatio.
652 1727 683 1760 §.
704 1727 739 1752 1.
768 1728 870 1753 ..tetus
892 1731 920 1752 et
946 1735 1059 1752 munus
1076 1735 1149 1760 per-

306 1774 477 1808 aequandi.
514 1770 556 1797 llI.
578 1771 643 1798 Cn.
673 1768 751 1795 Nulla
771 1770 808 1795 eis
828 1769 971 1805 inspectio,
991 1768 1062 1795 nulla
1081 1770 1150 1805 inge-

305 1821 378 1843 ratur
397 1814 579 1853 peraequatio,
601 1829 631 1833 —
652 1811 724 1838 nulla
745 1811 884 1838 discussio.
910 1811 976 1837 Nor.
998 1811 1047 1838 Th.
1067 1811 1097 1838 II.
1118 1811 1150 1838 de

307 1858 404 1897 postul.
430 1857 447 1884 l.
469 1859 508 1883 10.
535 1867 555 1882 c.
577 1858 599 1882 l.
624 1856 646 1890 ξ.
666 1857 689 1881 4.
715 1854 746 1881 cf.
776 1854 826 1881 Th.
847 1853 878 1880 C.
898 1853 942 1880 YI.
964 1856 1004 1881 10.
1029 1864 1050 1881 c.
1072 1856 1094 1881 l.
1119 1854 1151 1881 de
1170 1867 1172 1870 >

306 1902 438 1939 primicer.
459 1905 483 1926 et
503 1904 587 1925 notar.
599 1913 634 1918 —
653 1898 684 1932 §.
696 1899 731 1924 2.
746 1899 839 1925 Form
848 1900 902 1924 ula
918 1899 1150 1932 peraequandi.

307 1944 351 1970 111.
371 1945 437 1971 Cn.
457 1942 529 1969 Nulli
549 1942 656 1969 subacta
675 1941 873 1978 peraequatioui
893 1939 935 1966 vel
955 1941 1044 1966 censui
1060 1936 1150 1967 vsubia-
1171 1937 1173 1954 ³

308 1991 381 2014 ceant
403 1988 494 2022 (opera
515 1985 692 2017 colonorum.)
712 1983 748 2010 lb.
764 1983 795 2009 V.
815 1985 838 2009 4.
859 1993 880 2009 e.
899 1985 923 2009 3.
944 1983 976 2009 de
995 1983 1056 2009 bon.
1075 1983 1150 2010 milit.

309 2030 340 2057 cs.
360 2029 392 2056 V.
414 2030 453 2054 14.
474 2038 495 2054 c.
515 2030 539 2054 ⁴¹1.
560 2026 664 2060 (ch.)
701 2026 890 2053 RelevationiS.
909 2025 952 2053 vel
971 2028 1150 2063 peraequatio-

307 2074 350 2100 nis
374 2072 531 2098 beneficium
555 2070 727 2105 (consequi.)
752 2069 788 2095 lb.
809 2068 854 2095 XI.
873 2071 914 2095 20.
941 2079 962 2096 c.
983 2073 1007 2096 5.
1034 2070 1055 2103 ξ.
1076 2071 1098 2096 1.
1120 2069 1152 2096 de.
1172 2096 1173 2104 ἵ

309 2115 396 2143 collat.
418 2114 504 2141 dunat.
543 2113 610 2140 Cum
630 2112 727 2138 suerint
746 2111 835 2138 traditi
849 2111 963 2143 codices.
984 2117 1009 2139 et
1022 2112 1150 2150 completa
1173 2143 1174 2148 ¹

308 2159 486 2196 peraequatio.
519 2156 555 2182 lb.
575 2155 643 2182 Xlll.
666 2157 704 2180 11.
730 2164 750 2181 c.
769 2157 793 2180 4.
819 2154 851 2180 de
875 2156 997 2182 censitor.
1040 2155 1151 2182 Deserta
1172 2167 1174 2171 ’

309 2202 416 2239 praedia
440 2217 471 2221 —-
497 2199 546 2226 suh
574 2198 786 2236 peraequationis
816 2197 864 2230 [al.
890 2198 1150 2235 supa-raequationis]

309 2245 366 2271 iure
386 2245 530 2281 percipere.
551 2253 571 2269 c.
589 2244 628 2267 15.
649 2241 682 2267 (18
701 2241 770 2266 omni
790 2250 850 2276 agro
871 2239 926 2266 des.
948 2243 986 2266 ll.
1006 2243 1046 2268 58.

348 2287 624 2319 Peraequator.
655 2285 718 2317 Qui
734 2286 1008 2317 peraequationis
1027 2294 1152 2310 munere

305 2331 478 2366 fungitur.
520 2328 561 2354 llI.
587 2329 652 2355 Cn.
678 2326 815 2357 censitor.
835 2326 878 2353 vel
897 2331 1077 2364 perat-quator.
1102 2326 1151 2353 Th.
1173 2336 1175 2358 ε

310 2372 343 2398 (ἶ.
363 2371 406 2397 Yl.
425 2372 450 2397 3.
475 2381 496 2397 c.
516 2373 541 2396 2.
565 2370 598 2396 de
616 2369 704 2407 praed.
724 2369 812 2396 Sonat.
833 2369 865 2395 ct'.
885 2368 954 2395 XIII.
976 2371 1014 2395 10.
1036 2379 1056 2395 c.
1076 2370 1100 2395 8.
1121 2369 1152 2395 de
1174 2367 1175 2372 ¹

311 2425 392 2441 censu
412 2424 432 2440 S.
453 2413 537 2440 adscr.
566 2413 710 2449 Inspector,
731 2422 778 2438 seu
798 2416 980 2449 peraequator.
1000 2411 1151 2438 lb.X1.·20.

312 2469 333 2484 c.
354 2460 377 2484 6.
397 2467 436 2493 pr.
450 2456 489 2483 ‘dc
509 2455 596 2482 collat.
617 2455 703 2481 donat.
740 2454 947 2491 Peraequatores
972 2464 1002 2481 ac
1020 2454 1153 2481 discusso-

311 2511 362 2527 res.
384 2498 555 2525 11›.X111.11.
576 2508 596 2525 c.
612 2499 634 2524 7.
655 2508 676 2523 e.
692 2500 731 2524 10.
746 2508 786 2534 sq.
805 2497 837 2524 de
857 2498 980 2524 censitor.
1018 2496 1151 2524 Censuum

311 2542 414 2570 modus.
435 2551 511 2578 quem
527 2557 556 2561 —-
573 2545 746 2577 peraequatur
766 2540 926 2577 adposuerit.
946 2539 983 2566 lb.
1003 2550 1024 2566 c.
1044 2543 1068 2566 2.
1088 2540 1104 2566 l.
1119 2540 1134 2566 l.

350 2587 563 2617 Pet-acque.
585 2583 698 2616 (Advb.)
727 2585 832 2617 Aeque
851 2585 985 2609 omnino.
1023 2582 1066 2609 Ill.
1087 2584 1152 2610 Cn.

312 2627 391 2665 Apud
411 2637 502 2653 omues
522 2636 652 2664 peraeque
671 2626 796 2662 (gentes.)
816 2625 872 2651 Gai.
886 2625 904 2652 I.
920 2628 941 2652 1.
955 2627 996 2652 52.
1019 2624 1152 2662 Peraeque

313 2670 422 2696 relatum
442 2675 480 2696 est
501 2674 526 2695 et
546 2668 676 2695 traditum.
698 2668 727 2695 sr.
746 2669 788 2694 22.
808 2678 847 2704 pr.
868 2668 899 2694 de
919 2669 987 2706 pigu.
1008 2672 1057 2694 act.
1077 2669 1116 2694 13.
1130 2669 1152 2694 7.

313 2712 344 2739 fr.
363 2714 386 2738 3
406 2723 445 2749 pr.
465 2712 498 2738 dc
516 2713 592 2738 iniur.
612 2714 653 2738 47,
675 2713 714 2737 10.
752 2709 831 2746 Quod
856 2721 985 2747 peraeque
1014 2711 1153 2737 observan-

314 2754 374 2781 dum
396 2764 454 2780 esse
473 2764 610 2781 censemus
631 2756 656 2781 iu
677 2759 725 2780 ctc.
746 2752 795 2780 Th.
816 2752 847 2779 C.
867 2752 910 2779 XI.
930 2755 954 2779 2.
975 2763 996 2780 c.
1015 2755 1039 2780 3.
1060 2753 1151 2780 trihut.
1173 2771 1175 2775 -

315 2798 340 2823 iu
361 2798 409 2833 ipS.
430 2806 499 2833 spec.

352 2840 646 2867 rex-aestimare.
675 2841 865 2866 Aestimate.
903 2837 945 2864 111.
963 2839 1029 2866 Cn.
1048 2837 1152 2874 Quodsi
1172 2842 1173 2879 ζ

1166 687 1170 713 ἓ
1190 690 1344 717 secundant.
1369 691 1418 718 Th.
1439 691 1470 719 C.
1489 692 1534 719 XI.
1556 694 1596 720 16.
1621 703 1643 720 c.
1663 695 1704 720 14.
1728 693 1761 720 (18
1783 698 1849 721 extr.
1869 703 1890 720 s.
1910 693 1982 720 sord.
2002 693 2034 720 ct'.

1166 734 1169 771 ξ
1190 733 1253 760 lust.
1268 733 1298 760 C.
1319 744 1341 760 c.
1361 736 1402 761 13.
1426 735 1448 769 §.
1472 737 1493 762 1.
1519 735 1552 762 de
1571 735 1649 763 iudic.
1668 738 1692 763 3.
1714 738 1736 763 1.
1756 752 1789 756 —
1817 737 1849 770 §.
1873 738 1910 763 2.
1933 738 2035 763 Exse—

1167 779 1168 805 i
1191 779 1247 812 qui
1271 777 1427 810 (actionem,
1452 788 1476 805 v.
1496 780 1711 813 accusationem.)
1748 779 1766 806 1.
1786 781 1848 814 Sy.
1872 779 1961 806 finire
1980 780 2035 813 (iu-

1168 846 1169 850 ,
1190 819 1278 853 dicia.)
1297 819 1328 847 fr.
1347 822 1370 847 3.
1391 821 1412 854 ξ.
1434 822 1457 847 l.
1476 820 1500 847 fr
1525 823 1549 848 9.
1570 821 1603 849 de
1622 822 1702 849 seriis.
1720 824 1745 849 2.
1767 824 1807 848 12.
1844 822 1972 849 Perserre.
1993 821 2034 849 Cf.

1167 876 1169 896 s
1190 863 1215 889 h.
1235 873 1259 890 v.
1278 863 1300 897 ξ.
1320 865 1344 890 3.
1381 863 1412 890 Π.
1434 865 1502 898 Op.
1521 865 1668 897 Accusare,
1687 866 1773 902 Agere
1792 867 1922 903 coepisse.
1942 865 1972 892 sr.
1991 867 2034 891 22.

1168 922 1169 959 1
1190 906 1228 940 §§.
1247 908 1272 932 2.
1292 916 1332 943 sq.
1358 905 1390 933 de
1414 907 1486 934 inoff.
1511 912 1613 934 testam.
1633 910 1657 935 5.
1677 910 1701 935 2.
1725 908 1756 934 t‘r.
1775 910 1799 935 5.
1824 908 1857 935 ad
1880 908 1910 935 L.
1933 907 1982 935 lul.
2002 907 2035 935 de

1191 949 1272 976 adult.
1297 951 1338 976 48.
1358 951 1382 975 5.
1425 949 1469 976 ΙΙΙ.
1489 952 1555 978 Cn.
1585 951 1731 977 Destitisse
1754 951 1873 983 videtur,
1897 952 1942 987 qui
1966 951 2034 977 intra

1168 1010 1169 1013 κ
1191 992 1358 1030 praefinitum
1377 1006 1410 1011 —
1430 997 1534 1030 tempus
1559 1003 1632 1020 reum
1655 1003 1732 1020 suum
1755 1003 1808 1020 non
1826 995 1936 1031 peregit.
1959 993 1991 1020 fr.
2010 995 2034 1021 6.

1168 1026 1169 1040 ¹
1191 1036 1213 1069 ξ.
1232 1037 1256 1061 2.
1277 1034 1307 1061 fr.
1328 1037 1368 1061 15.
1388 1045 1427 1072 pr.
1447 1035 1480 1061 ad
1499 1035 1526 1062 S.
1535 1035 1565 1063 C.
1585 1036 1668 1074 Turp.
1683 1038 1779 1063 4816.
1799 1036 1832 1063 cf.
1852 1036 1882 1063 fr.
1901 1038 1926 1063 2.
1945 1046 1984 1074 pr.
2002 1036 2035 1063 ad

1168 1104 1169 1113 ἵ
1191 1078 1219 1104 L.
1240 1078 1286 1104 lul.
1307 1077 1339 1104 de
1359 1077 1438 1104 adult.
1458 1080 1499 1105 48.
1519 1081 1544 1105 5.
1580 1078 1627 1106 Lis
1647 1079 1716 1117 apud
1740 1079 1854 1106 iudicem
1873 1089 1921 1106 suo
1942 1079 2035 1106 ordine

1168 1122 1169 1134 ¹
1191 1121 1346 1159 peragenda.
1367 1121 1398 1147 fr.
1416 1123 1458 1148 30.
1479 1121 1511 1148 de
1530 1132 1582 1148 rec.
1602 1132 1644 1159 qu.
1665 1122 1719 1148 arb.
1739 1124 1762 1148 4.
1782 1123 1807 1148 8.
1827 1122 1859 1149 cl‘.
1883 1122 1913 1149 fr.
1933 1124 1974 1149 57.
1994 1132 2034 1160 pr.

1168 1163 1170 1202 ᾗ
1192 1164 1224 1191 dc
1237 1174 1343 1202 procur.
1356 1165 1380 1191 3.
1399 1165 1424 1191 3.
1462 1163 1575 1191 Causam
1593 1166 1692 1202 peregi,
1711 1170 1738 1192 et
1756 1166 1843 1192 victus
1862 1175 1928 1192 sum.
1949 1164 1979 1192 fr.
1992 1167 2035 1192 22.

1168 1204 1169 1208 ’
1191 1208 1229 1242 ςξ.
1254 1209 1278 1233 2.
1304 1217 1344 1244 sq.
1369 1207 1401 1234 de
1425 1207 1497 1234 inoff.
1522 1212 1624 1234 testam.
1649 1211 1673 1235 5.
1695 1210 1720 1234 2.
1762 1207 1966 1240 Transactione‚
1993 1208 2036 1235 vel

1192 1251 1295 1277 actione
1313 1255 1418 1288 peracta
1438 1260 1485 1276 seu
1504 1255 1620 1287 peremta
1640 1250 1730 1283 (finem
1749 1252 1890 1288 accipere.)
1910 1262 1931 1278 c.
1945 1253 1986 1278 35.
2003 1251 2037 1278 de

1192 1298 1314 1321 transact.
1335 1295 1358 1320 2.
1379 1295 1404 1320 4.
1424 1309 1457 1313 -
1477 1293 1508 1327 §.
1528 1294 1566 1320 3.
1587 1295 1831 1326 Consummare,
1851 1296 1978 1322 Finit-e.
2015 1294 2035 1322 1.

1193 1339 1256 1372 Sy.
1275 1336 1396 1374 1mplere,
1416 1335 1566 1373 Complere.
1587 1335 1629 1362 Cf.
1649 1345 1673 1362 v.
1693 1335 1814 1373 Implere.
1834 1337 1857 1370 §.
1870 1338 1894 1363 2.
1914 1336 1956 1363 III.
1969 1338 2036 1365 Gn·

1169 1398 1170 1402 =
1193 1381 1247 1416 Qui
1267 1380 1319 1407 sibi
1334 1389 1424 1406 manus
1438 1378 1536 1411 intulit,
1555 1389 1604 1405 nec
1617 1378 1713 1405 factum
1726 1380 1834 1416 peregit.
1853 1379 1884 1406 fr.
1897 1381 1939 1407 38.
1958 1380 2035 1414 §.12.

1193 1423 1226 1451 (18
1244 1423 1276 1450 R.
1295 1422 1328 1450 M.
1343 1424 1384 1450 49.
1406 1423 1445 1449 16.
1483 1421 1609 1459 Tempus,
1629 1431 1682 1458 quo
1702 1423 1752 1449 iter
1771 1432 1804 1449 ex
1823 1422 1960 1450 commodo
1978 1433 2037 1460 per-

1194 1477 1268 1503 agere
1291 1467 1432 1504 potuisset.
1456 1464 1488 1491 fr.
1507 1466 1532 1491 4.
1557 1465 1589 1492 de
1613 1475 1668 1491 vac.
1694 1470 1720 1491 et
1739 1475 1827 1492 excus.
1847 1467 1888 1492 50.
1908 1468 1932 1493 5.
1952 1466 1984 1493 cf.
2005 1466 2036 1493 fr.

1170 1510 1171 1541 ἶ
1192 1512 1217 1536 3.
1237 1520 1275 1547 pr.
1296 1508 1328 1536 de
1348 1508 1380 1535 V.
1400 1508 1426 1535 S.
1447 1510 1489 1534 50.
1511 1508 1550 1534 16.
1592 1506 1648 1535 Nec
1672 1524 1704 1528 —
1728 1509 1815 1534 statim
1838 1514 1972 1546 peractum
1996 1514 2037 1536 est

1170 1555 1171 1569 ³
1193 1554 1334 1590 negotium,
1354 1551 1402 1578 sed
1421 1551 1454 1578 ad
1472 1550 1585 1578 iudicem
1598 1555 1831 1588 recuperatoresve
1843 1552 1902 1579 itur.
1922 1551 1978 1579 Gai.
1990 1552 2035 1579 IV.

1170 1605 1171 1633 3
1195 1598 1251 1623 141.
1290 1595 1320 1622 Si
1339 1595 1390 1621 hoc
1413 1599 1472 1621 ante
1491 1599 1624 1631 peractum
1645 1598 1828 1621 testamentum
1846 1595 1974 1632 scriptum
1992 1596 2036 1622 sit.

1193 1639 1224 1666 fr.
1246 1641 1284 1665 12.
1310 1638 1343 1665 (18
1366 1637 1455 1664 hered.
1480 1638 1542 1664 inst.
1560 1638 1602 1663 28.
1622 1639 1646 1663 5.
1676 1636 1707 1664 sr.
1727 1639 1767 1664 12.
1793 1637 1825 1664 de
1842 1637 1868 1664 h.
1888 1647 1930 1674 qu.
1951 1643 1979 1664 ut
1998 1639 2036 1665 in·

1194 1682 1263 1718 dign.
1281 1683 1324 1708 34.
1343 1682 1367 1708 9.

1231 1727 1460 1758 Peragrare.
1496 1725 1706 1755 Percurrere,
1732 1725 1951 1751 Pet-lustrare.
1992 1724 2036 1751 ΠΙ.

1195 1770 1261 1796 Gn.
1281 1766 1410 1793 Vniversa
1428 1765 1487 1792 loca
1506 1781 1538 1785 -
1558 1766 1690 1803 peragrari
1708 1767 1829 1803 patietur.
1849 1766 1899 1794 Th.
1920 1766 1951 1794 C.
1967 1767 2036 1794 XIII.

1196 1813 1235 1837 ll.
1256 1821 1276 1837 c.
1298 1812 1338 1836 14.
1359 1820 1380 1836 c.
1401 1810 1441 1836 16.
1464 1808 1496 1835 de
1515 1809 1639 1835 censitor.

1232 1854 1464 1881 Percellere.
1484 1853 1672 1888 Adfligere,
1689 1853 1820 1879 Vexare.
1856 1851 1900 1878 111.
1915 1853 1982 1880 Gn.
2000 1852 2037 1879 Ia-

1170 1898 1173 1928 }
1195 1902 1268 1923 ctura
1291 1896 1345 1923 litis
1372 1900 1398 1922 et
1422 1894 1576 1921 damnorum
1600 1910 1632 1915 —
1655 1894 1789 1921 solutione
1811 1894 1928 1931 percelli.
1953 1905 1975 1922 c.
1995 1896 2035 1922 18.

1195 1941 1216 1974 ξ.
1234 1941 1258 1966 9.
1279 1938 1311 1965 (18
1324 1938 1356 1965 R.
1369 1937 1403 1964 m.
1418 1939 1458 1964 12.
1471 1938 1513 1964 36.
1551 1937 1580 1964 Si
1600 1947 1676 1974 quem
1695 1937 1845 1964 huiusmodi
1865 1937 1899 1964 lis
1916 1938 2037 1974 iurgium-

1172 1986 1173 2021 }
1196 1992 1247 2019 que
1270 1980 1422 2019 perculerit.
1447 1980 1496 2007 Th.
1517 1980 1548 2007 C.
1568 1979 1612 2006 vl.
1632 1982 1673 2007 27.
1694 1990 1715 2007 c.
1736 1982 1776 2007 16.
1796 1990 1836 2018 pr.
1856 1979 1888 2007 de
1907 1985 1989 2016 agent.
2010 1981 2036 2007 in

1196 2025 1250 2052 reb.
1289 2024 1387 2051 Officio
1403 2041 1433 2044 —
1447 2023 1527 2050 multa
1547 2024 1672 2050 continuo
1691 2023 1869 2060 percellendo,
1888 2023 1911 2049 si
1930 2027 1977 2050 etc.
1998 2023 2035 2050 lb.

1195 2068 1251 2095 Vll.
1271 2070 1295 2094 4.
1321 2077 1342 2094 c.
1362 2068 1404 2094 32.
1429 2066 1461 2093 de
1480 2076 1549 2102 erog.
1569 2065 1623 2093 mil.
1643 2076 1701 2092 ann.
1740 2065 1791 2093 Vel
1813 2066 1967 2102 impunitate
1991 2065 2036 2093 do-

1196 2121 1257 2138 nare
1276 2112 1325 2143 (sc.
1341 2110 1460 2142 crimen.)
1479 2114 1523 2136 aut
1542 2108 1664 2135 molliore
1678 2125 1708 2129 —-
1724 2118 1808 2146 poena
1827 2107 1978 2145 percellere.
1998 2109 2034 2136 Ib.

1196 2154 1240 2180 lx.
1262 2155 1301 2179 10.
1331 2163 1351 2179 c.
1372 2155 1396 2179 4.
1420 2153 1442 2187 §.
1464 2154 1486 2178 1.
1511 2151 1544 2179 ad
1562 2151 1592 2178 L.
1612 2151 1660 2178 Iul.
1684 2151 1717 2178 de
1739 2152 1765 2178 vi
1783 2151 1846 2188 pub.
1883 2150 1959 2186 Quos
1978 2161 2036 2189 per-

1197 2196 1278 2223 culsis
1293 2196 1406 2232 graviori
1419 2200 1492 2221 sorte
1507 2194 1674 2222 contulimus.
1692 2193 1760 2221 Νῦν.
1773 2192 1830 2220 val.
1843 2193 1886 2220 111.
1901 2193 1933 2220 de
1946 2194 2034 2232 praed.

1196 2241 1288 2278 pistor.
1309 2238 1339 2265 H.
1358 2240 1400 2265 34.
1421 2248 1442 2265 c.
1464 2240 1486 2264 1.
1506 2238 1528 2272 ξ.
1548 2240 1571 2264 4.

1173 2288 1176 2302 t
1235 2282 1449 2315 Perceptio.
1474 2281 1505 2314 ξ.
1517 2283 1551 2308 1.
1571 2283 1626 2309 1112
1644 2280 1862 2314 percipiendi,
1882 2289 1904 2306 v.
1923 2281 2036 2315 adqui—

1197 2327 1294 2352 rendi.
1331 2324 1374 2351 111.
1395 2326 1462 2352 Cn.
1490 2324 1537 2351 Sui
1561 2324 1625 2350 iuris
1650 2323 1874 2359 persecutionem,
1899 2327 1943 2348 aut
1961 2332 2036 2359 spem

1197 2369 1298 2395 suturae
1317 2368 1496 2405 perceptionis
1515 2366 1683 2400 (deteriorem
1703 2365 1884 2397 constituere.)
1903 2365 1933 2392 fr.
1947 2367 1989 2392 46.
2003 2365 2036 2392 de

1197 2416 1264 2449 pact.
1288 2413 1313 2437 2.
1334 2413 1373 2437 14.
1415 2409 1475 2437 Non
1499 2408 1620 2435 fundum.
1645 2407 1691 2433 sed
1716 2407 1815 2434 fructus
1839 2409 2036 2444 perceptionem

1198 2454 1339 2488 (donare.)
1362 2453 1393 2480 fr.
1413 2454 1436 2479 9.
1465 2452 1486 2485 ξ.
1508 2453 1531 2478 1.
1555 2450 1588 2477 de.
1613 2451 1700 2477 donat.
1719 2452 1762 2477 39.
1781 2452 1806 2476 5.
1831 2449 1862 2477 cf.
1887 2450 1918 2477 sr.
1937 2452 1978 2478 66.
2003 2450 2036 2478 de

1197 2498 1253 2524 iure
1272 2496 1326 2523 dot.
1344 2498 1386 2522 23.
1403 2496 1429 2521 3.
1465 2493 1501 2520 Vt
1525 2495 1659 2531 perceptio
1679 2492 1776 2520 ususfr.
1795 2492 1826 2519 ad
1845 2492 1981 2530 publicum
1998 2494 2035 2520 in-

1198 2541 1276 2578 cipiat
1296 2539 1435 2577 pertinere.
1458 2536 1487 2563 fr.
1506 2539 1548 2563 27.
1573 2537 1656 2570 §.11.
1676 2535 1708 2562 ad
1727 2535 1757 2562 L.
1775 2535 1822 2562 Iul.
1843 2535 1875 2562 de
1894 2535 1974 2562 adult.
1992 2537 2034 2562 48.

1197 2585 1220 2609 5.
1243 2599 1272 2603 —-
1293 2582 1324 2615 ξ.
1336 2582 1370 2607 2.
1390 2581 1489 2606 Actus
1508 2581 1672 2614 capiendi,
1691 2585 1748 2605 aut
1766 2580 1954 2613 colligendi.
1990 2577 2032 2604 111.

1174 2622 1175 2630 ¹
1198 2627 1264 2653 Gn.
1288 2623 1486 2660 Perceptiouem
1511 2622 1610 2649 fructus
1634 2622 1752 2658 accipere
1775 2620 1914 2652 dehemus,
1940 2629 1991 2646 non
2010 2620 2034 2646 si

1174 2662 1175 2681 l
1197 2668 1307 2706 perfecti
1331 2665 1380 2699 [al.
1403 2665 1534 2702 perfecte]
1561 2665 1678 2692 collecti.
1706 2663 1754 2690 sed
1782 2665 1859 2690 etiam
1887 2663 1973 2699 coepti
1998 2663 2033 2688 ita

1197 2710 1312 2748 percipi,
1341 2713 1368 2734 ut
1392 2713 1440 2734 etc.
1468 2707 1499 2734 fr.
1525 2709 1565 2734 78.
1591 2707 1623 2734 de
1646 2706 1677 2733 R.
1697 2705 1728 2733 Υ.
1752 2708 1776 2733 6.
1797 2708 1820 2732 l.
1861 2705 2033 2741 Perceptioue

1198 2754 1297 2779 fructus
1321 2760 1384 2777 suos
1409 2750 1500 2777 facere.
1524 2750 1554 2777 fr.
1574 2752 1615 2776 25.
1640 2750 1677 2784 ἕξ.
1699 2751 1721 2776 1.
1741 2759 1780 2786 sq.
1805 2749 1838 2776 de
1856 2757 1925 2774 usur.
1946 2748 1987 2773 22.
2009 2749 2031 2774 1.

1196 2794 1288 2821 Nullas
1315 2795 1363 2820 iam
1384 2803 1442 2820 esse
1462 2795 1515 2826 (sc.
1535 2792 1682 2825 actiones.)
1707 2802 1766 2818 cum
1784 2800 1859 2818 suum
1877 2791 2032 2827 perceperit,

1196 2842 1221 2864 et
1240 2838 1409 2874 perceptione
1428 2846 1518 2863 omnes
1538 2835 1641 2862 liberati
1660 2839 1728 2862 sunt.
1755 2834 1784 2861 sr.
1803 2834 1845 2860 36.
1864 2832 1896 2858 de
1915 2832 2030 2860 tideiuss

1992 2878 2032 2903 46.
