2197 3121
259 191 322 222 748

261 272 320 300 dam
343 278 369 299 et
393 283 440 310 pro
464 283 508 300 reo
533 273 749 311 opponebantur,
777 271 861 309 qualis
888 272 932 299 illa
956 276 1011 298 erat
1029 281 1104 308 prae-

260 317 383 353 scriptio.
405 332 435 336 -
457 326 521 352 quae
541 326 608 342 nunc
629 317 653 342 in
674 317 788 353 speciem
808 316 972 353 exceptionis
992 314 1103 341 deducta

262 364 310 385 est.
331 358 367 385 ld.
387 358 430 385 IV.
452 360 508 384 133.
529 358 561 385 cl'.
583 360 640 385 130.
660 369 698 396 sq.
719 375 751 379 —
776 359 806 392 §.
827 361 862 386 2.
888 360 953 386 Illa
977 359 1104 383 dumta-
1125 385 1126 389 Ἰ

261 408 317 428 xa!
345 403 514 432 clausula,
543 411 603 436 qua
634 412 706 428 reus
733 403 921 428 adversarii
948 401 1104 426 intentio-

260 454 324 470 nem
343 451 520 478 oppugnat.
542 446 714 478 Exceptio.
737 445 904 481 Defensio.
942 442 960 469 1.
975 444 1037 477 Sy.
1051 442 1103 469 Ex-

262 487 356 523 ceptio.
382 486 413 512 l'r.
432 488 473 513 42.
498 486 531 513 de
554 486 657 513 liberali
681 497 702 513 c.
722 488 763 514 40.
785 490 824 514 12.
846 486 875 513 1'r.
898 488 937 513 ll.
958 485 988 512 fr.
1007 487 1050 512 23.
1071 485 1103 512 de

260 540 330 556 exce.
351 531 392 555 44.
414 531 435 555 1.
456 529 486 555 fr.
506 531 548 556 28.
568 540 608 566 sq.
629 529 661 556 de
681 540 737 557 exc.
757 531 795 557 rei
814 529 866 556 iud.
885 531 926 555 44.
945 531 970 555 2.
1008 528 1105 555 Defen-

260 574 307 598 sio.
328 572 357 598 t'r.
378 574 417 598 76.
438 572 459 606 §.
482 574 502 599 1.
523 572 555 599 (18
577 578 660 599 contr.
681 578 740 599 emt.
760 575 798 599 15.
821 575 842 598 1.
880 572 924 598 111.
943 573 1010 600 Gn.
1030 571 1103 608 Rogo
1125 588 1126 604 χ

259 614 381 645 Praetor,
401 619 511 652 propter
530 617 766 653 praescriptioneS‚
787 621 917 653 tempora,
938 614 1044 641 libellos
1065 625 1105 640 ac·

259 659 347 695 cipere
373 658 497 694 digneris.
522 658 606 685 Vatic.
627 659 648 693 ξ.
673 660 727 685 166.
749 659 780 685 es.
800 658 837 692 §§.
860 660 915 684 156.
937 660 994 685 165.
1033 658 1105 693 Quo·
1125 673 1127 680 ›

259 702 308 727 ties
328 700 525 738 praeiudicium,
545 701 587 728 vel
607 702 746 727 moratoria
766 702 942 739 praescriptio
961 701 1104 737 (rescripto
1125 721 1127 746 4.

257 749 349 770 nostro
375 745 542 776 remittitur.)
569 744 618 771 Th.
640 744 670 770 C.
691 744 709 770 1.
729 746 753 770 2.
779 755 800 771 c.
820 746 844 770 5.
864 743 979 778 (weit.)
1000 743 1032 770 de
1052 743 1104 770 div.
1126 754 1127 763 ¹

258 797 338 813 rescr.
376 786 508 813 Adulterii
529 788 695 813 accusatione
715 788 861 824 proposita.
881 787 1105 824 praescriptiones

258 830 359 862 civiles,
379 830 476 867 quibus
497 847 527 850 —
548 831 655 865 tingitur
675 834 722 856 etc.
740 846 770 850 —
790 831 915 856 iussimus
935 831 1103 866 sequestrari.

257 873 295 899 lb.
315 873 359 899 lx.
385 875 408 899 7.
437 883 458 899 c.
482 875 504 899 7.
529 872 560 899 ad
585 872 614 899 L.
638 872 685 899 lul.
710 872 743 899 de
765 873 844 900 adult.
892 873 1035 899 Accusanti
1059 872 1104 899 illa
1125 891 1127 897 ,

258 926 372 953 praescr.
393 916 529 942 obiicitur:
554 916 583 942 Si
607 915 689 952 legem
709 916 861 953 prodidisse
880 915 983 943 dicatur
1001 916 1035 942 ob
1055 915 1104 942 hoc

258 964 307 986 ete.
330 958 359 985 l'r.
379 962 402 985 2.
424 959 444 993 ξ.
467 961 488 985 1.
509 958 565 985 eod.
585 961 626 986 48.
647 961 670 985 5.
707 959 824 986 Praescr.
845 959 1039 986 mendaciorum
1060 969 1105 996 op-

257 1003 352 1040 posita.
373 1012 394 1027 c.
407 1004 432 1028 2.
451 1003 474 1028 si
494 1006 583 1028 contra
601 1003 642 1028 ius
657 1012 680 1028 v.
695 1002 751 1029 util.
766 1003 828 1040 pub.
844 1005 864 1029 l.
876 1005 960 1029 22-—
975 1003 1006 1036 §.
1019 1003 1104 1029 2.A.

260 1047 428 1079 Temporis
447 1047 604 1078 exceptio.
636 1045 654 1072 Ι.
670 1046 732 1080 Sy.
747 1045 866 1083 Spatium
881 1046 1016 1082 temporis.
1036 1044 1067 1071 sr.
1083 1047 1104 1071 1.

257 1089 278 1123 ᾗ.
300 1090 339 1114 10.
361 1087 392 1114 ad
412 1088 439 1114 S.
449 1087 479 1114 C.
495 1087 577 1125 Turp.
591 1089 632 1114 48.
650 1090 688 1114 16.
726 1088 768 1115 111.
784 1090 850 1116 Gn.
868 1088 934 1114 Post
953 1089 1023 1125 longi
1043 1093 1105 1114 tem-

256 1132 330 1168 poris
350 1131 599 1168 praescriptionem.
620 1131 662 1157 vel
683 1133 878 1169 usucapionem.
898 1132 929 1158 sr.
949 1133 991 1158 54.
1011 1141 1049 1169 pr.
1071 1131 1103 1157 de

256 1176 379 1201 eviction.
398 1176 440 1200 21.
460 1177 484 1200 2.
522 1173 551 1200 Si
571 1175 770 1211 possessiouem
790 1180 858 1201 tuam
880 1175 998 1207 fecisses,
1021 1175 1055 1200 ita
1075 1179 1104 1200 ut

255 1228 304 1255 per
323 1217 393 1253 longi
413 1218 539 1254 temporis
559 1218 796 1255 praescriptionem
815 1219 918 1244 avocari
937 1228 990 1244 non
1009 1219 1102 1255 possit.

256 1261 288 1287 sr.
310 1263 349 1287 15.
370 1261 391 1294 ξ.
413 1262 436 1286 l.
457 1260 489 1286 de
510 1260 623 1287 condiet.
644 1261 731 1287 indeb.
749 1262 787 1287 12.
801 1262 824 1287 6.
862 1260 980 1296 Longum
999 1265 1103 1297 tempus

258 1303 380 1341 exemplo
400 1303 493 1339 longae
512 1305 730 1341 praescriptionis
745 1319 776 1324 ——
791 1309 964 1341 computatur.
984 1303 1057 1330 Paul.
1071 1302 1102 1330 V.

256 1347 320 1373 5.A.
346 1347 367 1381 ξ.
388 1348 412 1373 8.
432 1346 465 1373 cf.
491 1345 522 1372 V.
541 1349 565 1373 2.
594 1347 631 1381 ἓξ,
651 1349 674 1374 3.
694 1357 733 1383 sq.
758 1346 788 1373 fr.
809 1348 850 1373 76.
874 1347 896 1381 §.
916 1349 939 1374 l.
966 1347 999 1373 (18
1018 1352 1102 1373 contr.

257 1395 318 1417 emt.
341 1391 381 1416 18.
404 1391 426 1415 1.
447 1389 477 1416 fr.
497 1391 520 1416 3.
541 1389 571 1416 fr.
591 1392 615 1416 5.
636 1391 658 1424 §.
680 1392 702 1416 1.
726 1390 757 1416 fr.
777 1391 800 1416 9.
822 1400 880 1426 sqq.
901 1390 933 1417 de
952 1389 1004 1416 div.
1023 1395 1102 1427 temp.

257 1443 373 1471 praescr.
387 1434 429 1459 44.
443 1434 467 1458 3.
505 1432 571 1459 Post
589 1433 605 1459 1.
621 1438 638 1460 t.
658 1435 901 1471 praescriptionem,
921 1434 998 1459 etiam
1014 1432 1103 1459 utilem

257 1478 387 1503 actionem
407 1475 511 1502 habere.
531 1476 562 1502 fr.
584 1478 623 1502 13.
644 1476 664 1510 ὅ.
688 1479 708 1503 l.
729 1476 761 1502 de
781 1478 886 1503 iureiur.
908 1478 947 1502 12.
967 1478 991 1502 2.
1029 1476 1104 1502 Prae-

257 1521 403 1557 scriptione
427 1518 464 1550 V,
492 1528 516 1544 v.
541 1518 579 1550 X,
608 1529 735 1545 annorum
762 1520 884 1553 (excludi
910 1519 976 1553 etc.)
1006 1518 1035 1546 fr.
1061 1520 1102 1545 39.

257 1563 279 1596 ᾗ,
301 1565 324 1589 5.
344 1562 375 1589 ad
395 1561 424 1588 L.
445 1561 492 1587 lul.
517 1561 549 1587 de
573 1561 652 1588 adult.
677 1564 718 1589 48.
739 1565 762 1589 5.
788 1563 872 1590 vatic.
892 1563 915 1597 ξ.
935 1564 958 1589 7.
996 1562 1024 1588 Si
1044 1563 1103 1599 quis

257 1616 290 1632 ex
310 1606 358 1632 liae
378 1605 508 1631 sententia
528 1604 709 1641 adpellaverst,
729 1610 754 1631 et
773 1606 982 1643 praescriptione
999 1605 1104 1632 submo-

258 1653 301 1675 tus
326 1650 368 1674 sit.
397 1648 427 1674 fr.
450 1650 489 1674 19.
514 1647 546 1674 de
571 1647 629 1684 adp.
654 1653 679 1674 et
703 1648 775 1674 relat.
800 1650 841 1675 49.
866 1651 888 1675 1.
926 1647 1103 1685 Temporibus

259 1692 495 1729 praescriptionem
512 1691 538 1716 in
552 1690 730 1717 vindicatione
746 1701 832 1718 rerum
846 1707 877 1712 -—-
893 1701 951 1718 esse
965 1693 1102 1718 succisam.

258 1734 307 1761 Th.
323 1734 354 1761 C.
368 1734 437 1761 Xlll.
452 1736 474 1760 6.
496 1744 517 1760 c.
532 1736 555 1760 5.
576 1733 608 1760 de
629 1734 717 1771 praed.
738 1734 850 1761 navicul.
865 1734 896 1761 cf.
909 1733 968 1760 XV.
986 1737 1008 1761 l.
1029 1737 1101 1761 1:922.

257 1777 290 1804 de
310 1787 371 1814 opp.
392 1777 452 1814 pub.
475 1793 507 1796 —
527 1777 558 1810 ξ.
577 1778 614 1804 3.
634 1779 863 1812 Praeceptum,
885 1779 1101 1805 Constitutio.

257 1820 276 1846 I.
293 1821 354 1855 Sy.
384 1820 504 1857 Spatium
528 1819 623 1857 pedum
644 1819 681 1851 V,
707 1822 750 1857 qui
770 1822 852 1847 veteri
873 1822 928 1847 iure
947 1822 1103 1858 praescripti

257 1868 327 1889 sunt.
365 1863 541 1900 Praescriptio
571 1862 612 1897 (V
638 1863 760 1900 pedum.)
792 1863 828 1889 lb.
852 1863 883 1889 11.
908 1865 950 1889 26.
977 1874 998 1890 c.
1019 1865 1043 1890 4.
1063 1874 1102 1901 sq.

258 1905 362 1939 (ch.)
382 1906 425 1933 sm.
445 1906 552 1943 regund.
583 1906 699 1933 Sanctio.
719 1907 756 1933 lb.
776 1906 843 1933 Vlll.
862 1908 887 1933 4.
907 1917 928 1934 c.
947 1908 989 1933 26.
1010 1907 1042 1934 de
1062 1917 1103 1933 co-

258 1948 354 1974 hortal.

295 1993 594 2025 Praescriptum.
623 1993 741 2026 (Subst.)
770 1994 1003 2027 Praeceptum,
1024 1995 1103 2020 San-

258 2036 332 2061 ctio.
369 2035 411 2062 111.
427 2036 492 2062 Gn.
513 2035 680 2072 Praescripto
700 2035 766 2072 legis
786 2036 877 2062 teneri.
897 2035 928 2062 fr.
948 2038 989 2062 27.
1011 2047 1048 2074 pr.
1070 2036 1102 2063 de

259 2077 289 2103 L.
305 2077 386 2104 Corn.
400 2078 432 2104 de
446 2078 503 2104 sals.
516 2081 558 2104 48.
574 2080 612 2104 10.
650 2079 800 2105 Secundum
820 2080 884 2105 iuris
901 2081 1102 2117 praescriptum.
1124 2092 1125 2096 ¹

260 2119 308 2147 Th.
330 2120 360 2147 C.
380 2121 424 2147 lx.
446 2123 467 2147 l.
488 2131 509 2148 c.
528 2123 567 2147 ll.
587 2121 619 2148 de
638 2132 723 2148 accus.
744 2126 769 2148 et
788 2123 867 2148 inscr.

298 2165 576 2197 Praescriptus.
613 2163 752 2197 (Partic.)
789 2164 830 2191 Cf.
859 2175 883 2191 v.
910 2165 1102 2193 Praescribere.

259 2206 297 2240 ἐξ.
318 2208 339 2232 l.
360 2217 399 2243 sq.

298 2250 498 2277 Praesens.
519 2249 640 2283 (Partic.)
661 2250 691 2283 ξ.
710 2251 744 2276 l·
766 2252 880 2277 Coram
899 2254 1102 2279 constitutus

260 2292 303 2324 (in
324 2291 382 2318 loco
403 2297 488 2323 certo,
508 2303 560 2330 quo
581 2293 613 2320 de
632 2294 740 2327 agitur.)
777 2293 795 2319 1.
817 2295 880 2328 Sy.
899 2293 927 2320 ln
947 2296 1102 2331 praesentia.
1124 2324 1126 2332 ,

259 2335 299 2361 Eo
319 2334 384 2367 toci,
404 2335 449 2361 ubi
468 2341 516 2361 etc.
554 2336 582 2362 In
602 2346 629 2362 re
648 2337 789 2373 praesenti.
815 2336 844 2362 sr.
866 2338 888 2362 1.
912 2337 934 2370 §.
953 2339 994 2363 21.
1020 2338 1053 2364 de
1071 2338 1102 2365 A.

259 2387 283 2403 v.
305 2377 336 2403 Α.
358 2377 384 2403 P.
405 2380 445 2404 41.
466 2381 489 2404 2.
510 2378 541 2404 el'.
563 2379 592 2405 1'r.
612 2382 635 2405 5.
656 2380 677 2412 ξ.
697 2382 721 2405 2.
742 2378 774 2405 de
794 2380 826 2405 O.
847 2378 878 2406 N.
898 2379 929 2406 N.
943 2382 984 2406 39.
1001 2382 1023 2406 1.
1044 2391 1064 2407 c.
1079 2383 1103 2407 6.

260 2420 292 2446 de
312 2425 425 2446 accusat.
439 2422 462 2447 9.
477 2423 500 2446 2.
538 2420 686 2453 Praesente,
707 2421 803 2448 Coram
817 2422 884 2455 (eo.)
904 2422 945 2449 (3Ιῖ
961 2423 985 2449 h.
999 2433 1023 2449 v.
1051 2423 1104 2450 Ad-

260 2462 365 2495 hibitis,
386 2463 572 2489 Praesentibus
592 2465 749 2498 (testibus.)
779 2465 834 2492 Gai.
856 2465 873 2491 1.
894 2467 951 2492 112.
971 2476 1011 2502 sq.
1042 2466 1103 2503 le.

259 2505 304 2531 lx.
328 2508 348 2532 l.
386 2505 416 2532 ΙΙ.
429 2508 496 2539 ⁰11.
517 2506 638 2532 Diversis
658 2507 723 2533 locis
743 2510 837 2540 (esse.)
856 2508 892 2535 Id.
912 2509 983 2535 XlX.
997 2511 1021 2535 6.
1050 2509 1103 2536 Ab-
1123 2523 1125 2539 ς

260 2558 330 2574 sens.
351 2548 391 2575 Cf.
414 2548 437 2575 li.
458 2559 481 2574 v.
519 2549 560 2575 ΙΙΙ.
578 2551 644 2576 Gn.
665 2550 767 2582 Statim⁷
788 2552 813 2577 in
833 2552 891 2588 ipso
911 2552 1016 2587 negotio
1030 2562 1103 2588 prae.-

260 2601 321 2617 sens
342 2592 445 2624 (auctor
465 2592 543 2625 lieri.)
564 2592 593 2618 fr.
614 2594 637 2619 9.
657 2593 678 2626 §.
700 2595 723 2618 5.
744 2593 775 2619 tle
795 2600 860 2621 auct.
882 2599 907 2620 et
926 2604 997 2621 cons.
1017 2597 1058 2621 26.
1077 2596 1100 2621 8.
1123 2616 1124 2625 .

261 2632 401 2660 Praesente
421 2644 464 2666 co,
485 2640 511 2661 et
530 2645 582 2661 non
602 2635 805 2662 contradicente.
825 2637 846 2670 ᾗ.
868 2640 891 2663 8.
912 2637 930 2663 I.
961 2638 1012 2673 Qu.
1032 2637 1100 2664 mod.
1123 2655 1124 2675 ;

261 2676 301 2701 ius
320 2681 373 2712 pot.
396 2679 417 2703 1.
440 2679 478 2703 12.
516 2677 702 2704 Praesentibus
725 2678 791 2706 illis.
817 2684 842 2705 et
865 2685 960 2716 sponte
980 2680 1101 2715 litiganti-

261 2717 325 2748 bus,
346 2720 517 2749 (sententiam
537 2721 650 2754 dicere.)
680 2722 709 2747 lr.
732 2723 753 2747 1.
777 2722 799 2755 §.
822 2722 842 2747 1.
863 2722 895 2747 (le
915 2723 994 2749 feriis.
1014 2726 1038 2750 2.
1060 2725 1099 2749 12.

261 2760 410 2787 Praesentis
429 2765 548 2800 corporis
568 2765 650 2801 copia.
671 2764 701 2790 sr.
721 2766 780 2790 215.
802 2763 833 2790 de
853 2763 883 2790 V.
898 2764 925 2791 S.
945 2768 985 2791 50.
1002 2767 1040 2792 16.
1070 2765 1099 2792 In

260 2803 373 2830 vinculis
392 2814 515 2840 praesens
535 2816 602 2833 csse.
627 2807 656 2833 l'r.
675 2809 716 2833 23.
737 2817 776 2844 pr.
800 2807 820 2840 §
840 2808 864 2833 3.
885 2817 917 2834 ex
937 2818 978 2843 qu.
999 2818 1019 2834 c.
1041 2809 1098 2835 mai.

261 2848 285 2873 4.
304 2848 327 2873 6.
369 2846 397 2872 1u
421 2857 448 2873 re
472 2851 616 2883 praesenti,
641 2854 666 2876 et
690 2860 772 2887 paene
795 2849 904 2876 dixerim
927 2851 986 2888 ipso
1011 2861 1099 2888 opere.

1091 189 1184 220 PRA.

1149 271 1178 298 fr.
1198 273 1221 298 5.
1245 271 1266 305 ξ.
1287 272 1310 298 4.
1336 271 1367 298 cf.
1396 272 1417 306 §.
1436 274 1461 299 3.
1481 272 1514 299 de
1534 272 1566 299 O.
1586 272 1618 300 N.
1637 272 1668 300 N.
1687 274 1730 300 39.
1751 275 1774 300 l.
1811 274 1840 302 Si
1864 276 1890 302 in
1915 285 1988 313 prae-

1148 316 1216 341 senti
1236 315 1297 341 siut.
1317 314 1346 342 sr.
1367 317 1408 341 21.
1428 315 1450 349 §.
1466 317 1488 342 1.
1508 315 1540 342 de
1560 315 1648 342 testib.
1666 318 1708 343 22.
1728 319 1751 343 5.
1788 317 1887 344 Aurum
1907 323 1933 345 et
1951 328 1989 345 ar·

1148 362 1266 393 gentum,
1295 357 1366 394 quod
1390 358 1416 384 in
1441 368 1469 384 re
1492 360 1624 395 praesenti
1649 359 1704 386 suit.
1734 358 1818 387 Vatic.
1838 361 1859 394 §.
1877 362 1936 388 265.
1956 376 1989 380 -—-

1125 401 1179 433 ¹§.
1200 402 1289 427 LA.
1323 402 1368 427 Ad
1397 403 1586 428 comitatum
1613 404 1785 437 Principis
1809 406 1988 437 pertinens.

1126 456 1127 459 ¹
1148 443 1167 469 1.
1189 444 1250 477 Sy.
1281 442 1464 470 PraesentaliS.
1485 443 1526 471 Ct'.
1549 444 1574 471 h.
1597 455 1622 472 v.
1658 445 1701 472 III.
1717 446 1782 473 Cn.
1813 446 1847 472 Et
1866 445 1898 473 de
1916 456 1990 483 prae*

1148 486 1285 514 sentibus.
1317 492 1342 513 et
1372 486 1611 514 administratorum
1642 487 1743 514 honore
1772 488 1869 515 functis
1901 490 1990 522 (sorte

1149 528 1246 562 ducti.)
1266 528 1315 556 Th.
1336 529 1366 556 C.
1386 529 1431 556 IX.
1452 531 1474 556 l.
1495 540 1517 557 c.
1538 532 1577 557 13.
1598 530 1630 557 (18
1649 541 1735 558 accus.
1756 535 1781 557 et
1800 532 1879 558 inser.
1904 532 1990 568 Quem

1149 572 1330 603 substantem,
1362 577 1440 608 atque
1471 573 1498 599 in
1529 575 1663 611 praesenti
1699 575 1888 606 constitutum,
1924 576 1990 612 (po-

1149 614 1247 642 stulare
1276 616 1449 648 constiterit.)
1481 615 1518 642 Ib.
1545 616 1601 643 Vll.
1628 618 1651 644 4.
1681 627 1702 644 c.
1727 618 1768 643 28.
1793 627 1831 654 pr.
1861 617 1894 644 de
1919 627 1989 654 erog.

1148 657 1201 684 mil.
1225 668 1283 684 ann.
1309 658 1340 684 cf.
1360 657 1403 684 YI.
1427 660 1469 685 24.
1494 669 1515 685 c.
1536 661 1558 686 l.
1583 659 1616 686 de
1638 659 1749 686 domest.
1774 664 1800 686 et
1822 665 1933 697 protect.
1956 676 1989 680 —

1150 701 1180 734 ξ.
1201 702 1236 728 2.
1269 703 1315 728 Ad
1342 708 1478 736 tempus,
1516 705 1599 736 quod
1625 713 1708 730 nunc
1735 709 1795 735 est,
1832 709 1989 737 spectans.

1148 743 1166 770 I.
1187 744 1249 778 Sy.
1269 743 1344 779 Quae
1367 754 1436 770 nunc
1458 750 1527 771 suut.
1560 745 1640 781 Quod
1662 746 1687 772 in
1709 746 1843 783 praesenti
1865 750 1914 771 est.
1950 745 1991 772 Ex

1149 787 1288 823 praesenti.
1314 786 1344 813 sr.
1362 789 1404 814 23.
1425 798 1463 824 pr.
1485 788 1517 814 de
1541 787 1568 814 S.
1591 787 1618 814 P.
1642 787 1673 815 V.
1693 790 1717 815 8.
1740 790 1765 815 2.
1794 788 1878 815 Vatic.
1906 788 1927 822 §.
1947 789 1989 814 55.

1148 828 1189 855 Ad
1209 839 1342 867 praesens
1380 829 1520 868 Temporis
1546 841 1630 857 causa.
1654 830 1685 858 fr.
1706 833 1746 858 17.
1771 832 1792 865 §.
1813 833 1836 858 7.
1856 830 1889 857 de
1907 831 1939 857 A.
1958 831 1989 858 E.

1148 871 1180 899 V.
1202 874 1242 898 19.
1264 874 1285 899 1.
1322 872 1354 899 II.
1370 874 1436 907 ⁰1».
1460 873 1516 900 Nec
1535 884 1567 900 ex
1586 875 1732 911 praesenti,
1758 878 1802 900 aut
1820 873 1922 906 futuro,
1946 873 1990 900 vel

1148 916 1299 953 praeterito.
1319 915 1369 942 Th.
1390 916 1419 942 C.
1439 916 1484 943 XI.
1503 919 1527 943 2.
1548 927 1569 943 c.
1586 919 1607 944 l.
1627 916 1718 943 tribut.
1738 917 1764 943 in
1782 917 1831 954 ips.
1852 927 1923 955 spec.
1960 916 1990 944 In

1148 960 1289 996 praesenti.
1309 974 1341 978 ——
1361 958 1426 985 Post
1444 964 1556 997 tempus.
1576 960 1606 986 fr.
1620 961 1662 986 23.
1683 969 1721 997 pr.
1741 959 1758 985 1.
1771 960 1795 986 8.
1809 962 1833 986 2.
1861 959 1904 987 Ad
1917 970 1990 997 prae.-

1149 1012 1218 1028 senS.
1238 1017 1270 1020 —
1290 1001 1414 1039 Perpetui
1433 1012 1496 1028 usus
1516 1013 1600 1029 causa.
1621 1002 1651 1029 sr.
1673 1005 1713 1029 17.
1733 1003 1754 1036 §.
1775 1004 1797 1029 7.
1818 1002 1834 1029 1.
1853 1004 1893 1029 19.
1914 1004 1936 1030 l.
1957 1019 1989 1024 —

1150 1045 1179 1077 ξ.
1192 1046 1228 1071 3.
1244 1047 1428 1076 luminans,
1443 1046 1592 1078 lustaus,
1607 1047 1675 1072 Nou
1696 1055 1876 1079 suspensus.
1896 1045 1915 1072 1.
1927 1047 1989 1081 Sy.

1149 1087 1251 1113 Statim.
1271 1087 1400 1114 Praesens
1421 1088 1458 1121 (S.
1479 1087 1530 1114 Die
1548 1089 1707 1125 praesenti.)
1727 1087 1788 1126 ΠΡ.
1809 1088 1853 1115 VI.
1872 1090 1896 1115 8.
1915 1088 1946 1115 fr.
1966 1090 1990 1116 7.

1150 1130 1171 1163 ᾗ.
1192 1132 1215 1156 5.
1236 1130 1266 1156 l'r.
1285 1132 1327 1156 27.
1352 1131 1365 1164 ξ
1392 1132 1416 1157 3.
1441 1130 1473 1156 (18
1497 1136 1565 1168 pact.
1588 1134 1612 1158 2.
1634 1133 1674 1157 14.
1700 1131 1730 1157 fr.
1752 1133 1791 1158 19.
1812 1141 1851 1169 pr.
1875 1132 1896 1165 §.
1915 1133 1939 1158 3.
1959 1131 1990 1158 fr.

1147 1175 1189 1199 21.
1209 1183 1247 1209 pr.
1268 1173 1320 1209 Qu.
1340 1173 1396 1200 dies
1416 1173 1492 1210 legat.
1511 1176 1553 1200 36.
1573 1177 1596 1201 2.
1633 1174 1662 1200 11.
1684 1176 1752 1208 Op.
1772 1174 1795 1201 A
1816 1174 1866 1201 die.
1885 1175 1926 1202 Ex
1939 1174 1990 1202 die.

1148 1215 1208 1254 le.
1229 1215 1272 1243 Vl.
1292 1218 1317 1243 8.
1339 1218 1377 1243 13.
1402 1216 1432 1243 fr.
1452 1219 1475 1243 4.
1500 1217 1532 1243 de
1556 1216 1638 1243 ususr.
1658 1219 1681 1244 7.
1702 1219 1724 1244 1.
1750 1216 1781 1244 sr.
1801 1218 1842 1243 49.
1866 1218 1888 1251 §.
1910 1219 1932 1244 1.
1958 1217 1991 1244 de

1148 1259 1223 1296 legat.
1243 1259 1261 1286 I.
1282 1260 1349 1293 (30.)
1386 1259 1415 1286 ln
1435 1259 1517 1292 diem,
1542 1259 1584 1286 vel
1607 1260 1656 1286 sub
1676 1260 1835 1287 conditione.
1855 1260 1887 1287 fr.
1906 1262 1930 1287 9.
1949 1270 1990 1298 pr.

1147 1302 1180 1329 de
1199 1302 1229 1329 R.
1251 1302 1281 1329 C.
1303 1305 1342 1330 12.
1363 1305 1385 1330 1.
1405 1303 1435 1330 fr.
1455 1304 1496 1329 46.
1516 1302 1548 1329 de
1567 1302 1642 1339 legat.
1663 1302 1693 1329 11.
1713 1304 1788 1336 (31.)
1812 1303 1841 1329 sr.
1862 1304 1902 1329 76.
1923 1303 1944 1337 §.
1967 1305 1989 1330 l.

1148 1345 1180 1372 de
1199 1345 1231 1372 V.
1252 1346 1284 1372 Ο.
1304 1348 1347 1373 45.
1368 1349 1390 1374 1.
1427 1346 1557 1373 Praesens
1576 1346 1705 1379 (metus.)
1725 1361 1757 1365 —-
1784 1345 1907 1383 Suspicio
1927 1345 1991 1372 inse—

1147 1388 1222 1415 rendi
1247 1390 1310 1416 eius.
1336 1389 1366 1416 fr.
1385 1391 1409 1416 9.
1434 1399 1473 1427 pr.
1498 1389 1550 1425 Qu.
1571 1393 1631 1415 met.
1656 1398 1677 1415 c.
1697 1390 1721 1415 4.
1740 1390 1765 1415 2.
1807 1388 1850 1425 lll.
1869 1390 1936 1416 Gn.
1961 1388 1991 1416 Si

1148 1433 1221 1469 prius
1241 1432 1290 1459 sub
1305 1432 1464 1464 conditione,
1485 1431 1579 1459 deinde
1592 1441 1658 1469 pure
1671 1431 1783 1468 legatum
1797 1436 1845 1463 est,
1863 1441 1990 1469 praesens

1148 1475 1267 1502 debetur.
1287 1475 1317 1502 sr.
1331 1477 1372 1503 89.
1393 1475 1425 1502 de
1445 1475 1520 1502 cond.
1542 1480 1567 1501 et
1586 1474 1653 1501 dem.
1666 1476 1708 1501 35.
1725 1476 1747 1501 1.
1779 1473 1906 1501 Praesens
1925 1475 1991 1502 obli-

1125 1521 1126 1524 ’
1148 1520 1216 1555 gatio
1237 1524 1290 1551 est.
1316 1520 1342 1545 in
1366 1519 1434 1545 diem
1454 1524 1539 1545 autem
1559 1517 1638 1544 dilata
1657 1517 1763 1544 solutio.
1788 1517 1818 1544 fr.
1837 1519 1878 1544 46.
1898 1528 1937 1555 pr.
1957 1517 1991 1545 (18

1149 1562 1179 1588 V.
1200 1562 1232 1589 Ο.
1252 1564 1294 1588 45.
1316 1564 1337 1588 l.
1358 1562 1389 1589 ct'.
1410 1561 1440 1589 sr.
1462 1564 1501 1588 12.
1530 1562 1552 1595 ξ.
1571 1562 1596 1587 3.
1616 1560 1648 1587 (18
1668 1560 1744 1597 legat.
1764 1560 1782 1587 Ι.
1802 1562 1878 1595 (30.)
1915 1561 1991 1588 PraeL

1148 1616 1219 1634 sens.
1239 1607 1265 1632 iu
1285 1605 1387 1632 diemve
1407 1605 1481 1639 (dare
1495 1604 1580 1631 facere
1593 1604 1737 1641 oportere.)
1757 1603 1787 1630 sr.
1801 1605 1843 1631 46.
1863 1604 1896 1631 de
1913 1604 1989 1641 legat.

1147 1648 1178 1675 ll.
1199 1649 1265 1682 (31.)
1285 1648 1315 1675 fr.
1336 1650 1376 1675 76.
1396 1649 1418 1682 §
1440 1650 1462 1674 1.
1482 1647 1514 1674 de
1535 1646 1565 1673 V.
1586 1646 1619 1673 O.
1639 1648 1680 1673 45.
1701 1649 1723 1673 1.
1761 1646 1789 1673 Si
1809 1657 1885 1674 causa
1905 1647 1991 1684 aliqua

1147 1696 1237 1727 urgeat
1255 1692 1402 1728 praesentis
1422 1691 1556 1728 pecuniae.
1581 1689 1611 1716 fr.
1631 1691 1655 1716 8.
1680 1690 1702 1723 §.
1722 1691 1746 1716 9.
1771 1689 1803 1716 de
1822 1695 1945 1717 transact.
1965 1692 1990 1717 2.

1149 1737 1188 1761 15.
1226 1734 1393 1761 Praesentem
1418 1735 1555 1771 pecuniam
1578 1732 1697 1766 solvere,
1726 1734 1789 1766 (aut
1812 1733 1990 1768 satisfacere.)

1147 1778 1177 1804 sr.
1197 1780 1237 1804 41.
1258 1778 1279 1812 §.
1300 1779 1323 1804 l.
1349 1777 1382 1803 de.
1403 1787 1469 1803 man.
1489 1781 1591 1803 testam.
1611 1778 1653 1802 40.
1673 1778 1697 1802 4.
1718 1775 1750 1803 cf.
1774 1775 1805 1803 fr.
1824 1778 1847 1803 5.
1872 1777 1893 1811 §.
1914 1778 1937 1803 9.
1957 1775 1991 1803 (18

1148 1822 1229 1847 instit.
1250 1826 1298 1847 act.
1320 1822 1359 1847 14.
1379 1822 1403 1847 3.

1184 1863 1457 1891 Praesentalis.
1495 1865 1531 1890 In
1555 1864 1744 1897 procinctu,
1763 1865 1812 1889 vel
1829 1864 1990 1889 comitatu

1147 1909 1331 1941 Principis,
1357 1916 1463 1941 agens.
1499 1905 1518 1932 1.
1538 1906 1600 1940 Sy.
1625 1905 1679 1941 Qui
1703 1915 1829 1943 praesens
1848 1905 1989 1943 deputatus

1148 1955 1188 1976 est
1207 1950 1272 1982 (div.
1291 1949 1421 1986 obsequio
1440 1953 1546 1975 nostrae
1565 1948 1740 1981 clementiae.)
1760 1959 1780 1975 c.
1796 1950 1835 1974 13.
1854 1958 1893 1985 pr.
1913 1958 1934 1974 c.
1948 1949 1988 1974 18.

1147 2003 1186 2030 pr.
1211 1993 1294 2026 §.10.
1320 1992 1352 2019 de
1376 1992 1405 2018 R.
1430 1991 1463 2018 M.
1490 1993 1530 2018 12.
1549 1993 1590 2018 36.
1632 1991 1675 2018 111.
1696 1993 1762 2019 Cn.
1791 1991 1937 2018 Numerarii
1955 2005 1988 2010 --

1147 2037 1328 2072 magistrorum
1348 2035 1474 2066 militum,
1503 2039 1555 2060 tam
1574 2034 1777 2072 praesentalium
1798 2033 1846 2068 [al.
1866 2043 1988 2070 praesen-

1148 2079 1263 2112 tialium]
1288 2089 1364 2115 quam
1388 2077 1569 2104 Orientalium.
1596 2088 1617 2104 c.
1637 2080 1661 2104 4.
1687 2077 1719 2104 de
1742 2077 1830 2114 adpar.
1851 2086 1914 2112 mag.
1934 2076 1987 2102 mil.

1148 2124 1188 2148 12.
1207 2124 1249 2148 55.
1274 2121 1305 2148 cf.
1330 2131 1351 2147 e.
1372 2123 1395 2147 5.
1421 2120 1454 2147 de
1477 2121 1520 2147 off.
1546 2131 1609 2157 mag.
1634 2120 1687 2147 mil.
1716 2122 1737 2146 1.
1756 2121 1798 2145 29.
1840 2118 1987 2145 Domestici

1147 2164 1326 2202 praesentales
1355 2163 1402 2197 [al.
1427 2163 1640 2201 praesentiales.]
1669 2174 1690 2189 e.
1710 2165 1733 2189 4.
1761 2161 1794 2188 de
1821 2161 1933 2188 domest.
1962 2168 1988 2189 et

1148 2212 1258 2245 protect.
1280 2209 1319 2233 12.
1341 2209 1380 2234 17.
1522 2230 1525 2231 .

1185 2251 1507 2278 Praesentaneus.
1526 2248 1664 2282 (Adiect.)
1688 2250 1858 2279 Praesens,
1881 2249 1987 2274 Immi—

1147 2304 1228 2320 nenx.
1265 2293 1308 2320 111.
1331 2293 1398 2320 Cn.
1426 2291 1616 2318 Praesentanea
1644 2291 1786 2317 constituta
1815 2296 1986 2327 praestamus.

1148 2347 1169 2363 e.
1188 2338 1212 2363 6.
1231 2346 1271 2373 pr.
1292 2335 1324 2362 (le
1343 2335 1367 2362 h.
1388 2345 1431 2372 qu.
1451 2335 1483 2361 ad
1503 2334 1566 2361 eccl.
1583 2336 1603 2360 1.
1625 2335 1664 2359 12.
1702 2334 1778 2368 Quae
1796 2334 1895 2360 ruinam
1914 2344 1987 2371 prae-

1147 2384 1297 2406 sentaneam
1315 2380 1475 2405 minitantur.
1507 2377 1573 2403 Nov.
1594 2375 1643 2402 Th.
1664 2375 1694 2402 II.
1715 2375 1747 2401 de
1766 2375 1821 2402 lud.
1840 2376 1859 2403 I.
1879 2378 1901 2404 6.
1922 2387 1942 2404 c.
1964 2378 1986 2403 l.

1147 2423 1168 2456 ς.
1191 2425 1214 2449 3
1692 2422 1694 2426 ·

1184 2466 1452 2492 Praesentare.
1488 2464 1663 2493 Exhibere,
1680 2462 1826 2498 Offerre.
1863 2462 1906 2489 111.
1919 2464 1984 2491 οη.

1147 2508 1263 2539 Domus,
1292 2509 1313 2534 si
1338 2507 1447 2533 lavacris
1472 2504 1628 2531 lautioribus
1648 2510 1855 2541 praesententur.
1884 2505 1933 2532 Th.
1954 2506 1983 2532 C.

1123 2545 1125 2564 Ι
1145 2550 1204 2577 XV.
1218 2554 1241 2577 2.
1263 2561 1283 2577 c.
1297 2552 1320 2576 3.
1335 2549 1367 2576 (18
1380 2548 1487 2585 aquaed.
1517 2548 1610 2574 Statim
1631 2549 1741 2584 recipiat
1759 2548 1903 2575 facultates.
1927 2548 1984 2575 Dos

1146 2595 1222 2620 etiam
1237 2609 1267 2613 —
1282 2596 1471 2630 praesentetur.
1491 2591 1527 2617 lb.
1542 2591 1586 2617 lx.
1601 2592 1641 2617 42.
1662 2601 1683 2616 c.
1700 2593 1739 2616 15.
1760 2590 1792 2617 de.
1809 2591 1870 2617 bon.
1883 2600 1983 2627 proscr.

1146 2636 1204 2663 Tuo
1230 2636 1340 2663 examini
1363 2639 1544 2671 praesentatos
1569 2650 1600 2654 —
1626 2633 1844 2660 condemnatione
1867 2633 1982 2671 percelli.

1145 2679 1181 2706 lb.
1200 2679 1218 2706 I.
1240 2681 1278 2705 10.
1304 2688 1325 2704 c.
1345 2679 1368 2703 5.
1389 2676 1502 2710 (wok.)
1527 2677 1560 2703 de
1579 2677 1622 2703 011'.
1643 2676 1718 2703 Com.
1738 2675 1764 2703 S.
1785 2676 1864 2713 largg.
1892 2676 1933 2703 Cf.
1952 2675 1981 2701 L.

1144 2722 1219 2748 Rom.
1239 2721 1318 2756 Burg.
1340 2719 1392 2746 Tit.
1412 2722 1435 2746 6.
1474 2720 1527 2755 Qui
1553 2730 1600 2757 per
1624 2720 1831 2756 quinquennium
1855 2720 1982 2753 integrum

1144 2774 1172 2790 se
1191 2768 1358 2801 praesentare
1378 2762 1422 2796 [al.
1442 2762 1651 2801 repraesentare]
1673 2763 1840 2788 cessaverint.
1865 2771 1886 2787 c.
1905 2763 1928 2786 2.
1949 2759 1982 2786 de

1142 2808 1271 2844 primicer,
1293 2808 1331 2832 12.
1353 2807 1375 2832 7.

1179 2849 1459 2876 praesentatio.
1496 2849 1686 2881 Exhibitio,
1707 2846 1906 2875 Praestatio.
1938 2844 1979 2871 111.
