2197 3121
938 158 1174 189 PEN—PER.

192 243 264 269 tione
292 251 373 278 super
402 251 485 267 annua
513 241 690 278 pensitatione
718 239 763 273 [al.
789 240 961 277 pensatione]
985 250 1033 277 pro

193 284 357 321 aquaeductu
378 301 408 305 —
429 283 495 310 nihil
515 287 744 310 commemoratum
764 287 811 309 est.
840 282 869 309 fr.
889 284 930 309 41.
951 282 983 309 de
1001 284 1032 310 A.

193 327 223 354 E.
244 326 274 353 V.
297 329 336 353 19.
358 328 379 353 1.
423 327 510 353 Onera
536 327 572 359 (s.
598 325 765 362 obsequia.)
790 336 819 351 ac
843 326 1032 362 pensitationes

193 369 323 408 publicae.
344 369 393 396 Th.
415 369 445 396 C.
464 369 509 396 XI.
528 370 552 395 3.
574 379 595 395 c.
614 371 637 395 2.
659 368 690 395 cf.
711 369 754 394 XI.
772 370 810 394 l6.
831 378 852 394 c.
871 369 894 394 6.
915 368 947 394 (1(-
967 374 1031 395 extr.

194 423 214 439 s.
235 412 306 439 sord.
344 412 446 439 Causae
464 413 669 449 pensitationum
682 411 882 447 debitorumque
895 410 1030 438 fiscalium.

194 455 231 482 Ib.
252 455 296 482 XI.
316 457 357 481 36.
378 465 398 482 c.
421 457 460 481 12.
481 455 564 490 Quor.
584 465 643 491 app.
663 464 687 480 n.
707 464 758 480 rec.
779 454 820 480 Cf.
840 453 883 479 XI.
905 455 927 479 7.
948 464 968 479 c.
992 456 1031 479 12.

193 498 226 524 de
245 499 373 524 exaction.
410 497 517 523 Praeter
535 497 667 523 solemnes
686 502 711 523 et
730 497 868 523 canonicas
880 497 1033 533 pensitatio—

193 551 254 573 nes,
274 540 371 574 (multa
390 556 422 560 —
442 539 599 577 postulari.)
625 540 662 566 Ib.
683 539 750 566 VIII.
772 541 810 565 10.
836 549 857 565 c.
876 541 900 565 2.
921 539 954 565 de
974 550 1032 566 con-

193 593 263 610 cuss.
300 583 328 609 In
348 593 473 609 canonem
494 582 594 611 cadere.
614 588 640 609 ct
659 582 833 608 anniversaria
854 581 951 608 debere
970 592 1032 619 pen-

193 627 316 653 sitatione
335 625 460 663 persolvi.
481 636 502 652 c.
524 628 546 651 1.
568 625 600 651 (18
620 625 706 651 collat.
726 625 812 651 donat.
833 626 872 650 10.
891 626 932 651 28.

230 670 388 696 Pensus.
409 668 529 700 (Partic.)
549 669 580 701 §-
600 670 634 695 1.
655 669 835 702 Depensns,
855 669 1030 701 Expensus.

192 711 234 738 Cf.
259 722 282 737 v.
306 711 432 737 Pendere.
457 712 479 744 5.
499 713 523 737 2.
550 727 579 731 —
609 711 639 744 ξ.
664 712 698 736 2.
727 712 913 744 Pet-pensus.
939 710 987 742 (cf.
1007 720 1031 736 v.

191 754 319 781 Pende‘re.
339 755 360 787 5.
380 755 418 787 3.)
455 753 498 780 III.
520 755 585 781 Gn.
610 753 703 779 Ratum
723 762 886 789 pensumque
906 752 969 778 nihil
990 753 1032 778 ha-

191 797 262 829 bcre,
281 798 333 823 nisi
352 802 401 823 etc.
421 796 463 822 Fr.
484 796 527 823 At.
548 796 685 833 Capitonis
704 795 783 821 I.Cti.
803 795 853 833 Ap.
874 795 942 822 Gell.
962 795 1030 822 XIII.

192 842 231 867 12.
268 839 380 866 Pensius
401 839 462 865 facit
485 849 544 866 esse
567 838 703 869 iudicium,
722 843 748 864 et
767 838 868 864 firmius
887 839 1031 864 constituto

191 882 273 909 robur
292 887 332 909 est
352 888 400 909 etc.
421 881 487 908 Nov.
507 881 564 908 Val.
584 881 625 907 111.
646 880 678 907 de
698 880 794 917 postul.
814 881 844 907 11.
858 883 899 908 37.
921 892 941 908 c.
958 883 977 907 l.
991 891 1030 918 pr.

228 925 461 959 Pentapolis.
507 926 606 959 Regio
637 925 852 959 Cyrenaicae,
879 927 918 951 ad
944 934 1030 950 mare

192 970 352 1003 Libycum.
390 968 432 994 ΠΙ.
450 968 516 995 (fn.
536 966 632 993 Comes
651 966 853 998 Phoeniceseos,
868 983 898 986 —
919 967 1031 992 Arabiae

191 1016 216 1037 et
237 1010 395 1043 Thebaidis,
415 1010 528 1046 Libyae,
554 1009 731 1047 Pentapoleos
751 1015 799 1036 etc.
821 1020 841 1036 c.
863 1011 902 1036 10.
927 1009 958 1036 de
977 1009 1029 1036 div.

191 1053 261 1080 offic.
282 1056 321 1080 12.
341 1055 382 1080 60.

227 1096 489 1129 Pentaprofia-
528 1094 568 1121 Cf.
590 1105 612 1121 v.
632 1095 796 1132 Prototypia.

227 1140 569 1172 Pentasphaerum.
613 1140 716 1165 Genus
739 1141 852 1165 herbae
878 1140 1030 1165 exoticae

187 1183 409 1216 pretiosioris.
447 1180 489 1207 111.
505 1182 571 1208 (7η.
591 1181 700 1218 Species
720 1183 882 1218 pertinentes
902 1181 933 1207 ad
951 1182 1030 1207 vecti—

188 1224 241 1261 gal:
261 1226 460 1255 cinnamomum,
480 1225 564 1260 piper,
585 1240 616 1243 —
636 1224 727 1250 folium
745 1224 974 1261 pentasphaerum.
994 1224 1030 1250 fo-

189 1268 250 1294 lium
270 1267 434 1293 barbaricum
454 1271 503 1292 etc.
524 1266 554 1292 fr.
577 1268 616 1293 16.
637 1267 658 1300 5.
679 1269 699 1293 7.
722 1267 754 1293 de
772 1267 904 1304 publican.
925 1269 966 1293 39.
986 1270 1009 1293 4.

225 1310 452 1337 Penuarius.
482 1309 621 1342 (Adiect.)
653 1311 700 1336 Ad
721 1320 833 1344 penum
851 1313 1026 1344 pertinens.

186 1352 229 1379 III.
245 1354 310 1380 Gn.
330 1351 399 1378 Vasa
419 1353 551 1388 penuaria.
573 1369 602 1372 —
624 1351 673 1378 Vel
693 1353 714 1378 si
735 1363 784 1389 qua
805 1353 853 1379 alia
873 1358 942 1385 sunt,
963 1363 1028 1389 quae

186 1395 275 1422 horrei
294 1396 421 1432 penuarii,
441 1394 483 1421 vel
503 1394 584 1421 cellae
603 1396 742 1432 penuariae
762 1396 930 1422 instruendae
947 1397 1027 1432 gratia

186 1438 323 1465 habentur.
344 1437 374 1464 fr.
394 1440 418 1464 3.
439 1438 521 1471 §.11.
543 1437 573 1463 cf.
594 1438 615 1471 5.
635 1439 658 1464 8.
679 1438 711 1464 de
731 1449 799 1476 penu
818 1438 866 1475 leg.
886 1441 927 1466 33.
947 1441 970 1466 9.

223 1482 384 1508 Penula.
426 1481 545 1511 Vestis,
575 1491 655 1515 qnae
682 1491 784 1515 snpra
812 1484 954 1508 tunicam
979 1484 1027 1508 in-

184 1526 304 1550 duitur.
343 1522 372 1549 ll.
389 1524 456 1556 01).
477 1522 588 1549 Interior
601 1525 691 1549 vestis.
713 1523 762 1550 Th.
778 1524 807 1551 C.
822 1524 892 1550 XIV.
909 1527 947 1551 10.
969 1535 989 1551 c.
1004 1527 1026 1551 1.

185 1567 208 1600 5.
230 1568 251 1592 1.
272 1565 304 1592 de
323 1565 414 1592 habitu
435 1576 486 1602 quo
506 1567 543 1592 uti
563 1576 605 1603 op.
642 1566 684 1592 111.
700 1568 765 1594 Cn.
785 1567 946 1594 Familiarica
966 1572 1027 1594 sunt

186 1610 242 1641 (sc.
261 1610 449 1641 vestimenta.)
468 1624 501 1628 -—
520 1609 598 1635 sicuti
617 1619 690 1644 saga,
711 1611 827 1642 tunicae,
847 1610 959 1647 penulae
979 1616 1026 1637 etc.

185 1651 216 1678 fr.
235 1653 277 1677 23.
297 1652 318 1685 5.
338 1653 362 1677 ⁶2.
383 1651 414 1677 de
434 1661 496 1678 auro
516 1661 566 1687 arg.
587 1653 628 1678 34.
648 1654 672 1678 2.
693 1652 724 1678 cf.
750 1652 780 1679 fr.
799 1655 840 1679 25.
861 1653 893 1679 de.
911 1664 1026 1691 praescr.

185 1703 228 1720 vv.
253 1695 293 1720 19.
313 1696 337 1720 5.

223 1737 405 1763 Penuria.
439 1737 602 1772 Defectus.
639 1736 658 1763 I.
673 1738 735 1771 Sy.
755 1737 784 1764 Si
804 1749 831 1764 ea
851 1749 963 1776 persona
984 1739 1026 1765 de-

185 1780 227 1805 sit.
264 1778 374 1805 Penuria
400 1780 464 1805 eius.
489 1778 519 1805 fr.
543 1781 585 1805 27.
609 1779 631 1813 5.
652 1781 673 1805 1.
698 1780 730 1806 (le
754 1780 856 1807 liberali
883 1792 904 1808 c.
923 1784 964 1807 40.
985 1783 1025 1807 12.

185 1821 219 1848 cf.
238 1821 268 1847 fr.
289 1823 329 1847 ll.
349 1821 370 1855 5.
390 1823 414 1847 2.
435 1821 467 1847 de
486 1832 554 1848 mun.
575 1827 601 1848 ct
618 1822 679 1848 hon.
699 1825 740 1848 50.
759 1825 783 1849 4.

222 1866 367 1894 Penus,
397 1874 417 1890 s.
445 1865 604 1891 Penum.
651 1867 753 1899 Copia
790 1877 908 1899 rerum,
945 1877 1024 1901 qnae

184 1910 223 1934 ad
258 1909 377 1933 virtum
415 1908 554 1933 hominis
593 1910 820 1942 quotidianum
858 1912 1024 1943 repositae

184 1956 267 1976 eunt.
304 1949 322 1975 I.
345 1950 406 1983 Sy.
432 1949 507 1984 Quae
530 1949 562 1976 ad
586 1950 765 1986 quotidianum
790 1961 865 1977 usum
888 1952 1021 1978 habemus.

185 1992 260 2028 Quae
279 1993 335 2018 esui
355 1993 482 2028 potuique
501 1998 569 2019 sunt.
595 1993 624 2019 fr.
647 1996 667 2020 1.
688 1994 710 2027 5.
730 1995 753 2020 6.
773 1994 803 2020 fr.
823 1996 847 2021 4.
866 1995 888 2027 5.
907 1997 931 2021 2.
952 2001 1021 2022 naut.

185 2044 258 2072 caup.
278 2037 302 2060 4.
323 2036 346 2060 9.
367 2034 396 2060 fr.
417 2036 442 2060 3.
461 2045 500 2071 pr.
521 2035 551 2061 fr.
571 2038 593 2062 5.
614 2046 653 2073 pr.
673 2036 705 2062 de
724 2047 792 2074 penu
812 2037 861 2073 leg.
880 2039 921 2064 33.
936 2040 958 2064 9.
980 2038 1021 2065 Fr.

185 2076 246 2103 Sex.
270 2076 340 2103 Aelii
363 2076 444 2103 I.Cti.
470 2078 518 2115 Ap.
544 2078 611 2104 Gell.
636 2078 680 2105 IV.
703 2081 724 2105 l.
761 2079 803 2106 111.
824 2082 889 2107 Cn.
917 2080 1022 2107 Vrbana

185 2128 268 2155 penus
288 2124 314 2145 et.
332 2120 460 2156 supellex.
481 2120 510 2146 fr.
526 2123 565 2147 12.
586 2121 618 2147 de
637 2122 730 2159 supell.
746 2122 795 2158 leg.
808 2124 849 2149 33.
865 2126 904 2150 10.
940 2124 1021 2151 Escu-

185 2160 263 2193 lenta,
277 2177 309 2181 -
328 2162 467 2189 Potulenta
486 2174 577 2200 penus
598 2164 627 2190 fr.
641 2166 665 2191 3,
685 2165 721 2198 55.
735 2167 758 2192 2.
779 2175 818 2202 sq.
839 2166 871 2192 de
889 2178 959 2204 penu
973 2168 1021 2204 leg.

185 2204 226 2229 33.
240 2204 263 2228 9.
295 2203 361 2231 Cum
381 2205 425 2232 alii
443 2216 547 2243 penum,
568 2207 608 2233 alii
628 2209 716 2234 vinum
730 2208 840 2245 legatum
855 2216 933 2236 esset.
954 2210 983 2237 fr.
997 2213 1020 2238 2.

185 2255 224 2282 pr.
245 2244 276 2271 de.
295 2247 347 2273 trit.
366 2249 434 2275 vino.
451 2251 493 2275 33.
513 2251 536 2275 6.
575 2249 656 2276 onri
676 2260 737 2277 suac
757 2252 782 2277 iu
801 2262 883 2279 annos
903 2254 1021 2287 singulos

184 2288 292 2324 penoris
312 2288 417 2325 aliquod
436 2291 510 2324 (dare
529 2292 639 2325 iubere.)
660 2293 689 2320 sr.
706 2296 727 2320 1.
747 2294 780 2320 de
793 2305 862 2332 penu
876 2295 924 2332 leg.
939 2283 981 2323 33.
995 2299 1019 2323 9.

223 2332 445 2363 Pepuzitae.
481 2334 522 2360 Cf.
542 2345 566 2361 v.
588 2335 712 2372 Phryges.

222 2374 310 2399 Per.
330 2372 478 2410 (Praepos)
498 2378 575 2410 §.l-
599 2380 709 2406 Trans.
746 2379 789 2406 111.
805 2382 870 2408 Cn.
890 2381 940 2408 Per
952 2392 1021 2409 mare

184 2416 210 2441 in
231 2425 274 2441 eas
294 2416 342 2448 (sc.
362 2418 523 2453 provincias)
542 2422 638 2448 venire.
659 2422 689 2448 fr.
708 2424 731 2448 4.
752 2423 772 2456 5.
787 2424 810 2449 5.
831 2423 863 2450 de
883 2424 926 2450 off.
946 2424 1020 2451 Proc.

185 2462 210 2483 et
229 2457 290 2493 Leg.
315 2460 336 2484 1.
359 2460 398 2485 16.
439 2459 489 2485 Per
512 2460 615 2489 domum
639 2480 671 2483 —
696 2464 727 2490 a‹l
750 2465 854 2492 hortum
879 2483 910 2486 —
935 2468 1020 2494 aditus

185 2500 240 2526 fuit.
266 2500 296 2526 fr.
315 2502 356 2527 41.
381 2512 420 2538 pr.
445 2502 477 2528 (18
496 2502 523 2529 S.
542 2503 570 2530 P.
590 2505 621 2532 V.
646 2508 669 2533 8.
694 2510 718 2534 2.
743 2524 774 2527 -
806 2509 837 2541 §⁰
858 2511 893 2536 2.
918 2512 1019 2538 Intra.

185 2543 202 2569 1.
219 2544 279 2577 Sy.
300 2543 430 2581 Tempore
449 2546 586 2577 (messium
605 2550 665 2582 etc.)
694 2549 744 2576 Per
762 2551 788 2577 id
808 2554 942 2589 temporis.
963 2564 1020 2580 cum

183 2587 297 2618 (messes
317 2588 378 2619 etc.)
398 2587 428 2613 fr.
444 2589 465 2613 1.
485 2598 523 2624 pr.
544 2589 565 2622 5.
585 2592 608 2615 2.
629 2590 661 2617 (18
679 2592 758 2619 seriis.
778 2596 802 2620 2.
824 2597 862 2621 12.
900 2595 930 2621 11.
952 2598 1018 2629 ⁰11.

184 2628 234 2654 Per
253 2633 334 2654 meam
353 2630 490 2663 (noctem.)
508 2647 538 2651 —-
558 2631 635 2657 Nulla
648 2639 721 2669 parte
735 2636 855 2669 (noctis.)
876 2637 905 2664 fr.
919 2639 942 2664 3.
963 2639 1017 2672 §.3

184 2670 217 2697 de
236 2671 279 2697 off.
299 2670 350 2697 Prf.
371 2671 443 2708 Vigg.
465 2674 486 2698 1.
508 2675 547 2699 15.
569 2674 598 2700 sr.
620 2676 674 2701 166.
695 2677 716 2709 5.
737 2680 759 2704 l.
779 2679 812 2705 de
832 2680 862 2706 V.
883 2680 910 2706 S.
925 2683 965 2707 50.
980 2683 1018 2708 16.
1040 2683 1042 2706 l

184 2713 226 2740 111.
251 2715 316 2741 Cn.
344 2713 467 2741 Retinere
491 2726 539 2752 per
565 2716 632 2749 (hoc
655 2722 781 2755 tempus.)
811 2722 866 2749 Gai.
891 2723 935 2750 IV.
961 2726 1017 2751 167.

185 2755 360 2783 Observatum
379 2767 426 2794 per
444 2758 538 2790 (annos
557 2759 705 2796 plurimos.)
725 2761 755 2787 fr.
772 2764 813 2790 35.
833 2765 865 2791 de
883 2765 935 2792 LL.
957 2768 979 2793 1.
993 2769 1016 2794 3.
1038 2783 1040 2792 ⁴

184 2797 313 2826 Relictam
326 2810 373 2837 per
391 2800 522 2836 (singulos
536 2812 625 2835 anuos,
645 2813 668 2829 v.
682 2813 793 2837 meuses,
813 2817 836 2833 v.
852 2807 929 2841 dies.)
948 2809 978 2836 fr.
992 2811 1016 2836 8.

1853 161 1916 192 695

1079 241 1100 273 5.
1121 242 1144 267 6.
1174 240 1206 267 (18
1233 245 1355 267 transact.
1380 243 1404 268 2,
1427 243 1465 269 15.
1502 242 1584 279 quue
1611 252 1659 280 per
1682 241 1729 268 VII
1757 241 1852 277 gradus
1877 242 1913 269 sit.

1078 283 1138 321 le.
1158 283 1278 310 XXVIII.
1300 285 1338 310 ll.
1361 300 1389 305 —
1411 285 1441 318 ξ.
1463 287 1548 312 2.A.
1569 287 1612 313 In.
1649 285 1691 311 Ill.
1712 286 1777 312 Cn.
1798 285 1851 320 Qui
1871 284 1914 311 de-

1077 331 1140 362 gunt
1159 337 1206 364 per
1225 326 1393 359 (dioecesin.)
1419 328 1467 354 Th.
1488 328 1519 355 C.
1539 328 1581 355 VI.
1601 330 1627 354 4.
1648 338 1669 355 e.
1689 330 1712 354 4.
1733 327 1765 354 de
1784 327 1868 354 Praet.
1889 332 1915 354 et

1078 369 1128 405 Qu.
1166 369 1216 396 Per
1235 369 1261 396 id
1284 374 1402 407 tempus,
1428 381 1480 407 quo
1501 373 1559 408 quis
1578 372 1695 398 moritur.
1729 370 1798 397 Colt.
1812 370 1864 396 LL.
1879 370 1913 397 M.

1076 412 1146 438 XVI.
1156 414 1180 438 2.
1204 412 1254 439 Per
1269 413 1371 439 turbam
1384 413 1574 440 s‹·diti0nen.ve
1593 414 1727 447 (damnum
1740 413 1816 439 alicui
1831 413 1914 445 dare.)

1076 454 1147 481 Paul.
1161 454 1192 482 V.
1207 457 1230 482 3.
1250 455 1309 488 5.1.
1339 455 1489 483 Conwnire
1508 467 1555 494 per
1571 457 1713 494 publicum.
1733 456 1783 482 Th.
1798 455 1828 482 C.
1843 455 1913 482 XVI.

1075 500 1099 524 5.
1120 508 1140 524 c.
1154 499 1194 524 56.
1209 498 1241 524 cf.
1262 508 1282 525 c.
1297 500 1338 525 51.
1358 498 1390 525 (lc
1409 499 1505 526 haeret.
1535 499 1616 536 quue
1635 499 1739 536 pondus
1758 500 1814 525 sive
1827 500 1913 535 ipsum

1075 550 1123 577 per
1141 550 1170 567 se
1189 540 1275 573 habet,
1295 551 1341 568 seu
1361 542 1386 567 in
1406 542 1464 568 aliis
1483 543 1683 579 quibuscunque
1702 542 1849 579 speciebus.
1875 541 1912 567 11).

1075 582 1145 609 XIV.
1164 585 1189 610 3.
1210 594 1230 610 c.
1251 585 1274 610 9.
1295 583 1328 610 (18
1347 585 1440 621 pistor.
1457 601 1488 604 —
1508 586 1538 618 §-
1553 587 1589 611 3.
1610 587 1716 612 herta.
1754 584 1771 611 l.
1785 586 1846 618 Sy.
1867 583 1913 610 Se-

1076 625 1202 658 cundum,
1222 626 1272 653 Per
1292 627 1339 660 [al.
1360 627 1462 664 Super]
1486 629 1611 665 parietem
1631 637 1800 654 communem.
1821 626 1850 653 fr
1873 627 1912 652 13.

1076 678 1114 705 pr.
1139 668 1172 695 de
1195 668 1223 696 S.
1248 668 1274 696 P.
1297 669 1328 696 V.
1348 671 1371 697 8.
1390 674 1414 696 2.
1439 687 1469 690 ——
1495 672 1525 704 ξ.
1547 672 1582 697 3.
1594 672 1636 697 A.
1663 673 1789 701 (forum,
1815 671 1912 703 Apud.

1075 711 1093 737 1.
1106 713 1167 745 Sy.
1187 712 1352 739 Auctoritate
1371 713 1475 750 (populi
1495 715 1556 746 etc.)
1580 713 1630 739 Per
1649 713 1787 750 (populum
1807 717 1854 738 etc.
1875 722 1911 738 sc.

1052 750 1054 759 ¹
1075 754 1226 791 adoptare.)
1247 755 1303 781 Gai.
1324 755 1341 782 1.
1361 758 1401 782 99.
1421 766 1480 793 sqq.
1502 759 1558 782 105.
1578 758 1635 782 107.
1660 756 1721 793 ΠΡ.
1741 755 1808 781 Vltl.
1828 757 1851 781 2.
1872 764 1911 790 sq.

1076 796 1104 823 II.
1120 799 1187 830 Op.
1207 797 1257 824 Per
1275 798 1394 825 iudicem,
1417 816 1445 819 —
1471 799 1534 825 Sine
1554 799 1608 826 ullo
1628 799 1720 825 iudIce.
1745 798 1775 824 fr.
1800 799 1835 824 13.
1859 798 1910 833 Qu.

1075 844 1134 866 met.
1155 850 1175 866 c.
1190 842 1213 867 4.
1232 843 1256 867 2.
1278 857 1308 861 -
1329 843 1360 875 §.
1381 844 1420 868 ⁴.
1442 843 1680 869 Intereeniente
1704 841 1806 876 (aliqua
1826 850 1867 871 re⁷
1886 850 1910 866 v.

1074 884 1212 918 persona.)
1234 886 1408 920 Beneficio
1427 887 1502 911 eius.
1540 884 1558 911 I.
1573 886 1634 919 Sy.
1654 885 1694 911 Ex
1713 884 1824 921 (pacto.)
1844 883 1873 909 fr.
1887 885 1910 909 6.

1075 925 1104 951 fr.
1126 927 1165 951 17.
1185 926 1268 959 551.
1286 937 1324 963 sq.
1353 927 1385 953 (le
1405 932 1470 964 pact.
1491 930 1515 954 2.
1536 930 1575 954 14.
1614 927 1700 954 Causa
1724 926 1911 960 (calumniae.)

1074 967 1124 994 Per
1143 968 1340 1002 (calumniam.)
1361 970 1390 996 fr.
1412 973 1450 996 15.
1471 971 1501 997 fr.
1524 973 1562 997 1³5.
1583 981 1622 1007 sq.
1642 970 1674 996 de
1694 970 1718 996 h.
1739 980 1781 1006 qu.
1802 975 1855 996 not.
1876 970 1911 995 in-

1074 1010 1131 1037 fam.
1151 1013 1175 1038 3.
1194 1014 1218 1038 2.
1256 1011 1337 1049 Lege,
1362 1012 1412 1039 Per
1431 1013 1513 1049 legem
1534 1014 1701 1046 (constitui.)
1730 1013 1786 1039 Gai.
1806 1011 1849 1038 lV.
1871 1013 1911 1038 19.

1073 1053 1102 1080 Π.
1124 1055 1191 1088 ΟΡ.
1216 1054 1288 1091 Ipse,
1308 1071 1340 1074 —
1365 1055 1415 1082 Per
1434 1056 1511 1083 alium
1531 1056 1625 1089 (heres
1644 1056 1797 1088 exsistere.)
1824 1054 1860 1081 Id.
1880 1054 1911 1080 II.

1072 1098 1131 1122 245.
1152 1097 1182 1123 cf.
1205 1099 1261 1124 158.
1301 1098 1355 1124 Suo
1375 1100 1487 1130 nomine,
1509 1115 1539 1119 -—
1559 1099 1609 1125 Per
1621 1100 1781 1135 cognitorem
1801 1098 1911 1134 (agere.)

1072 1139 1108 1166 Id.
1130 1139 1173 1166 [V.
1192 1142 1233 1167 96.
1254 1151 1293 1177 sq.
1316 1143 1372 1167 1⁸24.
1409 1141 1470 1167 Suis
1490 1142 1618 1172 manibus,
1638 1159 1669 1162 ——
1689 1142 1739 1168 Per
1758 1141 1835 1167 alium
1855 1140 1911 1173 (de-

1073 1183 1172 1214 iicere.)
1192 1182 1222 1209 fr.
1244 1185 1265 1210 1.
1286 1185 1307 1218 5.
1329 1186 1367 1210 12.
1388 1184 1420 1210 (18
1438 1186 1464 1210 vi
1484 1189 1509 1211 et
1528 1186 1553 1210 vi
1573 1195 1632 1211 arm.
1652 1187 1692 1211 43.
1715 1187 1753 1211 16.
1791 1183 1912 1220 Corpore

1073 1230 1099 1251 et
1112 1227 1205 1257 animo,
1225 1236 1310 1263 neque
1323 1237 1370 1264 per
1384 1237 1412 1253 se
1426 1229 1519 1259 animo,
1539 1233 1582 1253 aut
1602 1238 1648 1264 per
1662 1238 1689 1253 se
1704 1237 1821 1264 corpore.
1842 1226 1871 1252 fr.
1885 1227 1909 1251 3.

1073 1269 1094 1301 5.
1116 1270 1138 1294 1.
1158 1268 1189 1295 de
1209 1269 1240 1296 A.
1260 1274 1286 1295 et
1304 1270 1336 1296 A.
1353 1269 1379 1296 P.
1395 1272 1435 1296 41.
1455 1273 1479 1297 2,
1518 1270 1560 1297 Ill.
1575 1272 1640 1298 Cn.
1661 1271 1701 1296 Sit
1721 1269 1815 1306 aliquis
1835 1270 1910 1295 iuris-

1072 1313 1181 1348 peritus,
1201 1322 1248 1349 per
1267 1322 1343 1348 quem
1363 1314 1448 1350 possit
1469 1319 1516 1340 etc.
1546 1314 1576 1340 fr.
1595 1316 1619 1340 2.
1639 1313 1660 1346 5.
1683 1314 1722 1338 13.
1743 1312 1775 1339 de
1794 1314 1827 1338 Ο.
1847 1311 1865 1337 I.
1888 1314 1909 1337 l.

1071 1357 1094 1380 2.
1119 1354 1150 1380 cf.
1176 1355 1206 1381 fr.
1228 1357 1266 1381 10.
1291 1366 1330 1392 pr.
1355 1355 1387 1382 de
1411 1356 1453 1383 off.
1474 1356 1548 1383 Proc.
1573 1361 1599 1382 et
1617 1355 1678 1392 Leg.
1700 1357 1722 1382 1.
1744 1357 1782 1381 16.
1820 1354 1911 1381 Maluit

1071 1407 1119 1434 per
1143 1407 1171 1423 se.
1192 1398 1253 1424 huic
1281 1399 1317 1425 rei
1342 1399 1454 1425 consuli.
1478 1399 1508 1426 fr.
1531 1402 1552 1426 1.
1578 1399 1608 1426 fr.
1628 1401 1652 1425 3.
1676 1409 1716 1436 pr.
1742 1398 1774 1424 de
1793 1398 1836 1424 olI'.
1856 1396 1909 1423 Prf.

1072 1439 1143 1476 Vigg.
1165 1442 1187 1466 1.
1210 1443 1248 1467 15.
1286 1441 1341 1467 Nec
1362 1458 1391 1462 —
1412 1442 1521 1474 absens,
1540 1453 1588 1469 nec
1606 1452 1654 1479 per
1672 1442 1749 1468 alium
1769 1439 1911 1473 (eiusmodi

1071 1483 1262 1510 solemnitatem
1286 1495 1409 1522 peragere
1428 1488 1536 1522 posse.)
1560 1485 1591 1511 fr.
1610 1487 1651 1512 25.
1676 1485 1698 1518 5.
1720 1486 1740 1510 1.
1766 1484 1798 1510 dc
1822 1483 1909 1520 adopt.

1072 1527 1093 1552 1.
1115 1528 1137 1552 7.
1175 1526 1204 1553 Si
1226 1537 1273 1564 per
1292 1538 1332 1553 me
1347 1538 1473 1564 meosque
1491 1538 1577 1554 mores
1597 1526 1660 1564 quid
1680 1527 1791 1557 steterit,
1811 1526 1911 1562 quomi-

1071 1579 1120 1595 nus
1139 1574 1188 1595 etc.
1209 1570 1238 1596 fr.
1258 1572 1298 1596 57.
1319 1570 1352 1597 de
1371 1570 1431 1597 don.
1452 1572 1497 1597 int.
1512 1570 1543 1596 V.
1562 1572 1604 1596 ⁵24.
1625 1572 1647 1596 1.
1684 1569 1794 1600 Carere,
1813 1583 1846 1587 —
1866 1578 1909 1594 ne-

1071 1622 1122 1648 que
1141 1622 1188 1649 per
1206 1622 1247 1641 se.
1272 1623 1357 1649 neque
1383 1623 1429 1647 per
1455 1613 1578 1640 heredem
1598 1623 1673 1640 suum
1694 1612 1820 1642 futurum.
1846 1622 1909 1648 quo-

1071 1656 1156 1681 minus
1171 1660 1218 1682 etc.
1240 1656 1269 1682 fr.
1283 1658 1324 1683 21.
1345 1657 1381 1690 55.
1395 1659 1419 1682 2.
1440 1667 1478 1693 sq.
1499 1656 1531 1683 dc
1551 1656 1636 1682 Aedil.
1657 1656 1785 1682 edictu.
1802 1657 1823 1681 1.
1842 1654 1908 1681 fr.2.

1070 1699 1091 1731 5.
1115 1700 1138 1724 5.
1167 1698 1196 1724 fr.
1221 1700 1261 1725 49.
1290 1699 1319 1725 fr.
1344 1702 1383 1725 50.
1408 1710 1447 1736 pr.
1472 1699 1504 1726 de
1529 1699 1560 1725 V.
1581 1699 1613 1725 Ο.
1638 1701 1680 1725 45.
1708 1701 1729 1724 1.
1755 1698 1786 1724 cf.
1816 1698 1844 1724 fr.
1867 1700 1906 1724 11.

1069 1741 1142 1773 518.
1163 1741 1195 1767 de
1214 1741 1245 1767 A.
1259 1742 1288 1768 E.
1304 1741 1335 1768 V.
1352 1744 1390 1768 19.
1413 1744 1434 1768 1.
1472 1741 1531 1768 Non
1550 1741 1635 1768 solum
1654 1752 1702 1778 per
1721 1742 1908 1778 nosmetipsos.

1069 1783 1115 1809 sed
1140 1785 1216 1809 etiam
1240 1794 1287 1820 per
1313 1795 1371 1816 eos,
1397 1794 1463 1821 quos
1493 1786 1519 1811 in
1543 1789 1675 1821 potestate
1700 1789 1748 1810 etc.
1773 1784 1908 1815 habemus,

1068 1826 1182 1862 (adquiri
1197 1827 1295 1860 nobis.)
1315 1827 1369 1853 Gai.
1385 1827 1414 1854 ll.
1427 1829 1467 1854 86,
1480 1838 1518 1864 sq.
1533 1829 1573 1854 95.
1594 1827 1655 1865 le.
1669 1827 1737 1853 XIX.
1755 1828 1793 1853 18.
1814 1828 1907 1863 Agere.

1067 1878 1087 1894 s.
1108 1868 1207 1900 Petere,
1226 1880 1275 1906 per
1293 1870 1450 1903 (formulam,
1470 1881 1494 1897 v.
1515 1871 1706 1908 sponsionem.)
1727 1870 1782 1896 Gai.
1802 1869 1847 1896 IV.
1866 1871 1906 1896 91.

1067 1912 1106 1937 93.
1126 1913 1167 1938 95.
1192 1911 1252 1949 le.
1271 1912 1356 1939 XXV.
1378 1915 1417 1939 12.
1455 1914 1517 1949 Agi,
1541 1924 1561 1939 s.
1582 1913 1658 1945 Geri,
1682 1923 1729 1950 per
1753 1917 1813 1945 (aes
1834 1918 1859 1939 et
1879 1913 1907 1939 li-

1067 1954 1160 1986 bram.)
1181 1954 1237 1981 Gai.
1258 1955 1288 1982 II.
1312 1958 1367 1982 102.
1387 1966 1427 1992 sq.
1448 1956 1489 1982 III.
1511 1958 1566 1982 173.
1605 1956 1746 1988 Prodesse,
1760 1971 1792 1975 —
1811 1956 1906 1993 Repel-

1068 1997 1129 2028 lere,
1148 2007 1172 2024 v.
1186 1997 1289 2030 Perimi,
1310 2009 1357 2035 per
1376 2000 1591 2036 (exceptionem.)
1613 1999 1642 2026 fr.
1657 2001 1697 2026 40.
1718 2000 1738 2033 5
1753 2001 1776 2026 3.
1792 1999 1824 2025 de
1837 2004 1904 2036 pact.

1066 2042 1089 2066 2.
1112 2042 1151 2066 14.
1180 2040 1236 2067 Gai.
1256 2040 1286 2067 II.
1307 2044 1346 2069 76.
1368 2043 1407 2068 78.
1433 2042 1477 2068 IV.
1497 2044 1554 2070 117.
1577 2044 1633 2068 123.
1670 2042 1721 2068 Per
1740 2042 1906 2069 donatiouem

1068 2082 1132 2109 facta
1153 2085 1321 2117 (successio.)
1342 2085 1372 2112 fr.
1389 2087 1426 2112 17.
1447 2086 1467 2119 5
1482 2087 1505 2111 5.
1526 2085 1542 2111 l.
1557 2085 1573 2112 l.
1587 2087 1610 2112 2.
1632 2087 1671 2111 14.
1709 2085 1758 2111 Per
1777 2086 1905 2116 iniuriam,

1066 2135 1090 2151 v.
1110 2126 1161 2152 vim
1181 2126 1296 2159 (facere.
1320 2138 1344 2154 v.
1364 2128 1495 2161 tradere.)
1520 2128 1550 2154 fr.
1569 2130 1593 2155 3.
1613 2129 1678 2162 5.1.
1700 2128 1728 2154 fr.
1749 2130 1772 2154 9.
1792 2138 1831 2165 pr.
1853 2127 1904 2163 Qu.

1066 2173 1125 2194 met.
1146 2178 1167 2194 c.
1186 2170 1210 2195 4.
1230 2172 1253 2196 2.
1291 2170 1341 2197 Per
1360 2182 1473 2198 errorem
1494 2171 1575 2203 (dare.
1596 2181 1619 2197 v.
1640 2170 1762 2203 deferre.)
1785 2171 1842 2197 Gai.
1862 2170 1903 2196 III.

1066 2212 1106 2237 91.
1127 2211 1168 2238 Fr.
1189 2211 1221 2238 de
1239 2212 1257 2239 I.
1278 2213 1304 2240 F.
1325 2214 1347 2247 5.
1367 2216 1391 2240 2.
1412 2230 1442 2234 —
1463 2215 1543 2247 §.5.
1564 2217 1708 2248 Propter.
1728 2213 1747 2240 I.
1762 2215 1823 2248 Sy.
1843 2213 1903 2240 Pro-

1066 2259 1132 2290 pter,
1151 2254 1221 2282 Ideo.
1242 2256 1271 2282 fr.
1285 2258 1308 2283 2.
1329 2258 1350 2290 5.
1364 2259 1387 2283 4.
1407 2257 1438 2283 fr.
1452 2260 1475 2283 4.
1496 2257 1531 2290 55.
1548 2258 1569 2282 l.
1584 2258 1608 2282 3.
1628 2257 1651 2282 si
1671 2266 1712 2293 qn.
1733 2262 1810 2283 cauit.
1824 2259 1847 2282 2.
1864 2258 1902 2282 ll.

1066 2296 1116 2322 Ob.
1142 2296 1225 2325 Vatic.
1246 2300 1283 2333 55.
1306 2301 1361 2326 141.
1383 2309 1421 2335 sq.
1444 2301 1499 2325 149.
1538 2299 1579 2325 llI.
1600 2301 1666 2327 (711.
1695 2299 1724 2325 Si
1749 2300 1807 2335 quis
1831 2303 1902 2335 post-

1042 2333 1044 2344 ¹
1065 2339 1166 2372 hamos,
1187 2351 1254 2377 quos
1273 2352 1320 2379 per
1339 2347 1447 2368 aetatem
1468 2347 1510 2368 aut
1529 2342 1704 2368 valetudinem
1722 2342 1816 2367 hahere
1835 2341 1902 2367 forte

1065 2393 1117 2409 nou
1140 2389 1241 2420 potest,
1271 2384 1400 2417 (heredes
1424 2385 1563 2419 instituit.)
1589 2385 1618 2411 fr.
1639 2387 1661 2411 9.
1689 2395 1728 2421 pr.
1753 2384 1784 2410 (le.
1808 2384 1852 2410 lih.
1877 2389 1902 2410 et

1064 2426 1151 2462 posth.
1171 2429 1212 2453 25.
1232 2429 1256 2453 2.
1293 2427 1352 2453 Non
1371 2428 1489 2453 iuvenire
1508 2428 1661 2454 advocatum
1681 2437 1728 2464 per
1746 2429 1901 2464 (potentiam

1064 2468 1233 2502 adversarii.)
1261 2469 1291 2496 fr.
1311 2471 1334 2496 9.
1364 2471 1385 2503 5.
1405 2472 1428 2496 5.
1454 2470 1485 2497 de
1510 2471 1552 2497 off.
1581 2470 1653 2496 Proc.
1679 2475 1703 2495 et
1726 2469 1787 2505 Leg.
1814 2472 1834 2496 1.
1861 2472 1900 2497 16.

1065 2510 1124 2537 Non
1150 2511 1229 2538 licere
1251 2522 1299 2548 per
1326 2522 1496 2550 quascunque
1523 2514 1675 2539 occasiones
1704 2514 1817 2544 (uxores
1840 2523 1900 2539 suas

1064 2553 1215 2586 dimittere.)
1238 2553 1287 2580 Th.
1308 2554 1338 2581 C.
1358 2555 1399 2582 III.
1422 2558 1460 2582 16.
1482 2567 1502 2582 c.
1524 2558 1545 2581 1.
1565 2566 1604 2592 pr.
1625 2555 1657 2581 de
1676 2555 1766 2592 repud.
1804 2555 1900 2582 Carere

1064 2607 1110 2633 per
1128 2597 1185 2625 hoc.
1207 2598 1266 2633 quia
1286 2602 1333 2624 etc.
1360 2598 1429 2624 Coll.
1451 2598 1501 2624 LL.
1522 2598 1553 2624 Μ.
1575 2597 1643 2623 XVI.
1665 2599 1687 2623 7.
1724 2598 1753 2624 In
1773 2600 1900 2626 servitute

1064 2639 1178 2665 hostium
1199 2639 1294 2671 fuisse,
1315 2651 1344 2667 ac
1363 2652 1411 2678 per
1430 2641 1478 2667 hoc
1498 2641 1566 2673 (non
1587 2641 1719 2674 stetisse.)
1739 2641 1769 2668 fr.
1789 2644 1813 2668 4.
1834 2643 1855 2676 5.
1874 2644 1898 2669 3.

1064 2683 1085 2707 si
1105 2692 1146 2718 qu.
1167 2687 1244 2708 cautt.
1264 2684 1288 2709 2.
1309 2685 1348 2710 11.
1387 2683 1524 2720 Supplicio
1549 2682 1710 2709 adficiendus
1729 2694 1777 2721 per
1796 2686 1897 2718 (imma—

1064 2726 1169 2751 nitatem
1193 2725 1344 2758 facinoris.)
1372 2726 1401 2751 fr.
1425 2728 1462 2751 14.
1488 2725 1520 2751 de
1544 2726 1586 2752 oss'.
1607 2725 1695 2752 Praes.
1717 2729 1738 2753 1.
1759 2729 1798 2754 18.
1837 2728 1898 2754 Tria

1062 2772 1134 2795 sunt.
1159 2778 1205 2804 per
1225 2778 1290 2804 quae
1310 2768 1433 2801 (inferior
1454 2767 1528 2794 loeus
1548 2770 1678 2806 superiori
1698 2772 1803 2801 servit.)
1823 2771 1852 2796 fr.
1873 2773 1896 2796 2.

1060 2820 1096 2847 pr.
1123 2810 1155 2837 (18
1179 2821 1242 2847 aqua
1267 2816 1292 2837 et
1315 2821 1372 2846 aqu.
1397 2810 1432 2847 pl.
1452 2812 1493 2836 39.
1513 2813 1537 2837 3.
1580 2811 1637 2838 Peti
1661 2823 1711 2839 non
1741 2823 1819 2850 posse
1849 2822 1896 2849 per
