2197 3121
258 168 321 199 538

259 249 427 282 libellorum)
457 248 535 275 talem
561 247 705 275 clausulam
728 247 819 274 addat:
848 246 960 284 „Rogm
989 246 1108 278 Praetor,

258 298 368 331 propter
388 293 625 329 praescriptiones,
650 296 785 329 tempora,
805 290 911 317 libellos
932 290 1052 327 accipere
1072 289 1109 316 di-

258 337 374 373 gnei-is*
396 335 478 361 vatic.
499 335 520 368 ξ.
538 336 594 360 166.
632 334 661 360 Si
682 335 741 371 quis
761 334 912 371 obrepserit
927 332 1044 359 l'raesidi
1058 331 1108 364 Pr..

261 385 311 406 tam
332 389 379 415 per
398 382 454 404 acta
475 387 551 413 quam
570 387 619 414 per
638 376 722 403 libelli
742 376 990 414 interpellationem.
1015 376 1046 402 fr.
1065 377 1107 402 29.

261 422 292 448 de
312 421 340 447 L.
363 420 444 447 Corn.
465 420 497 446 de
517 419 574 446 fals.
594 421 635 446 48.
659 422 697 446 10.
736 420 821 451 Dicit,
844 430 873 446 se
897 418 1018 445 libellum
1036 418 1109 445 Prin-

260 465 311 501 cipi
331 463 447 495 dedisse,
468 468 493 489 et
512 462 539 489 S.
554 464 712 500 rescriptum
732 468 894 500 exspectare.
913 461 944 488 sr.
958 464 982 488 4.
1002 461 1035 488 de
1049 471 1108 498 app.

260 508 340 544 recip.
361 508 402 533 49.
422 509 446 532 5.
484 505 581 533 Aditus
605 516 653 544 per
672 505 792 533 libellum
812 505 862 538 (D.
882 504 1058 537 Hadrianus.)
1078 504 1108 530 l'r.

259 552 300 577 33.
322 550 354 576 (1(-
374 561 401 576 rc
421 548 474 576 iud.
487 551 529 575 42.
545 551 566 576 l.
586 549 692 576 Libello
707 549 851 577 cuiusdam,
871 548 898 575 id
918 547 1063 584 querentis,
1076 562 1109 566 —

260 593 421 630 subscripsit
441 592 541 630 (Imp.)
565 593 595 620 fr.
615 595 657 620 32.
676 593 698 627 ξ.
719 594 758 619 14.
779 592 811 618 (18
830 601 882 618 rec.
903 601 946 628 qu.
967 590 1020 617 arb.
1040 591 1064 616 4.
1084 590 1108 616 8.

259 636 347 662 Poena
373 635 527 662 sustinenda
553 641 606 668 est.
631 635 717 673 quoad
737 635 865 672 Princeps
889 634 1059 671 rescripserit
1077 633 1109 659 ad

260 679 361 706 litteras
382 678 529 706 Praesidis.
555 684 581 705 et
600 678 720 705 libellum
740 678 779 704 rei
798 687 856 704 cum
876 677 973 704 litteris
992 677 1108 703 missum.

260 722 292 749 l'r.
311 724 335 749 6.
360 722 382 756 ς.
402 723 426 749 9.
451 721 483 748 (18
502 723 602 749 iniusto
622 726 691 759 rupt.
711 722 752 747 28.
772 722 796 747 3.
818 737 848 741 —-
881 721 912 754 §.
933 722 970 747 3.
999 721 1109 747 Iussi«,

260 767 445 799 Principis,
475 768 526 792 vel
551 767 788 800 magistratus,
819 766 990 798 scriptura
1018 764 1110 789 brevi

259 810 502 843 rompreltenstz.
539 808 558 834 I.
574 809 637 842 Sy.
665 807 809 844 Scriptum,
828 805 988 833 Periculum.
1008 805 1058 832 Tb.
1078 804 1109 832 C.

262 851 306 878 lv.
328 853 367 878 17.
388 862 408 878 c.
426 853 448 877 1.
463 861 521 888 sqq.
543 851 575 877 (18
594 855 661 877 sent.
682 860 714 877 ex
734 851 815 887 peric.
852 849 894 876 111.
913 850 979 877 Gn.
1000 848 1053 884 Qui
1072 858 1110 875 ra-

263 895 364 922 tiones.
383 899 451 925 acta,
472 893 592 922 libellos,
613 893 700 920 album
720 893 900 931 propositum,
920 908 952 912 —
972 891 1109 923 deleverit,

261 939 400 964 mutaverit
420 942 467 964 etc.
488 936 560 963 Paul.
576 936 608 963 V.
621 939 663 963 25.
683 937 706 970 §.
725 938 749 963 5.
786 936 815 962 In
834 936 940 962 scriniis
960 951 992 954 —
1013 944 1109 961 memo-

260 982 323 1012 riae,
343 991 373 1006 ac
392 980 615 1017 dispositionibus
636 979 808 1017 epistolarum
828 989 857 1006 ac
876 978 1034 1005 libellorum.
1058 977 1108 1004 Th.

262 1023 293 1051 C.
315 1023 357 1050 VI.
377 1025 418 1049 26.
439 1033 460 1050 c.
482 1025 503 1050 1.
529 1034 550 1049 c.
570 1024 593 1049 4.
618 1033 639 1049 c.
661 1024 701 1049 16.
721 1032 760 1059 sq.
787 1022 820 1049 de
844 1031 920 1060 prox.
946 1031 1011 1048 com.
1037 1020 1108 1058 disp.

262 1066 295 1093 cf.
314 1066 360 1092 XI.
382 1067 422 1093 16.
443 1077 464 1093 c.
480 1068 520 1093 14.
541 1066 573 1092 de
593 1070 659 1092 extr.
678 1076 698 1092 s.
720 1065 791 1092 sord.
828 1064 999 1101 Rescriptum
1019 1068 1059 1090 est
1078 1063 1109 1089 ab

262 1109 436 1146 Imperatore.
463 1108 570 1135 libellos
595 1113 687 1145 agente
711 1108 863 1146 PapiuIauO.
892 1107 922 1134 fr.
948 1109 988 1133 12.
1012 1116 1052 1144 pr.
1077 1106 1110 1133 de

262 1152 337 1178 distr.
358 1154 428 1190 pign.
447 1154 489 1179 20.
510 1155 533 1179 5.
572 1152 647 1188 Quae
661 1167 692 1171 ——
712 1151 840 1188 Princeps
859 1151 1010 1188 proposuit,
1029 1166 1061 1169 —
1080 1149 1110 1176 li-

261 1195 333 1221 bello
354 1195 518 1232 complexus,
539 1194 603 1231 quid
621 1196 679 1221 lieri
698 1195 808 1232 placeat.
829 1194 860 1220 fr.
872 1196 914 1220 20.
935 1194 956 1228 ξ.
971 1194 994 1219 6.
1015 1193 1049 1220 (18
1067 1192 1110 1219 he-

263 1238 318 1265 red.
339 1243 391 1276 pet.
411 1240 435 1265 5.
455 1240 480 1264 3.
519 1238 699 1275 Quaecunque
725 1248 818 1265 causae
843 1238 1019 1273 cognitionem
1043 1235 1111 1262 desi-

263 1281 364 1313 derant,
384 1291 432 1318 per
451 1280 571 1307 libellum
590 1291 643 1307 non
662 1286 777 1318 possunt
797 1280 925 1318 expediri.
949 1280 981 1307 fr.
999 1282 1024 1307 9.
1044 1280 1066 1314 ξ.
1087 1281 1109 1306 1.

263 1323 297 1350 de
317 1325 360 1351 off.
382 1324 457 1350 Proc.
478 1329 503 1350 et
521 1323 583 1360 Leg.
605 1326 627 1350 l.
649 1325 688 1350 16.

299 1379 452 1406 Libens.
473 1378 595 1412 (Partic.)
616 1381 691 1405 Sine
709 1381 957 1406 detrectatione.
985 1377 1027 1404 III.
1042 1378 1108 1405 Cn.

263 1421 374 1459 Species
393 1423 489 1458 petitas
508 1422 603 1448 iisdem
622 1423 715 1459 pretiis
731 1439 760 1442 —
781 1422 867 1449 libens
886 1426 1003 1459 praestet
1016 1431 1046 1448 ac
1057 1420 1109 1447 dis-

264 1464 356 1491 trabat.
377 1464 426 1490 Th.
447 1464 477 1491 C.
497 1465 542 1491 Xl.
566 1467 605 1491 15.
625 1475 646 1491 c.
666 1467 690 1491 2.
710 1465 742 1491 de
761 1465 823 1502 pub.
844 1469 986 1502 comparat.

302 1520 496 1547 Libenter.
534 1518 654 1553 (Advb.)
698 1522 865 1552 Studiose,
891 1521 1022 1554 Cupide.
1064 1518 1108 1545 ΙΠ.

264 1564 331 1590 Cn.
364 1562 432 1588 Istae
451 1562 628 1599 prat-sationes
649 1567 675 1589 et
693 1562 819 1589 libentius
839 1573 887 1589 nos
907 1578 940 1582 —-
959 1562 1111 1599 producunt

265 1605 310 1639 [al.
331 1605 491 1642 perducunt]
512 1605 544 1631 ad
564 1605 713 1632 lectionem.
738 1605 768 1632 sr.
790 1608 812 1632 1.
833 1605 865 1632 de
885 1605 918 1631 Ο.
938 1605 956 1632 I.
978 1607 999 1631 l.
1019 1606 1043 1631 2.
1080 1605 1109 1631 In
1131 1608 1132 1612 ’

264 1659 316 1685 quo
338 1648 464 1675 libentius
483 1647 663 1685 adquiescant.
688 1648 738 1675 Th.
759 1648 790 1676 C.
809 1648 855 1675 XI.
876 1650 915 1674 13.
935 1658 956 1675 c.
978 1650 1000 1674 l.
1021 1649 1044 1674 si
1062 1658 1110 1685 per

263 1691 367 1729 obrept.

299 1743 428 1770 Liber.
447 1741 580 1775 (Liberi.)
608 1743 727 1774 Natus,
747 1744 866 1769 Filius.
904 1741 923 1768 I.
943 1743 1005 1776 Sy.
1025 1740 1110 1774 Vnus,

265 1787 323 1812 sive
342 1785 432 1823 plures
453 1785 536 1818 (lilii.)
564 1784 653 1817 Liber,
673 1785 715 1812 vel
735 1785 819 1812 liberi.
847 1784 946 1817 Liberi,
966 1795 1034 1811 uuus
1054 1784 1111 1822 plu-

265 1839 350 1855 resve.
371 1829 401 1855 fr.
421 1830 463 1855 89.
483 1829 505 1862 ξ.
520 1830 544 1854 5.
564 1828 597 1855 (18
615 1828 692 1865 legat.
711 1828 740 1855 Il.
760 1829 827 1862 (31.)
848 1839 870 1856 c.
889 1829 913 1855 8.
933 1839 972 1866 pr.
992 1828 1014 1862 ξ.
1034 1830 1058 1855 5.
1078 1828 1110 1854 de

265 1881 318 1898 sec.
339 1877 411 1909 nupt.
431 1874 453 1898 5.
474 1873 498 1898 9.
518 1871 560 1898 Pr.
580 1871 599 1898 I.
620 1871 652 1898 de
672 1882 740 1898 serv.
761 1877 862 1908 cogunt.
882 1873 906 1898 3.
926 1873 949 1897 7.
985 1871 1028 1898 III.
1043 1873 1110 1899 Cn.

265 1914 295 1941 Si
316 1914 429 1940 voluerit
447 1914 560 1940 liberum
578 1924 655 1941 suum
674 1914 818 1951 legitimum
836 1924 999 1951 recuperare.
1024 1913 1108 1940 Vatic.

265 1958 287 1991 §.
307 1959 348 1983 34.
387 1957 417 1983 Si
437 1958 495 1993 quis
515 1973 547 1976 —
566 1958 703 1984 maximam
728 1957 834 1994 quidem
853 1959 1001 1995 portionem
1024 1956 1109 1984 libero

266 2000 410 2037 relinquat,
434 1999 607 2026 minusculam
631 2005 717 2026 autem
741 2000 792 2028 alii.
823 2010 843 2027 c.
862 2002 905 2027 33.
925 2010 964 2038 pr.
984 2000 1017 2027 de
1035 2000 1109 2027 inoff.

266 2049 368 2071 testam.
388 2046 412 2070 3.
432 2044 474 2070 28.
494 2042 550 2077 (Cf.
569 2053 593 2070 v.
612 2042 724 2076 Liberi.)

302 2100 429 2126 Liber.
449 2097 557 2132 (Libri.)
576 2098 607 2131 ξ.
621 2098 656 2124 l.
677 2099 796 2130 Codex,
812 2100 997 2133 Scriptura.
1016 2097 1036 2124 1.
1048 2099 1110 2132 Sy.

267 2141 395 2168 Libellus.
425 2142 481 2168 Gai.
501 2141 542 2167 ΙΙΙ.
562 2142 622 2167 220.
653 2140 683 2167 sr.
703 2143 726 2167 5.
754 2141 776 2174 §
796 2142 820 2167 9.
845 2141 877 2167 de
900 2142 977 2167 iniur.
1001 2143 1043 2168 47.
1069 2143 1109 2167 10.

268 2184 375 2216 Codex.
401 2184 540 2211 Volumen.
572 2183 644 2210 Paul.
663 2182 706 2209 III.
726 2185 750 2210 6.
769 2184 791 2217 ξ.
811 2185 853 2210 87.
873 2184 904 2210 l'r.
924 2186 965 2210 52.
984 2194 1024 2221 pr.
1044 2184 1065 2218 §.
1087 2185 1109 2210 l.

267 2226 301 2253 de
320 2226 395 2262 legat.
416 2226 458 2253 III.
478 2228 546 2260 (32.)
578 2226 695 2253 Tabulae
714 2226 843 2263 publicae.
863 2226 928 2253 Tah.
942 2226 1045 2253 Heracl.
1064 2226 1109 2253 lin.

268 2271 309 2296 75.
334 2279 374 2306 sq.
401 2280 450 2295 aer.
481 2270 561 2307 Neap.
587 2269 619 2296 cf.
645 2269 694 2296 Th.
714 2269 745 2296 C.
765 2269 834 2296 XIII.
860 2271 900 2296 10.
929 2280 950 2296 c.
970 2271 994 2296 8.
1018 2280 1058 2307 pr.
1078 2269 1110 2296 de

268 2323 350 2339 censu
369 2323 389 2338 s.
410 2311 494 2338 adscr.
532 2312 573 2339 III.
589 2314 655 2341 οη.
684 2312 713 2339 Si
733 2312 793 2339 libri
812 2312 890 2349 legati
910 2313 976 2345 siut,
1000 2322 1032 2339 an
1052 2322 1111 2339 con-

268 2357 400 2383 tineantur
419 2354 534 2381 nondum
554 2356 712 2393 perscripti?
736 2355 765 2382 l'r.
785 2357 827 2382 52.
852 2356 889 2390 ἐξ.
914 2357 937 2382 5.
957 2357 981 2382 7.
1005 2355 1022 2382 l.
1043 2356 1110 2388 (32.)

267 2398 444 2430 Bibliotheca,
463 2403 488 2424 et
508 2397 567 2424 libri
588 2400 631 2434 qui
646 2398 700 2425 illic
714 2404 794 2425 erant.
823 2398 961 2436 Apotheca
974 2398 1109 2425 librorum.

269 2442 299 2468 sr.
321 2444 360 2468 12.
381 2443 402 2475 ξ.
421 2443 463 2468 34.
484 2441 516 2467 (18
535 2441 610 2467 instr.
630 2440 678 2476 leg.
697 2443 739 2468 33.
760 2443 782 2468 7.
795 2458 827 2462 —
847 2442 878 2475 ξ.
893 2444 928 2469 2.
950 2443 1111 2469 Commen-

268 2486 361 2511 tarii.
399 2484 416 2510 I.
440 2486 502 2519 Sy.
522 2483 636 2519 Scripta.
656 2482 736 2510 Libri.
757 2484 786 2511 sr.
806 2487 830 2511 2.
851 2485 889 2518 ἐξ.
908 2486 948 2511 42.
968 2486 1009 2511 45.
1030 2484 1062 2511 de
1077 2484 1110 2511 O.

270 2527 287 2553 I.
313 2529 335 2554 l.
355 2530 379 2553 2.
417 2527 459 2553 Ill.
480 2528 546 2555 (711.
574 2525 648 2552 Libri
672 2527 833 2563 improbatae
856 2527 994 2559 lectionis,
1017 2528 1111 2563 magici

271 2570 346 2602 ἴοι-ἰν,
365 2570 407 2596 νι·1
427 2570 535 2596 similes.
557 2569 586 2595 sr.
606 2570 630 2595 4.
650 2569 671 2602 §u
693 2571 714 2595 1.
737 2570 813 2597 famil.
833 2571 925 2597 ercisc.
940 2572 979 2596 10.
993 2572 1017 2596 2.
1037 2569 1109 2596 Paul.

270 2611 302 2638 V.
321 2615 363 2639 21.
384 2613 405 2647 ξ.
420 2616 443 2639 4.
464 2613 495 2639 V.
509 2614 550 2639 23.
571 2613 592 2646 ξ.
615 2613 653 2638 18.
690 2611 724 2638 Et
743 2613 768 2637 in
788 2612 867 2639 edicti
886 2614 1110 2650 interpretatione,
1132 2623 1133 2646 ἦ

271 2659 297 2680 et
316 2656 340 2681 in
361 2656 402 2682 luis
421 2655 496 2682 libris
516 2665 583 2691 quos
597 2666 629 2681 ex
643 2656 694 2690 Qu.
708 2654 793 2681 Mucio
813 2655 929 2682 fecimus,
949 2656 1006 2682 Gai.
1020 2656 1038 2682 I.
1053 2658 1109 2682 188.
1132 2684 1133 2690 ¹

271 2697 365 2723 Exstat
383 2698 455 2724 illius
474 2698 550 2727 liber.
570 2699 614 2734 qui
633 2697 787 2724 inscribitur
805 2702 853 2724 etc.
874 2698 903 2724 sr.
917 2701 941 2724 2.
961 2699 999 2732 ἒξ.
1012 2699 1054 2725 36.
1067 2700 1109 2725 38.

271 2741 313 2766 44.
334 2740 364 2765 cl'.
384 2741 421 2774 ἐξ.
440 2744 464 2767 2.
486 2743 508 2767 7.
528 2740 561 2767 dv
581 2742 613 2767 l).
634 2740 652 2766 I.
673 2742 695 2767 1.
714 2742 738 2766 2.
760 2756 791 2759 —
811 2741 842 2773 ξ.
863 2741 899 2767 3.
921 2742 1026 2775 Capul
1045 2743 1110 2768 sin-

269 2785 381 2817 gutum
401 2786 713 2810 cominenlariorum.
745 2783 785 2809 llI.
800 2785 866 2811 (111.
886 2784 1004 2818 Quorum
1018 2794 1109 2810 omues

271 2825 331 2852 libri
351 2825 445 2861 digesti
466 2827 490 2851 in
510 2826 582 2853 CM.
602 2827 693 2853 libros,
724 2826 753 2853 l'r.
773 2829 797 2853 2.
818 2826 840 2860 ξ.
859 2828 900 2853 4-1.
921 2825 936 2852 1.
960 2827 980 2852 l.
999 2828 1023 2852 2,
1060 2826 1109 2853 Re-

1091 164 1169 195 LlB.

1155 245 1244 283 digere
1268 247 1295 273 in
1319 245 1403 273 libros
1423 246 1555 280 (XVIII.)
1580 247 1610 274 fr.
1629 249 1655 274 2.
1683 248 1705 282 §.
1726 250 1767 275 41.
1793 249 1828 276 ib.
1850 251 1872 276 l.
1891 252 1916 276 2.

1154 290 1260 327 periore
1278 288 1348 316 libro
1368 305 1401 309 ——
1420 291 1600 328 exposuimus.
1625 290 1668 318 Pr.
1688 291 1707 317 Ι.
1727 290 1760 318 (18
1779 291 1810 318 R.
1830 292 1864 319 D.
1883 295 1908 320 2.
1930 294 1951 320 l.

1189 333 1318 360 Liber.
1338 331 1467 366 (Adiect.)
1487 334 1519 368 §0
1531 336 1565 360 1.
1587 335 1655 361 Xon
1672 336 1881 368 prohibitae,
1904 346 1924 362 ιτ.
1946 338 2003 362 im—

1154 378 1298 411 peditus,
1318 385 1340 402 v.
1361 382 1521 403 arctatus.
1558 376 1577 403 I.
1598 378 1660 411 Sy.
1681 376 1742 403 Non
1762 377 1907 414 prohiberi,
1926 377 2004 405 Libe-

1155 429 1211 445 rum
1231 428 1304 450 esse,
1328 418 1476 445 Arbitrium
1499 419 1611 446 liberum
1636 420 1725 446 datum
1748 420 1840 446 videri.
1870 420 1899 447 Ir.
1919 422 1943 448 4.
1963 431 2002 458 pr.

1154 461 1184 488 l'r.
1204 463 1228 488 5.
1248 472 1288 499 pr.
1308 462 1328 495 §.
1351 463 1373 488 1.
1394 461 1427 488 de
1444 461 1477 488 R.
1491 461 1525 489 D.
1539 464 1562 488 1.
1582 464 1605 489 8.
1625 462 1657 489 fr.
1671 464 1694 490 6.
1715 464 1738 489 si
1758 473 1802 500 qu.
1823 467 1901 490 cautt.
1920 466 1945 490 2.
1962 465 2003 490 11.

1155 504 1184 531 sr.
1205 506 1228 531 8.
1249 505 1270 538 §.
1284 506 1309 531 3.
1330 504 1362 531 de
1381 505 1436 532 reb.
1457 510 1525 532 auct.
1544 505 1597 532 iud.
1612 508 1654 532 42.
1674 508 1697 532 5.
1736 506 1848 533 Maxime
1868 516 2003 539 concessa,

1154 546 1250 573 Libera
1270 546 1498 580 (administratio.)
1519 547 1549 575 fr.
1568 550 1610 576 28.
1631 550 1653 583 §.
1672 551 1696 576 2.
1717 549 1750 576 de
1768 554 1837 587 pact.
1857 551 1881 575 2.
1903 551 1943 576 14.
1972 549 2003 576 11.

1155 591 1223 624 Op.
1243 588 1316 616 Nihil
1336 591 1404 617 inter
1423 600 1453 617 se
1472 592 1587 628 capiunt.
1605 609 1636 613 -
1655 591 1750 619 Libera
1771 593 1840 619 iuter
1859 601 1905 618 eos
1925 596 2004 619 testa-

1154 633 1235 659 menti
1255 632 1334 660 sactio
1355 638 1404 659 cst.
1428 632 1490 670 le.
1510 633 1582 660 XVI.
1605 636 1627 662 l.
1646 645 1686 672 sq.
1724 635 1766 662 III.
1787 636 1854 663 Gn·
1880 634 1920 661 Ne
1939 634 2005 671 quid

1154 677 1177 702 ei
1197 676 1337 703 obiiciatur
1355 676 1388 703 ad
1407 678 1547 713 gratiorem
1575 683 1747 715 prospectum
1772 683 1798 705 et
1822 677 1942 704 liberum.
1973 677 2003 704 fr.

1156 721 1195 746 15.
1215 718 1248 745 de
1268 719 1295 746 S.
1315 719 1343 746 P.
1364 719 1396 746 V.
1416 722 1440 746 8.
1460 722 1485 746 2.
1523 719 1594 747 Haec
1617 730 1661 747 res
1685 721 1767 748 libera
1792 725 1818 747 et
1842 720 1928 747 soluta
1955 725 2004 753 est,

1154 767 1181 788 et
1199 767 1273 788 extra
1292 764 1478 789 necessitatem
1498 763 1690 790 iurisdictionis
1714 764 1810 801 posita.
1835 763 1867 790 fr.
1886 765 1911 790 3.
1936 764 1958 798 §.
1980 765 2003 790 1.

1154 805 1186 831 dc
1210 815 1262 832 rec.
1288 815 1331 842 qu.
1356 805 1410 832 arb.
1435 807 1458 832 4.
1478 807 1503 832 8.
1546 805 1722 833 Contineatur
1749 811 1839 843 aperta
1867 811 1893 833 et
1921 806 2005 833 libera

1153 848 1287 882 (custodia
1307 848 1435 882 militari.)
1455 848 1551 876 T11.C.
1565 849 1611 876 XI.
1627 851 1649 876 7.
1670 859 1692 875 c.
1706 850 1730 875 3.
1751 849 1784 875 (18
1804 850 1933 876 exactiori.
1961 849 2004 876 Li-

1154 891 1245 918 berum
1265 897 1438 918 commeatum
1457 893 1606 929 impetrare.
1634 891 1730 918 Libera
1750 891 1880 928 legatione
1900 892 2004 919 abesse.

1154 934 1184 961 fr.
1204 936 1246 960 22.
1267 935 1288 968 §.
1308 936 1332 961 6.
1352 934 1385 961 ad
1403 936 1499 961 munic.
1519 937 1561 961 50.
1582 937 1605 962 l.
1625 935 1656 962 fr.
1672 937 1712 961 14.
1734 934 1766 961 de
1785 934 1908 971 legation.
1923 937 1964 962 50.
1980 937 2003 962 7.

1153 977 1278 1004 Liberam
1300 977 1439 1009 bonorum,
1459 988 1483 1004 v.
1503 988 1591 1004 rerum
1610 987 1730 1009 suarum,
1749 977 2004 1005 administrationem

1155 1021 1292 1057 consequi.
1317 1020 1348 1047 fr.
1370 1022 1410 1047 ll.
1435 1020 1467 1047 de
1490 1020 1566 1048 liber.
1586 1026 1612 1047 et
1631 1020 1720 1058 postb.
1739 1022 1783 1047 28.
1802 1023 1826 1047 2.
1853 1021 1884 1048 fr.
1903 1023 1927 1047 2.
1948 1021 1971 1047 si
1990 1031 2004 1047 a

1154 1074 1208 1101 par.
1230 1073 1273 1100 qu.
1293 1073 1359 1090 man.
1373 1065 1416 1090 37.
1432 1065 1472 1090 12.
1508 1063 1632 1091 Liberam
1651 1063 1944 1090 testamentifaetionem
1958 1064 2005 1090 im—

1153 1112 1265 1144 petrare.
1293 1106 1323 1133 l'r.
1343 1108 1365 1132 1.
1385 1116 1425 1143 pr.
1450 1105 1484 1132 (18
1506 1106 1582 1133 milit.
1607 1111 1710 1133 testam.
1729 1108 1771 1133 29.
1793 1108 1816 1133 1.
1840 1106 1872 1133 l'r.
1891 1108 1916 1133 3.
1936 1107 1958 1141 ξ.
1978 1108 2003 1133 2.

1154 1149 1185 1176 fr.
1205 1151 1247 1176 47.
1277 1150 1299 1183 ξ.
1318 1151 1344 1175 2.
1373 1148 1406 1175 (18
1430 1148 1492 1175 bon.
1517 1148 1603 1176 libert.
1626 1150 1668 1176 38.
1692 1151 1717 1175 2.
1758 1148 1852 1176 Potest
1872 1166 1902 1171 -
1926 1149 2004 1176 heres

1154 1192 1227 1224 fieri,
1252 1193 1329 1229 eique
1352 1191 1465 1218 liberum
1486 1197 1539 1224 est,
1564 1201 1723 1228 quocunque
1742 1196 1862 1229 tempore
1880 1192 2005 1224 voluerit,

1155 1235 1227 1262 adire
1246 1234 1426 1262 hereditatem.
1449 1234 1506 1262 Gai.
1527 1234 1558 1261 II.
1579 1236 1637 1261 167.
1657 1234 1688 1261 cs.
1710 1236 1767 1262 176.
1785 1237 1846 1261 250.
1884 1234 2006 1262 Cuilibet

1154 1278 1267 1305 liberum
1287 1283 1327 1304 est
1347 1283 1396 1305 etc.
1416 1278 1446 1305 fr.
1466 1280 1490 1304 5.
1510 1288 1550 1315 pr.
1570 1277 1592 1311 ξ.
1614 1279 1636 1304 l.
1657 1277 1690 1304 de
1703 1277 1735 1304 R.
1748 1278 1782 1305 D.
1799 1280 1820 1305 l.
1833 1279 1858 1305 8.
1871 1294 1902 1298 -
1923 1278 1954 1312 §.
1967 1279 2003 1305 9.

1156 1323 1224 1349 Nou
1256 1323 1412 1348 obnoxius
1447 1322 1609 1352 (alterius
1641 1322 1814 1351 arbitrio.)
1854 1323 2003 1348 Solutus.

1156 1366 1320 1392 Immonis.
1357 1363 1376 1391 1.
1397 1365 1459 1399 Sy.
1488 1363 1622 1395 Liberari,
1641 1362 1722 1390 Liber
1741 1373 1801 1390 esse
1820 1363 1851 1397 (a
1870 1368 1959 1401 patre,
1978 1373 2003 1390 v.

1154 1407 1256 1440 tutela.)
1278 1407 1339 1444 le.
1353 1407 1387 1434 X.
1407 1409 1430 1434 l.
1449 1406 1495 1434 XI.
1515 1408 1558 1433 28.
1579 1406 1636 1433 Gai.
1655 1405 1674 1432 1.
1691 1407 1747 1433 145.
1767 1405 1797 1432 Π.
1818 1408 1876 1432 112.
1912 1406 2004 1433 Liber-

1153 1456 1234 1477 tatem
1253 1451 1380 1488 accipere,
1401 1460 1422 1477 S.
1443 1450 1580 1486 consequi.
1599 1448 1681 1476 Liber
1699 1449 1765 1476 fieri.
1789 1448 1846 1476 Gai.
1866 1448 1885 1476 I.
1904 1451 1946 1476 22.
1960 1450 2002 1476 43.

1154 1504 1213 1530 sqq.
1233 1493 1276 1520 III.
1296 1495 1338 1520 56.
1358 1493 1420 1530 ΠΡ.
1439 1493 1458 1520 l.
1479 1495 1520 1519 10.
1538 1494 1581 1519 24.
1601 1492 1632 1519 fr.
1652 1494 1693 1518 10.
1712 1502 1752 1529 pr.
1777 1492 1800 1526 ᾗ.
1821 1494 1843 1518 l.
1864 1491 1897 1519 de
1916 1493 1942 1519 in
1961 1493 2004 1519 ius

1153 1547 1212 1563 voc.
1231 1539 1256 1562 2.
1275 1538 1300 1563 4.
1337 1536 1444 1563 Nullius
1468 1535 1577 1562 alterius
1596 1536 1723 1572 potestati
1747 1534 1898 1567 subiectus,
1922 1535 2004 1562 Liber

1154 1579 1316 1617 (popquS.)
1344 1579 1375 1606 fr.
1396 1581 1419 1607 7.
1448 1579 1470 1613 ξ.
1492 1581 1515 1605 1.
1540 1578 1573 1605 de
1597 1579 1693 1615 captiv.
1717 1579 1759 1604 49.
1784 1580 1824 1605 15.
1860 1577 2003 1605 Liberatus

1155 1623 1344 1657 (fideiussor.)
1365 1622 1395 1649 sr.
1415 1623 1457 1648 84.
1477 1621 1510 1648 de
1529 1620 1609 1648 solut.
1630 1622 1671 1648 46.
1691 1622 1716 1647 3.
1752 1620 1782 1647 11.
1804 1622 1872 1655 ΟΡ.
1893 1620 2003 1653 Servus,

1155 1676 1175 1692 s.
1196 1666 1363 1703 Mancipium.
1385 1682 1415 1686 -
1435 1664 1517 1691 Liber
1537 1664 1651 1697 (homo.)
1676 1664 1706 1690 fr.
1726 1664 1751 1690 9.
1771 1662 1803 1689 de
1822 1663 1914 1690 iurisd.
1933 1665 1958 1690 2.
1979 1665 2002 1690 1.

1155 1709 1184 1736 fr.
1204 1710 1228 1735 4.
1248 1709 1270 1743 ξ.
1290 1711 1315 1735 2.
1335 1708 1368 1735 (18
1387 1707 1412 1735 1ι.
1433 1718 1475 1744 qu.
1496 1712 1550 1733 not.
1570 1706 1658 1733 iufam.
1677 1708 1702 1733 3.
1720 1709 1745 1733 2.
1765 1705 1822 1733 Gai.
1842 1706 1861 1733 I.
1881 1707 1923 1733 84.
1943 1716 2003 1743 sqq.

1154 1752 1185 1778 11.
1201 1754 1259 1778 185.
1278 1751 1322 1778 111.
1338 1753 1395 1778 189.
1433 1751 1596 1782 Obnoxium,
1610 1764 1644 1769 —
1657 1749 1783 1777 Liberum
1800 1750 1932 1787 (corpus.)
1952 1749 2003 1776 Th.

1156 1795 1186 1821 C.
1206 1794 1277 1821 XIV.
1296 1796 1339 1820 25.
1364 1804 1386 1820 c.
1406 1795 1429 1820 1.
1448 1793 1482 1820 de
1500 1793 1576 1820 frum.
1604 1792 1728 1829 Carthag.
1748 1791 1855 1829 Pignori
1879 1792 2002 1829 obligata,

1155 1854 1188 1858 —
1207 1837 1285 1864 Nexu
1303 1838 1422 1874 pignoris
1446 1836 1528 1863 libera
1549 1837 1625 1870 (res.)
1652 1836 1682 1862 l'r.
1702 1837 1744 1862 31.
1769 1835 1799 1862 sr.
1819 1837 1861 1862 33.
1885 1834 1945 1862 fam.
1965 1845 2003 1862 er-

1155 1882 1217 1908 cisc.
1235 1883 1273 1907 10.
1287 1882 1312 1906 2.
1333 1890 1354 1907 c.
1364 1882 1406 1907 33.
1427 1879 1459 1906 de
1479 1884 1604 1906 trausact.
1617 1881 1641 1905 2.
1662 1880 1687 1905 4.
1714 1878 1877 1905 Sei-vitutem
1897 1877 2002 1910 debere,

1155 1924 1270 1955 Sei-vire,
1284 1922 1420 1955 Serviens,
1439 1933 1459 1949 s.
1474 1922 1586 1949 Servum
1605 1922 1702 1955 (esse,)
1720 1936 1751 1940 --
1771 1920 1897 1947 Liberum
1916 1922 2002 1958 (prae-

1155 1967 1252 2000 dium.)
1281 1965 1311 1993 fr.
1339 1967 1360 1993 1.
1385 1976 1425 2003 pr.
1454 1965 1487 1992 de
1514 1966 1542 1992 S.
1568 1965 1596 1992 P.
1617 1964 1648 1992 V.
1673 1968 1697 1991 8.
1717 1966 1742 1991 2.
1770 1964 1802 1990 fr.
1822 1965 1845 1990 6.
1865 1973 1904 2000 pr.
1933 1964 1955 1997 §.
1975 1964 2000 1990 3.

1155 2020 1247 2037 comm.
1267 2009 1356 2046 praed.
1376 2011 1401 2036 8.
1420 2011 1444 2035 4.
1465 2009 1496 2035 l'r.
1516 2010 1540 2035 8.
1560 2018 1599 2046 pr.
1624 2008 1646 2042 ς.
1668 2010 1690 2034 1.
1711 2007 1743 2034 (18
1762 2007 1794 2034 A.
1812 2006 1843 2032 E.
1864 2005 1894 2032 V.
1916 2007 1957 2033 19.
1977 2008 2001 2033 1.

1154 2053 1197 2079 111.
1218 2054 1284 2080 Gn.
1304 2052 1326 2078 Ii
1345 2061 1445 2084 omnes,
1464 2053 1619 2089 posterique
1638 2060 1738 2081 eorum,
1757 2065 1789 2069 -—
1808 2048 1894 2080 liberi,
1914 2049 2000 2082 amici,

1155 2096 1274 2132 sociique
1292 2094 1385 2132 populi
1404 2094 1436 2121 R.
1456 2099 1543 2126 sunto,
1562 2095 1634 2130 iique
1653 2093 1756 2129 legibus
1775 2092 1831 2118 suis
1852 2092 1886 2117 ita
1906 2096 2000 2118 utuuto

1156 2144 1205 2166 etc.
1243 2138 1357 2165 Plebisc.
1377 2137 1410 2164 de
1423 2136 1607 2164 Tbermensib.
1627 2135 1646 2162 Ι.
1665 2136 1690 2162 8.
1710 2145 1769 2171 sqq.
1807 2133 1955 2166 foederati,
1975 2139 2002 2162 et

1155 2182 1240 2208 liberi.
1277 2180 1367 2207 Liberi
1386 2179 1487 2217 populi,
1507 2189 1642 2216 regesque.
1667 2178 1698 2204 sr.
1718 2179 1741 2204 7.
1762 2187 1801 2214 pr.
1821 2177 1843 2211 ξ.
1866 2179 1887 2203 1.
1907 2177 1938 2204 fr.
1959 2179 1999 2205 19.

1155 2235 1194 2263 pr.
1219 2224 1252 2251 de
1275 2224 1369 2260 captiv.
1395 2224 1437 2249 49.
1459 2224 1498 2249 15.
1536 2223 1590 2258 Qui
1615 2221 1696 2252 liber,
1720 2221 1929 2257 peregrinusque
1951 2225 2000 2247 est.

1156 2269 1212 2295 Gai.
1237 2267 1256 2294 Ι.
1275 2269 1317 2293 25.
1354 2265 1444 2292 Liberi
1468 2265 1601 2297 homiues,
1629 2272 1697 2300 quos
1722 2273 1807 2299 neque
1831 2263 1883 2289 iuri
1907 2267 2000 2290 nostro

1155 2311 1291 2338 subiectos
1310 2309 1445 2341 babemus,
1465 2318 1550 2344 neque
1569 2307 1593 2333 b.
1614 2306 1630 2333 Γ.
1650 2305 1827 2343 possidemus.
1850 2305 1887 2332 Ib.
1906 2305 1937 2332 II.
1957 2307 1999 2333 95.

1156 2354 1187 2381 cl'.
1201 2355 1242 2380 86.
1257 2355 1298 2380 90.
1319 2352 1434 2379 111.164.
1472 2350 1577 2386 Corpus
1597 2349 1718 2381 liberum,
1738 2359 1759 2375 s.
1773 2348 1863 2376 Liberi
1883 2348 1998 2376 hominis

1155 2406 1261 2434 corpus.
1286 2395 1315 2423 fr.
1335 2397 1360 2421 3.
1380 2395 1402 2421 si
1422 2393 1549 2430 quadi-up.
1569 2394 1593 2418 9.
1616 2394 1636 2418 l.
1661 2392 1691 2419 l'r.
1713 2394 1735 2418 7.
1759 2391 1792 2418 (18
1811 2391 1836 2418 li.
1856 2401 1898 2428 qu.
1919 2390 1998 2419 effud.

1155 2442 1178 2467 9.
1197 2442 1222 2466 3.
1261 2438 1349 2476 Caput
1369 2437 1488 2464 liberum.
1516 2435 1577 2472 le.
1603 2435 1647 2461 XI.
1667 2437 1690 2461 5.
1717 2434 1748 2461 l'r.
1771 2436 1792 2461 1.
1812 2444 1851 2471 pr.
1872 2433 1905 2460 (18
1924 2434 1997 2461 tutel.

1153 2485 1195 2509 26.
1216 2484 1239 2509 1.
1276 2481 1378 2508 Servus
1398 2483 1554 2506 testamento
1578 2477 1646 2504 liber
1665 2487 1724 2504 esse
1747 2478 1849 2508 iussus,
1874 2482 1900 2504 et
1919 2476 1996 2504 lieres

1155 2527 1301 2553 institutus.
1320 2523 1376 2550 Gai.
1396 2522 1415 2548 I.
1432 2524 1474 2548 21.
1495 2521 1525 2548 II.
1543 2523 1603 2547 267.
1616 2522 1676 2547 276.
1696 2519 1757 2557 le.
1776 2519 1794 2546 1.
1816 2521 1856 2546 14.
1893 2519 1944 2547 Per
1960 2519 1996 2546 18-

1154 2579 1212 2605 gem
1231 2568 1329 2595 Iuniam
1348 2564 1424 2591 liberi
1444 2564 1504 2591 sacti
1524 2569 1595 2595 sunt,
1615 2564 1716 2590 etiamsi
1736 2572 1789 2589 nou
1803 2564 1874 2589 cives
1888 2562 1919 2589 li..
1938 2561 1994 2589 Gai.

1155 2612 1198 2638 III.
1217 2614 1259 2638 56.
1295 2609 1370 2636 Illum
1390 2613 1416 2634 et
1435 2607 1508 2634 illum
1528 2607 1627 2634 liberos
1646 2616 1706 2633 csse
1724 2605 1794 2637 volo,
1815 2615 1914 2642 eosque
1931 2604 1995 2631 filiis

1155 2655 1220 2681 meis
1240 2657 1340 2680 tutores
1360 2651 1401 2677 do.
1422 2650 1493 2677 Paul.
1514 2650 1557 2677 lV.
1579 2651 1618 2676 13.
1638 2650 1659 2683 ξ.
1679 2651 1703 2675 3.
1723 2648 1767 2675 IV.
1788 2650 1828 2675 14.
1848 2649 1870 2682 ς’.
1891 2649 1913 2674 1.
1932 2646 1993 2684 ΠΡ.

1155 2697 1185 2723 ΙΙ.
1201 2699 1224 2723 7.
1256 2696 1286 2721 Si
1305 2694 1372 2721 liber
1391 2705 1403 2721 a
1423 2693 1569 2720 rationibus
1589 2692 1667 2720 suerit
1686 2693 1831 2725 (iuventus,
1849 2700 1884 2717 sc.
1899 2690 1993 2723 actor.)

1155 2737 1294 2766 T11.C.11.
1314 2740 1356 2764 32.
1375 2748 1396 2764 c.
1419 2739 1441 2764 l.
1461 2736 1494 2763 de
1512 2735 1598 2773 pecul.
1634 2735 1677 2762 Ab
1697 2734 1819 2761 omnibus
1837 2733 1931 2760 muniis
1951 2732 1994 2758 ab·

1954 249 2004 277 Su-

1131 2795 1133 2801 s
1154 2782 1248 2813 soluti,
1268 2780 1344 2807 liberi
1364 2785 1441 2817 atque
1460 2780 1554 2806 securi.
1585 2778 1622 2805 lb.
1642 2777 1710 2805 XIII.
1730 2780 1754 2805 3.
1774 2787 1795 2804 c.
1816 2777 1855 2802 15.
1875 2774 1906 2802 cf.
1927 2785 1948 2801 c.
1967 2777 1992 2801 2.

1154 2825 1186 2852 (18
1205 2823 1297 2851 medic.
1318 2828 1343 2849 et
1366 2822 1433 2861 prof.
1471 2822 1595 2849 Liberum
1619 2821 1651 2848 ab
1674 2821 1744 2848 omni
1767 2819 1894 2846 servitute
1918 2828 1990 2855 prae-
