2197 3121
931 155 1023 187 DEN
1047 174 1090 179 ——-
1113 157 1208 188 DEP.

204 246 233 268 ut
250 241 430 267 testimonium
449 240 525 267 dicat.
551 239 581 266 fr.
600 240 624 266 4.
644 238 675 266 fr.
698 239 738 265 19.
757 239 779 272 3.
801 240 823 265 l.
844 237 876 265 dc
895 238 984 264 testib.
1004 240 1047 265 22.

203 286 227 311 5.
266 284 295 310 Si
315 285 374 320 quis
394 284 427 310 ob
448 281 671 313 denunciandum,
696 281 739 308 vel
759 292 811 307 non
831 280 1047 311 denunciandum,

204 326 428 354 remittendmnve
447 326 625 352 testimonium
645 326 781 362 pecuniam
806 326 944 361 acceperit.
976 323 1046 350 Coll.

203 368 256 395 LL.
278 368 310 395 M.
337 368 404 395 VIII.
430 371 452 395 7.
480 369 511 394 fr.
532 370 555 394 6.
583 378 621 404 pr.
649 367 681 394 ‹le
704 367 733 394 L.
759 367 806 394 Iul.
831 372 913 404 repet.
938 368 979 393 48.
1006 368 1046 392 ll.

203 412 371 438 Denunciare
391 413 413 438 ei
433 411 586 438 solemniter
609 415 711 447 potest,
739 415 764 437 et
788 410 942 437 distrahere.
973 408 1046 435 Paul.

203 454 235 481 11.
250 456 290 481 13.
310 455 331 489 3.
349 457 372 481 5.
392 454 424 481 Il.
438 457 461 480 5.
477 454 498 487 3.
514 456 535 480 l.
573 453 666 489 Eique,
686 453 935 490 procuratoribusve
949 462 1046 483 eorum,

204 498 311 524 domum
331 498 510 524 denuncietur.
540 495 604 522 Tab.
626 496 727 522 Hei-acl.
748 495 792 522 lin.
812 498 854 521 35.
874 505 914 532 sq.
936 505 987 521 aer.
1001 495 1045 520 Br.

204 540 236 567 fr.
257 543 279 567 l.
299 541 336 574 33.
358 543 380 566 1.
400 550 458 576 sqq.
479 539 512 565 de
531 550 586 575 agn.
607 550 631 565 v.
652 539 684 565 al.
704 541 745 565 25.
764 540 788 565 3.
814 538 845 565 fr.
866 540 889 564 4.
910 539 947 572 33.
967 539 990 564 5.
1005 547 1045 574 sq.

204 583 237 610 de
256 583 340 609 damu.
361 582 406 609 inf.
425 584 467 608 39.
487 584 511 608 2.
550 582 630 617 Quod
650 592 682 608 ne
706 582 763 612 fiat,
788 581 838 608 hoc
862 581 949 607 edicto
968 580 1047 607 Aedi-

204 626 244 652 les
265 626 431 652 denunciant.
460 625 546 651 13:37.
567 624 599 651 de
613 625 678 651 Avd.
699 624 774 650 edict.
794 626 836 651 21.
858 626 880 650 l.
917 623 1045 660 Ampliss.

204 669 280 695 Ordo
304 668 452 706 prohibuit,
477 667 632 693 denunciata
657 677 741 704 poena
766 672 814 693 etc.
848 666 890 693 Fr.
918 667 949 693 de
973 666 991 693 I.
1017 666 1045 692 F.

203 712 226 746 3.
246 714 270 738 9.
302 727 334 731 —-
362 712 393 744 §-
417 712 452 736 2.
484 712 639 746 Dese-rte,
663 711 757 736 Reum
777 711 902 745 facere.
940 709 958 736 I.
984 711 1046 744 Sy.

203 753 342 780 Postulare
362 752 518 786 (adulterii.)
543 753 574 779 fr.
593 754 634 779 39,
654 753 676 786 3.
696 753 720 777 6.
741 751 772 778 cf.
793 751 823 778 l'r.
845 753 884 778 17.
905 763 943 789 pr.
964 752 997 778 ad
1016 752 1045 778 L.

203 796 252 823 lul.
272 796 305 823 de
324 795 404 822 adult.
425 797 466 822 48,
487 798 510 821 5.
546 795 590 821 ΙΙΙ.
612 796 677 822 Gn.
703 794 731 820 Si
752 804 803 820 non
825 795 929 831 quidem
949 795 1047 821 denun—

205 840 298 871 ciavit,
318 849 409 865 verum
428 838 535 864 libellos
561 838 739 864 accusatorios
760 837 840 864 dedit.
865 837 895 864 fr.
917 839 956 864 17.
980 839 1002 872 3.
1024 840 1046 864 l.

203 882 238 908 ib.
264 884 305 908 45.
325 884 348 908 5.
392 881 443 907 Cui
469 891 607 917 numquam
633 880 714 906 ullum
740 881 837 907 crimen
862 880 1047 907 denunciatum

203 929 282 951 esset.
316 935 337 951 c.
357 925 382 950 6.
403 923 434 950 de
454 928 565 950 accusat.
585 925 608 950 9.
628 925 653 949 2.

237 967 505 994 herrant-iatin-
548 966 578 998 §-
609 967 643 992 1.
676 967 931 1000 Inter-pellatia,
960 969 1046 994 Nun-

362 1009 380 1035 I.
406 1010 466 1043 Sy.
501 1009 665 1040 Detestatio.
692 1009 868 1035 Denunciatio
898 1010 964 1036 facta
989 1020 1047 1036 cnm

204 1053 353 1078 testatione.
383 1051 413 1078 [ι’.
434 1054 475 1078 40.
497 1062 536 1089 pr.
566 1051 596 1078 fr.
616 1054 676 1077 238.
701 1052 722 1085 3.
745 1054 767 1078 l.
793 1052 825 1078 de
845 1052 876 1078 V.
897 1052 924 1079 S.
944 1055 985 1079 50.
1006 1055 1046 1079 16,

203 1094 343 1122 Nunciatio
364 1095 465 1131 (operis
486 1095 569 1127 novi.)
595 1094 663 1120 1125.
683 1095 781 1128 3310.
802 1096 842 1121 19.
864 1095 896 1121 de
916 1096 948 1121 O.
968 1094 1000 1121 N.
1015 1095 1046 1121 N.

202 1140 245 1165 39.
266 1140 289 1164 1.
318 1147 339 1163 c.
361 1140 382 1164 1.
408 1136 465 1163 eod.
486 1140 509 1162 s.
532 1139 571 1163 11.
614 1137 656 1163 ΙΙΙ.
677 1139 741 1165 Cn.
772 1137 801 1164 Si
821 1143 911 1164 eontra
930 1139 1048 1164 testatio-

202 1191 262 1207 nem
281 1180 564 1216 denunciationemque
583 1179 682 1206 fecerit.
711 1179 741 1206 fr.
764 1182 785 1207 l.
806 1181 827 1214 3.
849 1183 871 1207 7.
893 1181 944 1216 Qu.
964 1182 990 1207 vi
1004 1186 1048 1207 aut

203 1223 235 1250 cl.
255 1225 296 1249 43.
315 1224 357 1249 24.
395 1222 485 1249 Trinis
505 1222 610 1251 litteris.
630 1223 673 1249 vel
693 1222 795 1253 edictis,
815 1239 847 1242 -—
867 1228 910 1249 aut
924 1225 991 1250 trina
1005 1224 1048 1250 de-

202 1267 370 1293 nunciatione
390 1270 545 1292 conventus.
574 1265 646 1292 Paul.
663 1265 693 1292 V.
713 1269 736 1292 5.
758 1266 788 1292 A.
808 1267 830 1300 3
845 1267 868 1292 7.
906 1266 984 1293 Nulla
997 1267 1047 1293 hoc

202 1314 321 1346 tempore
341 1319 371 1335 eo
392 1310 497 1335 nomine
516 1308 798 1342 (sc.·condictionis,)
821 1308 988 1336 denunciatio
1008 1310 1046 1336 fit.

203 1352 260 1379 Gai.
281 1351 325 1378 IV.
347 1354 386 1378 ls.
424 1352 544 1378 Denunc.
564 1362 613 1389 pro
634 1353 763 1378 evictione
776 1353 941 1389 interposita.
960 1352 990 1379 l'r.
1005 1354 1045 1379 63.

202 1405 242 1432 pr.
262 1394 294 1421 de
314 1395 390 1421 evict.
409 1396 451 1420 21.
471 1397 495 1421 2.
537 1393 680 1427 Venditor,
707 1394 954 1422 denunciationihus
979 1401 1047 1422 tuto-

202 1438 276 1465 ribus
296 1448 375 1475 saepe
400 1437 481 1469 datis,
506 1442 569 1474 post
593 1448 687 1464 annum
713 1438 821 1464 eandem
846 1440 1046 1476 possessionem

203 1497 236 1500 —
255 1481 419 1507 vendiderat.
449 1481 535 1506 11:35.
554 1490 594 1517 pr.
614 1480 646 1507 de
665 1481 757 1507 minor.
776 1483 800 1507 4.
814 1483 837 1507 4.
876 1481 968 1508 Potest
987 1492 1047 1508 con-

203 1524 298 1550 sistere
318 1534 376 1550 cum
396 1523 502 1550 domino
523 1533 586 1555 suo,
615 1539 647 1543 ——
674 1523 723 1549 sub
749 1534 777 1549 ea
803 1529 888 1550 tamen
908 1524 1047 1551 denuncia-

203 1567 287 1598 tione,
308 1571 336 1592 ut
355 1571 404 1592 etc.
432 1566 463 1592 l'r.
483 1569 506 1592 5.
526 1576 565 1603 pr.
592 1566 625 1592 de
644 1576 755 1592 manum.
775 1568 817 1593 40.
838 1568 860 1593 l.
897 1567 968 1604 Lege
987 1578 1047 1594 ven-

203 1608 311 1635 ditionis
331 1614 468 1646 exportata
487 1610 629 1646 mancipia,
653 1608 702 1635 sub
729 1608 931 1637 denunciatione
955 1621 1046 1637 manus

204 1651 367 1678 iniiciendae.
393 1662 414 1678 c.
429 1654 451 1678 1.
471 1653 494 1678 si
513 1661 581 1678 serv.
597 1657 698 1688 export.
719 1653 742 1678 4.
757 1654 798 1679 55.
835 1653 1047 1680 Denunciatione

205 1699 374 1727 conventam,
393 1694 514 1721 ancillam
534 1695 599 1721 lieri.
630 1694 703 1721 Paul.
722 1694 753 1721 II.
772 1697 813 1722 21.
833 1696 866 1723 A.
886 1696 923 1730 33.
945 1698 985 1723 13.
1005 1707 1045 1733 sq.

206 1739 246 1763 17.
267 1753 300 1756 —
319 1738 349 1771 §.
370 1739 405 1764 2.
436 1738 587 1769 Delatio,
607 1740 807 1765 Postulatio.
844 1738 863 1765 I.
884 1741 946 1774 Sy.
975 1739 1046 1766 Nun-

206 1780 283 1806 ciatio
302 1781 466 1813 (vacantium
486 1780 640 1813 bonorum.)
673 1780 703 1806 l'r.
724 1783 764 1807 10.
785 1791 824 1818 pr.
848 1781 870 1815 3.
892 1783 914 1807 l.
941 1781 973 1807 de
993 1782 1044 1808 div.

205 1828 284 1859 temp.
304 1832 417 1859 praescr.
437 1824 478 1848 44.
498 1824 522 1848 3.
560 1822 718 1849 Conventio.
748 1823 789 1850 Cl'.
810 1824 834 1850 h.
854 1835 878 1850 v.
898 1825 919 1858 3.
939 1827 963 1850 3.
1002 1824 1044 1850 111.

205 1867 271 1893 (ῙΙι.
304 1866 332 1891 Si
352 1866 524 1891 comminatus
544 1869 643 1891 tantuin
669 1868 862 1893 accusationem
886 1866 978 1899 suerit,
1003 1867 1045 1893 vel

205 1918 290 1944 usque
310 1908 341 1933 ad
361 1908 602 1938 denunciationem.
627 1908 669 1934 vel
688 1908 772 1934 libelli
791 1909 921 1935 dationem
941 1920 1046 1946 proces-

775 1951 881 1983 Mulier,
902 1962 967 1988 qnae
986 1953 1045 1979 falsi
1061 1973 1064 1976 Α

205 1995 303 2020 crimen
323 1994 431 2019 iniuriae
451 1994 573 2030 propriae
592 1998 654 2030 post
673 1995 855 2031 interpositam
869 1995 1046 2022 denunciatio-

205 2046 264 2062 nem
283 2036 415 2062 desistens
441 2037 538 2062 omisit.
568 2036 598 2062 fr.
619 2038 642 2062 4.
663 2047 701 2073 pr.
729 2037 761 2063 ad
780 2038 807 2064 S.
828 2037 858 2064 C.
880 2038 982 2075 Turpil.
1003 2040 1044 2065 48.

206 2080 246 2106 16.
276 2080 307 2106 cf.
326 2080 357 2106 l'r.
376 2082 400 2105 2.
420 2089 459 2116 pr.
479 2078 511 2104 ad
529 2078 560 2105 L.
579 2079 626 2105 lul.
646 2079 678 2105 de
698 2079 778 2106 adult.
797 2082 838 2106 45.
859 2083 882 2107 5.
903 2097 935 2100 —
955 2082 986 2115 §-
1007 2083 1044 2108 3.

207 2124 350 2155 Relatio,
380 2123 560 2157 Pro-fessio.
604 2121 646 2148 111.
671 2124 736 2150 Gn.
765 2123 940 2150 Denunciatio
967 2129 1045 2160 atque

208 2165 402 2202 interpretatio,
428 2174 494 2200 quae
518 2164 550 2190 de
573 2169 644 2191 tactu
668 2166 852 2202 amphitheatri
877 2168 975 2204 scripta
996 2172 1044 2194 est.

208 2205 258 2232 Th.
277 2207 307 2233 C.
325 2207 396 2234 XVI.
418 2209 457 2233 lo.
478 2218 499 2233 c.
520 2209 542 2233 1.
563 2208 584 2241 3.
606 2210 628 2234 l.
649 2208 681 2234 de
699 2219 789 2245 pagan.
810 2209 894 2236 sacrif.

243 2250 514 2277 Renunciatum
552 2252 744 2278 Nuuciator.
780 2252 823 2278 III.
844 2254 909 2280 011.
936 2253 989 2279 Det
1007 2255 1045 2285 'ul-

209 2292 360 2328 quisitoreS,
378 2295 476 2329 aperiat
495 2294 587 2325 sorum.
607 2293 707 2320 indices
722 2294 975 2332 denunciatoresque
988 2298 1045 2323 sine

210 2334 307 2360 invidia
327 2333 464 2363 delationis
484 2338 601 2373 accipiat.
636 2336 672 2363 lb.
693 2336 763 2363 XVI.
787 2339 810 2364 5.
835 2348 856 2364 c.
876 2340 900 2365 9.
920 2339 942 2373 3.
964 2341 986 2366 l.
1012 2339 1045 2366 de
1066 2335 1067 2347 Ι

210 2377 330 2403 haeretic.
1066 2391 1067 2414 3

244 2421 390 2446 Denuo.
410 2420 519 2455 (Advb.)
549 2425 684 2455 Iterum,
704 2425 836 2449 Rursus.
873 2424 892 2450 I.
913 2426 974 2459 Sy.
993 2425 1045 2452 De·
1066 2418 1067 2424 Ι

210 2472 262 2489 nuo
288 2463 464 2498 compromitti
487 2465 513 2490 iu
536 2465 656 2501 aliquem.

202 1011 315 1036 cintia.

204 1952 277 1977 serit.
307 1951 337 1976 l'r.
359 1952 381 1976 7.
402 1950 435 1976 de
454 1951 527 1976 inoll'.
549 1955 650 1976 testam.
671 1953 694 1977 5.
714 1954 738 1977 2.

701 2465 852 2492 Secundum
876 2470 1045 2504 compromis-

212 2515 277 2531 sum.
307 2504 337 2530 l‘r.
356 2506 397 2530 21.
421 2505 443 2538 3
463 2506 487 2531 5.
515 2506 545 2533 cl'.
565 2508 595 2534 fr.
616 2511 656 2535 16.
675 2509 741 2542 3.1.
762 2509 793 2535 de
812 2520 864 2536 rec.
885 2520 927 2547 qu.
947 2511 1001 2537 arb.
1021 2513 1044 2540 4,

210 2550 234 2575 8.
270 2547 373 2573 Iterum.
395 2558 416 2573 c.
432 2549 470 2573 11.
491 2547 524 2574 de
541 2549 572 2576 R.
586 2550 616 2577 C.
635 2553 659 2578 4.
675 2553 697 2578 1.
735 2552 777 2578 III.
793 2554 859 2580 Cn.
880 2554 966 2589 Quem
981 2565 1044 2581 avus
1066 2561 1067 2572 ³

210 2592 352 2618 retinuerat
370 2589 425 2616 filio
445 2590 505 2617 dato
524 2592 551 2617 in
569 2593 751 2630 adoptionem,
776 2606 853 2632 quem
876 2596 962 2623 denuo
986 2597 1045 2624 red-

210 2633 352 2670 adoptavit.
381 2632 411 2658 fr.
431 2635 472 2660 41.
493 2633 524 2660 de
543 2634 630 2672 adopt.
651 2639 672 2663 1.
693 2640 716 2664 Τ.

244 2678 441 2703 Deorsum.
459 2677 572 2710 (Advb.)
595 2679 711 2707 Versus
730 2683 903 2717 inferiora.
930 2683 960 2710 II.
978 2685 1044 2718 Op.

210 2719 321 2746 Sursum
340 2729 457 2751 versum,
477 2720 518 2746 vel
538 2720 661 2747 deorsum
679 2723 827 2758 (tendere).
852 2725 882 2752 fr.
903 2728 943 2753 10.
963 2727 1000 2761 33.
1020 2729 1044 2754 9.
1065 2727 1067 2745 ¹

214 2764 252 2788 12.
272 2762 304 2789 de
323 2762 393 2798 grad.
414 2767 439 2788 et
458 2762 535 2789 adfin.
555 2766 596 2790 325.
618 2766 657 2790 10.

244 2807 449 2839 Depactus.
476 2805 604 2840 (Partic.)
642 2806 682 2833 Cs.
702 2818 726 2834 v.
745 2809 905 2847 Depangere.

1870 162 1932 193 267

1126 240 1370 272 Depalmare.
1407 242 1521 268 Palma
1537 248 1715 275 pereutere.
1752 242 1850 277 [Sy.
1881 243 1932 270 Ma-

1093 292 1141 308 nus
1167 292 1229 308 suae
1253 281 1338 319 palma
1362 282 1510 310 verberare.
1545 284 1588 311 Fr.
1611 283 1744 312 Labeonis
1767 285 1846 312 [Cu.
1879 286 1930 324 Ap.

1092 324 1160 351 Geli.
1179 324 1239 351 XX.
1259 326 1282 351 1.

1126 369 1366 402 Depangere.
1416 370 1566 403 Pacisci,
1606 372 1705 398 Pacta
1736 374 1930 407 transigere.

1092 410 1110 436 I.
1130 411 1191 444 Sy.
1222 409 1332 436 Pacisci.
1361 410 1483 437 Consult.
1504 418 1554 439 vet.
1574 412 1652 439 I.Cti.
1682 424 1703 440 c.
1723 416 1747 440 9.
1771 415 1807 448 33
1830 416 1851 441 1.
1871 425 1930 452 sqq.

1092 452 1135 478 III.
1154 454 1219 480 (711.
1249 452 1278 479 Si
1298 454 1356 489 quis
1377 453 1442 480 nihil
1462 465 1519 481 cum
1534 456 1687 492 parentibus
1701 456 1804 494 puellae
1817 463 1876 484 ante
1889 458 1931 485 de-

1091 500 1192 532 pactus,
1214 495 1257 529 [al.
1275 495 1422 533 depectus]
1443 498 1550 524 invitam
1564 509 1619 525 eam
1633 501 1755 536 rapuerit.
1776 500 1825 527 Th.
1840 500 1871 528 C.
1885 501 1930 528 ΙΧ.

1091 541 1132 565 24.
1154 550 1174 565 c.
1197 541 1218 565 1.
1239 549 1278 576 pr.
1299 539 1331 565 de
1350 544 1426 576 raptu
1446 541 1526 576 virgg.

1126 583 1362 615 Reposcere,
1396 592 1417 608 s.
1441 584 1616 616 lle-pasci.
1653 586 1684 618 §.
1704 587 1738 612 1.
1767 588 1930 614 pascendo

1090 635 1283 651 consumere.
1320 624 1338 651 Ι.
1359 626 1421 659 Sy.
1451 625 1605 652 Coniedere.
1634 627 1675 654 Cf.
1695 627 1720 654 h.
1740 638 1764 655 v.
1784 629 1805 663 3.
1828 631 1849 656 l.
1885 630 1929 656 III.

1092 669 1158 695 Cn.
1191 668 1219 694 Si
1240 667 1390 704 quadrupes
1409 670 1561 705 pauperiem
1585 669 1690 701 fecerit,
1715 671 1869 699 damnumve
1888 673 1931 699 de-

1092 710 1168 742 derit,
1188 710 1285 747 quidve
1304 710 1413 748 depasta
1432 712 1474 737 sit.
1503 711 1574 738 Paul.
1595 712 1612 738 l.
1635 715 1674 739 15.
1694 714 1715 747 3.
1737 717 1759 741 l.
1796 714 1879 741 Glans
1898 726 1931 743 ex

1095 753 1189 779 arbore
1210 759 1252 780 tua
1272 755 1298 779 in
1317 753 1425 780 fundum
1444 764 1528 780 meum
1548 755 1654 785 incidit.
1674 767 1729 783 eam
1747 768 1793 793 ego
1813 759 1930 785 immisso

1094 806 1191 833 pecore
1210 796 1333 833 depasco.
1367 797 1398 823 fr.
1418 798 1441 823 9.
1466 798 1532 831 3.1.
1555 798 1587 824 ad
1607 798 1694 825 exhib.
1721 801 1760 826 10.
1781 802 1804 827 4.
1833 801 1863 828 sr.
1890 803 1929 829 14.

1091 840 1113 873 3.
1132 840 1157 865 3.
1182 839 1214 865 de
1234 849 1348 876 praescr.
1372 850 1414 866 vv.
1435 842 1474 866 19.
1494 842 1518 866 5.
1550 857 1582 860 -
1614 842 1644 874 §.
1668 843 1703 869 2.
1732 843 1930 876 Devaxtare,

1091 884 1286 909 Exinanire.
1333 882 1376 908 ΙΙΙ.
1400 884 1466 910 (711.
1500 883 1535 910 Vt
1554 900 1586 903 —
1605 895 1712 915 munus,
1737 886 1808 922 quod
1826 888 1930 923 provin-

1092 926 1189 951 ciarum
1210 926 1312 950 interna
1331 924 1490 962 depascitur,
1510 942 1542 946 -—
1562 932 1674 954 eruatur.
1704 928 1753 955 Th.
1769 929 1799 956 C.
1820 929 1930 957 V11.13.

1092 978 1113 994 c.
1134 970 1157 994 7.
1178 978 1216 1005 pr.
1238 967 1270 994 de
1289 968 1366 994 tiron.

1126 1011 1338 1044 Depecisei.
1380 1012 1536 1045 Turpiter
1553 1015 1687 1047 pacisci.
1724 1014 1767 1041 111.
1788 1016 1853 1043 Gn.
1877 1016 1929 1042 De-

1092 1059 1186 1091 pectus
1213 1053 1322 1085 dicitur,
1354 1054 1467 1090 turpiter
1494 1060 1595 1092 pactus.
1633 1057 1662 1083 l'r.
1687 1059 1711 1084 3.
1738 1058 1759 1092 3.
1784 1060 1808 1085 2.
1837 1058 1869 1085 de
1892 1070 1931 1086 ca-

1092 1097 1172 1123 lumu.
1191 1098 1215 1123 3.
1235 1098 1259 1122 6.

1126 1139 1321 1173 Depectio.
1363 1141 1558 1167 Transactio
1577 1145 1694 1176 turpis.
1731 1143 1774 1170 ΙΙΙ.
1794 1146 1858 1172 Gn.
1877 1144 1931 1172 Ad-

1091 1184 1186 1211 vocati.
1207 1183 1251 1218 qni
1271 1182 1458 1208 consceleratis
1479 1183 1678 1220 depectionibus
1698 1196 1760 1212 suae
1779 1189 1837 1224 opis
1857 1198 1931 1224 egen-

1092 1231 1131 1252 tes
1151 1225 1267 1262 spoliant
1291 1230 1368 1261 atque
1392 1225 1532 1253 denudant.
1567 1226 1616 1253 Th.
1636 1228 1666 1254 C.
1686 1228 1716 1255 Il.
1742 1231 1781 1255 10.
1806 1239 1826 1256 c.
1847 1232 1869 1256 l.
1898 1231 1931 1257 de

1091 1268 1190 1306 postul.
1229 1268 1309 1303 Quod
1328 1269 1481 1295 manifestus
1501 1279 1560 1295 reus
1581 1270 1736 1308 depectione
1755 1272 1884 1299 celebrata
1897 1273 1932 1300 le-

1091 1312 1167 1349 gibus
1187 1310 1364 1338 subtrahatur.
1393 1311 1429 1338 lb.
1449 1311 1494 1338 IX.
1514 1314 1555 1339 37.
1577 1323 1597 1339 c.
1620 1316 1641 1340 l.
1662 1314 1694 1341 de
1714 1314 1849 1342 abolition.

1125 1356 1341 1387 nepe-llere.
1385 1355 1414 1387 §-
1441 1356 1476 1382 1.
1505 1358 1687 1390 Repellere,
1717 1360 1870 1386 Reiicere.
1911 1358 1929 1385 I.

1091 1399 1153 1432 Sy.
1185 1396 1339 1434 Expellere,
1359 1397 1489 1425 Deiicere.
1516 1398 1547 1425 fr.
1568 1401 1590 1426 l.
1610 1400 1647 1434 33.
1667 1403 1708 1427 45.
1728 1411 1767 1438 sq.
1788 1400 1818 1428 fr.
1839 1403 1879 1428 10.
1899 1401 1931 1428 de

1091 1442 1116 1467 vi
1137 1446 1163 1467 et
1182 1441 1207 1466 vi
1228 1450 1289 1466 arm.
1309 1442 1350 1466 43.
1372 1442 1411 1467 16.
1448 1441 1590 1479 Repellere
1610 1444 1748 1481 (impetum
1768 1447 1830 1477 etc.)
1857 1445 1930 1472 Paul.

1091 1484 1108 1510 I.
1130 1486 1154 1510 7.
1179 1484 1216 1518 33
1235 1485 1259 1509 5.
1281 1484 1303 1509 7.
1345 1483 1388 1509 ΙΙΙ.
1410 1485 1476 1512 (711.
1511 1485 1565 1511 Nec
1590 1485 1668 1512 liceat
1690 1487 1805 1513 iudicato
1828 1498 1931 1515 manum

1092 1527 1142 1553 sibi
1162 1526 1310 1563 depellere,
1336 1531 1361 1553 et
1385 1538 1433 1564 pro
1453 1537 1482 1554 se
1501 1528 1558 1564 lege
1577 1538 1659 1564 agere.
1688 1529 1744 1556 Gai.
1764 1530 1808 1557 IV.
1827 1533 1868 1558 21.
1887 1533 1929 1559 24.

1091 1581 1130 1607 sq.
1169 1569 1271 1596 Petitor
1294 1571 1320 1596 in
1347 1570 1455 1596 l'undnm
1478 1571 1608 1598 admissus
1632 1588 1664 1591 —
1688 1572 1786 1610 depelli
1809 1584 1861 1601 non
1884 1585 1930 1612 po-

1092 1619 1151 1640 test.
1172 1613 1257 1639 Vatie.
1277 1613 1299 1646 3.
1313 1614 1355 1639 93.
1392 1613 1487 1640 Damni
1507 1614 1666 1651 depellendi,
1685 1621 1728 1642 aut
1746 1616 1846 1653 publici
1865 1618 1930 1644 iuris

1090 1656 1180 1683 tuendi
1200 1657 1280 1692 gratia
1301 1657 1451 1688 (nunciatio
1471 1656 1562 1689 sacta.)
1591 1657 1621 1684 sr.
1643 1660 1664 1684 1.
1685 1659 1706 1692 3
1728 1661 1767 1685 16.
1793 1660 1825 1686 de
1844 1660 1876 1687 0.
1896 1660 1928 1687 N.

1090 1700 1122 1726 N.
1141 1701 1183 1726 39.
1199 1701 1221 1725 l.
1260 1698 1309 1724 Vel
1329 1698 1511 1735 deportatione
1531 1700 1635 1737 depulsi
1655 1702 1703 1734 (sc.
1719 1703 1856 1730 criminum
1868 1704 1928 1737 rei‚)

1090 1742 1132 1769 vel
1152 1742 1324 1778 relegatione,
1349 1746 1392 1767 aut
1415 1742 1528 1768 metallis
1547 1743 1672 1780 deputati.
1702 1744 1750 1771 Th.
1772 1745 1802 1772 C.
1823 1746 1867 1773 ΙΧ.
1886 1748 1928 1773 38.

1091 1796 1112 1811 c.
1128 1787 1167 1810 10.
1188 1784 1220 1810 de
1239 1783 1336 1819 indulg.
1353 1784 1424 1809 crim.
1444 1800 1476 1803 —
1497 1786 1526 1818 §-
1542 1787 1577 1812 2.
1597 1789 1783 1820 Prohibere,
1804 1791 1928 1817 Arc-ere.

1090 1828 1107 1854 I.
1130 1829 1191 1862 Sy.
1227 1826 1398 1853 Submovere.
1433 1826 1469 1853 lb.
1489 1828 1546 1855 Ml.
1567 1831 1590 1855 1.
1616 1840 1637 1856 c.
1656 1831 1698 1856 33.
1723 1840 1744 1856 c.
1764 1832 1805 1857 92.
1830 1831 1863 1858 de
1886 1832 1928 1859 de-

1091 1872 1189 1897 curion.
1236 1869 1278 1895 111.
1305 1870 1371 1897 Gn.
1404 1869 1482 1897 Nulla
1506 1873 1633 1909 temporis
1656 1875 1864 1911 praescriptione
1886 1875 1929 1902 de-

1090 1914 1198 1951 pellitur
1223 1913 1372 1945 (accusatio
1392 1914 1458 1945 etc.)
1489 1913 1519 1940 fr.
1541 1916 1580 1941 19.
1605 1916 1627 1949 3.
1648 1918 1670 1942 l.
1695 1916 1727 1942 de
1746 1916 1775 1943 L.
1796 1916 1877 1944 Corn.
1896 1918 1929 1945 de

1091 1956 1147 1983 l'als.
1168 1958 1209 1982 48.
1230 1958 1270 1981 10.
1314 1955 1355 1981 Ab
1381 1957 1519 1982 evictionis
1543 1959 1646 1985 actione
1669 1959 1774 1995 depelli.
1804 1959 1875 1987 Paul.
1896 1961 1927 1988 V.

1092 2001 1130 2025 ll.
1151 1999 1172 2033 3.
1193 2001 1216 2025 5.
1258 1998 1429 2024 Auditionem
1448 1998 1525 2025 huius
1545 2000 1610 2037 legis
1630 2003 1819 2029 intercessione
1839 2003 1928 2041 depul-

1089 2053 1151 2069 sam.
1186 2041 1235 2068 Th.
1260 2041 1290 2068 C.
1316 2041 1383 2068 1'111.
1403 2043 1426 2068 4.
1452 2053 1473 2069 c.
1492 2045 1533 2069 26.
1560 2043 1592 2070 de
1611 2045 1737 2072 cohortal.
1779 2046 1854 2081 Quae
1873 2048 1926 2080 (sc.

1089 2086 1204 2119 sanctio)
1224 2095 1281 2111 cum
1300 2086 1449 2121 praeteritis
1469 2088 1617 2122 praesentia
1636 2098 1741 2124 quoque.
1760 2088 1882 2126 depellit,
1901 2096 1926 2116 et

1090 2128 1175 2155 sutura
1201 2127 1332 2165 prohibet.
1367 2128 1403 2154 lb.
1424 2128 1465 2155 [11.
1489 2131 1513 2155 2.
1540 2140 1561 2155 c.
1583 2131 1604 2156 l.
1629 2130 1662 2156 de
1685 2141 1776 2158 comm.
1797 2143 1862 2159 resc.
1894 2150 1925 2153 -

1089 2172 1120 2204 §-
1141 2173 1178 2197 3.
1209 2173 1415 2205 propellere,
1436 2174 1600 2207 Redigere.
1638 2173 1680 2199 ΙΙΙ.
1695 2175 1760 2201 (7η.
1780 2174 1808 2201 Si
1828 2176 1870 2202 vel
1889 2187 1925 2203 er-

1065 2216 1067 2234 ἵ
1089 2224 1133 2240 ror
1151 2213 1314 2250 improvidus
1334 2230 1365 2233 —-
1386 2215 1411 2240 iu
1431 2214 1478 2240 has
1498 2215 1662 2242 contubernii
1681 2216 1770 2253 plagas
1788 2218 1923 2255 depulerit.

1090 2257 1125 2283 ll).
1146 2255 1189 2282 IV.
1210 2258 1233 2282 9.
1254 2266 1274 2282 c.
1294 2258 1317 2283 3.
1338 2257 1369 2283 ad
1389 2257 1416 2283 S.
1437 2257 1467 2284 C.
1489 2258 1582 2284 Claud.
1624 2258 1653 2285 lu
1672 2259 1793 2287 libertate
1811 2262 1924 2287 moraba-

1090 2304 1143 2331 tur,
1168 2300 1286 2335 quamvis
1306 2305 1398 2337 postea
1417 2301 1443 2326 in
1463 2302 1616 2328 servitutem
1635 2302 1762 2339 depulsus
1786 2305 1827 2329 sit.
1859 2314 1879 2329 c.
1898 2306 1921 2330 2.

1090 2343 1121 2369 de
1141 2347 1208 2368 sent.
1230 2347 1255 2369 et
1274 2343 1360 2369 interl.
1381 2345 1403 2370 7.
1424 2345 1464 2369 45.

1123 2387 1361 2418 lle-pendere.
1387 2388 1522 2413 Solvere.
1546 2386 1636 2422 [Sy.
1656 2388 1797 2419 Praestare.
1817 2388 1921 2416 Inferre.

1090 2429 1120 2454 l'r.
1133 2430 1157 2454 2.
1172 2429 1193 2462 3.
1206 2429 1245 2454 16.
1258 2428 1290 2454 de
1303 2428 1391 2455 hered.
1406 2439 1429 2455 v.
1444 2434 1493 2456 act.
1514 2432 1553 2456 ls.
1564 2433 1587 2457 4.
1608 2430 1637 2457 fr.
1648 2433 1672 2457 3.
1683 2441 1721 2467 pr.
1742 2431 1763 2464 3
1776 2432 1796 2456 l.
1808 2431 1840 2457 de
1851 2441 1920 2459 usur.

1088 2474 1130 2498 22.
1152 2473 1173 2497 1.
1210 2470 1259 2497 Th.
1280 2471 1311 2498 C.
1331 2472 1387 2498 ΧΠ.
1410 2474 1431 2499 1.
1457 2483 1477 2499 c.
1497 2475 1538 2499 50.
1562 2473 1584 2507 3.
1602 2475 1625 2500 2.
1647 2473 1678 2499 de
1697 2473 1828 2500 decurion.
1865 2474 1923 2502 Sol—

1089 2525 1165 2546 vere,
1190 2514 1353 2541 Persolvere.
1387 2514 1443 2541 Gai.
1463 2515 1505 2542 III.
1532 2518 1588 2542 127.
1612 2515 1655 2542 IV.
1675 2518 1715 2541 22.
1742 2516 1772 2542 fr.
1791 2519 1832 2543 25.
1856 2518 1877 2551 3.
1897 2520 1920 2545 2.

1090 2558 1122 2584 dc
1141 2557 1243 2594 probat..
1263 2559 1304 2583 22.
1324 2559 1348 2584 3.
1369 2557 1399 2584 fr.
1413 2559 1454 2584 68.
1475 2558 1507 2584 de
1527 2558 1604 2584 solut.
1623 2560 1663 2584 46.
1677 2560 1700 2584 3.
1738 2558 1779 2585 IH.
1793 2560 1858 2586 Gn.
1877 2560 1921 2587 Vti

1089 2601 1194 2627 fratrem
1211 2605 1284 2626 tuum
1304 2616 1336 2619 —
1355 2600 1417 2629 alas.
1437 2603 1543 2631 tuearis,
1562 2600 1694 2637 dependas
1712 2611 1761 2638 pro
1780 2612 1810 2628 eo
1824 2607 1872 2629 etc.
1890 2603 1920 2630 fr.

1088 2646 1130 2670 32.
1151 2643 1172 2677 3.
1193 2644 1216 2669 6.
1238 2643 1270 2669 de
1290 2654 1338 2670 usu
1357 2649 1383 2670 et
1402 2644 1468 2670 usus.
1490 2644 1537 2679 leg.
1556 2645 1598 2669 33.
1618 2645 1641 2669 2.
1679 2643 1729 2670 Pro
1744 2654 1794 2681 quo
1808 2655 1922 2682 sponsor

1089 2686 1267 2723 dependisset.
1302 2703 1334 2706 —
1364 2687 1488 2718 Pecunia,
1517 2696 1593 2722 quam
1622 2686 1764 2714 fideiussor
1789 2687 1920 2725 dependit.

1090 2730 1147 2756 Gai.
1166 2729 1210 2756 IV.
1229 2732 1270 2755 22.
1301 2730 1332 2756 cs.
1351 2730 1393 2756 III.
1415 2731 1470 2755 127.
1499 2728 1529 2755 fr.
1548 2731 1572 2755 2.
1598 2728 1630 2755 de
1649 2729 1722 2756 distr.
1742 2731 1812 2767 pign.
1835 2733 1876 2757 20.
1894 2734 1918 2758 4.

1088 2773 1184 2799 Earum
1203 2783 1288 2799 rerum
1307 2774 1410 2799 nomine
1429 2788 1461 2791 —
1481 2771 1655 2809 quadruplum
1673 2772 1737 2799 fisco
1757 2773 1920 2811 dependitur,

1090 2815 1153 2842 alias
1173 2815 1289 2853 duplum.
1320 2815 1360 2842 Fr.
1381 2815 1412 2841 de
1432 2814 1450 2840 Ι,
1469 2813 1498 2840 F.
1522 2815 1604 2849 §.18.
1641 2814 1764 2848 Tributa,
1787 2827 1810 2843 v.
1835 2816 1919 2842 Vecti-

1422 2859 1456 2883 34
1467 2858 1481 2870 ⁴*
