2197 3121
921 151 1000 180 LEP
1026 168 1065 174 —
1090 150 1181 180 LEX.

193 236 292 269 Vtiees.
311 235 404 273 Leptis
424 245 525 271 magna,
546 235 627 268 (iuris
647 232 728 259 Italici
748 232 829 258 factae
848 232 936 265 sunt.)
961 231 991 258 l'r.
1012 232 1036 258 8.

192 281 214 314 5.
236 281 274 305 11.
296 278 311 305 l.
328 280 370 304 50.
393 280 431 304 15.
469 278 532 305 Dux
552 277 703 313 Byzacenae
723 275 882 313 provinciae⁷
902 275 929 301 in
949 274 1037 311 Capsa

193 326 219 349 et
238 321 318 348 altera
337 321 422 358 Lepte
442 319 593 347 civitatibus
619 318 713 351 (sedes
733 318 852 350 habeat.)
877 327 898 343 c.
917 319 941 343 2.
970 317 991 350 5.
1013 318 1035 343 l.

193 364 208 391 1-
228 366 467 440 Lezlititanus.
488 404 618 438 (Adiect.)
650 406 697 431 Aa
714 404 839 438 Leptim
855 404 1034 437 pertinens.

193 449 235 476 III.
251 451 316 477 Gn.
337 449 449 476 Colonia
468 447 676 485 Leptitanorum.
696 447 726 474 fr.
739 448 780 473 30.
801 445 833 472 de
850 445 919 481 vulg.
934 449 960 471 ct
973 455 1035 482 111111.

195 494 376 562 2813185118.
405 535 618 560 Lamentatio
638 533 795 567 lugubris.
832 528 874 556 III.
896 532 962 558 Cn.
982 530 1036 557 Mu-

194 578 273 604 lieres
292 586 370 614 genas
391 586 422 602 ne
441 575 565 605 radunto.
588 586 654 602 neve
673 575 771 601 lassum
791 572 889 599 funeris
911 583 972 610 crgo
992 573 1035 599 ha-

193 621 282 647 bento.
309 619 338 646 L.
358 619 408 645 XII
428 618 511 644 Tabb.
532 619 565 645 X.
586 620 609 645 4.

228 662 383 690 metans.
409 661 546 694 (Adiect.)
583 663 695 687 Letum
715 661 885 695 adferens,
909 661 1035 686 Morta-

192 707 244 732 lis.
278 704 321 731 111.
343 706 409 732 Cn.
437 703 505 731 Telo
525 714 596 736 usus,
616 703 694 730 letale
713 702 809 729 vulnus
829 702 955 738 infligere.
984 701 1034 728 Th.

192 748 222 775 C.
242 748 286 774 IX.
302 750 341 774 12.
363 759 383 774 c.
403 750 425 773 l.
447 747 478 773 de
499 746 598 773 emend.
619 756 686 772 serv.

227 791 427 818 metaliter.
448 790 589 823 (Adverb.)
628 789 812 824 Mortifera
850 786 892 813 III.
907 789 972 815 Cn.
993 786 1035 813 Ad

191 844 281 860 necem
307 843 414 865 caesus,
439 838 484 859 aut
508 831 620 859 letaliter
642 830 803 857 vulneratus.
834 829 903 856 Coll.
927 829 980 856 LL.
1000 830 1033 856 M.

190 876 220 903 11.
242 878 264 902 7.

226 919 386 949 laetifer,
407 928 428 944 s.
449 917 632 945 Lethifer.
657 916 787 948 (Adiect.)
825 917 1033 952 Mortifera&

190 961 233 988 III.
255 963 320 989 Cn.
341 961 476 987 Pestibilis
496 960 605 991 fundus,
627 960 642 985 i.
664 969 685 985 e.
705 958 843 996 pestibiles
864 958 972 991 herbas,
992 958 1033 985 vel

191 1004 326 1031 lethiferas
345 1003 452 1030 liabens.
474 1013 494 1029 c.
513 1004 537 1029 4.
558 1002 591 1028 de
604 1001 678 1028 aedil.
699 1007 747 1028 act.
765 1004 789 1029 4.
809 1003 850 1028 58.

226 1048 374 1078 laetum,
395 1056 416 1072 s.
436 1047 609 1073 Lethum.
649 1046 748 1077 Mors,
768 1046 951 1071 Exeidium.
990 1043 1032 1070 IlI.

191 1091 257 1117 Cn.
286 1089 354 1115 Malo
383 1088 455 1115 letho
484 1088 616 1125 periturus
646 1092 718 1113 esset
742 1087 847 1113 insidiis
872 1097 960 1113 eorum
984 1091 1033 1113 etc.

190 1132 219 1158 1“1·.
240 1134 263 1159 9.
290 1131 322 1157 de
342 1136 405 1157 extr.
427 1132 499 1157 crim.
518 1132 560 1157 47.
582 1132 621 1156 11.
659 1130 814 1156 Innocentes
835 1144 866 1149 -—
886 1129 940 1156 leto
963 1129 1032 1155 dare.

189 1174 239 1201 Th.
260 1174 290 1201 C.
310 1174 355 1201 IX.
376 1176 399 1200 3.
421 1184 441 1200 c.
463 1176 485 1200 1.
506 1174 571 1207 5.1.
592 1172 625 1198 de
645 1177 710 1199 cust.
731 1182 799 1199 reor.

223 1218 431 1244 Levamen.
468 1218 657 1247 Relevatio,
685 1217 872 1248 Auxilium,
902 1217 1033 1242 Praesci-

187 1262 280 1286 dium.
317 1259 359 1286 III.
376 1261 442 1287 011¹.
462 1258 506 1291 Vt⁷
527 1258 591 1295 quid
610 1259 749 1284 remissum
768 1259 857 1294 gratia⁷
877 1274 905 1278 —-
927 1259 1034 1284 convin-

188 1307 254 1334 cant.
275 1308 300 1328 et
319 1313 350 1328 ex
371 1312 401 1328 eo
421 1301 539 1328 levamen
559 1302 696 1338 accipiant.
718 1300 768 1327 Th.
783 1301 811 1327 C.
827 1300 896 1327 XIII.
912 1303 952 1327 11.
973 1311 993 1327 c.
1008 1303 1032 1327 4.

187 1345 220 1372 de
243 1346 366 1371 censitor.
405 1344 519 1380 Quoties
546 1343 708 1370 defectorum
732 1343 851 1370 levamen
871 1345 1032 1381 exposcitur.

186 1387 223 1414 lb.
244 1398 265 1414 c.
285 1390 308 1414 3
329 1387 345 1414 l.
366 1387 382 1413 l.

221 1430 552 1458 Levanuentarius.
578 1428 697 1462 (Subst.)
728 1431 790 1462 Qui
809 1431 1032 1456 ministerium

185 1476 315 1500 exhibet
343 1474 495 1507 scaphia,
523 1474 652 1498 navium
680 1475 838 1499 maiorum
866 1483 961 1499 onera
990 1475 1031 1499 le-

186 1518 349 1543 vantibus.
391 1515 433 1541 Ill.
455 1517 521 1542 Cn.
551 1515 579 1541 Si
605 1514 780 1541 navicularius
806 1515 939 1551 originalis
964 1515 1032 1541 leva-

186 1560 329 1585 mentarius
350 1558 435 1584 fuerit.
456 1557 505 1584 Th.
527 1558 557 1584 C.
578 1557 645 1584 XIII.
665 1559 689 1584 5.
709 1568 730 1584 c.
747 1560 768 1584 l.
789 1557 822 1584 de
841 1558 982 1584 navicular.

222 1602 511 1629 laevamentum.
549 1603 711 1627 Levamen.
748 1600 767 1627 I.
787 1602 848 1635 Sy.
868 1601 1031 1628 Beneficium

187 1643 301 1677 (edicti.)
322 1643 352 1670 fr.
378 1646 396 1669 1.
417 1644 482 1677 5.1.
504 1644 533 1670 1“1·.
553 1648 576 1670 -”5.
597 1644 618 1677 5.
638 1646 662 1669 2.
682 1645 703 1669 si
723 1643 782 1669 fam.
802 1643 862 1670 furt.
877 1646 918 1670 47.
932 1646 956 1670 6.
988 1644 1029 1670 III.

188 1687 254 1713 Cn.
281 1687 341 1722 Quo
361 1687 396 1712 ita
416 1686 569 1712 levamentis
589 1686 743 1712 alternantis
768 1686 859 1713 auxilii
878 1692 1031 1713 cunctorum

188 1728 307 1755 fortunae
328 1746 356 1749 —
379 1730 541 1755 confirment.
570 1728 620 1755 Th.
641 1728 671 1755 C.
691 1729 760 1755 XIII.
780 1731 803 1755 5.
824 1740 845 1756 c.
866 1731 889 1756 6.
910 1730 942 1756 de
962 1731 1032 1756 navi-

188 1770 238 1798 cul.
259 1771 290 1797 cf.
309 1771 378 1798 XIII.
401 1774 439 1798 11.
460 1782 480 1798 c.
504 1774 542 1798 14.
564 1771 596 1798 dc
615 1773 739 1798 censitor.
772 1772 830 1805 [Cl'.
850 1782 874 1798 v.
896 1772 1031 1799 Velamen-

188 1814 268 1847 tum.]

222 1858 382 1883 Levare.
421 1858 452 1890 ξ.
472 1857 506 1882 1.
528 1859 712 1889 Adtullere,
732 1858 877 1883 Elevare.
907 1857 949 1883 III.
964 1859 1028 1885 Cn.

187 1899 215 1925 Si
236 1901 294 1936 quis
314 1899 433 1936 pulsatus
454 1899 559 1936 quidem
578 1909 630 1925 non
651 1904 699 1930 est,
719 1909 809 1925 verum
825 1910 919 1926 manus
939 1900 1030 1926 adver-

186 1952 232 1968 sus
253 1952 310 1968 cuni
329 1942 438 1971 levatae.
459 1947 485 1968 et
504 1951 583 1979 saepe
602 1943 708 1968 territus
729 1947 776 1968 etc.
797 1943 826 1969 l'r.
848 1945 887 1969 15.
911 1944 976 1977 5.1.
996 1943 1028 1970 de

185 1986 262 2011 iniur.
282 1987 324 2011 47.
347 1987 385 2011 lo.
424 1985 458 2011 Vt
483 1984 568 2011 levato
594 1985 653 2011 velo
672 1986 737 2010 istae
758 1995 850 2011 causae
870 1995 1017 2021 cognoscar}

186 2032 235 2054 tur.
260 2027 310 2054 Th.
331 2027 362 2053 C.
383 2028 451 2054 XIII.
472 2029 495 2054 9.
517 2037 537 2053 c.
557 2029 580 2053 6.
601 2027 633 2054 de
653 2028 809 2064 naufrag.—
830 2029 860 2062 §-
882 2030 917 2056 2.
938 2032 1027 2056 Rele-

186 2080 274 2102 vare,
292 2072 455 2097 Liberare.
487 2070 579 2104 1-Sy.
598 2070 681 2103 Solvi.
698 2070 816 2097 Yiuculis
836 2071 924 2098 levari.
944 2072 1026 2098 tiu-123¹.

187 2112 219 2138 de
243 2113 273 2139 V.
299 2113 326 2140 S.
352 2116 393 2141 50.
422 2115 471 2140 ni.-
498 2113 528 2139 II.
550 2115 617 2147 ⁰1).
650 2113 776 2140 Onerare.
806 2114 836 2140 1“1·.
858 2115 896 2141 14.
926 2114 958 2141 de
982 2116 1026 2141 off.

187 2154 273 2181 Praes.
295 2158 316 2182 1.
338 2158 376 2183 18.
406 2155 530 2183 Gravare.
556 2167 576 2182 c.
597 2159 620 2182 4.
650 2157 744 2192 Quem.
765 2158 814 2183 civ.
833 2167 902 2183 niun.
925 2160 964 2184 10.
984 2160 1026 2184 42.

187 2196 231 2223 III.
243 2199 308 2225 Gn.
327 2198 465 2226 Levandae
479 2200 551 2225 navis
565 2200 645 2235 gratia
662 2201 758 2232 (iactus
777 2201 901 2226 mercium
921 2201 1027 2235 sactus.)

187 2239 218 2266 fr.
240 2241 262 2265 1.
286 2240 316 2266 fr.
335 2243 358 2267 4.
377 2252 417 2279 pr.
442 2243 463 2276 5.
485 2244 506 2268 l.
527 2242 557 2268 fr.
577 2243 601 2268 8.
625 2242 657 2268 dc
675 2241 705 2268 L.
726 2242 811 2268 Rhod.
832 2244 871 2269 14.
891 2246 914 2270 2.
953 2244 1027 2270 Obli-

188 2283 301 2318 gationis
320 2292 398 2310 onere
420 2284 553 2311 Praetoris
577 2285 674 2312 auxilio
698 2295 751 2311 non
770 2285 907 2312 levabitur.
935 2286 965 2313 1“1·.
985 2289 1026 2313 67.

188 2324 220 2351 de
240 2335 343 2362 procur.
363 2327 386 2351 3.
405 2328 429 2352 3.
443 2344 473 2347 —
494 2329 525 2361 §-
540 2330 577 2354 3.
598 2330 780 2363 Colligere,
800 2331 953 2363 Exigere.
983 2329 1025 2356 111.

188 2368 254 2395 Gn.
278 2368 341 2403 Agri
362 2368 485 2396 tributum
505 2372 530 2397 in
550 2381 605 2397 cam
625 2372 755 2397 civitatem
775 2371 854 2397 debet
872 2371 962 2403 levari,
982 2372 1025 2405 [al.

188 2409 305 2443 levare.]
330 2411 356 2436 in
381 2412 455 2437 cuius
478 2415 610 2440 territorio
630 2414 790 2451 possidetur.
816 2414 845 2440 l'r.
865 2417 889 2441 4.
909 2415 929 2448 5
949 2417 973 2442 2.
994 2415 1027 2442 de

189 2452 287 2479 censih.
307 2455 348 2479 50.
370 2455 407 2479 15.

224 2495 350 2522 laevir.
372 2497 492 2522 Mariti
505 2499 628 2532 frater.
657 2500 675 2526 I.
690 2501 751 2535 Sy.
771 2499 828 2526 Viri
847 2499 934 2526 frater.
955 2501 985 2527 fr.
1001 2502 1024 2528 4.

188 2539 209 2571 5.
229 2539 252 2563 6.
273 2537 305 2563 (16.
324 2537 393 2573 grad.
414 2543 440 2564 et
460 2538 536 2565 adfin.
556 2542 597 2567 38.
618 2544 657 2569 10.

224 2580 348 2607 Levis.
368 2580 497 2613 (Adiect.)
521 2583 551 2615 ᾖ.
572 2577 792 2621 LExiguus,
815 2588 968 2613 Modicus.
1005 2586 1024 2612 I.

188 2624 250 2658 Sy.
276 2622 430 2655 Mediocris,
453 2624 581 2650 Modicus.
607 2624 636 2652 fr.
656 2629 679 2653 4.
703 2629 725 2662 5.
745 2631 768 2655 6.
789 2628 821 2655 de
840 2628 925 2655 Aedil.
947 2628 1023 2655 edict.

187 2668 228 2692 21.
250 2669 272 2692 l.
298 2666 326 2692 1“1·.
347 2668 387 2692 253.
414 2666 435 2699 5.
459 2669 478 2693 1.
502 2667 534 2693 de
553 2667 634 2694 usnfr.
657 2671 680 2695 7.
700 2673 722 2697 1.
749 2671 778 2697 fr.
800 2673 839 2698 13,
859 2673 881 2706 5.
902 2674 925 2698 4.
946 2672 1022 2698 locat.

189 2711 228 2735 19.
241 2711 265 2735 2.
294 2709 472 2744 Quantalibet.
491 2708 642 2739 Levissima
656 2711 770 2746 (febris.)
789 2714 819 2741 fr.
836 2717 857 2741 l.
877 2715 898 2748 5.
913 2716 936 2741 8.
957 2715 986 2741 fr.
999 2717 1022 2741 4.
1044 2718 1045 2724 ¹

188 2752 209 2785 5.
229 2753 252 2778 6,
273 2752 305 2777 de
324 2752 410 2778 Aedil.
431 2752 507 2778 edict.
526 2755 567 2780 21.
590 2756 611 2780 l.
638 2753 667 2779 Il.
689 2757 755 2788 Op.
775 2756 876 2784 Gravis.
897 2758 938 2785 Cs.
958 2758 982 2784 11.
998 2769 1021 2784 v.
1043 2771 1045 2780 r

188 2794 225 2826 55.
243 2796 267 2820 3.
287 2804 345 2830 sqq.
383 2791 446 2820 La‘ta
465 2795 585 2833 (culpa.)
609 2796 649 2823 Cf.
670 2807 693 2823 v.
712 2797 801 2825 Latus.
826 2801 847 2833 5.
866 2803 891 2826 2.
922 2801 1020 2828 Durus.
1043 2785 1044 2798 l

1858 150 1920 181 53.)

1082 231 1123 259 Cl'.
1142 232 1167 258 11.
1186 241 1211 257 v.
1232 230 1374 268 Capitales‚
1394 231 1435 258 vel
1454 231 1621 267 gravissimae
1641 232 1798 257 inimicitiae.
1819 247 1850 250 -
1872 230 1920 257 Le.-

1081 276 1121 301 vis
1141 275 1248 301 offensa.
1274 274 1303 300 fr.
1323 276 1346 300 3.
1366 275 1388 308 5.
1410 276 1449 301 ll.
1470 274 1502 301 de.
1522 274 1597 301 adim.
1617 273 1693 310 legat.
1713 276 1754 300 34.
1775 275 1798 300 4.
1835 273 1922 300 Leves

1081 317 1159 344 anuli.
1179 332 1211 337 -—
1231 316 1338 343 Gemma
1358 318 1442 353 magni
1461 318 1546 354 pretii.
1567 317 1596 343 fr.
1611 318 1634 343 6.
1655 316 1687 343 de
1706 317 1766 343 bon.
1781 317 1865 343 damn.
1880 318 1921 343 45.

1080 363 1121 387 20.
1158 360 1201 387 III.
1222 361 1287 388 Gn.
1312 359 1371 386 Non
1397 361 1486 397 utique
1507 360 1644 396 quodlibet
1663 370 1739 396 qnam
1759 359 1922 386 levissimum

1081 404 1207 435 (efficere,
1227 407 1255 429 ut
1273 403 1413 429 morbosus
1433 404 1578 429 vitiosusve
1598 403 1745 435 habeatnr.)
1767 403 1796 428 l'r.
1818 405 1840 429 1.
1861 404 1882 436 5.
1897 405 1921 428 ὅ.

1081 447 1110 472 fr.
1132 448 1155 472 4.
1180 447 1200 480 5.
1221 447 1244 472 6.
1270 445 1302 472 de
1327 445 1414 472 Aedil.
1440 446 1516 472 edict.
1539 448 1579 471 21.
1603 447 1624 471 l.
1666 446 1720 472 Aut
1743 445 1855 477 nullam.
1879 450 1923 472 aut

1080 489 1205 515 leviorem
1229 498 1340 526 poenam
1366 490 1525 524 (irrogare.)
1551 488 1580 514 fr.
1603 490 1642 514 14.
1667 488 1699 514 de
1722 498 1798 525 poen.
1818 489 1859 514 48.
1882 490 1921 515 19.

1080 531 1159 558 Levis
1179 531 1269 569 culpa,
1291 536 1315 558 et
1334 531 1413 558 rebus
1433 532 1488 557 suis
1508 537 1632 557 consueta
1652 531 1816 568 negligentia.
1836 531 1865 557 sr.
1879 534 1921 557 22.

1080 575 1101 608 5.
1121 577 1144 600 3.
1165 574 1196 601 ad
1217 574 1282 601 S.C.
1303 574 1381 601 Trob.
1400 575 1442 600 36.
1464 575 1485 600 1.
1523 574 1557 600 Et
1580 574 1713 600 levissima
1738 574 1813 612 culpa
1833 575 1922 607 (venit

1080 619 1106 643 in
1125 617 1182 654 lege
1201 618 1329 654 Aquilia.)
1350 617 1380 643 fr.
1400 618 1441 643 44.
1461 627 1499 653 pr.
1520 616 1551 643 ad
1564 616 1593 643 L.
1608 617 1675 653 Aqu.
1690 619 1712 643 9.
1733 619 1758 643 2.
1794 616 1848 644 Nec
1863 616 1922 643 leve

1080 665 1258 697 argumentum
1285 665 1332 687 est.
1361 659 1445 686 vatic.
1465 660 1487 693 5.
1507 661 1566 685 321.
1604 659 1748 686 Tradidere
1773 670 1825 686 non
1849 659 1921 685 leves

1080 709 1209 730 auctores.
1230 703 1259 730 1“1·.
1273 705 1297 730 3.
1317 704 1340 729 si
1359 712 1420 740 pars
1440 702 1529 729 hered.
1543 705 1566 728 5.
1581 703 1604 728 4.
1621 719 1650 723 —
1671 703 1702 736 ἓ.
1723 704 1757 729 2·
1779 704 1921 734 Facilis,

1080 748 1247 780 Expedita
1257 757 1274 773 s.
1312 746 1329 772 l.
1345 747 1407 780 Sy.
1427 745 1531 772 Facilis.
1553 744 1581 771 sr.
1596 747 1619 771 5.
1639 745 1671 771 de
1684 756 1749 772 man.
1764 750 1864 771 testam.
1879 746 1920 770 40.

1079 792 1102 815 4.
1141 789 1181 815 III.
1204 789 1270 816 (7η.
1290 788 1436 815 Levissinia
1456 787 1586 814 libertatis
1606 788 1732 819 conditio,
1752 804 1783 807 —
1804 798 1869 824 quae
1889 787 1923 814 ad

1079 831 1227 858 libertatem
1247 832 1380 868 perducit,
1406 832 1524 867 quamvis
1548 835 1638 857 natura
1663 832 1766 867 gravior
1786 835 1811 856 et
1830 830 1921 856 durior

1079 875 1121 900 sit.
1142 874 1172 900 1“1·.
1192 876 1234 900 35.
1255 874 1285 900 fr.
1305 875 1346 901 51.
1367 883 1404 911 pr.
1430 874 1460 900 fr.
1480 875 1520 900 87.
1544 874 1575 900 fr.
1595 876 1636 900 90.
1661 873 1694 899 de
1713 873 1789 900 cond.
1810 878 1835 899 et
1854 873 1920 899 dem.

1078 919 1120 943 35.
1143 918 1163 943 1.
1202 916 1231 943 Si
1251 918 1310 953 quis
1329 916 1435 943 accedat
1455 916 1571 943 eiusdem
1591 917 1670 953 pretii
1689 921 1785 947 enitor,
1811 916 1857 942 sed
1877 917 1921 952 qui

1079 959 1224 986 levioribus
1250 964 1318 985 emat
1341 959 1544 986 conditionibus.
1568 959 1599 986 fr.
1618 962 1642 985 4.
1667 960 1688 993 5.
1708 961 1732 985 6.
1757 959 1789 985 de
1808 960 1834 985 111
1853 959 1922 985 diem

1079 1002 1138 1029 add.
1155 1004 1193 1029 18.
1208 1004 1275 1028 ’2.--
1296 1004 1326 1036 §.
1342 1004 1378 1028 ³.
1400 1004 1601 1029 Inconstans.
1639 1002 1668 1028 II.
1691 1004 1757 1036 Op.
1778 1002 1920 1028 Constans.

1079 1044 1156 1072 Vitae
1174 1046 1306 1082 probatae.
1328 1061 1358 1066 -
1382 1044 1470 1076 Levis.
1490 1050 1637 1082 protervuS.
1665 1044 1754 1077 Levis,
1773 1044 1816 1071 vel
1835 1044 1923 1071 admo-

1079 1088 1140 1114 dum
1161 1089 1270 1114 iuvenis.
1296 1088 1326 1114 fr.
1348 1089 1388 1114 18.
1407 1097 1446 1124 pr.
1470 1087 1501 1113 de
1521 1087 1606 1113 Aedil.
1627 1088 1703 1114 edict.
1723 1090 1765 1114 21.
1787 1090 1808 1114 1.
1828 1087 1858 1114 fr.
1878 1090 1920 1114 22.

1079 1132 1099 1165 5.
1121 1133 1144 1157 fi.
1165 1131 1214 1157 sol.
1237 1132 1347 1157 matrim.
1366 1133 1408 1157 24.
1428 1132 1452 1156 3.
1490 1130 1532 1156 III.
1552 1132 1617 1158 Cn.
1641 1131 1670 1156 Si
1690 1132 1749 1167 quis
1768 1130 1868 1167 aliquid
1887 1130 1921 1157 fe-

1079 1175 1158 1203 cerit,
1184 1183 1236 1210 quo
1255 1173 1328 1200 leves
1348 1173 1482 1199 hominnm
1502 1174 1579 1199 animi
1599 1175 1787 1210 superstitione
1807 1175 1921 1200 numinis

1078 1222 1246 1244 terrerentur.
1268 1216 1297 1243 fr.
1317 1218 1358 1242 30.
1379 1216 1411 1242 de
1430 1226 1507 1254 poen.
1528 1218 1568 1242 45.
1590 1218 1629 1242 19.
1645 1233 1674 1236 —-
1696 1217 1726 1249 §-
1747 1219 1786 1243 4.
1808 1219 1921 1243 Humi—

1077 1262 1136 1292 lis,
1161 1262 1253 1286 I'ilis.
1290 1258 1333 1285 III.
1354 1260 1419 1286 Cn.
1444 1259 1547 1294 Quodsi
1568 1259 1634 1285 levis
1652 1269 1766 1296 persona
1786 1259 1921 1286 custodiae

1078 1303 1134 1329 suit.
1155 1303 1184 1329 tr.
1206 1304 1246 1328 14.
1266 1303 1287 1336 5.
1308 1303 1331 1328 2.
1352 1301 1385 1328 de
1404 1301 1506 1328 custod.
1527 1307 1553 1328 et
1572 1302 1658 1328 exbib.
1679 1304 1719 1328 48.
1739 1304 1763 1328 3.

1113 1346 1280 1373 Levitas.
1311 1347 1548 1372 Inconstantia.
1588 1344 1628 1371 III.
1650 1346 1715 1373 (ἠ.
1740 1345 1768 1371 Si
1789 1345 1815 1371 id
1835 1355 1867 1372 ex
1887 1345 1921 1371 16-

1077 1390 1157 1415 vitate
1181 1389 1355 1425 processerit,
1380 1387 1617 1418 contemnendunu
1646 1389 1668 1414 si
1694 1398 1725 1414 ex
1751 1389 1850 1414 insania
1871 1394 1919 1415 etc.

1078 1431 1127 1458 Th.
1148 1431 1179 1458 C.
1199 1430 1243 1457 IX.
1264 1433 1287 1457 4.
1313 1441 1332 1456 c.
1356 1432 1377 1456 l.
1403 1432 1425 1457 si
1445 1441 1487 1467 qu.
1509 1429 1572 1467 Imp.
1593 1431 1685 1466 maled.
1723 1431 1833 1457 Invenili
1858 1431 1921 1458 levi-

1077 1480 1129 1501 tate
1149 1474 1251 1500 ductus.
1272 1474 1301 1500 fr.
1321 1476 1362 1499 24.
1382 1473 1403 1507 5.
1418 1476 1442 1500 '.’.
1463 1473 1495 1499 de
1515 1475 1607 1500 minor.
1622 1475 1645 1499 4.
1658 1476 1682 1500 4.
1711 1473 1824 1511 Propter
1843 1475 1920 1500 animi

1077 1518 1209 1544 levitatem
1229 1517 1267 1549 (in
1287 1516 1367 1543 tutela
1387 1518 1467 1548 esse.)
1488 1516 1544 1542 Gai.
1560 1516 1577 1542 I.
1600 1518 1656 1542 144.
1679 1518 1735 1542 190.

1112 1561 1278 1587 Leviter.
1299 1559 1412 1591 (Advb.)
1439 1561 1621 1591 Muderate,
1641 1561 1781 1585 Leniter.
1818 1559 1836 1586 I.
1858 1561 1919 1594 Sy.

1076 1603 1191 1630 Leniter.
1217 1602 1258 1629 Cf.
1278 1602 1303 1628 11.
1323 1612 1346 1628 v.
1385 1601 1415 1628 II.
1437 1603 1505 1635 011.
1529 1602 1652 1628 Graviter
1671 1602 1801 1639 (puniri.)
1827 1602 1856 1629 fr.
1877 1604 1919 1629 63.

1077 1646 1109 1673 de
1128 1646 1159 1672 R.
1180 1645 1211 1672 N.
1236 1648 1277 1671 ⁴23.
1298 1648 1321 1671 2.
1347 1644 1415 1671 Coll.
1435 1644 1488 1671 LL.
1508 1645 1541 1671 Μ.
1562 1645 1619 1671 XV.
1639 1647 1663 1671 2.
1701 1645 1858 1671 Convicium
1882 1645 1919 1672 ‹li-

1077 1699 1144 1721 cere,
1163 1688 1206 1714 vol
1225 1688 1319 1715 leviter
1338 1687 1451 1724 pulsare.
1472 1702 1504 1707 -
1527 1687 1637 1724 Flagris,
1656 1688 1811 1714 verberibus
1830 1688 1920 1715 vnlne-

1076 1742 1140 1758 rare.
1170 1732 1199 1758 fr.
1221 1733 1242 1757 7.
1272 1732 1293 1764 5.
1313 1732 1337 1756 2.
1367 1730 1397 1756 1“1·.
1420 1733 1457 1756 15.
1483 1731 1504 1764 5.
1524 1732 1565 1757 44.
1591 1730 1623 1757 de
1643 1731 1718 1756 iniur.
1738 1732 1779 1757 47.
1800 1733 1839 1758 10.
1877 1731 1918 1758 111.

1076 1776 1142 1802 Cn·
1171 1774 1200 1800 Si
1220 1773 1283 1810 quid
1303 1782 1334 1799 ex
1354 1772 1410 1805 hiS‚
1430 1783 1496 1809 quac
1515 1773 1610 1800 leviter
1628 1773 1791 1800 observanda
1810 1773 1920 1800 Praetor

1076 1817 1170 1848 edixit,
1196 1826 1248 1843 nou
1268 1817 1303 1842 sit
1322 1815 1425 1842 factum.
1456 1816 1486 1843 1“1·.
1508 1818 1529 1843 1.
1550 1817 1571 1850 5.
1593 1818 1631 1842 15.
1652 1816 1684 1842 de
1704 1817 1798 1853 inspic.
1818 1822 1917 1843 ventre.

1074 1862 1115 1886 25.
1136 1861 1158 1885 4.

1109 1904 1200 1929 Lex.
1238 1902 1268 1935 ᾖ.
1289 1903 1325 1928 l.
1353 1904 1567 1937 Praeceptum
1593 1903 1681 1928 iuris
1703 1904 1794 1929 certi.
1837 1904 1917 1930 Con·

1073 1947 1218 1971 stitutio.
1256 1944 1273 1971 I.
1289 1946 1351 1978 Sy.
1371 1944 1421 1971 Ius.
1443 1945 1483 1972 Cf.
1499 1945 1523 1972 h.
1537 1955 1561 1971 v.
1582 1945 1640 1978 51.
1661 1945 1759 1978 5.1.A.
1791 1945 1833 1971 III.
1850 1947 1916 1973 Cn.

1072 1988 1149 2014 Ratio
1169 1987 1303 2019 naturalis.
1324 1989 1398 2024 quasi
1418 1988 1462 2015 Iex
1481 1987 1606 2025 quaedam
1627 1989 1711 2014 tacita.
1732 1988 1762 2014 fr.
1783 1990 1805 2014 7.
1825 1998 1862 2025 pr.
1884 1988 1916 2015 de

1073 2031 1133 2057 bon.
1154 2030 1266 2057 damnat.
1286 2033 1326 2057 48.
1346 2034 1387 2057 20.
1425 2031 1486 2062 Ius,
1511 2030 1583 2067 quod
1607 2029 1650 2056 lex
1670 2035 1776 2057 naturae
1796 2032 1852 2057 eius
1872 2032 1916 2058 tri-

1073 2074 1137 2101 buit.
1158 2074 1189 2100 fr.
1202 2075 1243 2100 27.
1263 2075 1284 2108 5
1300 2076 1323 2100 3.
1345 2074 1377 2101 de
1396 2079 1463 2112 pact.
1480 2076 1502 2100 ⁸2.
1526 2076 1564 2101 14.
1602 2073 1658 2100 Lex
1678 2079 1791 2099 naturae.
1807 2090 1839 2093 —
1858 2074 1916 2101 Lex

1073 2115 1203 2154 specialis..
1228 2117 1258 2143 1“1·.
1278 2119 1318 2143 24.
1340 2117 1372 2143 de
1391 2122 1460 2143 statu
1480 2117 1548 2143 hom.
1571 2119 1593 2143 l.
1613 2119 1636 2142 5.
1674 2116 1824 2143 Secundum
1844 2117 1914 2153 leges

1072 2169 1211 2195 moresque
1229 2162 1435 2196 peregrinorum.
1466 2159 1522 2186 Gai.
1544 2159 1561 2185 I.
1582 2161 1623 2185 92.
1644 2158 1675 2185 cf.
1698 2160 1754 2185 193.
1778 2174 1804 2178 —
1827 2161 1857 2194 ᾖ.
1878 2162 1912 2186 2.

1072 2205 1127 2230 1123
1147 2205 1245 2229 civile
1264 2205 1346 2229 Rom.
1372 2203 1390 2229 I.
1406 2204 1467 2237 Sy.
1487 2203 1530 2228 Ius
1550 2202 1706 2238 (puinCum.
1726 2211 1746 2228 s.
1762 2202 1912 2238 Quiritium,

1072 2255 1092 2272 s.
1113 2246 1253 2277 nostrum.)
1275 2245 1315 2272 Cf.
1334 2256 1359 2272 v.
1379 2246 1429 2272 lus.
1450 2246 1487 2279 55.
1510 2244 1613 2271 1.B.C.
1650 2244 1680 2270 11.
1702 2246 1768 2279 Op.
1788 2244 1866 2280 Lege,
1880 2261 1912 2264 —

1071 2288 1169 2315 Natura
1189 2288 1366 2321 (manifestum
1387 2288 1482 2315 furtum
1502 2288 1579 2320 fiori.)
1600 2287 1656 2314 Gai.
1677 2287 1718 2314 III.
1740 2290 1795 2314 194.
1834 2287 1912 2314 Natu-

1072 2332 1125 2358 rale
1144 2333 1183 2358 ins
1205 2336 1229 2357 et
1242 2333 1365 2367 gentium.
1379 2347 1411 2350 —
1432 2331 1518 2357 Civile
1537 2331 1577 2356 ins
1598 2335 1623 2356 et
1636 2330 1721 2366 legum
1735 2330 1807 2356 orda.
1828 2330 1911 2357 [1131.

1070 2385 1109 2411 pr.
1130 2374 1220 2412 depos.
1243 2377 1281 2400 lb'.
1301 2376 1325 2400 3.
1364 2374 1405 2399 III.
1421 2375 1486 2401 Cn.
1506 2372 1556 2399 Vel
1575 2375 1664 2409 gratia,
1683 2373 1724 2399 vel
1744 2373 1850 2404 iustitia.
1869 2373 1911 2400 vcl

1072 2418 1136 2454 legis
1157 2417 1253 2443 anxilio
1274 2417 1411 2448 (obtinere
1431 2418 1536 2453 posse.)
1563 2416 1593 2442 fr.
1615 2418 1653 2442 17.
1678 2416 1699 2448 5.
1720 2417 1742 2440 6.
1756 2415 1795 2441 ‘ad
1813 2414 1842 2441 L.
1863 2415 1910 2442 Iul.

1071 2460 1104 2486 de
1123 2460 1203 2487 adult.
1221 2463 1261 2486 48,
1276 2461 1299 2485 5.
1337 2460 1370 2485 Et
1389 2459 1500 2495 legibus7
1521 2464 1546 2486 et
1565 2463 1636 2485 recto
1656 2459 1720 2484 iuris
1740 2458 1831 2484 ordine
1844 2458 1911 2492 (vin-

1071 2503 1172 2535 dicari.)
1193 2502 1242 2529 Th.
1258 2502 1288 2529 C.
1302 2502 1334 2528 X.
1352 2504 1390 2528 10.
1411 2512 1431 2528 c.
1451 2505 1475 2529 -3.
1496 2502 1527 2528 cl'.
1549 2513 1569 2528 c.
1592 2503 1629 2527 11.
1650 2500 1682 2526 de
1701 2502 1774 2537 petit.
1795 2506 1820 2527 et
1839 2501 1909 2528 ultro

1070 2546 1121 2573 dat.
1159 2545 1198 2572 Ne
1218 2546 1353 2582 usurpatio
1373 2545 1467 2571 iudicia
1486 2545 1610 2581 legesque
1624 2543 1773 2570 confundat.
1793 2544 1829 2570 lb.
1844 2544 1872 2570 II.
1887 2547 1908 2571 l.

1070 2600 1090 2615 c.
1104 2591 1129 2615 2.
1150 2588 1182 2614 (le
1202 2588 1329 2614 iurisdict.
1367 2588 1440 2614 quta
1460 2588 1543 2623 legum
1564 2596 1699 2612 censuram
1720 2586 1836 2623 (exigere
1854 2588 1909 2614 vin-

1069 2631 1190 2663 dictam.)
1215 2641 1236 2657 e.
1258 2633 1279 2657 1.
1304 2630 1337 2657 de
1362 2641 1431 2667 pree.
1451 2630 1513 2666 Imp.
1539 2630 1611 2655 offer.
1638 2631 1659 2654 1.
1681 2630 1720 2655 19.
1759 2629 1844 2665 Agant
1862 2641 1908 2667 pu-

1068 2674 1146 2700 blicis
1166 2673 1276 2709 legibus,
1297 2679 1321 2700 et
1335 2675 1390 2700 iure
1403 2672 1540 2699 communi.
1560 2671 1626 2698 Νῦν.
1642 2671 1698 2698 Val.
1712 2672 1754 2699 ΠΙ.
1775 2672 1807 2699 de
1827 2674 1906 2710 episc.

1069 2717 1146 2743 indic.
1166 2716 1194 2742 II.
1215 2718 1257 2742 35.
1278 2727 1298 2742 c.
1319 2718 1339 2742 l.
1360 2726 1398 2752 pr.
1419 2716 1439 2748 5.
1462 2717 1482 2740 l.
1521 2715 1581 2750 Quo
1602 2719 1628 2740 tu
1648 2716 1703 2741 inre
1721 2720 1905 2742 testamentum

1068 2760 1152 2786 facere
1171 2761 1273 2796 possis.
1294 2758 1436 2785 secundum
1455 2757 1536 2792 legem
1556 2757 1695 2794 publicam.
1721 2758 1777 2785 Gai.
1798 2758 1827 2784 11.
1849 2759 1903 2783 104.

1068 2802 1230 2835 pactionem,
1251 2812 1327 2838 quam
1347 2800 1441 2831 velint.
1462 2800 1512 2826 sibi
1532 2800 1638 2833 saciant,
1660 2801 1720 2828 dum
1740 2812 1772 2828 ne
1791 2801 1853 2837 qnid
1873 2810 1903 2826 ex
