2197 3121
254 171 290 201 14
974 162 1066 195 ACO
1092 180 1130 186 —
1154 160 1252 193 ACT.

286 253 396 279 Aeor.
454 251 563 278 riuum
595 249 809 282 corruptione
839 247 1006 273 uvidulam
1032 246 1090 281 fa-

252 300 343 321 ceum.
385 293 426 320 III.
448 294 511 321 sn.
548 291 695 319 Periculum
720 290 804 316 acoris
828 294 853 315 et
878 289 994 316 mucoris
1017 298 1090 325 prae-

252 341 335 364 stare.
356 346 379 363 v.
399 337 529 373 pcrtinffe
548 335 579 362 ad
599 340 646 361 etc.
676 333 704 359 t'r.
725 334 749 359 4.
768 342 808 370 pr.
827 333 849 367 ᾗ.
871 334 892 358 l.
913 332 945 358 (le
963 332 1043 369 peric.
1064 334 1090 356 et

254 389 345 406 comm.
372 381 410 405 18.
430 380 453 405 6.

288 422 507 455 Atquin-re.
545 420 566 447 C
571 420 585 446 s.
605 429 628 445 v.
650 418 805 455 iniquit-ere.

287 464 515 491 Acrimouin.
536 464 720 494 Set-eritas,
738 462 950 488 Veh-ementita.
970 457 1012 484 111.
1024 458 1090 486 Cn.

254 508 308 543 Qui
327 509 461 534 veritatem
481 505 584 532 audacia
604 504 645 530 vel
669 505 809 530 acrimonia
834 507 948 540 superet.
987 500 1037 527 Th.
1059 500 1090 527 C.

254 550 298 577 XI.
318 552 359 577 36.
380 560 400 576 c.
416 551 438 575 7.
471 550 550 583 Quor.
565 558 624 585 app.
644 558 668 574 n.
689 558 739 574 rec.
772 546 883 573 Debitae
902 545 1010 572 ultionis
1029 545 1092 571 acri-

255 594 348 620 monia.
384 592 421 618 lb.
441 590 508 618 XVI.
527 592 551 617 2.
572 601 592 617 c.
612 592 646 616 40
665 590 697 617 de
717 591 797 628 episc.

290 635 440 663 Acriter
465 633 575 666 (Adv.).
618 635 745 665 Serere,
772 633 936 660 Graviter.
972 629 1003 656 Π.
1025 631 1092 664 Op.

255 677 359 705 Lenius.
380 693 411 697 —
437 676 530 703 Acrius
550 676 678 709 (sat-erc).
708 676 737 702 fr.
756 678 798 701 20.
822 675 843 709 ᾖ.
864 676 887 700 5.
913 673 944 700 dc
964 672 991 700 S.
1010 672 1039 699 P.
1059 671 1092 699 V.

254 723 278 748 ὅ.
298 723 322 747 2.
366 719 410 746 Ill.
429 720 495 747 0⁴11.
522 719 602 746 Extra
629 719 746 745 ordinem
771 718 931 749 vindicatur.
958 726 987 742 eo
1007 717 1093 742 acrius

255 765 278 790 si
298 768 346 790 etc.
376 762 447 789 Paul.
467 762 497 789 V.
517 764 541 789 4.
561 763 582 797 §.
600 764 637 789 16.
666 761 775 788 Praetor
793 762 886 787 acriter
905 760 1014 796 exsequi
1028 759 1094 785 hanc

255 817 309 833 rem
328 805 414 832 debet.
448 805 478 832 fr.
497 806 538 831 35.
566 805 598 832 de
618 806 693 831 ininr.
718 806 759 830 47.
780 805 820 830 10.
857 802 887 829 Si
905 803 1024 840 privatus
1044 807 1093 829 est.

255 850 348 876 acriter
373 858 464 875 caesus
489 848 574 875 exsilii
600 848 692 874 subeat
715 856 833 885 poenam.
862 856 883 873 c.
903 847 944 872 32.
965 845 997 872 de
1016 845 1093 872 locat.

255 895 277 919 4.
298 894 339 919 65.

289 936 385 963 Λεία
409 935 541 968 (subsc).
580 935 778 968 Scripturae
794 934 962 968 publicae,
981 934 1016 958 de
1033 932 1094 963 iis,

254 989 334 1014 quae
358 980 390 1005 in
414 980 486 1004 inre
511 980 558 1004 vel
577 978 702 1003 indicio
721 982 874 1012 aguntur.
911 974 930 1001 I.
950 976 1012 1009 Sy.
1041 973 1095 1000 Μο-

255 1026 376 1048 numenta
388 1020 499 1058 publica.
524 1020 614 1047 Iulian.
629 1029 669 1056 ep.
684 1029 743 1045 nov.
758 1029 778 1045 c.
789 1020 831 1044 30.
845 1018 867 1052 §.
879 1019 936 1044 107.
973 1017 1015 1044 ΠΙ.
1028 1018 1095 1045 (7η.

255 1065 309 1101 Qui
328 1065 456 1091 rationes.
483 1068 554 1095 acta,
573 1062 693 1089 libellos.
713 1061 800 1088 album
818 1062 998 1098 propositum.
1017 1064 1096 1086 testa-

255 1109 356 1135 tiones.
377 1107 523 1134 cautiones.
550 1104 736 1142 chirographa.
761 1104 888 1142 epistolas
907 1120 939 1124 -—
959 1103 1095 1130 deleverit.

257 1150 328 1177 Paul.
348 1149 379 1176 V.
403 1151 444 1176 25.
469 1150 490 1184 §.
515 1151 538 1175 5.
565 1148 596 1175 ct'.
622 1149 643 1183 ξ.
667 1150 705 1174 10.
742 1147 930 1175 Instrumenta.
950 1146 993 1173 vel
1013 1145 1097 1173 chiro-

255 1193 360 1230 grapha,
380 1197 436 1219 acta
456 1193 533 1219 etiam
552 1191 637 1218 adius
652 1192 811 1229 privatorum
824 1190 989 1228 pertinentia.
1009 1189 1040 1216 fr.
1054 1190 1096 1215 45.

255 1237 277 1271 ᾗ,
296 1238 320 1262 4.
345 1235 377 1262 cf.
397 1236 418 1270 ξ.
438 1237 462 1261 5.
483 1234 514 1261 dc
533 1236 588 1261 iure
608 1234 674 1261 fist-i.
695 1236 735 1260 49.
758 1235 796 1260 14.
826 1234 892 1260 Acta
911 1233 1026 1271 publica,
1044 1237 1096 1259 tam

255 1279 341 1306 civilia
369 1288 445 1315 quam
469 1277 618 1304 criminalia.
653 1287 673 1303 c.
693 1279 716 1303 2,
741 1276 773 1303 dv
793 1276 902 1303 edendo.
926 1278 950 1303 2.
972 1278 994 1303 1.
1030 1275 1098 1302 Acta

257 1322 326 1360 apud
344 1321 472 1348 Rectores
491 1321 586 1347 I‘rovv.
608 1325 655 1347 etc.
677 1320 801 1346 confecta.
831 1319 862 1346 fr.
882 1321 924 1346 21.
945 1319 978 1346 de
991 1324 1057 1346 auct.
1072 1323 1098 1345 et

257 1375 328 1392 cons.
352 1366 394 1391 26.
413 1365 436 1390 8.
475 1363 525 1390 Th.
545 1364 576 1390 C.
594 1363 639 1390 XI.
664 1365 704 1389 3⁰.
737 1373 757 1389 c.
777 1364 818 1389 31.
844 1362 876 1389 de
895 1373 955 1400 app,
976 1367 1001 1389 et
1019 1372 1096 1400 poen.

257 1408 322 1435 Acta
342 1407 411 1445 apud
430 1417 458 1433 se
477 1407 572 1433 habita.
606 1406 669 1433 Pars
689 1411 805 1432 actorum
824 1406 972 1432 habitorum
991 1406 1018 1432 in
1038 1415 1098 1432 con—

256 1452 364 1478 sistorio
383 1450 452 1488 apud
471 1450 552 1487 Impp.
578 1450 608 1476 fr.
628 1451 668 1476 45.
689 1459 727 1486 pr.
753 1449 786 1475 de
804 1459 833 1475 re.
852 1448 903 1475 iud.
923 1449 965 1474 42.
986 1450 1009 1474 l.
1046 1447 1096 1474 Th.

257 1494 288 1521 C.
308 1494 326 1521 I.
348 1495 387 1520 10.
409 1504 429 1520 c.
449 1494 473 1519 3.
494 1493 526 1519 dv
545 1493 588 1519 off.
609 1492 660 1519 iud.
681 1502 748 1518 omn.
772 1491 817 1518 XI.
836 1492 878 1518 39.
899 1501 920 1518 c.
940 1493 964 1518 5.
985 1501 1006 1518 c.
1020 1492 1044 1518 8.
1064 1491 1097 1518 dc

256 1537 309 1564 fide
328 1541 386 1563 test.
425 1536 478 1572 Qui
498 1535 702 1562 sollicitudinem
725 1535 756 1562 ab
781 1535 846 1561 actis
866 1535 892 1561 iu
917 1534 1096 1572 amplitudinis

257 1585 315 1606 tuae
333 1584 423 1616 gerent
443 1578 538 1606 officio.
564 1589 584 1605 c.
605 1581 628 1605 7.
648 1579 669 1613 ξ.
689 1580 713 1605 3.
738 1578 770 1604 ‹lc
790 1577 880 1604 advoc.
901 1577 952 1604 div.
973 1577 1096 1604 iudicum.

256 1625 280 1649 2.
300 1624 324 1649 8.
362 1622 493 1649 Scrinium
517 1622 548 1648 ah
573 1623 645 1648 actis.
675 1632 696 1648 c.
719 1623 739 1647 l.
766 1622 831 1655 §.15
861 1620 893 1647 de
918 1620 962 1647 off.
981 1620 1034 1647 Prf.
1054 1620 1096 1647 Pr.

257 1666 311 1693 Afr.
337 1667 359 1691 1.
379 1667 420 1691 27.
459 1664 607 1692 Scriniarii.
633 1669 657 1691 et
677 1664 718 1691 Ab
738 1665 815 1693 actis.
841 1668 866 1689 et
890 1673 1047 1700 praecones,
1073 1668 1098 1689 et

258 1709 518 1737 commentarienses.
538 1713 561 1733 et
583 1708 741 1745 lampadarii.
772 1707 862 1734 Iulian.
883 1717 923 1744 ep.
943 1716 1003 1733 nov.
1023 1707 1097 1733 αδδ.

257 1752 278 1786 ξ.
300 1752 357 1778 166.
395 1750 473 1788 Apud
493 1756 548 1777 aeta
568 1750 699 1777 Praesidis
724 1761 747 1777 v.
767 1751 933 1787 magistratus
958 1749 1099 1783 (mandare

258 1795 481 1832 procurationem.
506 1804 529 1820 ν.
550 1795 709 1820 constituere
728 1793 949 1831 procuratorem).
987 1792 1059 1819 Paul.
1079 1791 1098 1818 I.

257 1839 281 1864 3.
302 1838 323 1872 ξ.
345 1839 366 1863 l.
396 1836 480 1863 Vatic.
500 1837 521 1870 ξ.
542 1838 601 1863 317.
622 1838 819 1874 (promittere).
849 1836 880 1863 fr.
900 1838 941 1862 17.
961 1835 993 1862 de
1012 1837 1039 1862 in
1057 1836 1098 1862 ius

258 1891 315 1907 voc.
343 1882 367 1906 2.
393 1881 416 1906 4.
449 1879 551 1912 (sne-»ru
575 1880 767 1916 professionem
791 1879 966 1912 donationis).
1013 1878 1098 1905 vatic.

258 1925 296 1958 ἐξ.
315 1924 373 1949 266.
394 1934 415 1949 a.
434 1923 492 1948 268.
514 1922 699 1955 (adseverare.
719 1932 743 1948 v.
764 1923 904 1949 contestari
924 1922 998 1955 ctc.).
1024 1921 1054 1948 fr.
1075 1923 1098 1948 7.

259 1967 281 2001 §.
294 1967 318 1993 3.
338 1966 370 1992 de
390 1965 476 1992 (Iecur.
496 1967 537 1991 50.
551 1968 574 1991 2.
605 1964 676 1991 Paul.
692 1964 722 1991 V.
750 1967 771 1991 1.
798 1966 819 1999 ξ.
834 1967 857 1992 4.
895 1965 970 1991 Actis
988 1965 1100 1990 interve-

261 2008 393 2036 nientibus
413 2008 508 2042 (lilium
528 2018 603 2034 suum
622 2008 775 2041 nominare).
794 2008 816 2042 ξ.
832 2010 871 2034 12.
896 2007 914 2034 I.
928 2007 960 2034 de
973 2007 1061 2044 adopt.
1076 2009 1099 2033 l.

262 2054 300 2078 ll.
316 2051 514 2084 (manifestare).
534 2052 590 2085 §.a
606 2050 623 2077 I.
644 2052 695 2086 Qu.
709 2050 778 2077 mod.
792 2052 840 2077 ins.
855 2056 909 2088 pot.
923 2050 989 2078 solv.
1005 2052 1027 2077 l.
1043 2052 1082 2076 12.

296 2095 414 2122 Actio.
463 2094 494 2128 §0
514 2095 548 2120 1.
584 2095 741 2121 Formnla
778 2096 931 2120 solemnis
966 2095 1099 2129 agendi,

261 2145 325 2165 lam
350 2140 381 2164 in
406 2139 475 2164 inre
499 2146 590 2171 quam
614 2138 701 2162 inter
718 2139 880 2170 privatos.
916 2136 1011 2171 1831.
1038 2135 1101 2162 For-

261 2180 337 2208 mnla.
375 2180 430 2207 Gai.
451 2179 494 2206 lv.
513 2181 554 2206 33.
575 2181 615 2206 74.
644 2178 781 2215 Negotium
802 2178 886 2206 civile.
915 2179 993 2205 Actio
1006 2178 1099 2205 civilis.

263 2224 322 2261 le.
348 2223 391 2250 XI.
411 2225 451 2249 27.
484 2222 567 2248 Yatic.
587 2223 608 2256 ς’.
629 2224 669 2248 47.
707 2222 789 2248 Actus
809 2222 984 2258 (legitimus).
1021 2222 1100 2248 Actio

263 2266 378 2298 (civilis.
404 2276 427 2292 v.
453 2265 542 2301 legis).
581 2264 616 2291 lh.
641 2266 678 2300 ἕξ
698 2267 739 2291 45.
759 2266 800 2291 47.
820 2266 861 2291 49.
880 2275 920 2301 sq.
952 2264 982 2291 fr.
1003 2266 1043 2291 77.
1069 2264 1101 2291 (le

263 2309 292 2336 li.
314 2309 330 2335 I.
351 2311 391 2335 50.
415 2310 453 2334 17.
492 2307 532 2334 Ill.
554 2309 619 2335 Cn.
651 2307 731 2334 Civili
751 2308 860 2335 actione.
881 2317 933 2333 uon
952 2307 1101 2340 traditione,

263 2362 329 2388 quac
348 2353 412 2379 iuris
430 2352 544 2387 gentium
564 2356 612 2379 cst.
632 2350 769 2382 (constitui
789 2350 889 2387 posse).
927 2349 1010 2377 Vatic.
1023 2351 1045 2385 ξ.
1059 2352 1101 2377 47.

264 2394 405 2430 Legitimac
418 2395 542 2420 actiones.
576 2393 616 2420 Fr.
631 2393 662 2419 C.
678 2393 744 2419 Aviti
759 2393 828 2419 Galli
842 2393 906 2419 lCti.
921 2393 970 2430 Ap.
995 2393 1102 2420 Festum

264 2447 287 2462 v.
309 2436 455 2463 Possessio.
483 2436 524 2463 (ΞΓ.
545 2436 573 2462 sr.
587 2438 610 2462 2.
631 2436 651 2470 ξ.
665 2437 689 2462 6.
709 2435 741 2461 «le
755 2436 817 2462 0.1.
839 2438 861 2462 1.
875 2438 898 2462 2.
927 2436 1004 2471 Legis
1024 2438 1103 2463 actio·

266 2489 324 2505 nes.
351 2489 415 2514 quae
439 2480 546 2506 sormam
571 2478 662 2515 age-ndi
687 2479 827 2504 continent.
862 2478 893 2505 fr.
911 2481 936 2505 2.
961 2480 982 2513 ξ,
1004 2481 1043 2505 12.
1070 2479 1103 2505 de

265 2523 298 2548 0.
314 2521 331 2547 Ι.
354 2523 374 2547 l.
393 2524 416 2547 2.
454 2522 510 2549 (iai.
531 2522 574 2548 IV.
596 2524 634 2548 ll.
672 2520 749 2557 Legis
768 2522 869 2547 actione
887 2532 970 2557 agere„
990 2531 1014 2548 v.
1034 2521 1103 2557 Lege

267 2574 348 2599 agere.
381 2564 437 2590 Gai.
462 2565 478 2590 Ι.
507 2567 560 2591 184.
592 2564 652 2601 ΠΡ.
678 2563 722 2590 XI.
746 2566 787 2590 24.
811 2566 853 2590 27.
890 2564 1014 2591 Sublatac
1042 2568 1103 2590 sunt

267 2608 332 2633 istac
352 2606 415 2641 legis
435 2608 564 2639 actiones,
589 2607 761 2642 effectumque
781 2611 834 2637 est,
861 2611 888 2633 ut
910 2617 958 2644 per
977 2612 1103 2644 concepta

268 2649 360 2676 vei-ba.
381 2650 396 2674 i.
416 2660 436 2675 c.
456 2660 503 2686 per
523 2649 660 2682 formulas,
678 2649 844 2684 litigat-emus
876 2650 933 2676 Gai.
947 2649 990 2676 IV.
1009 2651 1051 2675 30.
1071 2649 1103 2675 cf.

267 2693 308 2717 25.
329 2693 369 2717 52.
390 2692 430 2717 95.
451 2707 482 2711 —
506 2692 537 2725 §0
558 2694 592 2718 2.
622 2695 676 2719 Ius
695 2693 932 2727 magistr-alna,
952 2694 1104 2718 solemnis

264 2736 433 2770 formulae
451 2736 699 2762 celebrationem
721 2743 828 2762 coram
852 2744 882 2760 se
900 2736 1103 2760 admittendi.

271 2776 311 2802 Ill.
332 2777 397 2803 Gn.
434 2775 611 2811 Magistrum,
635 2777 703 2814 apud
722 2786 798 2814 quenl
821 2776 886 2812 legis
909 2777 976 2803 actio
1000 2781 1054 2808 cst,
1083 2786 1103 2802 s.

272 2820 310 2845 cui
332 2818 389 2844 «lata
414 2823 452 2844 est
477 2818 540 2851 legis
565 2820 638 2845 actio.
671 2820 699 2846 sr.
720 2822 743 2846 ⁴2.
770 2819 802 2846 de
822 2819 908 2856 adopt.
935 2820 955 2844 l.
977 2820 999 2845 7.
1030 2819 1060 2845 l'r.
1080 2820 1103 2845 3.

1134 243 1167 270 de
1185 243 1229 270 oss'.
1244 242 1318 270 Proc.
1339 247 1364 269 et
1378 241 1439 278 ch.
1460 243 1482 268 l.
1504 244 1542 268 16.
1574 252 1595 268 c.
1616 244 1638 268 1.
1659 241 1691 268 de
1710 241 1797 279 adopt.
1816 244 1840 269 8.
1854 244 1894 270 48.
1923 242 1973 270 Ma-

1134 288 1258 323 gistratus
1277 285 1461 323 municipales.
1481 286 1504 312 si
1523 285 1635 312 habeant
1654 284 1718 321 legis
1738 286 1873 312 actionem.
1901 285 1972 312 Paul.

1134 329 1164 356 II.
1183 331 1225 355 25.
1245 329 1267 363 §.
1287 330 1311 355 4.
1341 344 1374 348 —
1404 329 1435 362 §0
1455 329 1492 354 ³.
1526 330 1582 355 1¹1⁸
1609 330 1810 363 experiundi
1838 330 1973 356 iudicio.

1134 372 1152 399 I.
1172 373 1234 406 Sy.
1271 371 1329 403 Ius,
1350 371 1421 408 quod
1440 370 1491 397 sibi
1511 370 1648 402 debeatur,
1674 370 1771 397 iudicio
1790 371 1973 408 persequendi.

1135 415 1165 441 fr.
1184 417 1226 441 51.
1249 414 1282 441 dc
1301 414 1334 440 Ο.
1355 419 1380 440 et
1399 414 1431 440 A.
1455 415 1496 440 4⁴.
1517 415 1539 440 7.
1583 413 1718 450 Obligatio
1738 413 1867 447 (civiHs).
1900 414 1930 440 fr.
1951 415 1973 440 7.

1134 468 1174 495 pr.
1194 458 1232 492 §§.
1248 459 1270 484 l.
1290 459 1314 483 2.
1334 457 1419 483 4—6.
1439 456 1470 483 sr.
1483 458 1525 482 27.
1539 456 1561 490 ξ.
1573 457 1598 483 3.
1617 456 1650 483 dc
1662 461 1731 493 pact.
1749 458 1774 483 2.
1789 458 1828 482 14.
1862 455 1893 482 11.
1908 457 1975 490 Op.

1134 501 1197 528 Res.
1235 500 1363 537 Corpora.
1384 515 1416 519 -
1436 499 1571 525 Actiones.
1599 499 1629 526 fr.
1648 501 1708 526 204.
1732 499 1765 526 de
1783 499 1814 526 R.
1834 498 1853 525 I.
1872 501 1913 525 50.
1935 500 1974 525 17.

1136 544 1166 571 fr.
1185 545 1210 570 3.
1230 554 1269 581 pr.
1290 543 1323 569 de
1342 542 1371 569 B.
1385 541 1413 568 P.
1427 543 1469 568 37.
1485 544 1507 568 l.
1544 541 1682 569 Personae.
1702 558 1735 563 —
1754 542 1815 569 Res.
1836 558 1868 562 —
1888 542 1976 568 Actio-

1136 597 1191 614 ncs.
1229 587 1286 613 Gai.
1306 585 1324 612 I.
1344 586 1368 612 8.
1408 584 1451 611 Ill.
1471 586 1537 612 Cn.
1568 585 1692 612 Omnium
1711 587 1855 617 actionum,
1880 585 1975 622 quibus

1137 631 1205 657 inter
1224 629 1335 666 aliquos,
1355 627 1424 665 apud
1443 627 1544 654 iudices
1563 628 1717 661 arbitrosve,
1736 629 1769 655 de
1782 638 1936 665 quacunque
1948 638 1976 655 re

1138 673 1283 710 quaeritur,
1302 681 1402 698 summa
1421 671 1524 698 divisio.
1553 671 1575 705 §.
1590 673 1613 697 1.
1632 670 1651 697 I.
1671 671 1703 698 de
1721 673 1815 698 action.
1836 673 1859 698 4.
1878 672 1902 698 6.
1930 671 1976 703 Ea,

1138 726 1248 752 quorum
1267 716 1383 741 actiones
1402 718 1551 751 competere
1569 719 1731 751 compertum
1749 719 1797 741 est.
1825 714 1856 741 fr.
1872 715 1896 741 9.
1916 714 1938 748 §.
1951 714 1975 740 3.

1137 759 1170 785 de
1189 762 1312 785 transact.
1331 760 1355 783 2.
1371 759 1411 783 15.
1440 756 1542 787 Parere,
1561 767 1585 784 v.
1599 757 1730 790 formare,
1748 759 1884 784 actionem.
1914 756 1977 783 Pro-

1138 802 1230 833 ficcre,
1250 811 1271 827 s.
1291 800 1435 832 Prodesse,
1455 799 1487 826 ad
1506 804 1554 826 act.
1582 799 1613 826 sr.
1634 801 1657 826 7.
1674 810 1714 837 pr.
1733 801 1770 835 §§.
1789 803 1814 827 2.
1833 800 1920 826 4—6.
1945 799 1976 826 fr.

1137 847 1179 871 27.
1199 845 1221 879 ᾖ.
1240 846 1264 870 3.
1290 843 1320 870 fr.
1340 845 1382 870 45.
1406 843 1438 870 dc
1462 848 1530 881 pact.
1554 845 1578 869 2.
1599 844 1639 870 14.
1675 842 1824 873 Proficisci,
1847 853 1872 870 v.
1895 842 1977 869 Intro-

1139 888 1213 919 duci,
1232 897 1256 913 v.
1276 886 1356 913 Prodi
1373 887 1488 913 actiones
1508 896 1541 913 ex
1566 885 1698 922 (legibus,
1718 885 1771 912 Sve
1790 885 1882 920 Ctis.).
1919 885 1976 912 Gai.

1138 930 1181 957 III.
1200 931 1259 956 210.
1278 931 1337 956 215.
1357 939 1396 966 sq.
1428 929 1472 956 IV.
1491 931 1533 955 23.
1554 931 1612 955 110.
1632 939 1672 965 sq.
1697 928 1800 963 (edicto
1819 928 1976 962 Praetoris).

1139 973 1176 1000 Id.
1196 972 1239 999 111.
1261 973 1318 999 189.
1338 972 1382 999 IV.
1404 974 1443 999 ll.
1464 974 1521 999 109.
1542 974 1600 999 192.
1621 972 1787 1006 (maleficio).
1816 971 1853 998 Id.
1872 971 1915 998 IV.
1935 974 1976 999 75.

1140 1016 1170 1043 t'r.
1191 1017 1248 1042 111.
1268 1016 1290 1050 §.
1311 1017 1334 1042 l.
1354 1015 1387 1042 de
1405 1015 1436 1042 R.
1456 1015 1474 1041 I.
1494 1017 1535 1042 50.
1556 1017 1596 1042 17.
1616 1015 1790 1049 (contractu).
1813 1014 1844 1041 fr.
1858 1017 1881 1042 7.
1901 1014 1933 1042 de
1951 1015 1976 1042 h.

1141 1069 1184 1096 qu.
1205 1063 1259 1085 not.
1280 1058 1324 1085 inf.
1343 1059 1368 1085 3.
1388 1060 1413 1085 2.
1433 1074 1465 1078 -
1485 1059 1516 1093 §.
1531 1060 1571 1085 4.
1597 1060 1803 1086 Exere-icium
1822 1060 1908 1085 iuria
1926 1067 1978 1085 ex-

1138 1103 1312 1137 periundi,
1349 1103 1547 1136 Impetratio
1587 1103 1812 1136 cuiuscunque
1845 1102 1979 1128 remedii

1140 1147 1236 1172 iuris.
1280 1144 1298 1171 I.
1323 1145 1380 1179 Sy.
1413 1144 1467 1171 Lis.
1505 1144 1535 1171 fr.
1554 1145 1596 1171 36.
1620 1144 1653 1171 de.
1675 1143 1708 1171 V.
1727 1144 1754 1171 S.
1773 1146 1815 1171 50.
1836 1144 1875 1170 16.
1911 1143 1979 1170 ludi-

1141 1189 1217 1214 cium.
1246 1187 1276 1214 fr.
1296 1189 1320 1215 9.
1339 1198 1378 1225 pr.
1399 1188 1431 1215 (le.
1451 1187 1560 1214 edendo
1588 1189 1612 1214 2.
1634 1189 1674 1214 13.
1702 1187 1732 1214 fr.
1751 1188 1870 1214 47-49.
1895 1186 1927 1213 de
1946 1185 1978 1213 N.

1142 1230 1173 1257 G.
1193 1232 1217 1257 3.
1237 1233 1260 1257 5.
1285 1230 1316 1257 fr.
1337 1233 1359 1257 1.
1379 1241 1418 1268 pr.
1448 1230 1478 1257 fr.
1498 1233 1522 1257 5.
1548 1231 1569 1265 ξ.
1589 1231 1613 1257 6.
1638 1229 1670 1257 de
1693 1229 1718 1256 h.
1743 1240 1785 1267 qu.
1809 1229 1887 1257 effud.
1911 1231 1935 1256 9.
1953 1230 1978 1256 3.

1141 1273 1319 1301 Interdictum.
1348 1274 1377 1301 fr.
1398 1276 1439 1300 40.
1458 1284 1497 1311 pr.
1518 1273 1550 1300 de
1568 1283 1641 1311 proc.
1659 1274 1684 1300 3.
1702 1274 1727 1300 3.
1751 1273 1782 1300 fr.
1802 1274 1842 1300 13.
1862 1273 1883 1307 §.
1902 1274 1926 1299 2.
1946 1271 1979 1299 de

1142 1317 1208 1344 usus.
1229 1319 1252 1344 7.
1273 1319 1295 1344 l.
1338 1317 1480 1344 Accusatio
1500 1317 1630 1354 (suspecti
1648 1316 1770 1350 tutoris).
1800 1316 1831 1343 fr.
1851 1317 1874 1342 1.
1897 1316 1935 1350 §§.
1954 1316 1978 1341 5.

1141 1362 1165 1387 6.
1180 1360 1212 1387 de
1225 1371 1298 1398 susp.
1312 1365 1360 1387 tut.
1374 1362 1415 1387 26.
1431 1362 1470 1387 10.
1484 1361 1522 1395 ἒξ
1535 1362 1560 1386 2.
1574 1370 1614 1396 sq.
1634 1359 1652 1386 I.
1667 1359 1724 1386 eod.
1746 1361 1767 1386 l.
1778 1360 1819 1386 26.
1856 1358 1898 1385 ΙΠ.
1913 1359 1979 1386 Cn·

1142 1403 1308 1433 Desiderare.
1328 1404 1436 1430 utactio
1456 1403 1539 1430 detur.
1570 1403 1626 1429 Gai.
1640 1402 1682 1429 III.
1697 1404 1755 1429 122.
1791 1401 1980 1429 Accommodat

1142 1448 1166 1474 ei
1194 1447 1302 1474 Praetor
1324 1448 1460 1473 actionem.
1495 1445 1551 1473 Gai.
1576 1445 1620 1472 IV.
1645 1447 1685 1472 72.
1724 1445 1777 1472 Dat
1805 1461 1838 1465 —
1860 1445 1980 1481 Denegat

1142 1491 1278 1517 actionem.
1299 1489 1328 1516 sr.
1347 1492 1371 1516 2.
1391 1490 1412 1524 §.
1432 1491 1456 1516 5.
1476 1489 1506 1516 fr.
1525 1491 1548 1516 4.
1574 1489 1626 1525 Qu.
1640 1488 1731 1515 satisd.
1746 1498 1800 1525 cog.
1819 1490 1843 1515 2.
1863 1489 1886 1515 8.
1910 1487 1940 1515 fr.
1955 1489 1978 1514 7.

1141 1534 1162 1567 ξ.
1181 1535 1206 1560 2.
1227 1533 1258 1559 (le
1277 1538 1344 1571 pact.
1363 1535 1388 1559 2.
1409 1534 1449 1559 14.
1472 1532 1504 1559 fr.
1520 1534 1577 1558 102.
1596 1532 1618 1566 §.
1633 1534 1655 1559 l.
1676 1532 1706 1558 fr.
1728 1533 1785 1559 127.
1804 1531 1836 1558 dc
1848 1530 1879 1558 R.
1898 1530 1917 1558 Ῑ.
1937 1532 1978 1557 50.

1143 1578 1182 1602 17.
1211 1576 1255 1603 Vti
1269 1577 1371 1603 actione.
1390 1575 1459 1613 apud
1474 1575 1632 1602 Praetorem.
1661 1575 1717 1603 Gai.
1730 1574 1775 1601 IV.
1788 1576 1830 1601 29.
1857 1574 1980 1611 Experiri

1141 1620 1243 1646 actione
1256 1619 1382 1645 adversus
1397 1624 1446 1645 etc.
1474 1618 1510 1645 Ib.
1522 1618 1565 1645 IV.
1577 1620 1618 1644 64.
1638 1617 1669 1645 fr.
1679 1619 1721 1645 43.
1731 1618 1753 1652 ξ.
1766 1619 1788 1644 l.
1807 1617 1838 1644 fr.
1850 1619 1907 1644 155.
1919 1617 1940 1651 ξ.
1956 1618 1978 1644 l.

1142 1662 1174 1689 dc
1187 1662 1218 1689 R.
1229 1662 1247 1688 I.
1261 1664 1301 1688 50.
1314 1664 1354 1688 17.
1378 1662 1463 1697 Agere
1476 1663 1584 1688 actione.
1610 1660 1666 1688 Gai.
1680 1661 1723 1688 ῙΠ.
1738 1662 1795 1687 160.
1808 1660 1852 1687 IV.
1866 1661 1907 1686 69.
1921 1661 1978 1685 100.

1141 1705 1238 1732 Venire
1258 1706 1284 1732 in
1303 1706 1438 1731 actionem.
1463 1704 1493 1731 fr.
1513 1706 1554 1731 29.
1574 1704 1607 1731 de
1626 1703 1657 1731 N.
1673 1703 1704 1731 G.
1724 1705 1748 1730 3.
1762 1706 1785 1730 5.
1816 1703 1882 1730 Dies
1902 1703 1980 1729 actio-

1142 1749 1192 1775 nis.
1212 1748 1242 1774 l'r.
1263 1750 1286 1774 1.
1306 1748 1327 1782 ξ
1346 1750 1370 1774 2.
1390 1747 1420 1774 fr.
1440 1749 1464 1774 3.
1484 1757 1523 1785 pr.
1548 1747 1580 1774 de
1599 1747 1679 1774 feriis.
1699 1749 1723 1773 2.
1744 1748 1784 1773 12.
1822 1762 1854 1766 -
1889 1747 1921 1780 5.
1941 1746 1979 1773 5.

1143 1793 1332 1819 Persecutio
1352 1800 1470 1817 causae
1486 1793 1656 1825 privatae,
1675 1791 1802 1817 iudicio
1821 1791 1853 1816 ιἰι
1868 1798 1980 1824 pereo-

1143 1845 1212 1862 nam
1232 1835 1422 1862 constituto.
1451 1833 1560 1868 1101».
1579 1833 1778 1860 Praeiudicium.
1801 1831 1979 1859 Interdictum.

1144 1878 1174 1904 fr.
1193 1879 1235 1904 35.
1255 1877 1276 1911 ξ.
1296 1878 1320 1902 2.
1345 1876 1374 1903 fr.
1393 1878 1435 1903 39.
1454 1886 1494 1913 pr.
1519 1876 1551 1903 dc
1569 1886 1641 1913 proc.
1665 1877 1689 1902 3.
1709 1877 1733 1903 3.
1775 1875 1878 1902 Petitio.
1904 1874 1935 1901 sr.
1957 1876 1978 1900 l.

1143 1931 1183 1958 pr.
1209 1919 1241 1947 (le
1265 1919 1292 1946 S.
1313 1919 1343 1946 C.
1363 1919 1426 1946 Mac.
1453 1921 1492 1945 14.
1516 1920 1540 1946 6.
1569 1919 1599 1946 fr.
1619 1921 1643 1945 2.
1667 1919 1689 1953 §.
1710 1921 1732 1945 1.
1757 1918 1789 1945 ad
1814 1918 1841 1945 S.
1861 1917 1891 1945 C.
1911 1916 1978 1944 Veli.

1145 1965 1185 1990 16.
1206 1965 1228 1989 l.
1266 1962 1426 1989 Persecutio.
1455 1962 1485 1988 fr.
1506 1963 1546 1988 18.
1566 1963 1588 1996 ξ.
1609 1963 1631 1988 l.
1652 1961 1685 1988 dc
1702 1960 1820 1998 acceptil.
1840 1962 1881 1987 46.
1900 1962 1923 1987 4.
1948 1960 1978 1987 fr.

1146 2009 1185 2032 10.
1205 2005 1235 2032 fr.
1254 2006 1296 2031 49.
1319 2004 1350 2031 fr.
1366 2007 1423 2030 178.
1443 2005 1480 2038 ᾖς’.
1495 2006 1519 2031 2.
1534 2015 1572 2041 sq.
1593 2004 1625 2031 de
1638 2003 1669 2031 V.
1684 2004 1711 2031 S.
1730 2006 1771 2031 50.
1788 2005 1826 2030 16.
1857 2003 1899 2030 Ill.
1914 2004 1980 2031 Cn·

1144 2049 1172 2075 In
1191 2057 1342 2086 personam.
1362 2057 1386 2073 v.
1408 2046 1570 2074 personalis.
1590 2052 1638 2073 act.
1666 2047 1697 2074 fr.
1719 2049 1740 2073 l.
1765 2047 1809 2073 sm.
1830 2056 1881 2083 reg.
1902 2049 1942 2074 10.
1957 2048 1979 2073 l.

1145 2092 1175 2119 sr.
1201 2093 1257 2118 178.
1287 2091 1308 2125 §.
1328 2092 1352 2116 2.
1382 2089 1414 2117 dc
1438 2089 1469 2117 V.
1490 2089 1517 2116 S.
1542 2091 1583 2116 50.
1604 2092 1643 2116 16.
1686 2090 1791 2117 Debere
1815 2099 1847 2116 ex
1870 2090 1979 2116 actione.

1145 2136 1175 2162 fr.
1201 2137 1240 2161 10.
1264 2133 1281 2160 l.
1305 2133 1321 2159 l.
1350 2135 1391 2159 50.
1418 2135 1457 2159 16.
1495 2149 1527 2153 —
1564 2134 1594 2167 §·
1615 2135 1653 2161 6.
1690 2134 1867 2160 Accusatio
1895 2135 1980 2167 publ.
2018 2149 2020 2152 >

1145 2178 1163 2204 I.
1183 2178 1244 2212 Sy·
1281 2177 1430 2203 Accusatio.
1463 2175 1534 2203 Paul.
1554 2175 1585 2203 V.
1606 2177 1629 2202 6.
1649 2176 1670 2210 §.
1692 2177 1731 2202 14.
1756 2175 1785 2202 sr.
1807 2177 1829 2202 1.
1848 2174 1878 2202 fr.
1896 2177 1921 2203 3.
1940 2186 1979 2213 pr.

1145 2220 1259 2247 stellion.
1284 2221 1325 2246 47.
1344 2222 1386 2245 20.
1415 2219 1445 2246 sr.
1467 2221 1505 2245 15.
1530 2220 1551 2253 §.
1571 2221 1595 2245 3.
1623 2218 1655 2245 ad
1674 2218 1701 2245 S.
1722 2217 1752 2244 C.
1773 2217 1854 2255 Turp.
1877 2220 1918 2245 48.
1939 2220 1979 2245 16.

1145 2263 1187 2290 III.
1208 2265 1274 2291 011.
1306 2261 1440 2300 Capitalcs
1460 2263 1584 2289 actiones.
1613 2272 1634 2288 c.
1654 2263 1677 2287 5.
1698 2262 1720 2288 si
1740 2272 1772 2288 ex
1791 2271 1851 2288 nox.
1872 2271 1892 2288 c.
1912 2263 1937 2288 2.
1955 2263 1979 2289 9.

1145 2307 1179 2333 Et
1206 2306 1292 2333 civilis
1320 2311 1346 2331 ct
1371 2305 1513 2331 criminalis
1537 2305 1612 2331 actio.
1656 2303 1706 2331 Th.
1726 2303 1757 2331 C.
1777 2304 1820 2331 ΙΧ.
1844 2307 1885 2331 20.
1915 2315 1936 2331 c.
1958 2306 1978 2330 l.

1146 2351 1206 2376 vict.
1227 2350 1275 2375 civ.
1295 2359 1332 2385 ag.
1364 2364 1396 2368 -—-
1424 2349 1455 2383 ξ.
1476 2350 1509 2375 ἵ.
1545 2349 1676 2374 Actoris
1695 2357 1793 2382 aeque
1811 2358 1846 2374 ac
1864 2349 1912 2374 rei
1929 2357 1979 2374 ex-

1143 2394 1269 2427 positio
1287 2402 1411 2419 εαιιεαε.
1448 2391 1490 2418 111.
1506 2392 1571 2419 Gn.
1602 2390 1630 2416 Si
1645 2391 1670 2416 in
1685 2391 1788 2427 negotio
1802 2389 1882 2417 civili.
1896 2389 1980 2425 cogni-

1146 2437 1180 2461 tis
1199 2436 1336 2471 utriusqus¹
1356 2435 1403 2468 [al.
1423 2433 1560 2470 utrinque]
1580 2433 1739 2461 actionibus.
1758 2432 1978 2470 pronunciaveris.

1147 2478 1171 2504 b.
1189 2477 1234 2504 XI.
1253 2479 1294 2504 30.
1315 2488 1336 2504 c.
1358 2479 1379 2504 1.
1400 2477 1432 2504 de
1451 2487 1509 2514 app.
1530 2481 1553 2502 ot
1574 2486 1650 2513 poen.
1681 2492 1714 2495 —
1737 2476 1768 2509 §0
1789 2477 1825 2503 S·
1854 2477 1980 2502 Instru-

1147 2527 1283 2547 mentnm
1310 2521 1454 2552 debendi,
1484 2520 1721 2546 Monumentum
1748 2519 1978 2553 probatorium.

1147 2563 1189 2590 III.
1210 2565 1275 2591 Cn.
1312 2563 1397 2589 Iustas
1417 2578 1449 2582 —
1469 2562 1526 2589 lisci
1545 2563 1661 2588 actiones
1680 2562 1853 2599 praecipimus
1877 2570 1980 2587 concrc-

1148 2607 1219 2633 mari.
1256 2606 1293 2633 Ib.
1312 2606 1344 2632 X.
1366 2607 1387 2632 l.
1408 2615 1429 2632 c.
1448 2607 1472 2639 3.
1493 2604 1525 2631 (lc
1544 2605 1599 2630 inre.
1618 2604 1683 2630 fisci.

1182 2650 1364 2676 Actitare-
1401 2649 1519 2683 Agere,
1550 2649 1724 2674 Celebrare.
1763 2646 1782 2673 l.
1803 2647 1859 2681 Sy.
1895 2646 1979 2682 Agere

1150 2692 1283 2725 (causas).
1317 2701 1338 2717 c.
1364 2692 1403 2717 ll.
1431 2691 1453 2724 §
1480 2691 1501 2716 l.
1530 2689 1562 2717 de
1590 2690 1647 2717 adv.
1675 2690 1727 2717 div.
1755 2689 1872 2716 iudicior.
1902 2691 1926 2715 2.
1955 2689 1977 2714 7.

1149 2734 1191 2760 III.
1212 2735 1277 2762 Gn.
1313 2733 1381 2760 Cum
1409 2733 1477 2760 inter
1498 2738 1650 2770 praesentes
1678 2737 1703 2760 ct
1726 2734 1909 2759 convenientes
1936 2740 1978 2757 res

1149 2777 1252 2803 actitata
1271 2777 1312 2802 sit.
1338 2775 1368 2802 fr.
1387 2778 1411 2803 3.
1436 2776 1468 2803 (le
1487 2776 1538 2802 tid«-
1557 2777 1631 2803 instr.
1657 2777 1699 2801 22.
1726 2777 1750 2802 4.
1791 2775 1832 2801 Dc
1854 2784 1901 2800 suo
1923 2774 1979 2800 iure

1150 2835 1181 2838 —
1201 2820 1313 2845 actitare.
1351 2818 1400 2845 Th.
1421 2818 1450 2846 C.
1471 2819 1538 2846 XIII.
1562 2821 1599 2845 11.
1619 2829 1639 2845 c.
1662 2820 1700 2844 15.
1720 2818 1752 2844 de
1771 2818 1891 2844 censitor.
1923 2817 1977 2843 llis.
