2197 3121
267 184 331 215 418

267 267 320 294 Res
333 265 459 303 singulae.
478 264 551 291 velut
565 264 670 293 fundus.
690 263 778 295 homo,
798 263 891 294 vestis,
911 267 1055 298 argentum,
1069 271 1114 299 pe-

268 311 350 337 cunia.
377 309 434 335 Gai.
454 307 483 334 11.
504 309 562 333 260.
589 306 620 333 cl'.
643 308 682 333 13.
703 306 734 333 fr.
756 308 777 333 l.
801 307 823 341 §.
845 308 866 332 l.
887 305 921 332 de
940 305 970 331 R.
991 305 1024 331 l).
1046 307 1068 331 l.
1088 306 1113 331 8.

267 353 297 379 Si
317 354 414 380 vinum.
434 350 476 377 vel
497 350 667 382 srunwntum.
688 355 714 376 et
733 351 755 376 si
774 349 898 378 fundum.
918 348 959 374 vel
979 347 1113 374 hominem

267 395 433 432 stipulemur.
453 394 510 420 Gai.
531 393 573 418 111.
596 394 653 418 121.
680 392 711 419 ct'.
734 394 792 418 141.
830 392 883 428 Qui
903 391 1034 417 hominem
1053 400 1115 427 pro-

268 439 347 465 misit.
367 439 390 464 si
410 436 593 463 statutum-um
613 435 700 461 solvat
719 440 768 461 etc.
790 435 818 462 l'r.
832 437 874 461 35.
894 435 915 468 ξ.
935 435 959 460 3.
980 433 1010 460 fr.
1031 435 1071 460 72.
1091 433 1112 467 §.

267 484 290 507 5.
317 480 350 507 de
373 480 452 507 solut.
478 480 519 505 46.
545 482 570 505 3.
614 478 743 506 Villieus.
768 478 955 514 hominesque,
981 481 1007 503 et
1028 477 1113 503 omnia

268 533 343 560 quae,
364 540 396 543 —
416 528 443 549 ut
463 521 559 548 fundus
585 526 656 548 esset
681 523 839 553 instructus.
860 536 893 540 —
913 521 940 546 in
964 529 994 545 eo
1013 519 1113 546 habuit.

268 577 289 593 c.
308 568 332 592 2.
354 566 386 592 (10
406 565 437 592 V.
458 565 485 592 S.
506 567 529 591 6.
549 566 590 591 38.
628 564 694 592 Res.
721 571 747 591 et
767 564 887 591 homines
908 563 940 590 ad
960 563 1114 599 negotiatio-

268 619 326 636 nem
347 609 436 646 parati.
457 608 487 634 fr.
510 610 566 634 185.
587 607 644 635 eod.
665 610 705 634 50.
722 610 761 634 16.
800 606 904 633 Vsusfr.
926 611 951 632 ct
970 605 1114 637 hominum,

268 657 295 679 et
313 657 476 678 caeterorum
496 650 653 678 animalium.
678 651 735 677 Gai.
756 650 785 676 lI.
805 651 849 676 32.
874 649 905 676 fr.
925 651 949 676 5.
969 649 991 683 ξ.
1010 652 1034 676 3.
1055 658 1115 675 usu-

269 695 298 721 fr.
319 694 465 731 quemadm.
486 695 509 720 7.
522 695 546 721 9.
584 694 613 720 Si
634 704 710 730 quem
724 693 855 719 hominem
868 692 901 720 A.
915 692 1027 729 Agerius
1042 692 1113 723 emit,

269 754 301 757 —
321 739 344 764 ei
366 737 478 764 traditus
498 742 538 763 est
558 742 606 763 etc.
628 736 685 763 Gai.
700 735 744 763 lV.
763 737 805 762 36.
826 735 858 762 cf.
878 737 920 762 40.
940 745 980 772 sq.
999 736 1113 762 93.160.

268 781 352 814 §.4.
374 781 548 811 Minister,
569 782 685 811 :lc-tor,
708 780 918 806 Domesticus.
939 778 958 805 1.
979 779 1041 813 Sy.
1063 778 1114 804 Co-

269 823 354 850 louus.
375 822 425 849 Th.
447 823 477 849 C.
498 823 568 849 XIII.
590 824 611 849 l.
640 833 660 849 c.
681 824 704 848 3.
726 821 758 848 de
777 821 852 848 lustr.
874 821 961 848 collat.
998 821 1053 857 Qui
1072 831 1115 847 ne-

271 867 341 903 gotia
355 876 445 892 eorum
459 866 575 901 legitime
590 865 782 891 administrant.
814 864 940 891 Homines
954 874 1052 891 eorum.
1066 863 1114 890 lul.

270 920 310 947 ep.
331 919 391 935 nov.
413 919 434 935 c.
457 911 478 934 1.
498 909 520 942 ς.
540 910 556 934 2
585 908 617 934 cf.
638 907 688 936 Th.
710 907 741 934 C.
761 907 830 934 XIII.
852 909 891 934 ll.
912 909 989 934 c.15.
1011 907 1043 934 de
1057 917 1115 934 cen-

269 953 343 979 sitor.
381 952 423 978 III.
437 953 502 979 Gn.
522 950 648 977 Homines
667 952 765 982 vestri.
785 961 815 977 ac
833 951 959 977 rusticani
979 951 1069 984 (etiam
1088 951 1114 976 in

269 997 367 1022 vestris
387 993 603 1032 possessionibus
624 993 838 1027 commorantes.)
859 993 895 1020 11).
915 993 983 1020 XIII.
1007 995 1028 1020 l.
1049 1004 1070 1019 c.
1089 994 1114 1019 3.

269 1049 290 1065 c.
311 1040 334 1064 6.
372 1037 529 1064 Senatorum
549 1037 723 1069 substantiae,
743 1042 770 1063 et
789 1037 910 1063 homiues
930 1046 1028 1063 eorum.
1049 1046 1070 1062 c.
1090 1038 1113 1062 4.

269 1081 301 1107 de
320 1080 439 1117 dignitat.
461 1082 500 1107 12.
523 1082 544 1106 1.
574 1079 770 1111 conductores,
789 1080 944 1106 hominesve
963 1079 1115 1116 augustissi-

269 1134 325 1150 mae
345 1123 448 1150 domus.
468 1123 518 1150 Th.
539 1122 570 1150 C.
591 1123 625 1149 X.
644 1125 686 1150 26.
701 1133 722 1149 c.
741 1125 762 1149 l.
783 1122 815 1149 de
835 1122 990 1149 conductor.
1006 1127 1032 1148 et
1044 1121 1113 1147 hom.

269 1166 338 1193 XVI.
361 1168 385 1192 5.
406 1176 427 1192 c.
447 1167 488 1192 52.
509 1166 531 1199 §.
553 1167 574 1192 l.
595 1165 629 1192 de
649 1165 771 1192 haeretic.
791 1165 910 1197 Praeses,
932 1164 975 1191 vel
994 1164 1114 1191 homines

270 1210 334 1236 cius.
355 1209 402 1236 lul.
424 1219 466 1246 ep.
486 1218 546 1235 nov.
567 1218 588 1234 0.
608 1210 651 1234 30.
670 1210 691 1242 ξ.
709 1211 765 1235 105.
786 1208 817 1235 cs.
838 1218 860 1234 0.
873 1210 915 1234 21.
935 1209 957 1242 ξ,
973 1209 1013 1234 70.
1042 1207 1115 1243 Quid

270 1252 333 1279 Dux
353 1251 546 1289 stipendiorum
566 1252 684 1283 nomine..
710 1261 758 1289 pro
778 1261 807 1277 se
825 1252 935 1287 suisque
954 1250 1114 1281 hominibus.

269 1299 295 1321 et
314 1295 378 1331 quid
397 1296 453 1321 eius
478 1294 595 1320 officium
615 1299 800 1330 consequetur.
826 1304 848 1320 c.
868 1296 892 1320 2.
917 1294 954 1328 βξ.
974 1295 998 1320 6.
1020 1295 1060 1320 19.
1081 1294 1112 1320 cf.

269 1348 290 1364 c.
312 1340 334 1364 l.
353 1338 375 1372 ᾖ.
395 1341 419 1364 ὅ.
440 1337 472 1363 de
491 1337 535 1363 off.
555 1336 608 1364 Prf.
630 1336 671 1363 Pr.
692 1337 748 1363 At'r.
771 1339 793 1364 1.
813 1339 854 1364 27.

304 1382 546 1414 Homologus.
584 1382 727 1407 colonus
752 1382 1010 1416 adscripticius,
1032 1381 1112 1406 Con-

269 1425 455 1450 ditionalis.
475 1423 517 1449 111.
530 1425 596 1451 Gn.
616 1424 670 1458 Qui
692 1424 766 1456 vicis,
787 1424 884 1460 quibus
897 1423 1024 1460 adscripti
1039 1427 1113 1455 suut,

269 1466 411 1497 derelictis.
431 1471 457 1493 et
476 1467 520 1502 qui
534 1465 667 1502 homologi
686 1477 758 1493 more
770 1466 904 1503 gentilicio
917 1471 1112 1503 nuncupantur.

269 1508 319 1535 Th.
340 1509 371 1536 C.
391 1508 435 1535 XI.
455 1510 496 1534 24.
517 1519 538 1535 c.
557 1510 581 1535 6.
602 1510 658 1543 §.3.
679 1509 712 1536 de
731 1515 830 1547 patroc.
850 1511 931 1536 vicor.
952 1509 1113 1536 Functiones

268 1551 401 1589 publicas,
430 1556 456 1577 et
479 1551 605 1588 liturgos,
627 1562 694 1589 quos
717 1553 850 1589 homologi
871 1552 958 1579 coloni
977 1557 1112 1590 praestare

269 1600 422 1626 noscuntur,
444 1611 475 1615 —
495 1596 634 1631 cognituri.
654 1595 691 1621 11).
712 1595 729 1622 l.
750 1596 767 1622 l.
787 1606 809 1623 c.
829 1598 853 1622 6.
874 1606 913 1633 pr.

306 1639 663 1665 nonestamentum.
695 1640 840 1665 Honoris
858 1639 1112 1673 praerogativa.

269 1681 311 1708 III.
333 1682 398 1709 Cn.
418 1680 483 1707 Post
502 1680 623 1717 expletos
643 1680 759 1708 honores
779 1683 887 1711 civicos.
906 1680 1114 1707 honestamentis

269 1725 404 1761 praestitis
424 1725 566 1761 potiantur.
592 1723 642 1750 Th.
668 1723 699 1750 C.
719 1723 777 1750 XII.
800 1726 821 1751 l.
846 1734 867 1750 c.
887 1725 910 1750 4.
936 1723 968 1750 cl'.
989 1734 1010 1750 c.
1031 1725 1071 1750 74.
1092 1723 1114 1757 ξ.

270 1768 293 1793 4.
313 1767 346 1793 de
364 1766 498 1793 decurion.

271 1851 367 1879 Curiae
386 1852 530 1889 splendore
549 1852 691 1878 honestare
711 1852 754 1885 [al.
775 1852 961 1886 cohonestare]
982 1851 1114 1879 naturales

270 1895 378 1922 liberos.
399 1906 421 1921 c.
441 1897 464 1921 3.
491 1895 523 1921 de
542 1900 625 1921 natur.
646 1894 691 1921 lib.
712 1897 735 1920 5.
755 1897 796 1922 27.
821 1894 853 1922 cf.
873 1895 940 1922 Nov.
961 1895 1011 1922 Th.
1031 1895 1062 1921 II.
1083 1894 1115 1922 de

271 1938 296 1964 h.
318 1948 360 1974 qu.
381 1948 421 1974 sp.
441 1948 510 1964 mun.
530 1937 549 1963 I.
569 1940 610 1963 22.
632 1948 652 1964 0.
676 1939 697 1963 1.
717 1938 738 1971 ξ.
759 1939 783 1964 9.

307 1982 511 2008 Honestas.
551 1982 728 2015 Dignitas,
754 1981 868 2007 Decus.
905 1980 923 2007 I.
943 1982 1004 2015 Sy.
1024 1980 1116 2017 Digni-

272 2029 320 2050 tas.
340 2022 382 2049 Cf.
402 2023 427 2050 h.
448 2033 472 2050 v.
492 2024 514 2058 §.
536 2025 557 2049 1.
596 2023 638 2049 111.
651 2025 716 2050 Cn.
737 2022 902 2049 Valetudinis
923 2028 949 2049 et
968 2023 1114 2049 honestatis

272 2076 334 2092 suae
355 2067 481 2092 rationem
506 2066 610 2092 habere.
635 2066 666 2092 fr.
686 2067 727 2092 26.
752 2076 790 2103 pr.
817 2066 849 2092 de
873 2076 945 2103 oper.
965 2065 1052 2092 libert.
1072 2067 1114 2092 38.

275 2111 296 2135 1.
335 2109 364 2135 Si
384 2114 467 2135 testes
487 2119 577 2135 omnes
598 2109 715 2135 eiusdem
735 2108 881 2135 honestatis
902 2114 927 2136 et
947 2110 1116 2136 existimatio-

273 2152 313 2177 nis
335 2153 394 2178 sint.
417 2152 446 2178 fr.
465 2154 507 2178 21.
531 2153 552 2186 §.
573 2154 597 2178 3.
622 2151 654 2178 de
679 2152 767 2178 testib.
791 2154 833 2178 22.
858 2154 881 2178 5.
919 2152 995 2188 Quos
1015 2161 1116 2178 morum

273 2194 411 2226 honestas.
435 2196 584 2231 mentisque
608 2194 739 2225 sollertia,
765 2200 791 2221 et
810 2200 881 2221 certa
901 2194 965 2221 sama
987 2204 1117 2221 commen-

273 2236 324 2263 dat.
346 2236 396 2263 Th.
418 2237 448 2263 C.
469 2237 499 2264 Il.
522 2240 560 2264 l7.
582 2248 602 2264 c.
624 2240 646 2263 1.
667 2238 689 2270 ξ.
712 2239 733 2263 l.
754 2238 786 2264 de
805 2237 830 2264 h.
850 2248 892 2274 qu.
912 2248 971 2264 ven.
986 2243 1034 2264 aet.
1072 2237 1116 2264 01)
1138 2241 1139 2252 ¹

274 2279 425 2306 retinendaev
440 2280 581 2316 pudicitiae
595 2280 701 2309 cultum.
722 2292 751 2306 ac
767 2280 921 2307 servandam
934 2280 1058 2307 natalium
1072 2280 1118 2307 ho·

275 2327 410 2348 111-51010111.
432 2333 452 2348 c.
472 2324 494 2348 7.
515 2323 546 2349 de
566 2323 681 2360 postliin.
705 2334 758 2350 rev.
778 2327 803 2350 ὅ.
822 2325 863 2350 51.
901 2323 1052 2350 111-1101510111.
1072 2323 1118 2350 110-
1138 2333 1140 2364 j

275 2370 402 2391 111-51010111
429 2376 481 2391 11011
507 2365 638 2393 hahuisse.
663 2367 693 2393 t'r.
717 2368 758 2393 41.
783 2366 804 2400 ξ.
830 2368 851 2393 1.
876 2366 909 2392 de
928 2366 959 2393 R.
980 2366 1011 2393 N.
1030 2368 1072 2393 23.
1092 2369 1116 2393 2.

276 2407 507 2444 Contemplatione
531 2418 630 2434 morum
656 2415 681 2435 et
707 2419 783 2435 causa
811 2409 933 2446 publicae
961 2409 1116 2436 honestatis.
1139 2406 1140 2409 ¹

276 2450 347 2477 Paul.
369 2450 400 2476 Υ.
421 2453 444 2477 4.
464 2451 486 2484 ᾖ
506 2453 547 2476 21.
587 2450 636 2476 I'er
655 2468 687 2471 -—
707 2453 904 2488 apocrisiarium
925 2451 1039 2483 defendi,
1059 2462 1117 2479 cum

275 2495 346 2520 omni
366 2493 468 2519 scilicet
487 2493 632 2519 honestate.
654 2494 698 2520 Iul.
720 2504 760 2531 ep.
780 2505 839 2522 nov.
861 2506 881 2522 0.
903 2497 943 2521 73.
964 2496 985 2529 ξ.
1005 2497 1064 2521 264.

312 2538 493 2563 noneste.
531 2535 643 2569 (Advb.)
683 2538 759 2562 Cum
779 2540 960 2564 honestate.
998 2537 1028 2563 11.
1050 2539 1140 2573 013.ῚΙ

277 2580 351 2613 Quae
372 2579 530 2615 quandoque
550 2578 674 2609 honeste.
700 2583 725 2604 et
745 2581 800 2605 sine
821 2580 938 2617 periculo
957 2581 1026 2607 vitae
1045 2591 1118 2617 prae-

277 2626 386 2649 stantur.
407 2638 439 2641 —
460 2621 564 2659 Turpes
584 2622 714 2658 (operae.)
739 2621 767 2647 t'r.
791 2625 828 2649 10,
857 2634 893 2660 pr.
914 2624 945 2650 cs.
966 2623 996 2649 fr.
1015 2625 1057 2650 33.
1077 2634 1116 2660 pr.

277 2662 310 2688 de
330 2674 400 2699 oper.
422 2664 507 2691 libert.
527 2667 569 2691 35.
592 2667 612 2691 l.
634 2664 675 2690 111.
693 2666 758 2691 (ἠ.
783 2666 811 2690 Si
832 2667 853 2691 is
874 2668 907 2692 sit
926 2670 975 2699 (sc.
996 2666 1116 2703 hospes.)
1138 2653 1139 2668 l

277 2706 322 2741 qui
344 2705 402 2732 hon.
427 2718 492 2733 011111,
515 2719 543 2733 ea
565 2724 594 2727 -—
616 2707 780 2733 habitaturus
804 2709 846 2734 sit.
873 2709 901 2734 11¹.
928 2712 950 2735 7.
971 2709 1003 2735 de
1023 2720 1071 2735 usu
1092 2714 1117 2735 ot
1138 2726 1139 2730 =

277 2748 336 2774 hah.
357 2750 378 2773 7.
399 2751 422 2774 Η.
461 2749 526 2775 11011.
547 2751 643 2776 vivere.
668 2749 697 2775 l'r.
719 2752 759 2776 10.
785 2750 806 2783 ξ.
829 2752 849 2776 1.
877 2750 909 2776 111·
929 2751 946 2777 1.
967 2757 992 2777 et
1011 2752 1028 2778 1.
1051 2754 1072 2778 1.
1094 2754 1115 2778 1.

278 2790 305 2816 111
331 2796 487 2827 potestate-m
512 2793 622 2818 honeste
646 2794 741 2819 reverti
767 2803 818 2819 non
843 2802 934 2829 posse.
964 2795 1040 2824 (nisi‘
1057 2794 1117 2821 ado-

1137 1778 1138 1801 ]
1160 1777 1199 1804 pr.
1220 1766 1253 1792 de
1272 1766 1302 1792 R.
1324 1765 1355 1792 N.
1375 1767 1417 1792 23.
1437 1768 1461 1792 2.

306 1811 533 1837 Honestate.
571 1811 752 1841 Honorare,
775 1810 946 1836 Decorare.
983 1809 1026 1836 ln.
1048 1810 1114 1837 011.
1137 1813 1139 1851 j

278 2834 390 2870 ptione.)
410 2833 439 2858 tr.
463 2836 499 2859 12.
520 2835 552 2860 «le
572 2835 660 2872 adopt.
683 2838 703 2861 1.
720 2838 742 2862 7.
780 2835 845 2862 llon.
866 2841 1027 2862 sacramento
1047 2837 1117 2863 solu-
1138 2841 1139 2846 ¹

987 178 1087 211 HOM
1112 196 1150 201 —-
1177 179 1281 211 HON.

1160 267 1211 292 tus,
1231 271 1255 288 v.
1275 262 1383 288 missus.
1413 261 1443 288 fr.
1462 264 1486 288 2.
1507 272 1546 299 pr.
1572 262 1605 289 de
1624 267 1740 289 vcteran.
1761 265 1802 290 49.
1825 264 1864 290 18.
1885 274 1906 290 c.
1927 267 1950 290 5.
1971 264 2004 291 (10

1158 303 1232 330 milit.
1253 309 1356 331 testam.
1375 306 1452 331 621.
1489 304 1674 331 Commodavit
1697 322 1726 326 —
1749 307 1834 339 uxori,
1854 317 1905 344 quo
1925 307 2005 334 hone-

1159 348 1225 373 stius
1246 346 1314 373 culta
1335 347 1367 373 ad
1381 358 1410 374 se
1429 347 1613 375 deduceretur.
1634 348 1662 374 t‘r.
1677 351 1701 375 5.
1721 348 1743 382 ξ.
1759 351 1798 376 10.
1819 350 1947 377 commod.
1963 352 2004 376 13.

1159 392 1182 416 6.
1220 389 1312 416 Licere
1332 392 1427 422 tutori.
1453 396 1577 428 respectu
1601 392 1804 418 existimationis
1824 392 1927 430 pupilli.
1948 403 2004 419 ero-

1158 443 1218 469 gare
1237 443 1270 459 ex
1289 433 1367 459 bonis
1387 435 1452 465 eius.
1473 434 1544 471 quod
1565 444 1596 461 ex
1616 436 1672 460 suis
1692 444 1744 460 non
1764 434 1952 462 honestissime
1967 435 2004 462 fu-

1159 477 1224 502 isset
1244 482 1407 512 erogaturus.
1428 477 1459 503 t'r.
1482 479 1521 504 12.
1541 477 1563 511 §.
1582 479 1607 504 2.
1627 477 1660 503 de
1680 477 1746 503 adm.
1767 483 1793 504 ct
1811 479 1892 516 peric.
1912 480 1953 505 26.
1970 480 1992 504 7.

1195 520 1400 547 Honestus&
1439 519 1568 553 (Adiect.)
1607 521 1638 554 ξ.
1666 522 1700 547 1.
1722 522 1851 547 Honore
1871 523 2003 556 praedi-

1159 569 1223 594 tus,
1245 564 1386 589 Nubilis.
1407 561 1425 589 I.
1447 563 1509 597 Sy.
1529 563 1583 598 Qui
1601 568 1663 589 sunt
1682 564 1708 589 in
1729 563 1818 600 aliquo
1838 564 1940 591 honore
1959 573 2004 601 po-

1159 606 1211 632 siti.
1232 605 1414 632 Honestiores.
1440 605 1471 632 fr.
1494 607 1515 631 l.
1540 605 1562 639 ξ.
1581 608 1606 632 2.
1631 606 1664 632 (10
1687 606 1817 633 effractor.
1841 609 1883 634 47.
1908 609 1947 633 18.
1974 606 2004 633 fr.

1158 650 1182 674 3.
1211 649 1233 682 §.
1260 650 1285 674 2.
1309 648 1453 674 stellionat.
1479 650 1521 675 47.
1545 650 1587 676 20.
1624 649 1655 675 11.
1677 651 1744 683 01).
1769 649 1903 676 Honestae
1923 654 1949 676 et
1967 649 2004 675 in-

1159 690 1279 729 culpatae
1298 692 1377 718 vitae.
1398 707 1430 711 —-
1450 691 1564 718 Notatus
1584 696 1609 718 et
1627 692 1855 729 reprehensibilis.
1876 692 1907 719 fr.
1920 693 1944 719 3.
1965 701 2004 729 pr.

1159 734 1191 761 de
1209 734 1300 761 testib.
1319 736 1362 761 22.
1382 736 1406 761 5.
1443 734 1573 767 Honesta.
1595 751 1627 754 —
1648 734 1785 771 VtilgariS‚
1808 745 1828 762 s.
1849 735 1918 762 Vilis
1937 735 2006 762 abie-

1159 783 1252 814 ctaque
1272 778 1430 815 (persona.)
1461 778 1491 804 fr.
1511 780 1536 804 5.
1561 778 1583 812 §.
1606 779 1628 804 1.
1653 777 1685 804 de
1710 778 1779 815 legit.
1800 783 1848 805 tut.
1867 780 1910 805 26.
1929 781 1953 804 ⁴.
1974 778 2004 804 fr.

1161 823 1200 847 17.
1220 822 1303 855 §.1:3.
1324 820 1356 847 de
1376 821 1452 847 iniur.
1474 822 1514 847 47.
1537 822 1576 847 10.
1601 820 1631 847 1”ι·.
1653 823 1693 848 12.
1714 821 1746 848 de
1765 821 1900 848 decurion.
1919 823 1961 847 50.
1979 822 2004 847 2.

1158 863 1327 895 Humiliores,
1347 873 1368 890 s.
1383 863 1530 890 Tenuiores
1550 863 1680 890 homines.
1692 880 1724 884 —-
1735 864 1917 891 Honestiores.
1932 863 2004 891 Paul.

1160 906 1191 933 V.
1213 908 1252 933 19.
1273 907 1294 940 ς.
1319 908 1340 932 1.
1360 905 1392 932 v.
1410 907 1453 933 20.
1473 906 1510 940 ξς.
1530 908 1554 932 5.
1575 916 1615 943 sq.
1635 906 1667 933 V.
1687 909 1729 933 21.
1749 907 1771 941 ξ.
1791 910 1816 934 2.
1830 907 1862 934 V.
1880 909 1923 933 22.
1943 907 1965 941 ξ.
1979 909 2004 933 2.

1160 949 1190 976 fr.
1212 951 1252 975 11.
1272 948 1305 975 de
1324 948 1426 986 sepulc.
1446 949 1508 976 viol.
1533 951 1577 976 47.
1604 951 1644 975 12.
1669 949 1700 977 fr.
1719 951 1761 976 28.
1785 950 1807 984 §.
1826 952 1851 977 2.
1871 950 1900 977 fr.
1920 951 1962 977 38.
1982 949 2003 984 ξ.

1159 994 1183 1019 3.
1203 992 1236 1018 de
1255 1001 1333 1029 poen.
1352 993 1394 1018 48.
1416 993 1456 1018 19.
1494 991 1633 1024 Ρ101101115.
1654 1009 1686 1012 -
1706 992 1857 1019 Honestior.
1882 992 1914 1019 fr.
1935 994 1957 1019 l.
1982 992 2004 1026 ᾗ.

1159 1038 1183 1062 2.
1204 1035 1237 1062 110
1256 1035 1355 1061 effract.
1375 1036 1417 1061 47.
1439 1036 1479 1061 18.
1501 1034 1544 1061 111.
1559 1036 1626 1063 Cn.
1646 1035 1762 1062 Honesta
1783 1041 1808 1062 et
1827 1040 1916 1062 sancta
1936 1036 2005 1073 (per-

1160 1088 1223 1105 sona
1244 1079 1327 1116 patris
1347 1087 1376 1104 ac
1395 1079 1521 1115 patroni.)
1550 1078 1580 1104 fr.
1600 1080 1623 1105 9.
1644 1078 1677 1105 de
1696 1079 1806 1116 obsequ.
1827 1089 1880 1116 par.
1901 1080 1943 1105 37.
1964 1080 2004 1104 15.

1137 1136 1138 1140 =
1159 1122 1232 1148 Bene
1250 1120 1364 1158 probati,
1384 1125 1410 1147 et
1429 1120 1517 1147 idonei
1537 1126 1614 1157 atque
1634 1121 1738 1148 honesti
1758 1122 1895 1155 (tutores.)
1915 1121 1946 1148 sr.
1964 1122 2004 1147 17.

1142 1165 1180 1198 ξ
1202 1166 1224 1191 l.
1245 1164 1277 1191 de
1296 1169 1398 1190 testam.
1424 1168 1472 1190 tut.
1491 1166 1533 1190 26.
1552 1166 1577 1191 2.

1614 1164 1758 1191 Honestior
1776 1165 1928 1201 nobilisque
1946 1174 2005 1202 per-

1159 1217 1232 1234 sona.
1253 1206 1303 1233 Th.
1324 1206 1354 1234 C.
1375 1206 1417 1233 111.
1438 1208 1461 1234 8.
1488 1217 1508 1233 c.
1530 1209 1551 1233 l.
1573 1207 1606 1234 de
1630 1217 1682 1234 sec.
1705 1213 1779 1245 nupt.
1817 1207 2006 1234 Praesentibus

1159 1250 1283 1282 testibus,
1303 1250 1346 1277 vel
1365 1250 1486 1277 honestis
1506 1251 1579 1277 viris.
1600 1250 1672 1276 Paul.
1692 1249 1736 1276 lV.
1756 1251 1780 1276 6.
1800 1251 1821 1284 §.
1841 1253 1866 1276 2.
1887 1249 1918 1276 cs.
1939 1250 1969 1276 fr.
1982 1252 2004 1276 1.

1160 1294 1182 1328 ξ,
1202 1295 1243 1320 36.
1264 1293 1356 1330 depos.
1378 1294 1417 1319 16.
1438 1295 1461 1319 3.
1490 1293 1520 1320 sr.
1539 1295 1581 1320 58.
1607 1294 1628 1328 §.
1652 1295 1676 1319 2.
1702 1292 1734 1319 de
1754 1292 1840 1320 Aedil.
1865 1292 1943 1319 edict.
1961 1294 2004 1319 21.

1162 1339 1183 1363 l.
1220 1336 1306 1363 Homo
1325 1336 1489 1363 honestioris
1509 1335 1568 1363 loci.
1589 1336 1619 1363 fr.
1639 1338 1662 1362 8.
1682 1337 1704 1370 ξ.
1724 1337 1765 1362 23.
1786 1336 1818 1362 (10
1838 1340 1960 1362 transact.
1979 1338 2005 1361 2.

1162 1382 1200 1406 15.
1238 1379 1461 1406 Honestissimum
1481 1389 1611 1416 quemque
1630 1380 1782 1416 (exquirere
1806 1389 1839 1406 ex
1857 1379 1952 1405 vicinis
1972 1379 2006 1405 ci-

1160 1423 1307 1456 vitatibus.)
1328 1422 1358 1449 fr.
1381 1424 1402 1449 l.
1428 1423 1450 1456 §.
1471 1424 1512 1449 10.
1532 1422 1565 1448 de
1585 1423 1699 1458 magistr.
1721 1432 1796 1449 conv.
1815 1424 1857 1448 27.
1877 1423 1901 1448 8.
1922 1421 1954 1449 cf.
1972 1421 2004 1448 fr.

1158 1468 1200 1492 24.
1220 1466 1252 1493 de
1272 1470 1319 1492 tut.
1345 1470 1371 1492 et
1395 1470 1477 1492 curat.
1502 1465 1554 1492 dat.
1584 1467 1626 1491 26.
1651 1468 1675 1491 5.
1700 1481 1732 1484 -
1757 1466 1788 1498 §.
1807 1467 1844 1492 2.
1869 1466 2004 1496 Decem,

1160 1511 1363 1536 Conveniens
1408 1508 1438 1534 11.
1464 1510 1531 1542 011.
1556 1508 1672 1535 Honesta
1692 1513 1717 1535 et
1736 1508 1808 1534 licita
1826 1517 1878 1535 res.
1898 1522 1930 1526 —
1950 1507 2002 1534 Ma-

1158 1552 1281 1579 leticium.
1306 1551 1336 1578 sr.
1362 1553 1402 1578 57.
1428 1561 1477 1588 pro
1502 1561 1555 1578 soc.
1582 1553 1621 1578 17.
1644 1554 1669 1578 2.
1706 1551 1831 1583 Honesta,
1852 1567 1884 1570 —
1904 1550 2003 1588 Turpis

1159 1596 1271 1629 (causa.)
1292 1594 1321 1620 fr.
1344 1596 1365 1620 1.
1385 1604 1425 1631 pr.
1446 1595 1483 1628 ἓξ.
1510 1596 1531 1620 l.
1552 1604 1592 1631 sq.
1617 1594 1649 1620 de
1675 1593 1751 1620 cond.
1777 1593 1810 1620 ob
1830 1598 1898 1631 turp.
1919 1604 1940 1620 c.
1962 1595 2001 1620 12.

1159 1640 1182 1665 5.
1220 1637 1355 1664 Honestus
1378 1637 1481 1664 modus.
1504 1653 1535 1657 -
1555 1637 1729 1663 Immoderata
1753 1636 1890 1670 (luxuria.)
1910 1636 1940 1663 fr.
1961 1638 2003 1663 40.

1159 1691 1198 1718 pr.
1219 1680 1251 1707 de
1271 1680 1355 1706 damn.
1376 1680 1422 1706 ins.
1441 1682 1483 1706 39Δ
1502 1681 1527 1706 2.
1564 1680 1606 1706 Ill.
1628 1681 1694 1708 Gn.
1713 1679 1774 1706 Non
1793 1679 1879 1706 solum
1899 1679 1963 1716 qnid
1976 1679 2004 1706 li-

1160 1728 1225 1750 ceat.
1245 1722 1292 1749 sed
1312 1728 1338 1749 et
1357 1722 1421 1759 quid
1446 1722 1586 1749 honestum
1611 1724 1659 1754 sit,
1684 1722 1886 1756 (considerare.)
1912 1722 1942 1749 t'r.
1962 1724 2004 1749 42.

1499 1766 1580 1801 Quod
1600 1771 1625 1792 et
1640 1766 1777 1792 honestius
1797 1770 1845 1795 est.
1866 1770 1891 1792 et
1909 1766 2004 1792 merito

1161 1810 1283 1836 obtinuit.
1303 1808 1333 1835 l'r.
1353 1811 1377 1835 4.
1398 1809 1419 1842 ξ.
1439 1811 1463 1835 2.
1484 1809 1516 1835 de.
1535 1810 1561 1835 in
1580 1810 1621 1835 1115
1642 1819 1700 1835 voc.
1719 1811 1744 1835 2.
1763 1811 1786 1835 4.
1808 1808 1839 1835 cf.
1860 1808 1890 1835 fr.
1910 1810 1951 1835 51.
1971 1808 2004 1835 de

1161 1853 1248 1880 donat.
1269 1853 1314 1879 int.
1334 1851 1366 1878 V.
1385 1853 1427 1878 24.
1450 1853 1470 1878 l.
1509 1851 1569 1878 Non
1593 1852 1672 1878 modo
1696 1852 1809 1878 honesto
1834 1851 1926 1884 titulo,
1955 1850 2004 1878 sed

1161 1901 1184 1922 et
1204 1895 1324 1933 pleniore
1343 1896 1399 1921 iure
1418 1895 1511 1928 (tribui
1531 1895 1712 1928 hereditates.)
1738 1895 1769 1921 fr.
1789 1897 1813 1921 5.
1833 1895 1855 1928 ξ.
1875 1896 1898 1921 6.
1920 1894 1951 1921 ct'.
1971 1893 2002 1920 fr.

1160 1940 1201 1965 44.
1222 1939 1243 1972 ξ.
1264 1939 1288 1964 6.
1309 1938 1341 1965 de
1355 1938 1431 1974 legat.
1445 1942 1542 1975 praest.
1556 1940 1598 1964 37.
1612 1940 1636 1964 5.
1673 1937 1790 1964 Honesta
1810 1942 1835 1964 et
1853 1936 2002 1964 verecunda

1160 1981 1339 2019 (praecedens
1359 1982 1463 2014 causa.)
1489 1992 1509 2007 c.
1529 1983 1553 2008 9.
1579 1980 1611 2007 (10
1635 1991 1739 2017 procur.
1765 1982 1789 2006 2.
1811 1982 1850 2006 13.
1887 1979 1956 2006 Iusta
1976 1984 2003 2006 et

1160 2025 1269 2051 honesta
1289 2034 1375 2051 causa.
1396 2024 1481 2051 1“1·.20.
1502 2024 1580 2050 solut.
1600 2025 1711 2050 matrim.
1731 2025 1772 2049 24.
1785 2024 1810 2049 3.
1826 2033 1850 2054 c.
1864 2024 1888 2049 3.
1909 2022 1942 2049 de
1959 2022 2002 2049 ad-

1160 2069 1220 2094 min.
1242 2072 1290 2094 tut.
1310 2070 1333 2093 5.
1348 2069 1390 2094 37.
1428 2067 1504 2102 Quos
1524 2066 1624 2101 religio,
1644 2070 1688 2091 aut
1701 2065 1838 2092 honestior
1857 2076 1942 2095 causa.
1958 2065 2001 2092 vel

1161 2110 1293 2137 calamitas
1313 2109 1408 2146 aliqua,
1429 2125 1461 2129 ——
1480 2113 1603 2135 moretur.
1624 2107 1654 2135 fr.
1668 2110 1709 2134 36.
1728 2118 1768 2145 pr.
1783 2108 1815 2135 de
1834 2108 1920 2135 tideic.
1935 2108 1999 2135 libb.

1160 2155 1201 2180 40.
1221 2156 1245 2179 5.
1282 2152 1405 2179 Adfectio
1429 2152 1552 2184 honesta,
1578 2162 1626 2178 nec
1645 2152 1784 2187 incognita.
1821 2151 1904 2178 Amor
1923 2151 2002 2177 hone-

1161 2201 1227 2222 stus.
1247 2195 1277 2222 fr.
1300 2198 1338 2222 l7.
1358 2196 1380 2229 ξ,
1400 2197 1424 2221 4.
1444 2195 1476 2221 (Ie
1496 2194 1583 2231 adopt.
1608 2196 1627 2220 1.
1643 2196 1665 2220 7.
1685 2193 1716 2220 t'r.
1729 2196 1746 2220 3
1768 2204 1806 2231 pr.
1827 2194 1859 2220 de.
1879 2194 1939 2220 don.
1954 2195 2000 2220 int.

1161 2238 1192 2265 V.
1212 2240 1254 2264 24.
1277 2241 1297 2265 1.
1318 2238 1349 2265 ct'.
1370 2238 1399 2265 fr.
1419 2240 1478 2264 223.
1498 2238 1520 2271 ξ.
1544 2239 1563 2263 l.
1584 2237 1616 2263 de
1628 2236 1658 2263 V.
1673 2236 1700 2263 S.
1714 2239 1808 2263 50.16.
1847 2237 1911 2263 Tam
1931 2238 2001 2274 igno-

1160 2281 1222 2308 bilis
1243 2282 1296 2314 (sc.
1317 2282 1457 2319 patrona.)
1483 2285 1511 2307 ut
1535 2281 1558 2307 ei
1582 2280 1708 2306 honestae
1727 2281 1781 2305 sint
1799 2279 1840 2306 vet
1860 2279 1953 2307 saltem
1972 2279 2001 2306 11-

1162 2325 1229 2351 berti
1249 2325 1289 2350 sui
1308 2326 1422 2361 nuptiae.
1442 2323 1472 2350 fr.
1494 2324 1532 2349 13.
1553 2322 1585 2349 de
1603 2321 1634 2348 R.
1655 2321 1686 2348 N.
1705 2324 1782 2349 2302.
1819 2322 1929 2359 Aliquid
1948 2333 2001 2350 nou

1161 2367 1300 2393 honestum
1321 2367 1445 2401 (iubere.)
1470 2366 1500 2392 sr.
1519 2367 1560 2392 21.
1585 2365 1606 2399 ξ.
1628 2366 1650 2391 7.
1671 2365 1703 2391 (le
1723 2375 1773 2391 rec.
1795 2375 1837 2402 qu.
1857 2365 1911 2392 arb.
1931 2367 1955 2392 4.
1975 2367 1999 2392 8.

1162 2410 1220 2436 Non
1241 2411 1330 2447 inique
1354 2409 1452 2446 aliquid
1475 2409 1531 2435 eius
1556 2408 1744 2434 honestissimo
1768 2408 1848 2435 calori
1868 2409 2000 2445 permitte-

1162 2458 1211 2479 tur.
1232 2452 1302 2480 Coll.
1322 2452 1374 2480 LL.
1397 2452 1430 2479 M.
1449 2450 1493 2478 IV.
1514 2453 1554 2477 lo.
1592 2451 1689 2477 Dotem
1709 2467 1741 2470 —
1761 2451 1815 2477 dari
1840 2451 1883 2478 lex
1902 2452 2000 2489 praeci·

1138 2521 1140 2532 Α
1161 2497 1200 2532 pit
1219 2495 1370 2528 honestam,
1391 2497 1406 2522 i.
1427 2505 1447 2521 e.
1468 2503 1553 2530 neque
1572 2495 1636 2519 satis
1656 2494 1797 2525 modicam,
1822 2499 1850 2521 ut
1869 2496 1904 2521 sit
1923 2493 1999 2521 dede-

1162 2549 1208 2565 cus
1228 2544 1277 2565 etc.
1298 2538 1343 2565 lul.
1365 2548 1404 2575 ep.
1423 2547 1482 2563 nov.
1504 2547 1524 2563 0.
1543 2539 1586 2563 37.
1605 2538 1626 2570 ξ.
1648 2538 1705 2563 164.

1197 2583 1341 2612 Honor,
1363 2590 1383 2607 s.
1405 2581 1545 2607 1101105.
1571 2580 1601 2612 ξ.
1628 2581 1662 2606 l.
1683 2580 1864 2614 Dignatio,
1886 2581 1998 2607 Obser-

1138 2638 1139 2647 1
1161 2627 1283 2651 nantia.
1321 2623 1339 2649 1.
1364 2625 1425 2657 Sy.
1457 2622 1570 2648 Ilonoris
1595 2633 1671 2649 causa
1692 2622 1817 2655 (datus.)
1838 2622 1997 2649 [Ionorarius

1162 2667 1266 2699 (tutor.)
1291 2665 1331 2692 Cf.
1356 2676 1380 2692 v.
1401 2665 1570 2692 Honorarius.
1607 2665 1790 2691 venerabilem
1809 2676 1873 2691 esse.
1911 2664 1997 2690 Hono-

1162 2720 1215 2736 rem
1236 2710 1258 2735 ei
1279 2709 1365 2735 tribui.
1387 2708 1417 2735 t'r.
1437 2712 1459 2735 5.
1485 2719 1523 2746 pr.
1544 2708 1576 2734 de
1594 2709 1650 2734 iure
1669 2709 1775 2734 immun.
1795 2710 1834 2734 50.
1854 2708 1877 2733 6.
1914 2706 1996 2733 Reve-

1162 2753 1252 2778 rentia.
1279 2750 1308 2777 fr.
1331 2753 1370 2777 lo.
1397 2762 1435 2789 pr.
1460 2752 1496 2785 ἐξ.
1520 2753 1540 2777 1.
1560 2753 1584 2777 3.
1604 2760 1643 2786 sq.
1670 2752 1708 2777 13.
1733 2750 1764 2777 fr.
1791 2752 1828 2777 13.
1854 2749 1886 2775 de
1911 2750 1935 2775 in
1956 2750 1996 2775 ius

1162 2805 1218 2820 voc.
1237 2796 1261 2820 2.
1282 2796 1304 2820 »1.
1326 2794 1355 2820 sr.
1376 2797 1416 2820 45.
1437 2795 1459 2828 ξ.
1479 2796 1502 2820 6.
1524 2794 1553 2820 l'r.
1573 2795 1613 2819 47.
1634 2793 1666 2819 de
1685 2793 1716 2820 R.
1731 2793 1762 2820 N.
1775 2794 1815 2819 23.
1830 2794 1853 2818 2.
1874 2791 1994 2819 111011.

1161 2836 1202 2863 Ad
1227 2836 1352 2863 honorem
1381 2842 1553 2873 ornatumque
1581 2837 1694 2863 civitatis
1718 2836 1855 2873 pertinere.
1881 2834 1910 2861 fr.
1940 2836 1994 2862 122.
