2197 3121
1025 145 1095 177 INI.

201 232 223 266 5.
242 232 266 257 4.
286 230 319 257 (18
338 230 425 257 Aedil.
451 229 528 256 edict.
552 230 594 255 21.
617 219 643 254 '1.
679 227 712 254 Ei
736 237 822 264 neque
842 227 985 254 calumniae
1004 228 1041 254 iu-

200 273 297 301 dicium
317 275 468 310 opponitur,
488 282 573 309 neque
591 270 760 298 iurisiurandi
780 270 871 307 religio
891 271 1040 307 iniungitur.

201 316 258 343 Gai.
278 315 323 343 IV.
339 317 396 342 181.
433 316 470 342 Ea
490 325 532 342 res
551 318 717 352 praesentem
736 324 766 340 ac
784 315 980 340 momentariam
1000 323 1041 340 cu-

201 369 255 386 ram
275 360 393 395 iniungit.
413 358 443 385 fr.
463 360 487 385 8.
507 358 540 384 de
559 357 626 383 alim.
646 367 670 383 v.
691 357 770 383 cibar.
785 358 864 383 34.1.
901 356 1041 382 Educatio-

201 412 261 429 uem
280 407 435 428 testamento
455 401 506 428 sibi
525 401 666 427 iniunctam
685 409 814 426 recusare.
833 398 864 425 fr.
880 401 902 425 1.
922 399 943 432 5.
957 400 981 425 3.
996 399 1041 425 ubi

201 455 266 482 pup.
284 447 326 471 27.
346 447 371 471 2.
396 444 427 471 cf.
451 443 481 470 fr.
501 445 542 470 62.
566 444 588 477 5
612 444 636 468 2.
664 442 696 469 de
720 442 795 469 cond.
819 446 845 468 et
868 441 934 468 dem.
954 443 996 468 35.
1018 444 1039 468 l.

201 487 328 514 Conditio
352 488 467 514 iniuncta
490 496 626 524 personae.
651 485 681 512 fr.
707 486 748 512 69.
772 485 806 511 ib.
830 485 871 510 35.
896 486 919 511 1.
956 483 1041 511 Fidei-

201 531 364 557 committere
387 530 428 556 his
453 529 542 556 verbis
566 538 720 566 possumus:
744 537 844 563 „rogm
868 532 944 564 petO.
969 527 1040 560 volo⁷

200 573 304 605 mando,
323 573 460 610 deprecor,
479 574 565 609 cupio.
585 573 718 608 iniungo.·‘
737 569 809 596 Paul.
830 569 875 595 IV.
896 572 919 596 l.
939 571 961 604 5
981 571 1004 597 6.

235 616 398 643 Iniuria.
417 616 448 649 §0
460 617 494 642 1.
516 616 674 651 Defectus
693 615 794 644 iuris,
816 614 930 647 Culpa.
946 613 964 639 I.
978 615 1041 648 Sy.

151 673 154 678 ⁴
200 658 296 686 Illicite
319 657 459 691 (factum.)
485 658 515 684 fr.
541 660 562 684 1.
588 668 626 695 pr.
651 657 721 690 5.1.
745 655 777 682 de
797 655 830 682 Ο.
851 655 883 682 N.
903 654 934 682 N.
954 657 996 683 39.
1018 658 1039 682 1.

201 700 281 736 Quod
300 710 352 726 non
370 702 426 727 iure
445 700 482 727 fit.
504 700 604 727 Contra
623 701 663 726 ius
683 699 787 725 factum.
808 698 878 725 Coll.
894 697 946 724 LL.
962 698 995 724 M.
1010 698 1040 725 II.

200 745 224 770 5.
244 743 300 770 VH.
319 744 342 769 3.
363 743 393 769 fr.
413 746 437 770 3.
462 743 492 770 fr.
512 746 535 769 5.
561 744 582 777 5.
605 745 627 769 1.
650 742 682 769 ad
700 741 730 768 L.
751 741 819 777 Aqu.
839 743 863 768 9.
883 744 907 767 2.
945 740 1038 778 Culpa.

201 785 270 812 Coll.
290 784 342 812 LL.
363 785 396 812 M.
417 786 433 812 1.
453 786 470 812 l.
492 786 547 813 Gai.
568 785 610 812 111,
630 787 688 811 211.
726 784 768 810 [II.
792 785 858 811 Gn.
879 783 992 819 Quando
1012 789 1041 810 tu

201 829 295 854 iniuria
320 828 496 855 vindicavisti.
519 829 556 855 lb.
575 828 619 854 IV.
641 829 680 853 16.
696 826 701 835 ²
722 826 777 853 'Nec
802 826 834 853 de
853 827 946 853 iniuria
967 828 1041 863 queri

199 869 365 898 adversarius
386 876 482 908 potest.
509 871 539 897 fr.
558 872 599 897 34.
623 881 662 908 pr.
687 870 719 896 de
743 871 848 896 iureiur.
870 871 909 895 12.
929 871 953 896 2.
990 870 1041 896 Da-

198 923 288 940 mnum
307 915 363 940 sine
382 915 475 940 iniuria
495 913 621 940 facientis.
641 912 671 939 fr.
687 915 709 940 1.
730 914 751 947 5.
765 915 789 940 3.
810 914 833 939 si
852 912 943 949 quadr.
962 923 1040 950 paup.

198 958 222 984 9.
245 958 267 983 1.
304 957 436 983 Damnum
460 957 562 983 iniuria.
594 955 635 982 Cf.
655 956 680 982 h.
700 967 724 982 v.
751 956 773 990 5.
798 957 821 982 4.
858 955 954 982 Iniuria
974 957 1042 982 oeci-

199 999 270 1031 dere,
290 1010 314 1025 v.
335 1010 418 1032 urere,
438 999 556 1035 frangere
575 1004 623 1025 etc.
647 998 678 1025 fr.
698 1001 722 1025 2.
742 1009 781 1036 pr.
808 998 838 1025 fr.
857 1000 881 1025 3.
907 998 937 1025 fr.
957 1001 998 1025 27.
1018 999 1040 1033 5.

198 1044 222 1068 5.
243 1041 275 1068 ad
293 1042 323 1068 L.
343 1042 411 1078 Aqu.
431 1044 455 1069 9.
468 1044 492 1068 2.
531 1041 561 1068 Si
579 1043 615 1068 sit
633 1043 683 1068 iam
702 1043 812 1068 iniuriae
832 1052 913 1079 capax
931 1042 980 1075 (se.
996 1042 1041 1068 im-

198 1084 304 1121 pubes.)
325 1084 355 1110 fr.
376 1087 399 1112 5.
420 1085 441 1118 5.
460 1086 485 1111 2,
505 1085 540 1111 ib.
560 1086 583 1111 9.
603 1086 628 1110 2.
664 1084 759 1111 Iniuria
780 1085 929 1122 prohibere.
948 1095 972 1111 v.
992 1084 1042 1111 Per

198 1128 318 1154 iniuriam
338 1127 462 1154 detinere.
483 1126 513 1153 fr.
536 1129 575 1154 19.
596 1127 628 1154 de
646 1127 677 1154 R.
698 1128 729 1154 N.
743 1129 787 1154 23.
805 1130 829 1154 2.
848 1128 879 1154 fr.
896 1129 934 1154 19.
954 1138 993 1165 pr.
1009 1127 1041 1154 de

199 1171 293 1207 captiv.
313 1171 354 1196 49.
376 1172 416 1196 15.
441 1186 473 1189 —
498 1171 529 1203 §.
550 1172 585 1196 2.
611 1173 745 1197 Factum
765 1172 944 1202 iniustum,
969 1172 1041 1197 Vio-
1063 1164 1064 1171 ¹

198 1214 298 1245 latio.
320 1214 484 1240 Damnum.
522 1213 540 1239 I.
562 1215 623 1247 Sy.
653 1214 733 1249 Quod
758 1215 814 1240 iure
838 1219 864 1240 et
883 1214 982 1240 iustitia
1003 1224 1042 1240 ca-

197 1260 245 1282 ret.
274 1255 305 1282 fr.
331 1257 352 1282 l.
380 1266 418 1292 pr.
447 1255 479 1281 de
504 1257 579 1282 iniur.
604 1258 645 1282 47.
671 1259 710 1283 10.
740 1256 810 1283 Coll.
836 1256 889 1283 LL.
914 1255 1040 1283 M.11.5.

196 1298 288 1325 Fraus.
309 1298 339 1325 fr.
359 1300 400 1324 35.
421 1308 459 1335 pr.
480 1298 556 1325 locat.
578 1300 617 1325 19.
628 1301 652 1325 2.
690 1299 737 1326 Vis
758 1300 912 1333 (fortunae.)
932 1298 1039 1325 Violen-

198 1342 241 1368 tia.
262 1340 311 1367 Th.
333 1340 363 1367 C.
384 1340 402 1367 I.
424 1343 462 1367 10.
484 1352 505 1367 c.
524 1344 548 1368 2.
570 1342 635 1375 5.1.
655 1342 688 1369 de
707 1342 752 1368 off.
772 1342 825 1369 iud.
845 1352 913 1368 omn.
934 1341 978 1368 ΙΧ,
1001 1343 1040 1367 10.

198 1394 219 1411 c.
240 1386 263 1410 l.
283 1394 322 1420 sq.
343 1383 375 1410 ad
388 1383 417 1410 L.
432 1384 479 1410 lul.
494 1384 526 1410 de
539 1386 565 1411 vi
578 1385 641 1422 pub.
677 1385 882 1415 Incommodum.
902 1384 1040 1411 Damnum.

196 1426 229 1454 fr.
248 1428 272 1454 2.
291 1437 331 1464 pr.
356 1427 454 1460 5510.
476 1437 516 1463 sq.
542 1428 581 1454 16.
601 1438 641 1464 sq.
666 1438 699 1454 ne
723 1439 766 1465 qu.
792 1430 819 1455 in
838 1428 897 1454 loco
916 1427 979 1464 pub.
999 1429 1041 1454 43.

197 1471 221 1496 8.
258 1469 301 1496 III.
322 1471 388 1497 Cn.
413 1468 474 1496 Vim
498 1475 575 1506 atque
600 1471 719 1497 iniuriam
740 1470 941 1508 (propulsare.)
965 1470 996 1497 fr.
1016 1472 1040 1497 3.

197 1512 230 1539 de
249 1512 268 1539 I.
288 1517 314 1539 et
332 1512 350 1538 I.
371 1514 393 1538 1.
409 1514 432 1538 l.
469 1512 509 1539 'Ne
528 1512 653 1539 auxilium
674 1518 766 1540 contra
785 1514 931 1545 saevitiam,
950 1513 993 1540 vel
1007 1513 1042 1539 fa-

196 1566 274 1588 mem,
294 1555 337 1582 vel
357 1554 550 1582 intolerabilem
569 1557 690 1583 iniuriam
709 1556 860 1590 denegetur.
880 1556 911 1583 fr.
925 1558 949 1582 2.
970 1556 1002 1582 de
1015 1556 1040 1582 h.

198 1608 242 1635 qu.
266 1599 315 1625 sui.
342 1601 364 1624 1.
389 1599 412 1624 6.
456 1597 485 1624 Si
508 1608 556 1635 per
579 1609 708 1631 errorem⁷
732 1604 776 1625 aut
799 1600 919 1625 iniuriam
945 1599 1041 1626 iudicis

198 1642 264 1674 (non
283 1641 401 1667 debitum
421 1646 579 1667 consecutus
603 1641 702 1675 fuerit.)
727 1641 757 1668 fr.
778 1643 818 1668 46.
844 1643 865 1676 5
886 1644 910 1668 4.
931 1642 963 1669 de
982 1652 1042 1679 pro-

198 1693 253 1710 cur.
277 1684 302 1709 3.
325 1685 350 1710 3.
394 1683 467 1710 Citra
497 1683 585 1710 dolum
609 1685 730 1713 emtoris.
755 1690 781 1711 et
800 1685 894 1712 iudicis
913 1686 1041 1712 iniuriam.

198 1725 283 1753 Vatie.
303 1726 324 1760 5.
344 1727 368 1753 8.
406 1725 518 1763 pupilli,
538 1726 580 1753 vel
599 1726 702 1759 viduae,
721 1727 819 1764 aliique
838 1727 958 1754 fortunae
977 1729 1042 1754 iniu-

198 1770 236 1796 ria
255 1768 426 1795 miserabiles.
451 1768 501 1795 Th.
526 1768 557 1795 C.
576 1769 595 1796 I.
616 1771 656 1796 10.
681 1780 702 1796 e.
726 1772 751 1797 2.
775 1771 797 1804 5.
818 1772 840 1797 1.
868 1770 900 1797 de
924 1770 968 1796 off.
987 1769 1041 1796 iud.

199 1821 268 1838 omn.
306 1810 387 1846 Quod
410 1811 441 1837 ab
464 1812 558 1838 iniuria
576 1811 711 1839 hominum
735 1812 873 1839 defensum
892 1817 969 1848 atque
988 1821 1043 1838 mu-

198 1855 282 1880 nitum
302 1858 350 1880 est.
370 1853 400 1880 fr.
419 1854 443 1879 8.
463 1864 504 1891 pr.
524 1854 563 1888 55.
584 1856 606 1880 l.
631 1864 671 1891 sq.
696 1855 728 1881 de
746 1855 778 1881 R.
798 1855 832 1881 D.
853 1856 875 1880 l.
895 1856 919 1881 8.
940 1854 971 1881 cf.
992 1853 1041 1880 Th.

198 1896 231 1924 C.
251 1896 306 1924 VII.
331 1900 355 1922 ὅ.
381 1906 402 1922 c.
427 1898 451 1922 5.
476 1897 541 1930 5.1.
562 1896 594 1923 (18
617 1902 703 1924 metat.
745 1896 785 1924 Ne
805 1897 962 1924 beneficium
981 1898 1040 1923 istis

199 1939 288 1966 datum
308 1940 334 1966 in
359 1940 479 1966 iniuriam
502 1944 673 1977 patronorum
698 1945 902 1967 converteretur.
924 1939 980 1966 Gai.
1000 1939 1042 1966 III.

199 1984 241 2011 56.
261 1982 333 2009 Paul.
355 1982 387 2009 V.
407 1983 431 2008 6.
451 1982 534 2015 5.10.
554 1981 585 2008 fr.
605 1984 646 2008 40.
667 1982 699 2009 de
722 1983 788 2010 adm.
814 1988 839 2009 et
857 1984 938 2020 peric.
956 1984 998 2009 26.
1019 1984 1042 2009 7.

199 2025 268 2053 Cum
288 2026 397 2052 alterins
417 2025 510 2051 iniuria
529 2024 678 2062 <postulare
697 2036 794 2052 novum
813 2026 992 2059 beneficium.)
1012 2025 1042 2052 fr.

201 2069 241 2095 12.
262 2068 295 2095 ad
314 2067 381 2095 S.C.
403 2067 482 2094 Treb.
502 2068 543 2094 36.
564 2069 587 2094 1.
612 2067 643 2094 cf.
663 2068 693 2095 fr.
712 2070 772 2095 206.
797 2068 830 2095 de
847 2069 879 2095 R.
899 2069 918 2095 I.
938 2071 979 2095 50.
1000 2070 1041 2095 17.

201 2110 243 2136 Ad
261 2110 372 2137 alienam
390 2111 511 2137 iniuriam
530 2110 640 2143 (referre
659 2121 712 2138 non
732 2111 831 2143 debet.)
856 2112 888 2138 fr.
906 2113 930 2138 3.
950 2122 990 2149 pr.
1010 2111 1043 2138 de

202 2157 323 2180 transact.
343 2156 367 2180 2.
388 2155 428 2180 15.
466 2152 503 2179 Vt
522 2154 579 2179 sine
598 2154 691 2180 iniuria
716 2156 869 2191 cuiusquam
888 2155 941 2181 fiat.
967 2154 998 2181 fr.
1017 2157 1042 2181 2.

202 2195 225 2228 5.
246 2196 285 2221 10.
309 2206 341 2222 ne
365 2206 408 2233 qu.
433 2197 460 2222 in
484 2195 544 2222 loco
570 2196 632 2233 pub.
655 2198 697 2224 43.
716 2199 740 2224 8.
778 2198 854 2233 Quae
873 2199 930 2225 sine
950 2198 1042 2225 domus

202 2237 296 2263 iniuria
315 2238 408 2265 auferri
427 2243 548 2276 possunt.
568 2239 599 2265 fr.
618 2241 660 2266 21.
680 2240 701 2274 5.
721 2242 745 2266 2.
766 2240 798 2266 de
817 2240 893 2276 legat.
913 2240 954 2267 ΠΙ.
975 2241 1042 2274 (32.)

202 2279 232 2305 In
252 2279 358 2306 alterius
377 2282 496 2308 iniuriam
516 2282 634 2315 (mutare
658 2282 798 2309 consilium
823 2284 924 2316 suum.)
950 2283 981 2310 fr.
1001 2286 1042 2310 75.

204 2322 237 2348 de
255 2321 286 2348 R.
307 2322 324 2347 I.
344 2324 386 2348 50.
406 2325 444 2350 17.
488 2324 543 2360 Qui
567 2326 687 2352 iniuriam
711 2325 838 2352 adversus
861 2326 960 2353 liberos
979 2336 1043 2353 suos

204 2369 361 2390 testamento
381 2365 513 2393 inducunt.
534 2367 602 2394 fr.4.
628 2367 660 2394 de
679 2369 751 2395 inoff.
772 2374 874 2395 testam.
893 2371 917 2395 5.
936 2370 960 2395 2.
998 2368 1044 2395 Fa-

206 2417 264 2433 cere
283 2407 403 2432 iniuriam
422 2407 549 2440 (libertati
568 2412 629 2442 etc.)
649 2412 678 2437 fr.
692 2414 733 2437 45.
753 2412 775 2445 5.
790 2413 813 2438 1.
834 2411 866 2438 (18
879 2411 964 2437 fideic.
978 2411 1042 2438 libb.

205 2451 245 2475 40.
266 2451 289 2475 5.
311 2449 343 2476 cf.
364 2449 395 2475 fr.
414 2450 438 2475 8.
458 2460 497 2487 pr.
517 2452 549 2479 de
568 2452 633 2480 S.C.
654 2453 735 2481 Silan.
754 2456 796 2481 29.
810 2457 834 2480 5.
872 2454 939 2480 Cum
958 2454 1044 2490 legum

205 2496 355 2518 nostrarum
374 2493 468 2518 iniuria
488 2494 623 2529 (audere.)
647 2496 696 2523 Th.
716 2497 746 2524 C.
767 2497 838 2524 XVI.
858 2499 881 2523 5.
909 2507 929 2523 c.
950 2498 991 2523 29.
1012 2496 1044 2523 de

206 2534 329 2560 haeretic.
367 2534 507 2561 Homicidii
527 2538 631 2571 crimen,
651 2539 773 2566 adulterii
785 2539 906 2571 foeditas,
925 2540 1044 2566 maiesta-

206 2578 241 2604 tis
262 2577 355 2602 iniuria
375 2581 422 2603 etc.
442 2577 479 2603 lb.
498 2577 543 2604 IX.
561 2580 602 2606 38.
623 2591 644 2607 c.
657 2583 681 2608 4.
702 2582 734 2609 de
752 2582 852 2619 indulg.
872 2583 943 2609 erim.
981 2581 1044 2608 Car-

208 2620 276 2646 ceris
296 2620 440 2651 cruciatus.
465 2625 509 2646 aut
528 2622 667 2650 cuiuslibet
685 2625 794 2652 iniuriae
812 2635 907 2662 genus,
927 2635 973 2651 seu
993 2630 1044 2651 tor-

206 2667 301 2694 menta,
322 2678 353 2681 —
373 2662 496 2699 perferre.
515 2663 552 2690 lb.
572 2664 617 2690 XI.
636 2667 677 2692 30.
701 2677 722 2693 c.
741 2670 766 2694 2.
790 2668 823 2695 de
842 2679 900 2706 app.
921 2673 946 2694 ct
965 2678 1042 2705 poen.

207 2721 239 2725 -
260 2706 291 2738 §-
311 2706 348 2732 3.
379 2707 600 2739 Contumelia,
624 2709 783 2737 Probrum.
821 2711 839 2738 I.
860 2712 922 2745 Sy.
943 2710 1043 2738 Contu-

206 2747 290 2774 melia.
310 2747 382 2774 Paul.
402 2747 436 2773 V.
456 2749 480 2774 4.
504 2749 541 2782 55.
565 2751 590 2775 2.
610 2759 668 2786 sqq.
693 2749 763 2778 Coll.
781 2752 834 2780 LL.
853 2753 887 2780 M.
911 2753 943 2780 II.
967 2757 991 2780 5.
1011 2754 1042 2780 sr.

209 2791 231 2816 l.
250 2800 291 2827 pr.
311 2790 342 2817 de
362 2791 438 2817 iniur.
458 2792 554 2817 47.10.
590 2792 704 2819 Infamia.
723 2792 795 2820 Paul.
809 2795 826 2821 l.
839 2795 856 2822 l.
876 2797 913 2830 55.
929 2798 969 2823 15.
982 2807 1041 2833 sqq.

1861 148 1925 179 473

1086 227 1128 254 III.
1149 228 1215 255 Gn.
1233 226 1293 253 Non
1312 228 1422 254 iniuriae
1440 226 1574 254 faciendae
1591 227 1690 258 animo.
1710 225 1758 252 sed
1777 227 1835 263 qnia
1855 228 1924 254 iuste

1087 270 1199 297 credidit
1216 275 1265 297 etc.
1285 270 1315 296 fr.
1338 272 1359 296 l.
1379 271 1401 304 5.
1421 272 1444 297 8.
1471 270 1503 297 de
1527 271 1620 307 inspic.
1645 274 1744 295 ventre.
1769 271 1811 295 25.
1832 271 1855 296 4.
1893 270 1922 297 Si

1086 314 1122 345 iS,
1142 314 1187 350 qui
1205 312 1280 345 feeit,
1300 314 1327 339 in
1346 314 1466 339 iniuriam
1484 318 1601 339 nostram
1625 312 1652 339 id
1675 312 1771 339 fecisse
1790 312 1922 339 doceatur.

1086 355 1157 382 Paul.
1176 355 1208 382 V.
1227 357 1252 382 4.
1271 355 1293 389 5.
1312 358 1337 382 3.
1374 356 1402 382 In
1422 357 1541 382 iniuriam
1560 355 1692 393 pubIIeam
1711 356 1923 389 (contaminare.)

1085 398 1121 425 lb.
1142 398 1158 425 l.
1172 398 1189 425 1.
1209 399 1291 433 5.13.
1326 398 1427 425 Inferre
1446 399 1566 425 iniuriam
1585 399 1724 436 (corpori.)
1743 398 1780 424 lb.
1801 398 1837 431 55.
1859 400 1881 424 l.
1898 400 1922 425 4.

1085 441 1190 473 Facere,
1210 451 1230 468 s.
1245 441 1425 473 committere.
1445 458 1477 461 -—
1497 441 1562 473 Pati,
1581 442 1709 468 iniuriam.
1722 440 1760 467 lb.
1774 441 1812 474 55.
1828 443 1849 467 l.
1863 451 1922 478 sqq.

1085 483 1142 511 Gai.
1169 484 1212 511 III.
1238 486 1296 511 157.
1321 485 1379 511 182.
1402 486 1462 510 220.
1486 494 1544 520 sqq.
1585 483 1709 510 Adlicere
1728 483 1840 520 aliquem
1858 485 1924 510 iniu-

1085 528 1130 554 ria.
1151 527 1181 554 fr.
1202 529 1242 554 10.
1262 528 1345 561 5.12.
1365 527 1397 554 de
1416 528 1443 553 in
1461 528 1574 563 ius-voc.
1588 529 1611 553 2.
1626 529 1649 553 4.
1687 526 1798 564 Coepta,
1811 542 1841 545 —-
1854 526 1924 553 Con-

1086 575 1221 601 summata,
1251 572 1352 597 iniuria.
1380 569 1411 596 fr.
1441 571 1464 596 1.
1493 570 1514 603 5.
1539 572 1563 596 2.
1591 570 1642 605 Qu.
1668 570 1754 606 quisq.
1779 569 1827 595 iur.
1850 570 1874 595 2.
1897 571 1923 595 2.

1085 613 1179 645 Atrox,
1199 613 1369 645 Gravissima,
1388 629 1421 632 —
1440 612 1590 648 Quaelibet,
1609 613 1710 638 iniuria.
1735 611 1844 638 Gai.111.
1863 614 1924 638 222.

1085 657 1143 682 224.
1165 666 1204 692 sq.
1223 656 1295 682 Paul.
1315 655 1347 682 V.
1368 657 1392 682 4.
1411 656 1433 690 5.
1454 657 1494 682 10.
1514 655 1544 682 fr.
1560 657 1598 681 10.
1619 656 1640 689 5.
1656 657 1696 681 12.
1716 655 1748 681 de
1766 656 1794 681 in
1812 656 1853 681 ius
1866 665 1924 683 voc.

1085 700 1109 724 2.
1129 700 1152 725 4.
1173 698 1204 725 fr.
1223 701 1247 725 5.
1269 700 1290 733 5.
1316 701 1338 725 1.
1363 699 1415 734 Qu.
1441 698 1532 725 satisd.
1557 708 1612 734 cog.
1636 699 1660 723 2.
1685 699 1709 724 8.
1750 697 1793 724 Ad
1815 698 1925 724 iniuriae

1085 741 1227 768 vindictam
1247 742 1372 768 revocari.
1397 740 1470 768 Paul.
1490 740 1522 767 V.
1546 742 1570 768 4.
1595 741 1683 774 §.19.
1723 740 1845 767 Iniuriam
1862 740 1926 768 lecti

1086 789 1111 810 et
1130 784 1224 811 domus
1244 785 1381 821 persequi.
1406 794 1426 810 s.
1453 784 1569 820 exsequi.
1594 783 1665 810 Coll.
1688 782 1742 810 LL.
1761 783 1794 810 M.
1814 783 1858 810 IV.
1883 785 1924 810 11.

1086 826 1116 853 fr.
1137 829 1177 854 15.
1198 828 1219 861 5.
1239 830 1262 853 6.
1283 827 1315 853 ad
1334 826 1364 853 L.
1384 826 1434 853 Iul.
1453 826 1486 853 de
1505 826 1585 853 adult.
1604 827 1645 853 48.
1659 828 1682 853 5.
1721 826 1749 853 Si
1769 836 1841 852 suam
1860 827 1925 852 iuiu-

1085 871 1149 896 riam
1168 875 1358 906 exsequantur,
1382 874 1526 896 mortemve
1544 870 1755 906 propinquorum
1774 868 1924 896 defendant.

1086 912 1116 939 fr.
1138 915 1177 939 ll.
1198 923 1237 950 pr.
1258 912 1290 938 de
1309 922 1395 938 accus
1414 914 1455 939 48.
1475 914 1499 938 2.
1524 911 1594 938 Coll.
1618 911 1673 954 LL3
1696 911 1730 938 M.
1749 911 1794 938 IV.
1814 913 1838 938 5.
1875 912 1926 938 Ex-

1085 955 1159 993 pedit
1178 957 1271 982 timere
1290 954 1361 986 furti.
1381 954 1423 981 vel
1442 956 1602 986 iniuriarum,
1622 964 1739 992 poenam.
1759 954 1790 980 fr.
1804 956 1846 981 27.
1865 955 1887 988 5.
1901 955 1925 980 4.

1086 1009 1107 1024 a.
1128 998 1161 1024 de
1180 1003 1248 1035 pact.
1267 1000 1291 1024 2.
1308 999 1347 1024 14.
1386 997 1439 1032 Qui
1458 998 1529 1029 furti,
1546 999 1572 1024 vi
1585 997 1714 1024 bonorum
1733 1002 1876 1034 raptorum,
1888 998 1927 1024 in-

1087 1042 1221 1073 iuriarum,
1241 1057 1273 1060 ——
1293 1040 1429 1067 damnatus
1449 1045 1575 1076 pactusve
1594 1041 1650 1067 erit.
1671 1040 1700 1067 fr.
1720 1042 1744 1066 4.
1764 1041 1786 1074 5.
1806 1042 1829 1066 5.
1849 1040 1882 1066 de
1900 1039 1925 1066 h.

1087 1095 1129 1121 qu.
1149 1089 1202 1111 not.
1223 1084 1309 1110 infam.
1328 1085 1352 1109 3.
1372 1085 1396 1109 2.
1433 1083 1512 1109 Actio
1532 1084 1685 1109 iniuriarum
1704 1093 1737 1109 ex
1756 1082 1813 1118 lege
1827 1082 1926 1110 Corne-

1087 1127 1128 1153 lia.
1148 1127 1179 1153 fr.
1200 1128 1241 1153 42.
1261 1127 1283 1160 5.
1304 1128 1326 1153 l.
1346 1126 1378 1152 de
1397 1136 1503 1163 procur.
1522 1127 1546 1152 3.
1561 1128 1585 1152 3.
1623 1125 1777 1151 Iniuriarum
1796 1135 1925 1152 accusare.

1086 1170 1158 1197 Paul.
1178 1170 1210 1196 V.
1230 1173 1253 1196 4.
1274 1170 1296 1203 5.
1317 1171 1356 1195 12.
1393 1169 1549 1195 Iniuriarum
1569 1168 1680 1195 civiliter
1695 1168 1840 1200 damnatus⁷
1861 1169 1927 1195 eius-

1087 1224 1137 1250 que
1157 1214 1364 1239 aestimationem
1383 1212 1481 1239 inferre
1500 1213 1596 1238 iussus
1615 1211 1653 1237 lb.
1673 1211 1695 1244 5.
1709 1212 1732 1237 9.
1753 1210 1783 1237 cf.
1798 1211 1834 1245 55.
1849 1213 1873 1238 6.
1886 1221 1926 1248 sq.

1087 1256 1143 1282 Gai.
1162 1256 1206 1282 III.
1225 1257 1285 1282 224.
1322 1255 1490 1287 Iniuriarum,
1515 1260 1541 1281 et
1565 1255 1696 1281 actionum
1717 1264 1748 1280 ex
1767 1253 1863 1280 delicto
1882 1264 1927 1280 ve-

1087 1300 1213 1325 nientium
1232 1298 1416 1334 obligationes.
1437 1297 1466 1324 fr.
1487 1300 1510 1324 7.
1531 1298 1552 1332 5.
1574 1299 1597 1324 l.
1617 1297 1649 1323 de
1669 1306 1725 1333 cap.
1744 1297 1834 1322 minut.
1853 1299 1877 1323 4.
1891 1298 1916 1323 5.

1122 1342 1326 1368 Iniuriose.
1347 1340 1460 1373 <Advb.)
1481 1341 1511 1373 §.
1533 1341 1567 1366 1.
1589 1342 1664 1366 Sine
1683 1342 1767 1371 iure,
1787 1341 1926 1366 Illicite.

1086 1384 1104 1410 I.
1117 1386 1178 1419 Sy.
1198 1384 1298 1410 Iniuste
1317 1384 1502 1417 (conversari.)
1522 1382 1569 1409 Iul.
1589 1392 1630 1420 ep.
1650 1392 1709 1408 nov.
1730 1392 1750 1408 c.
1770 1383 1811 1407 21.
1833 1382 1870 1415 55.
1886 1383 1928 1409 68.

1087 1429 1127 1454 70.
1165 1427 1207 1453 III.
1233 1428 1299 1455 Gn.
1338 1426 1405 1453 Cum
1430 1427 1608 1462 magistratum
1632 1429 1804 1462 prorogarent
1823 1424 1884 1457 sibi,
1904 1429 1930 1451 et

1087 1480 1145 1497 cum
1169 1471 1295 1496 iniuriose
1319 1473 1468 1496 tractarent.
1493 1468 1523 1494 fr.
1547 1470 1571 1494 2.
1596 1468 1617 1501 5.
1636 1469 1679 1494 24.
1704 1467 1736 1493 de
1760 1467 1793 1494 0.
1818 1466 1836 1493 I.
1857 1469 1879 1493 1.
1903 1469 1927 1492 2.

1087 1512 1187 1540 Contra
1207 1514 1369 1543 servitutem.
1390 1528 1422 1531 —
1441 1512 1568 1538 iniuriose
1587 1515 1731 1537 exstruere.
1746 1520 1767 1536 c.
1781 1512 1806 1536 5.
1826 1509 1858 1536 de
1877 1519 1929 1536 ser-

1087 1557 1132 1582 vit.
1152 1558 1176 1582 3.
1196 1557 1238 1582 34.
1268 1571 1299 1575 —
1328 1556 1360 1589 §.
1380 1556 1415 1581 ἒ.
1443 1556 1616 1585 probrose,
1635 1554 1871 1588 Ignominiose.
1908 1551 1928 1578 I.

1088 1600 1149 1633 Sy.
1169 1598 1219 1625 Per
1238 1599 1359 1631 iniuriam
1379 1597 1498 1631 (facere.)
1519 1596 1548 1623 fr.
1562 1597 1603 1622 32.
1625 1595 1657 1622 de
1676 1596 1752 1621 iniur.
1766 1595 1808 1620 47.
1824 1595 1864 1619 10.
1883 1593 1927 1619 III.

1087 1643 1153 1669 Cn.
1173 1641 1213 1668 'Ne
1231 1641 1274 1668 vel
1288 1641 1420 1673 abutatur,
1438 1656 1470 1660 -—
1489 1639 1533 1666 vel
1552 1637 1750 1668 contumeliose,
1768 1636 1929 1662 iniurioseve

1087 1690 1182 1712 utatur.
1202 1684 1232 1711 fr.
1252 1686 1295 1710 27.
1315 1685 1380 1718 5.1.
1400 1683 1433 1709 (18
1452 1681 1534 1708 usufr.
1555 1683 1578 1707 7.
1599 1683 1622 1707 1.

1122 1727 1349 1754 Iniuriosus.
1387 1724 1515 1759 (Adiect.)
1552 1724 1584 1756 §-
1604 1723 1639 1748 1.
1668 1723 1833 1753 Iniustas,
1853 1723 1929 1748 Illi-

1086 1771 1186 1801 citus,
1205 1770 1392 1795 Exitiosus.
1428 1766 1471 1792 III.
1499 1766 1564 1793 Gn.
1584 1763 1625 1791 Ne
1644 1765 1803 1791 contrarium
1822 1765 1862 1790 ius
1877 1774 1930 1790 non

1086 1816 1139 1838 tam
1164 1811 1216 1848 ipsi
1240 1811 1397 1836 iniuriosum
1420 1810 1468 1841 sit,
1488 1824 1520 1828 —-
1545 1817 1622 1844 quam
1646 1807 1752 1834 domino
1776 1806 1930 1833 damnosum

1087 1855 1270 1880 constituatur.
1295 1852 1324 1879 fr.
1346 1854 1386 1884 19.
1410 1852 1432 1886 5.
1456 1853 1480 1878 5.
1505 1850 1538 1877 de
1563 1851 1656 1888 captiv.
1680 1851 1723 1877 49.
1744 1851 1785 1876 15.
1821 1849 1931 1886 Impune

1087 1897 1136 1923 tibi
1155 1906 1213 1923 eum
1231 1895 1342 1922 Praeses
1361 1894 1404 1921 Pr.
1428 1895 1586 1921 iniuriosum
1609 1903 1669 1920 esse
1692 1902 1745 1919 non
1764 1893 1888 1930 patietur.
1908 1903 1929 1919 c.

1087 1941 1111 1967 8.
1131 1939 1164 1966 (18
1183 1944 1249 1966 sent.
1268 1948 1339 1976 pass.
1359 1940 1383 1965 9.
1407 1939 1448 1964 51.
1490 1937 1532 1963 Ab
1556 1936 1605 1963 hac
1631 1941 1703 1963 sorte
1727 1936 1870 1962 iniuriosae
1887 1946 1930 1962 ne—

1089 1983 1221 2009 cessitatis
1245 1981 1323 2008 alieni
1341 1981 1390 2014 (sc.
1411 1980 1566 2013 tenuiores.)
1591 1979 1640 2006 Th.
1661 1979 1692 2006 C.
1712 1978 1780 2006 VIII.
1802 1980 1842 2004 11.
1863 1988 1884 2004 c.
1906 1979 1928 2004 l.

1087 2026 1109 2058 5.
1130 2027 1153 2051 1.
1173 2036 1205 2052 ne
1225 2035 1268 2061 qu.
1288 2024 1350 2062 pub.
1366 2023 1426 2050 laet.
1463 2022 1593 2060 Perquam
1613 2023 1768 2048 iniuriosum
1788 2026 1836 2053 est,
1856 2021 1930 2054 (con-

1087 2069 1171 2095 veniri
1192 2067 1302 2094 colonos
1322 2067 1385 2100 etc.)
1404 2076 1425 2093 c.
1445 2067 1469 2092 3.
1489 2065 1521 2092 de
1541 2065 1574 2092 O.
1595 2070 1621 2091 et
1639 2065 1670 2091 A.
1690 2066 1714 2090 4.
1735 2066 1775 2090 10.
1796 2080 1828 2083 -
1847 2064 1878 2097 §-
1893 2065 1929 2091 2.

1088 2113 1215 2138 Facilis
1235 2113 1275 2137 ad
1292 2111 1522 2137 contumeliam
1541 2110 1758 2144 inferendam.
1795 2106 1838 2132 III.
1863 2107 1929 2134 Gn.

1088 2153 1117 2180 Si
1137 2154 1213 2190 quasi
1230 2152 1429 2185 tumultuosum,
1449 2152 1492 2179 vel
1504 2152 1659 2178 iniuriosum
1674 2150 1800 2176 adversus
1820 2149 1929 2176 colonos

1088 2196 1220 2228 Caesaris,
1239 2196 1424 2234 prohibuerint
1443 2200 1492 2222 etc.
1512 2194 1542 2221 fr.
1562 2196 1586 2220 3.
1606 2204 1644 2231 pr.
1665 2194 1686 2227 5.
1701 2195 1724 2218 l.
1744 2192 1776 2218 de
1795 2192 1838 2218 off.
1854 2191 1927 2217 Proc.

1088 2239 1165 2266 Caes.
1186 2241 1209 2266 1.
1230 2241 1270 2266 19.
1309 2238 1337 2265 Si
1363 2240 1397 2265 ita
1423 2239 1583 2272 (iniuriosus
1608 2238 1650 2270 et)
1675 2235 1816 2262 damnosus
1840 2234 1928 2259 socius

1087 2283 1123 2309 sit
1141 2287 1189 2309 etc.
1210 2282 1239 2309 fr.
1260 2284 1300 2308 14.
1320 2292 1368 2319 pro
1388 2291 1442 2307 soc.
1468 2282 1507 2307 17.
1532 2283 1555 2306 2.
1600 2279 1684 2315 Leges
1703 2288 1766 2305 vero
1785 2278 1927 2303 iniuriosus

1087 2335 1171 2362 poena
1192 2325 1325 2351 adficiunt.
1351 2323 1400 2350 Th.
1425 2323 1456 2350 C.
1476 2322 1520 2350 IV.
1540 2323 1564 2349 8.
1585 2332 1599 2349 c
1630 2325 1654 2348 5.
1679 2323 1699 2356 5
1720 2323 1743 2347 5.
1764 2319 1875 2353 (W'elx.)
1895 2318 1927 2344 de

1089 2368 1193 2394 liberali
1214 2378 1235 2394 c.
1521 2399 1523 2401 Ι

1124 2411 1310 2438 Iniussus.
1347 2409 1466 2443 (Subst.)
1505 2410 1581 2435 Sine
1604 2410 1709 2438 iussu,
1731 2408 1776 2431 rel
1791 2405 1926 2438 permis-

1088 2456 1182 2480 sione.
1220 2452 1250 2479 II.
1274 2454 1341 2486 ΟΡ.
1365 2452 1455 2483 Iussu,
1475 2467 1507 2470 —
1526 2451 1631 2477 Iniussu
1649 2447 1816 2481 (testatoris)
1835 2445 1866 2472 fr.
1884 2447 1926 2472 39.

1087 2498 1109 2530 5.
1128 2498 1153 2522 2.
1173 2496 1206 2522 de
1225 2505 1288 2521 auro
1308 2505 1359 2531 arg.
1378 2496 1420 2521 34.
1439 2496 1464 2520 2.
1502 2494 1545 2520 III.
1563 2495 1628 2520 Gn.
1655 2491 1759 2516 Iniussu
1777 2488 1870 2526 populi
1887 2489 1927 2522 (in

1089 2544 1167 2576 caput
1186 2539 1250 2565 civis
1270 2537 1301 2564 R.
1323 2537 1549 2568 animadvertere.)
1569 2536 1597 2561 tr>
1618 2536 1641 2560 2.
1662 2533 1698 2566 55.
1719 2533 1759 2558 16.
1778 2533 1820 2558 23.
1840 2531 1873 2558 (18
1892 2531 1925 2558 0.

1088 2582 1105 2608 Ι,
1127 2584 1149 2607 1.
1169 2583 1192 2607 2.
1224 2581 1330 2607 Iniussu
1343 2580 1473 2617 Principis
1497 2578 1612 2612 (bellum
1635 2585 1739 2612 gerere.
1764 2574 1927 2601 delectumve

1088 2624 1185 2650 habere
1204 2625 1266 2656 etc.)
1287 2622 1317 2649 fr.
1336 2624 1360 2649 3.
1381 2622 1412 2649 cf.
1433 2622 1462 2649 fr.
1483 2623 1505 2647 1.
1525 2621 1546 2654 5.
1567 2621 1589 2645 l.
1608 2619 1640 2645 ad
1659 2618 1689 2645 L.
1703 2617 1750 2644 Iul.
1770 2618 1827 2644 mai.
1846 2618 1888 2643 48.
1901 2619 1924 2643 4.

1088 2667 1194 2693 Iniussu
1213 2667 1278 2698 eius,
1298 2667 1343 2702 qui
1363 2667 1385 2692 ei
1405 2666 1441 2691 rei
1460 2663 1586 2700 praeerit,
1606 2677 1639 2680 —
1658 2665 1816 2698 potestatem
1833 2659 1925 2686 facere.

1088 2710 1118 2736 fr.
1138 2711 1163 2736 9.
1183 2709 1205 2743 5.
1224 2711 1248 2735 5.
1269 2709 1301 2735 ad
1318 2708 1348 2735 L.
1368 2707 1415 2734 lul.
1435 2704 1519 2742 pecul.
1538 2705 1580 2730 48.
1596 2705 1635 2730 13.
1672 2703 1776 2730 Iniussu
1794 2702 1925 2730 Praetoris

1089 2754 1127 2787 (in
1148 2753 1189 2778 ius
1208 2762 1303 2778 vocare
1321 2749 1480 2787 patronum.)
1500 2746 1583 2774 Vatic.
1604 2747 1625 2780 5.
1644 2748 1703 2773 225.

1123 2795 1290 2823 Iniuste.
1326 2792 1440 2827 (Advb.)
1478 2792 1575 2817 Citra
1599 2791 1688 2816 iuris
1706 2791 1871 2816 rationem.
1904 2785 1920 2811 I·

1443 2835 1477 2861 60
