2197 3121
941 149 1071 178 LEx—

184 234 232 260 has
255 233 326 269 leges
351 233 404 266 (sc.
429 231 612 270 prudentium)
637 230 765 257 obtinere.
793 241 814 258 c.
834 232 858 257 2.
887 230 909 264 ξ.
933 232 975 257 20.
996 230 1027 256 cf.

184 277 207 311 §.
229 278 269 302 10.
294 276 326 303 (18
345 281 397 303 vet.
422 277 478 302 iure
503 274 586 302 enuel.
608 275 630 300 1.
651 275 692 299 17.
730 273 758 299 111
782 273 975 310 antiquioribus
995 272 1029 299 18-

185 319 270 355 gibuS,
290 324 315 345 et
330 320 470 356 praecipue
484 319 509 344 in
524 316 723 354 quaestionibus
738 316 755 343 1.
770 316 853 348 Pauli,
873 317 1028 342 invenimus.
1050 320 1052 330 ³

186 372 208 388 c.
229 363 269 388 19.
294 362 326 388 de
350 363 406 388 iure
430 360 508 387 delib.
533 361 557 386 6.
575 361 617 385 30.
643 359 674 385 cf.
704 370 725 385 c.
744 361 785 386 33.
810 360 832 393 §.
858 360 880 384 1.
905 358 937 384 de
956 358 1028 384 inoff.

185 409 288 431 testam.
303 406 328 431 3.
339 407 382 431 28.
397 420 430 423 —
449 404 481 437 ξ.
502 404 539 430 S.
560 404 726 434 Conditio,
748 403 872 432 Modus,
892 403 1029 437 Regula,

188 440 339 483 (negotio
357 449 517 474 celebrato
538 447 693 475 adiecta.)
732 444 751 470 I.
766 445 827 478 Sy.
846 443 941 470 Modus
955 444 1030 477 (con-

186 490 309 521 tractus.)
329 489 358 517 fr.
374 491 396 516 1.
416 489 438 522 §.
454 491 493 514 12.
514 487 547 514 (18
566 498 651 514 exere.
666 492 714 514 act.
731 488 770 513 14.
791 488 813 512 l.
851 485 959 513 Pacisci.
982 486 1030 512 Le-

186 543 243 569 gem
263 533 332 559 dare.
352 532 382 559 fr.
403 534 426 558 7.
447 531 480 558 de
498 535 568 568 pact.
589 530 643 557 dot.
657 532 699 557 23.
713 531 736 556 4.
768 528 809 555 111.
826 530 891 556 Cn.
914 529 969 555 Nec
988 540 1031 566 pa-

187 575 321 607 ciscendo,
340 585 388 601 nec
407 574 489 610 legem
510 573 630 605 dicendo⁷
653 583 701 599 nec
720 571 871 609 stipulando
892 573 1030 609 quisquam

187 618 263 645 alteri
283 628 374 645 cavere
393 622 489 655 potest.
510 617 541 643 fr.
556 619 596 643 73.
615 617 636 650 ξ.
651 618 675 642 4.
695 615 728 641 (18
740 614 771 640 R.
786 614 804 640 1.
817 617 858 641 50.
874 617 914 641 17.
935 614 1031 641 Trans-

187 662 290 688 actione
314 660 393 691 facta.
422 665 493 687 certa
516 660 573 696 lege
598 660 672 685 finita
691 662 731 684 est
750 658 803 689 (sc.
823 658 1030 690 controversia.)

187 704 217 731 fr.
239 706 279 729 14.
308 703 340 729 de
368 708 491 730 transact.
515 705 539 729 2,
562 705 601 729 15.
639 701 668 728 Si
692 700 739 726 tibi
763 700 835 726 lilius
860 701 909 728 hac
928 701 985 737 lege
1004 702 1030 727 in

188 746 357 783 adoptionem
376 747 411 772 sit
430 745 519 776 datus,
548 750 577 772 ut
601 750 649 771 etc.
681 743 712 770 fr.
731 744 773 769 34.
798 743 830 769 de
854 743 942 781 adopt.
965 746 987 770 l.
1007 745 1030 770 7.

188 789 295 816 Certam
315 789 398 825 legem
422 793 580 815 testamento
605 787 702 813 dicere.
731 786 760 813 fr.
786 788 826 812 14.
852 786 903 822 Qu.
928 791 1030 812 testam.

188 832 235 858 fac.
256 842 280 869 p.
300 833 342 858 28.
364 834 386 858 1.
407 831 438 858 cf.
459 831 489 858 sr.
511 833 567 857 114.
591 831 674 864 §.14.
694 828 727 855 de
745 828 821 865 legat.
841 828 860 854 1.
881 829 948 861 (30.)
985 828 1031 855 Pa-

189 880 247 902 ctus
268 880 316 906 est.
338 892 368 895 —
389 879 481 911 postea
501 884 556 900 eam
575 872 658 908 legem
677 872 795 898 inseruit.
815 870 844 897 fr.
861 873 900 898 10.
920 872 941 905 ξ.
958 874 980 898 l.
999 872 1031 898 de

187 928 254 945 resc.
274 917 352 945 vend.
373 918 413 943 18.
432 920 456 944 5.
493 916 658 953 Prae-positio
684 919 781 941 certam
803 914 888 951 legem
909 914 954 941 dat
971 925 1031 941 con-

187 960 363 988 trahentibus.
383 959 413 986 fr.
432 962 453 986 l.
473 959 496 993 §.
513 961 551 984 12.
572 958 605 985 de
624 968 708 984 exere.
729 962 778 983 act.
799 959 839 984 14.
861 959 883 984 l.
921 957 1032 985 Contra-

189 1009 247 1031 ctus
266 1003 351 1039 legem
371 1013 403 1029 ex
422 1002 597 1028 conventione
616 1001 756 1038 accipiunt.
776 1000 806 1026 fr.
822 1002 844 1026 1.
865 1001 886 1034 ξ.
901 1002 924 1027 6.
939 1001 1030 1038 depos.

190 1048 230 1073 16.
250 1048 274 1073 3.
295 1046 326 1073 cf.
347 1045 378 1072 fr.
398 1046 422 1071 7.
440 1045 462 1078 §.
476 1046 500 1070 5.
521 1043 553 1070 dc
572 1048 640 1081 pact.
660 1045 684 1070 2.
706 1045 746 1069 14.
782 1042 932 1070 Praetoriae
950 1045 1033 1081 stipu-

188 1089 301 1116 lationes
321 1088 403 1124 legem
422 1088 555 1123 accipiunt
574 1086 606 1113 de
625 1091 712 1112 mente
727 1085 866 1113 Praetoris.
887 1086 917 1113 fr.
932 1089 973 1113 52.
993 1097 1031 1124 pr.

189 1132 222 1159 (18
241 1131 273 1158 V.
288 1131 320 1158 O.
340 1133 381 1157 45,
402 1131 424 1155 l.
462 1129 522 1155 Non
541 1129 593 1156 sibi
611 1129 669 1155 vult
688 1128 772 1165 legem
791 1130 890 1166 imponi
909 1131 958 1162 (sc.
972 1140 1034 1156 ven-

189 1175 261 1202 ditor
280 1175 359 1205 etc..)
378 1183 426 1199 nec
444 1177 548 1209 potest,
568 1172 614 1198 sed
636 1173 658 1198 ei
679 1173 723 1208 qui
743 1173 852 1209 accepit.
874 1172 903 1199 fr.
924 1175 946 1200 7.
966 1174 988 1207 §
1008 1176 1031 1199 S.

189 1217 222 1244 (18
242 1217 302 1244 (1011.
322 1217 368 1242 int.
389 1215 421 1242 V.
440 1217 483 1241 24.
504 1217 527 1241 1.
548 1215 580 1241 cf.
605 1214 635 1241 fr.
654 1216 696 1241 40.
721 1215 743 1249 ξ.
765 1217 787 1241 l.
811 1215 843 1241 de
862 1215 947 1242 fideic.
967 1215 1032 1242 libb.

189 1261 230 1286 40.
249 1261 273 1286 5.
310 1259 408 1295 Legem
432 1268 494 1284 suae
518 1259 555 1284 rei
579 1257 675 1284 dicere.
705 1258 735 1284 fr.
755 1260 796 1284 20.
822 1259 843 1292 ξ.
866 1261 887 1285 l.
913 1258 945 1285 de
964 1264 1032 1296 pact.

189 1302 244 1329 dot.
257 1303 300 1328 23.
314 1303 338 1328 4.
377 1302 463 1337 Quem
482 1306 557 1338 pater
576 1311 604 1327 ea
623 1300 680 1337 lege
698 1302 828 1337 mancipio
843 1301 923 1333 dedit.
942 1307 970 1328 111
983 1302 1033 1328 sibi

189 1345 390 1382 remancipetur.
411 1344 467 1370 Gai.
482 1343 500 1370 1.
516 1345 573 1370 140.
610 1343 705 1380 Legem
724 1343 859 1370 traditioni
878 1344 972 1371 dicere.
997 1345 1033 1371 Ea

188 1388 247 1424 lege
265 1387 377 1414 tradere.
397 1386 428 1413 fr.
448 1387 472 1413 6.
491 1397 531 1423 pr.
552 1397 644 1413 comm.
663 1387 752 1424 praed.
772 1388 795 1413 8.
816 1389 840 1413 4.
861 1387 890 1413 fr.
912 1389 951 1414 15.
971 1388 993 1422 ξ.
1010 1390 1032 1414 1.

189 1430 222 1457 (18
242 1430 360 1456 statulib.
374 1432 416 1456 40.
432 1431 454 1456 7.
476 1429 533 1456 Gai.
547 1429 589 1456 111.
605 1431 662 1456 146.
690 1429 812 1456 Vendere
831 1441 859 1456 ea
879 1430 944 1467 lege.
962 1430 1033 1467 Lege

188 1474 308 1510 pignoris
327 1472 449 1499 vendere.
470 1472 554 1499 Vatic.
574 1473 596 1506 §.
616 1474 639 1499 6.
660 1472 690 1499 fr.
709 1474 749 1499 89.
770 1473 791 1506 ς’.
811 1475 835 1499 4.
856 1473 888 1499 (18
906 1473 982 1510 legat.
1003 1474 1033 1500 11.

190 1516 258 1549 (31.)
294 1515 410 1551 Legibus
429 1514 596 1552 praediorum
614 1515 814 1542 vendundorum
834 1521 947 1544 cavetur.
967 1516 997 1543 fr.
1009 1519 1033 1543 5.

190 1558 223 1585 de
243 1558 344 1595 sepulc.
364 1557 426 1584 viol.
441 1559 482 1583 47.
499 1559 538 1584 12.
559 1558 590 1585 cf.
610 1559 640 1585 fr.
659 1560 700 1585 33.
722 1558 754 1585 (18
773 1558 800 1585 S.
820 1558 848 1585 P.
869 1558 900 1585 V.
915 1560 937 1586 8.
952 1562 976 1586 2.
1005 1560 1034 1586 Si

191 1601 371 1627 commissoria
391 1600 447 1636 lege
466 1602 579 1627 venierit
597 1600 702 1628 fundus.
728 1601 757 1628 fr.
780 1603 800 1628 l.
822 1601 851 1628 fr.
872 1603 896 1628 4.
916 1602 948 1628 de
967 1613 1035 1629 com-

191 1644 264 1670 miss.
290 1644 330 1670 18.
355 1644 379 1669 3.
412 1642 495 1669 Vatic.
525 1644 546 1677 ξ.
575 1645 614 1670 11.
654 1644 722 1680 Lege
749 1644 909 1671 venditionis
936 1646 1034 1672 inemto

191 1686 299 1723 praedio
320 1686 397 1712 facto.
416 1686 452 1712 111,
467 1687 488 1719 ξ.
504 1688 545 1713 14.
575 1685 734 1713 Praeteritae
753 1687 950 1718 conductiones¹
969 1698 1034 1725 quae
1056 1695 1057 1711 l

192 1739 266 1755 suam
285 1728 368 1765 legem
391 1729 546 1755 habuerunt.
571 1729 601 1756 fr.
620 1732 645 1755 2.
665 1729 698 1756 de
717 1730 783 1756 adm.
803 1740 853 1757 rer.
873 1730 904 1757 ad
923 1732 972 1757 civ.
992 1733 1033 1757 50.

191 1773 216 1798 8.
253 1771 310 1798 ch
328 1771 450 1807 vectigali
469 1772 550 1798 fundo
570 1772 647 1799 dicta.
667 1772 697 1799 fr.
715 1774 757 1799 31.
777 1773 810 1799 (18
828 1774 929 1810 piguor.
948 1776 989 1800 20.
1012 1775 1033 1800 1.
1055 1778 1057 1810 j

193 1814 225 1841 cf.
240 1814 296 1841 Gai.
311 1814 353 1841 111.
369 1815 428 1840 145.
457 1814 485 1841 111
505 1815 561 1851 lege
580 1814 719 1841 locationis
739 1816 866 1852 scriptum
880 1821 928 1842 etc.
948 1816 978 1842 fr.
994 1818 1034 1842 13.

192 1858 214 1891 ς.
236 1859 275 1883 10.
295 1856 325 1883 fr.
344 1859 386 1884 29.
407 1856 438 1883 fr.
457 1859 498 1884 61.
517 1868 557 1895 pr.
577 1857 654 1884 locat.
670 1860 710 1884 19.
725 1860 749 1884 2.
771 1859 802 1884 cf.
823 1858 852 1885 fr.
874 1861 896 1885 l.
916 1860 937 1893 ξ.
957 1861 981 1885 3
1002 1859 1034 1886 de
1055 1854 1057 1860 ¹

192 1900 252 1926 loco
271 1900 333 1936 pub.
362 1899 393 1926 sr.
412 1901 454 1926 43.
475 1902 499 1926 9.
535 1900 605 1936 Lege
625 1900 709 1933 dicta,
734 1900 829 1928 locare.
866 1901 922 1928 Lex
946 1903 1034 1939 operis
1055 1905 1057 1909 '

192 1942 305 1969 locandi.
326 1942 356 1969 fr.
377 1944 418 1969 13.
437 1943 459 1977 ᾗ.
481 1944 522 1969 10.
542 1942 572 1969 fr.
592 1944 633 1970 60.
653 1944 674 1977 ξ.
688 1945 713 1970 3.
732 1943 811 1970 locat.
827 1945 866 1970 19.
879 1946 903 1971 2.
928 1944 1035 1971 Plenius

193 1985 242 2012 fuit
261 1985 418 2017 mandatum,
438 1985 537 2012 babens
558 1991 583 2012 et
602 1986 737 2013 custodiae
756 1986 846 2023 legem.
867 1987 897 2014 fr.
916 1989 937 2014 l.
957 1989 978 2021 ξ.
995 1990 1034 2014 12.
1055 1999 1057 2008 =

193 2028 286 2066 depos.
308 2029 347 2055 16.
367 2030 391 2055 3.
430 2028 497 2055 Cum
522 2028 672 2055 donationis
696 2029 747 2065 legi
770 2039 822 2056 non
846 2034 917 2056 esset
938 2030 1036 2057 obtem-

194 2075 320 2107 peratum.
340 2070 370 2097 fr.
386 2072 410 2097 8.
431 2071 484 2106 Qui
506 2072 563 2098 siue
581 2081 693 2098 manum.
712 2074 753 2099 40.
773 2073 841 2099 8.-
861 2074 891 2106 §.
903 2074 941 2100 9.
962 2075 1035 2106 Lex,
1056 2071 1057 2076 ¹

195 2115 213 2139 i.
231 2123 250 2139 e.
270 2115 501 2148 Praeceptum.
521 2124 539 2141 s.
559 2117 691 2150 dogma,
711 2117 898 2151 religionis.
935 2115 953 2142 1.
973 2117 1035 2150 Sy.

197 2154 292 2182 Cultus
310 2155 376 2192 legis
390 2162 504 2184 nostrae.
528 2156 665 2183 Ecclesiae
678 2157 841 2194 obsequium.
862 2158 911 2185 Th.
924 2158 954 2185 C.
964 2158 1035 2185 XVI.

196 2199 221 2223 2.
243 2207 263 2223 c.
281 2199 323 2224 21.
343 2198 376 2225 de
395 2201 475 2236 episc.
496 2199 559 2227 eccl.
596 2199 627 2226 II.
648 2201 715 2234 Op.
734 2200 810 2227 Ritus
830 2201 928 2228 alienae
947 2211 1037 2239 super-

197 2240 322 2266 stitionis.
341 2257 373 2261 -—
393 2242 541 2274 Catholica,
560 2242 741 2275 sanctissima,
760 2243 811 2270 lex.
840 2244 877 2271 lb.
896 2244 913 2271 1.
933 2244 950 2271 l.
971 2255 991 2271 c.
1011 2247 1035 2271 5.

199 2282 230 2309 cf.
244 2281 315 2308 XVI.
330 2284 353 2308 5.
374 2293 395 2310 c.
410 2286 433 2311 1.
453 2285 485 2312 de
504 2285 601 2312 haeret.
638 2285 680 2311 111.
698 2287 763 2313 Cn.
783 2286 980 2313 Sacratissimae
998 2298 1037 2314 re-

199 2325 304 2361 ligionis
324 2329 349 2350 et
369 2325 523 2354 christianae
541 2328 606 2364 legis
626 2330 779 2355 reverentia.
798 2329 834 2356 Ih.
854 2329 912 2356 XV.
934 2332 956 2357 7.
976 2341 998 2356 c.
1012 2332 1036 2356 4.

201 2378 221 2394 c.
246 2369 269 2393 9.
295 2366 328 2393 de
352 2370 461 2396 scaenic.
499 2371 651 2407 synagogae
679 2371 795 2397 iudaicae
818 2371 892 2405 legis.
928 2373 1037 2399 Iudaeae

200 2410 266 2445 legis
285 2410 413 2436 homines
432 2411 469 2438 lb.
482 2413 537 2440 VH.
551 2415 575 2440 8.
596 2424 617 2440 8.
636 2415 661 2439 2.
681 2413 713 2440 (18
732 2419 819 2440 metat.
838 2415 895 2442 XII.
916 2417 939 2442 1.
960 2426 980 2442 c.
995 2418 1036 2442 99.

201 2452 233 2479 dt·
253 2452 387 2478 ‹lecurissn-
408 2469 440 2472 —
460 2454 490 2487 ἓ.
509 2457 572 2483 10.
600 2459 782 2491 Praecepto
801 2459 970 2484 laicorum.
1007 2458 1036 2485 11,

202 2496 270 2528 ⁰1)-
295 2494 446 2532 Episcopos
466 2500 587 2525 convenit
604 2499 727 2526 iudicare.
749 2516 779 2519 —
799 2499 914 2536 Legibus
933 2505 1039 2537 oportet

202 2537 293 2563 audiri.
322 2537 358 2563 lb.
378 2537 448 2564 XVI.
471 2541 510 2564 ll.
535 2550 556 2565 c.
577 2542 599 2567 1.
619 2541 651 2568 de
670 2542 741 2578 relig.
778 2543 820 2569 111.
839 2544 905 2570 Gn.
923 2542 1037 2579 Legibus
1058 2541 1060 2562 ¹,

203 2585 228 2606 et
249 2579 392 2605 canonibus
412 2586 612 2608 consentaneam
625 2587 780 2612 sententiam
791 2585 917 2622 proferre.
937 2586 983 2613 Iul.
998 2597 1038 2623 ep.
1059 2576 1060 2606 i

203 2633 263 2649 nov.
285 2632 305 2649 c.
327 2624 366 2648 73.
388 2623 409 2655 ξ.
428 2625 531 2649 264-
552 2624 582 2656 §.
597 2627 654 2652 11.
674 2629 786 2663 Leges,
806 2631 823 2655 ι’.
838 2640 857 2655 e.
878 2630 1038 2656 Doctrina
1060 2627 1061 2637 ¹

203 2668 296 2692 iuris.
334 2664 352 2690 1.
369 2665 430 2699 Sy.
450 2665 585 2702 Legitima.
604 2665 702 2703 Legum
721 2671 849 2702 (eruditio
869 2671 935 2704 etc.)
955 2670 996 2698 Cf.
1015 2682 1038 2697 v.
1061 2701 1062 2704 Ἴ

203 2707 359 2743 Legitimos.
380 2708 401 2740 ξ.
421 2710 444 2733 4.
472 2708 537 2735 Iuris
562 2710 699 2746 interpres
734 2712 819 2749 Leges
837 2713 951 2740 tradens.
976 2725 996 2740 8.
1015 2716 1039 2740 2.
1062 2730 1063 2750 i

205 2751 227 2784 §.
247 2752 271 2776 9.
293 2750 325 2776 de
345 2755 395 2776 vet.
416 2751 471 2777 iure
491 2752 574 2778 enucl.
597 2754 617 2777 l.
640 2754 679 2778 17.
715 2753 756 2780 1Π.
777 2757 842 2783 Cn.
866 2756 963 2789 Legum
983 2767 1042 2794 pro·
1063 2780 1064 2783 ,

206 2792 332 2819 sessores.
353 2803 375 2819 v.
397 2793 547 2829 prudentes.
568 2805 588 2820 c.
608 2796 632 2820 2.
652 2795 672 2828 ξ
692 2797 732 2821 22.
753 2797 785 2822 ib.
808 2800 829 2823 1.
851 2800 890 2824 17.
905 2786 931 2825 ι8.
950 2801 989 2825 11.
1011 2799 1042 2825 (18
1062 2789 1064 2818 ⁴.

1080 148 1159 179 LIB.
1851 151 1914 182 537

1074 231 1174 257 remiss.
1194 231 1264 267 pign.
1283 231 1307 256 8.
1327 231 1368 256 26.
1406 230 1503 267 Legum
1523 229 1671 267 disciplina.
1692 232 1768 257 812.
1789 230 1821 257 (18
1840 237 1913 269 nupt.

1073 275 1097 299 5.
1116 275 1140 299 4.
1178 273 1231 308 Qui
1250 274 1299 306 (sc.
1320 275 1442 305 iuvenes)
1462 273 1494 300 ad
1514 275 1622 310 primam
1641 273 1727 310 legum
1746 275 1855 300 veniunt.
1873 285 1915 301 au-

1074 316 1205 342 dientiam.
1232 326 1253 342 c.
1274 318 1296 342 1.
1326 315 1358 342 (18
1383 316 1452 342 nudo
1473 318 1529 342 iure
1548 316 1624 352 Quir.
1645 319 1668 343 7.
1686 318 1728 343 25.
1765 316 1793 343 111
1813 316 1916 353 legibus

1074 359 1222 395 relinquere
1241 359 1378 396 (optimam
1397 360 1437 385 sui
1457 359 1629 393 memoriam.)
1649 369 1670 386 c.
1683 361 1708 385 2.
1729 359 1750 393 ξ.
1767 361 1791 386 9.
1812 359 1844 386 (18
1862 365 1914 386 vet.

1074 402 1129 428 iure
1149 401 1233 428 enucl.
1254 403 1276 428 1.
1298 403 1337 427 17.

1109 444 1348 471 Libanensis·
1385 444 1523 477 (Adiect.)
1562 446 1608 471 Aa
1629 445 1789 470 Libanum
1811 446 1915 479 perti-

1075 497 1160 518 nens,
1180 493 1313 513 montem
1333 489 1456 521 Syriae.
1495 487 1536 513 Ill.
1553 488 1618 514 Cn.
1638 486 1688 513 Per
1700 488 1850 524 provincias
1864 487 1916 514 Me-

1075 531 1260 566 sopotamiam,
1280 546 1312 549 ——
1331 528 1435 565 Syriam
1454 529 1608 561 secundam,
1634 529 1815 562 Phoenicium,
1839 529 1916 556 Liba-

1075 583 1182 598 nensem
1202 578 1251 599 etc.
1271 583 1292 599 c.
1314 574 1353 598 10.
1373 572 1405 599 de
1425 572 1500 598 aedis.
1521 573 1587 610 priv.
1607 574 1631 598 ὃ.
1653 574 1692 598 10.

1110 616 1262 642 Libare.
1285 617 1490 642 Libationem
1504 618 1636 652 facere,
1655 625 1823 642 sacrorum
1842 626 1916 642 cau-

1073 668 1115 684 sa.
1153 658 1195 684 111.
1216 660 1282 686 (7η.
1310 658 1372 684 Aris
1396 658 1503 684 accendi
1527 659 1613 694 igneS‚
1634 673 1666 677 -—-
1690 659 1809 684 victimas
1834 657 1916 690 caedi,

1074 702 1172 737 pateris
1191 703 1252 727 vina
1271 701 1354 727 libari.
1382 711 1403 727 c.
1424 702 1446 727 7.
1467 700 1499 727 dc
1518 710 1609 738 pagan.
1631 701 1652 726 l.
1673 701 1714 726 ll.

1110 744 1271 771 Libella.
1319 745 1509 771 Nummulus
1544 749 1738 778 argenteus,
1769 745 1917 770 sestertii

1075 788 1197 813 decima
1223 797 1311 821 pars.
1348 786 1391 812 111.
1412 788 1477 814 Cn.
1508 784 1621 812 Libellis
1645 785 1746 811 duabus
1770 791 1813 812 aut
1832 787 1917 813 tribus

1075 828 1176 855 diurnis
1190 845 1221 848 ——
1236 829 1465 855 commentariensi
1486 828 1608 860 decretis,
1628 828 1779 862 (victualem
1797 829 1917 856 substan-

1076 873 1136 898 tiam
1156 881 1208 897 11011
1227 872 1384 898 habentibus
1403 871 1499 898 faciant
1517 872 1681 905 ministrari.)
1706 871 1756 898 Th.
1777 871 1807 898 C.
1827 872 1872 899 IX.
1891 874 1915 899 3.

1076 924 1097 940 8.
1118 916 1141 940 7.
1162 913 1194 940 de
1214 919 1280 940 cust.
1300 924 1367 940 reor.

1111 957 1350 984 Libellensis.
1387 956 1513 990 (Subst.)
1553 958 1754 994 Officialis,
1778 959 1812 984 in
1835 959 1917 985 scri-

1076 1002 1141 1026 niis
1160 1002 1326 1031 militans,
1350 1005 1379 1025 et
1395 1005 1492 1034 gesta
1508 1002 1645 1033 publica
1665 1002 1838 1034 excipiens.
1874 1001 1918 1027 III.

1077 1044 1142 1070 Gn.
1163 1042 1254 1068 *Nostri
1273 1041 1437 1073 libellenses,
1458 1052 1523 1078 quae
1542 1042 1611 1079 apud
1625 1043 1738 1069 arbitros
1757 1048 1829 1079 gesta
1848 1048 1918 1075 sunt,

1077 1086 1235 1122 suscipiant.
1261 1085 1424 1121 cognitiones
1449 1084 1586 1113 inducant.
1611 1090 1636 1111 et
1655 1096 1683 1111 ea
1709 1096 1774 1122 quae
1793 1091 1920 1122 geruntur

1078 1129 1223 1165 excipiant,
1243 1127 1367 1153 scribant.
1397 1138 1418 1154 c.
1437 1129 1478 1153 32.
1502 1128 1523 1161 ξ.
1543 1130 1566 1153 4.
1587 1127 1619 1153 de
1639 1137 1696 1165 app.
1719 1133 1744 1154 et
1763 1128 1874 1155 consult.
1894 1131 1917 1155 7.

1077 1173 1118 1197 62.
1156 1171 1288 1197 Scrinium
1312 1169 1498 1196 libcllensium.
1528 1180 1549 1196 c.
1576 1172 1614 1196 14.
1642 1171 1664 1204 ξ.
1691 1173 1713 1197 l.
1741 1171 1773 1197 de
1794 1181 1869 1208 prox.
1890 1171 1918 1198 S.

1078 1215 1156 1241 scrin.
1178 1216 1217 1240 12.
1241 1215 1279 1240 19.
1298 1212 1365 1239 Νῦν.
1384 1215 1426 1239 35.
1447 1223 1468 1239 c.
1490 1214 1511 1239 1,

1113 1258 1293 1284 Libellus.
1330 1256 1361 1290 ᾗ.
1382 1258 1417 1282 1.
1443 1257 1560 1288 Codex,
1586 1257 1779 1289 Scriptura,
1801 1258 1919 1284 Chiro-

1076 1302 1250 1336 grapleum,
1277 1301 1428 1326 Testatio
1454 1300 1591 1332 scripta.
1630 1297 1648 1324 I.
1670 1300 1732 1332 sy.
1761 1298 1848 1326 Liber.
1877 1300 1920 1326 Cf.

1078 1344 1103 1370 b.
1123 1354 1147 1370 v.
1172 1343 1194 1377 ξ.
1216 1344 1237 1368 1.
1279 1341 1322 1368 111.
1343 1342 1410 1369 Gn.
1437 1340 1479 1367 Ad
1503 1340 1633 1367 infamiam
1657 1341 1767 1368 alicuius
1793 1342 1920 1375 libellum,

1079 1392 1122 1413 aut
1142 1396 1245 1412 carmen
1265 1384 1388 1411 scribere.
1411 1383 1468 1410 Gai.
1488 1383 1530 1410 III.
1549 1385 1609 1410 220.
1629 1384 1659 1410 fr.
1676 1386 1715 1411 15.
1735 1385 1756 1419 ξ
1770 1386 1812 1412 29.
1833 1385 1865 1411 (18
1883 1387 1921 1412 111-

1079 1431 1126 1456 1111.
1151 1431 1192 1455 47.
1217 1430 1256 1454 10.
1295 1427 1435 1459 Convicia,
1459 1431 1485 1453 81
1509 1426 1601 1452 famosi
1624 1426 1716 1453 libelli.
1752 1427 1825 1454 Paul.
1845 1427 1876 1455 V.
1896 1430 1921 1455 4.

1079 1473 1100 1506 ξ.
1121 1474 1143 1498 1.
1182 1471 1236 1507 Qui
1255 1470 1374 1497 libellum
1395 1469 1549 1496 tradendum
1568 1469 1675 1495 divortii
1696 1469 1775 1496 dedit.
1796 1470 1826 1497 fr.
1845 1473 1868 1497 7.
1888 1471 1921 1498 de

1079 1515 1174 1542 divort.
1193 1516 1235 1540 24.
1255 1516 1279 1540 2.
1316 1513 1344 1539 111
1363 1512 1482 1539 libellum
1502 1511 1620 1538 conferre
1640 1512 1692 1545 (sc.
1713 1513 1786 1545 res.)
1809 1524 1921 1550 eumque

1079 1557 1199 1585 libellum
1217 1558 1310 1583 marito
1331 1556 1442 1587 obferre,
1463 1559 1491 1581 ut
1504 1555 1526 1580 is
1541 1554 1690 1581 subscribat
1703 1560 1752 1581 etc.
1772 1556 1802 1582 fr.
1817 1558 1840 1583 9.
1860 1557 1881 1590 ξ.
1895 1558 1921 1583 3.

1080 1601 1111 1628 de
1135 1602 1190 1627 iure
1215 1599 1268 1625 dot.
1292 1601 1333 1625 23.
1353 1601 1377 1625 3.
1398 1598 1430 1625 cf.
1456 1598 1486 1624 fr.
1506 1599 1547 1624 99.
1572 1608 1610 1635 pr.
1632 1597 1664 1623 (18
1683 1597 1758 1633 legat.
1778 1598 1821 1625 111.
1842 1600 1922 1633 (32.)

1080 1644 1115 1671 Vt
1127 1642 1247 1670 libellum
1260 1646 1418 1679 proponant,
1432 1641 1621 1667 continentem:
1641 1641 1805 1672 „invenissm
1826 1647 1851 1668 et
1864 1641 1921 1668 red·

1079 1687 1194 1713 diturum
1221 1687 1294 1712 etc.“
1319 1685 1348 1711 l'r.
1368 1686 1408 1710 43.
1434 1684 1455 1717 §.
1475 1684 1499 1709 8.
1525 1683 1557 1709 (18
1580 1683 1641 1709 furt.
1661 1684 1702 1709 47.
1721 1685 1745 1710 2.
1783 1683 1921 1720 Significet

1078 1729 1183 1760 libello,
1210 1738 1287 1754 manu
1310 1737 1356 1753 sua
1375 1727 1535 1763 subscripta.
1556 1725 1586 1752 fr.
1605 1727 1629 1752 4.
1649 1726 1671 1759 ξ.
1693 1727 1715 1752 1.
1736 1725 1768 1753 de
1786 1727 1919 1765 publican.

1077 1774 1118 1799 39.
1139 1775 1162 1798 4.
1199 1770 1330 1797 Libellum
1349 1769 1382 1795 ad
1405 1771 1476 1806 ipsas
1501 1768 1579 1795 aedes
1603 1778 1765 1806 proponere,
1786 1786 1817 1790 —
1838 1775 1866 1796 ut
1885 1771 1920 1797 ita

1079 1815 1194 1842 monitus
1214 1813 1337 1839 defensor
1357 1813 1474 1838 exsistat.
1495 1811 1525 1838 fr.
1539 1813 1563 1838 4.
1583 1811 1605 1844 §.
1620 1812 1644 1839 6.
1664 1811 1696 1837 (18
1715 1811 1799 1838 damn.
1819 1812 1864 1839 ins.
1877 1814 1920 1839 39.

1078 1860 1102 1884 2.
1123 1857 1154 1884 ef.
1175 1867 1196 1883 c.
1218 1857 1240 1882 1.
1260 1855 1292 1882 de
1311 1855 1334 1881 11,
1356 1865 1398 1891 qu.
1418 1859 1517 1892 potent.
1537 1856 1563 1880 2.
1584 1856 1624 1881 15.
1650 1870 1682 1874 --
1711 1855 1742 1888 §.
1763 1856 1798 1881 2.
1823 1857 1920 1882 Rela-

1078 1903 1139 1932 tio,
1163 1901 1211 1925 vel
1229 1899 1423 1932 imploratio
1447 1899 1587 1931 scripta,
1612 1900 1653 1924 art
1668 1899 1852 1932 Principem
1874 1900 1922 1924 vel

1079 1945 1312 1978 magistratum
1325 1943 1432 1977 facta.
1470 1940 1487 1966 1.
1509 1941 1571 1974 Sy.
1590 1939 1767 1966 Desiderium.
1788 1939 1829 1966 Cf.
1850 1940 1874 1966 h.
1894 1950 1918 1966 v.

1079 1987 1100 2020 ξ.
1122 1988 1147 2012 2.
1174 1984 1280 2016 Preces,
1300 1983 1425 2010 Litterae.
1455 1982 1496 2009 Cf.
1515 1982 1539 2009 11.
1560 1993 1602 2009 vv.
1638 1982 1668 2009 11.
1691 1984 1759 2016 ⁰11.
1786 1982 1859 2009 Voce
1878 1982 1921 2009 ad-

1079 2028 1187 2066 pellare.
1201 2044 1232 2048 -
1252 2026 1371 2053 Libellos
1391 2026 1579 2064 adpellatorios
1599 2025 1668 2052 dare.
1688 2025 1718 2052 fr.
1732 2027 1756 2052 5.
1775 2026 1797 2059 ξ,
1811 2027 1833 2052 4.
1854 2025 1884 2051 fr.
1896 2027 1919 2052 7.

1080 2071 1112 2098 de
1132 2082 1190 2108 app.
1211 2075 1236 2097 et
1254 2070 1301 2097 rel.
1321 2071 1363 2096 49.
1383 2071 1404 2097 1.
1442 2069 1493 2096 Pro
1517 2068 1656 2101 tribunali,
1677 2084 1708 2087 —
1733 2067 1783 2094 Per
1800 2067 1920 2094 libellum

1080 2115 1164 2148 (adire.
1182 2113 1322 2140 Rectorem
1341 2112 1395 2145 Pr.)
1416 2123 1437 2139 c.
1456 2114 1481 2138 2.
1519 2111 1645 2147 Quemad.
1665 2115 1726 2137 test.
1746 2121 1816 2147 aper.
1835 2112 1858 2137 6.
1876 2113 1919 2137 32.

1081 2157 1111 2184 cf.
1131 2157 1214 2184 Vatic.
1234 2157 1324 2191 §.156
1344 2155 1461 2183 mon.
1481 2154 1556 2180 Solet
1576 2159 1601 2180 et
1619 2155 1654 2179 ita
1673 2153 1795 2179 interdici
1815 2153 1863 2187 (sc.
1876 2153 1919 2180 ad-

1078 2201 1188 2232 vocatis,
1201 2199 1245 2226 vel
1259 2198 1445 2225 tabellionibus
1458 2198 1520 2228 etc.)
1549 2195 1612 2228 „Ne
1626 2197 1799 2222 instrumenta
1812 2197 1918 2222 omniuo

1081 2244 1205 2275 forment,
1225 2252 1291 2269 neve
1310 2241 1417 2268 libellos
1437 2240 1598 2276 concipiant.
1622 2238 1666 2265 vel
1684 2240 1839 2265 testationes
1859 2248 1918 2264 con-

1081 2288 1211 2323 siguent.“
1230 2285 1261 2312 fr.
1281 2287 1304 2312 9.
1323 2285 1345 2318 ξ.
1361 2286 1385 2310 5.
1405 2283 1438 2309 de
1456 2292 1532 2319 poen.
1543 2282 1584 2308 48.
1597 2283 1636 2308 19.
1673 2280 1792 2307 Libellos
1813 2290 1918 2317 compo-

1081 2331 1146 2361 suit.
1166 2345 1199 2349 --
1218 2327 1265 2354 sed
1284 2337 1336 2353 non
1356 2326 1440 2356 dedit;
1464 2325 1562 2351 Lucius
1581 2334 1629 2361 pro
1648 2323 1771 2350 tribunali
1792 2333 1836 2349 eos
1854 2324 1918 2349 reci-

1081 2373 1158 2403 tavit.
1183 2371 1257 2407 quasi
1276 2369 1364 2396 officio
1383 2368 1502 2395 traditos.
1527 2367 1557 2393 fr.
1578 2369 1619 2393 72.
1639 2366 1671 2393 de
1689 2366 1749 2392 furt.
1769 2367 1809 2391 47.
1829 2367 1853 2391 2.
1888 2365 1918 2392 ln

1082 2413 1285 2451 cognitionibus,
1304 2410 1536 2449 postulationibus,
1555 2409 1661 2437 libellis.
1681 2408 1782 2437 edictis,
1796 2407 1917 2440 decretis,

1082 2456 1203 2495 epistolis
1228 2457 1320 2489 (omne
1340 2455 1455 2481 officium
1474 2453 1620 2480 adsessoris
1640 2451 1767 2482 constat.)
1792 2450 1822 2476 fr.
1843 2452 1865 2477 l.
1885 2450 1918 2477 de

1082 2500 1125 2526 off.
1146 2499 1246 2525 adsess.
1262 2500 1283 2524 l.
1302 2500 1344 2523 22.
1382 2496 1449 2523 Cum
1469 2495 1672 2525 denunciaverit,
1693 2497 1718 2518 et
1737 2502 1789 2518 non
1808 2493 1917 2526 venerit,

1082 2542 1188 2569 libellos
1207 2541 1259 2572 (181,
1279 2545 1307 2567 111
1325 2540 1426 2566 litteras
1445 2544 1524 2576 petat.
1545 2538 1626 2563 VatIc.
1646 2536 1668 2569 ξ.
1685 2536 1741 2561 167.
1762 2534 1792 2561 cf.
1807 2535 1843 2568 ἒξ.
1859 2536 1916 2561 156.

1084 2588 1141 2612 162.
1161 2594 1219 2620 sqq.
1257 2583 1286 2609 Si
1305 2593 1357 2609 non
1377 2583 1481 2619 quidem
1501 2579 1678 2609 denunciavit,
1702 2587 1792 2604 verum
1811 2577 1918 2604 libellos

1084 2627 1262 2654 accusatorios
1281 2626 1360 2652 dedit.
1380 2626 1411 2652 sr.
1432 2627 1471 2651 17.
1491 2624 1513 2656 ξ,
1534 2625 1554 2648 1.
1576 2621 1605 2648 fr.
1625 2622 1668 2647 29.
1686 2621 1708 2654 ξ.
1728 2621 1751 2646 8.
1771 2619 1802 2646 ad
1820 2619 1850 2646 L.
1869 2619 1916 2646 Iul.

1085 2671 1117 2697 de
1136 2669 1215 2696 adult.
1235 2670 1276 2695 48.
1296 2671 1320 2696 5.
1341 2669 1371 2695 cf.
1391 2668 1421 2694 sr.
1442 2669 1463 2693 7.
1485 2666 1516 2692 tle
1535 2664 1606 2691 inoff.
1626 2668 1725 2689 testam.
1741 2664 1764 2688 5.
1778 2665 1802 2688 2.
1822 2661 1871 2688 Th.
1885 2661 1915 2688 C.

1085 2714 1117 2739 X.
1138 2715 1177 2739 10.
1199 2722 1219 2738 c.
1240 2714 1263 2738 7.
1283 2712 1315 2738 de
1334 2712 1400 2748 petit
1424 2714 1448 2735 et
1472 2708 1541 2733 ultro
1561 2706 1612 2733 dat.
1649 2705 1810 2732 Libellorum
1828 2704 1918 2730 inscri-

1085 2756 1184 2793 ptionis
1204 2756 1340 2791 conceptio
1361 2752 1420 2779 talis
1440 2757 1487 2776 est.
1508 2750 1536 2776 fr.
1551 2751 1574 2775 3.
1594 2759 1633 2786 pr.
1653 2749 1674 2783 §.
1691 2750 1712 2774 1.
1732 2748 1764 2775 de
1783 2747 1916 2773 accus48.

1064 2826 1066 2840 ι
1086 2801 1110 2824 2.
1131 2798 1162 2824 cf.
1187 2797 1217 2824 fr.
1240 2799 1260 2823 1.
1285 2798 1306 2830 ξ.
1331 2799 1354 2822 4.
1380 2794 1411 2820 (18
1435 2803 1492 2831 app.
1518 2798 1543 2819 et
1566 2792 1639 2819 relat.
1661 2792 1702 2818 49.
1724 2793 1745 2817 1,
1783 2790 1847 2816 Fine
1865 2789 1916 2820 (se.

1445 2839 1478 2863 6&
