2197 3121
263 253 306 280 1V.
326 255 350 281 8.
374 254 396 288 3.
415 256 457 280 25.
495 254 563 281 Cum
588 259 678 280 nostra
702 253 880 280 destinatione
903 252 1044 279 fundorum
1064 262 1109 278 no—
1130 253 1132 283 ,l

263 298 339 325 mina.
369 308 421 323 non
452 302 558 324 natura.
588 298 820 323 ‹ormtituerentun
853 296 884 322 fr.
909 298 951 322 2-1.
979 296 1000 329 3.
1026 296 1050 321 3.
1075 295 1108 322 (18

263 339 339 377 legat.
360 340 462 373 I.:.(Jo)
482 356 514 360 -—
534 340 565 373 §-
581 341 616 365 2.
639 340 828 376 Definitio,
850 341 993 366 Sanctio.
1014 337 1108 373 [Sy.

263 382 436 410 Constitutio.
467 383 517 410 Th.
533 383 563 409 C.
584 382 616 409 ln.
639 385 660 409 l.
681 392 702 409 c.
721 384 746 409 2.
767 382 800 409 dc
819 381 889 418 hgit.
910 381 1021 408 lierndit

296 427 477 453 Desfitor.
516 428 578 459 Qui
602 427 749 457 desiuit,
777 426 941 451 Desertor.
977 423 1020 450 111.
1042 424 1108 451 Cn·
1130 375 1131 435 I

262 469 390 496 Annonas
411 478 514 499 eorum,
534 483 567 487 —-
587 478 654 504 quac
674 467 727 494 iilis
747 467 921 494 destitoribns
940 465 1109 504 praestaban-

262 516 312 542 tur,
332 512 468 548 accipiant.
499 510 592 537 Iuliani
612 513 675 549 epit.
696 521 755 537 nov.
777 521 797 537 c.
819 513 859 537 51.
880 511 902 544 3.
925 512 982 536 192.

296 555 528 582 Destituere.
561 554 591 587 §-
607 555 642 581 l.
665 555 839 585 emittere,
860 554 1029 584 Deserere,
1050 554 1108 579 Ne·
1129 554 1131 572 '⁴

258 599 395 633 gligere.
438 596 456 623 1.
477 597 539 631 Sy.
576 596 716 627 Deserere.
737 597 863 629 (causam⁷
883 605 907 622 v.
928 596 1005 629 rem.)
1034 595 1106 622 Paul.
1129 594 1131 620 ι’

260 639 293 666 V.
315 642 337 666 1.
361 640 383 673 3.
403 641 427 666 5.
452 650 473 666 c.
495 641 518 666 4.
549 639 582 666 ad
606 639 633 666 S.
657 639 688 666 C.
710 639 792 676 Turp.
823 641 847 666 9.
873 640 914 665 45.
960 639 1107 665 Desistere.

260 683 415 710 Destituere
441 682 576 710 iudicium.
614 683 644 709 l'r.
664 684 688 709 3.
713 683 735 716 3.
754 683 778 708 3.
805 681 838 708 de
860 691 979 719 praevar.
1003 683 1045 708 47.
1067 683 1107 708 15.
1130 698 1131 713 ;

260 726 302 752 III.
318 727 384 754 (Ὕη-
405 726 468 761 Qui.
481 727 605 763 imposita
626 726 692 761 suga,
712 734 819 751 munera
834 741 866 744 —
880 724 1035 751 destituunt.
1057 723 1106 751 Τ1ι.
1130 724 1131 739 ¹

260 769 291 796 C.
312 769 355 796 III.
377 771 400 796 l.
421 779 442 796 c.
462 772 486 795 8.
507 769 539 795 de
559 773 642 795 contr.
663 772 722 794 emt.
743 767 775 794 cf.
795 767 825 794 I'r.
839 770 863 794 2.
884 767 917 795 de
936 767 1045 794 nundin.
1065 769 1107 793 50.
1129 776 1130 789 ι

260 814 301 839 ll.
339 813 394 848 Qui
413 812 533 838 destituit
553 820 690 848 supremas
709 809 826 837 defuncti
845 811 947 848 precesss
973 810 1003 837 I'r.
1023 812 1064 836 55.
1084 810 1106 844 3.
1128 817 1130 845 J

259 856 284 882 3.
305 855 337 882 ad
356 855 383 882 S.
405 854 436 882 C.
457 854 535 881 Treb.
555 856 597 880 36.
619 856 641 880 l.
679 853 816 880 Secundus
836 853 939 880 tabulas
959 863 1011 879 non
1030 863 1108 890 opor·
1129 862 1130 881 t

259 903 316 925 tere
341 899 507 929 resuscitari.
537 897 666 923 destituto
690 897 741 923 iam
764 897 821 923 iure
844 896 916 923 civili
940 901 1106 922 testamento.

259 940 291 968 sr.
310 942 352 967 38.
373 941 394 974 3.
414 942 438 966 3.
459 940 491 967 de
510 940 581 976 vulg.
602 945 628 966 et
646 949 709 977 pup.
728 940 770 966 28.
790 941 814 965 6.
837 956 866 960 -
887 940 918 973 §.
939 941 974 966 2.
1000 941 1107 967 Inter-

258 986 381 1019 εἰρει-ε,
406 985 587 1010 Fraudare.
628 982 672 1009 111.
689 983 755 1010 Cn.
789 981 829 1008 'Ne
847 998 880 1002 —
900 981 978 1008 simul
996 983 1061 1008 viris
1082 986 1107 1008 et

258 1027 360 1053 viribus
380 1026 486 1063 respub.
507 1025 692 1052 destituantur.
721 1024 751 1051 fr.
771 1026 796 1051 3.
820 1025 904 1059 §.15.
928 1024 961 1051 de.
985 1035 1054 1051 mun.
1080 1029 1107 1051 et

259 1070 320 1096 lion.
340 1072 382 1095 50.
403 1071 426 1095 4.
465 1069 539 1104 Quas
565 1070 619 1102 (sc.
639 1069 841 1101 metrocomias)
866 1069 994 1105 temporis
1014 1067 1105 1105 lapsus

257 1113 301 1140 vel
321 1113 454 1140 destituit.
478 1111 522 1138 vel
545 1111 647 1138 viribus
671 1112 799 1137 vacuavit.
833 1110 882 1137 Tb.
903 1111 933 1137 C.
954 1110 1000 1137 XI.
1019 1112 1062 1137 21.
1083 1120 1105 1137 c.
1128 1115 1129 1140 i

257 1158 282 1183 6.
302 1156 323 1190 3
338 1158 362 1182 4.
383 1155 415 1182 de
432 1165 464 1192 pa
460 1160 533 1181 ntioc
548 1155 629 1181 vicor.
667 1154 856 1180 Destituuntur
874 1155 978 1190 negotia
998 1158 1024 1180 et
1043 1158 1106 1180 tem-

258 1198 369 1236 poribus
384 1199 439 1225 suis
454 1197 587 1229 excidunt,
609 1197 733 1223 dumetc.
760 1196 842 1223 1b.11.
858 1199 898 1224 lo.
919 1196 1104 1231 c.-.0Vck.)
1127 1194 1129 1200 ‘

257 1241 291 1268 de
309 1241 409 1279 postul.

291 1283 510 1312 Restitutio.
548 1284 715 1314 Desertio,
740 1284 939 1310 Deminntio.
976 1282 1019 1310 III.
1038 1284 1104 1311 Gn.

257 1326 351 1364 Neque
370 1327 522 1353 munificum
541 1326 677 1363 praediun]
697 1336 746 1363 pro
765 1326 858 1352 alienis
879 1325 986 1355 debitis.
1005 1325 1048 1352 vel
1062 1325 1105 1352 de·
1126 1334 1128 1349 v

257 1371 410 1402 stitutione,
434 1380 494 1396 esse
517 1369 695 1396 detinendum.
730 1369 780 1396 Th.
804 1369 835 1396 C.
854 1368 899 1395 XI.
921 1370 944 1395 1.
968 1379 989 1395 c.
1009 1370 1051 1395 31.
1071 1368 1105 1395 de

257 1423 316 1440 aun.
338 1418 363 1440 et
383 1413 472 1439 tribut.

292 1456 518 1484 nestit-nus.
538 1454 659 1489 (Partic.)
687 1456 719 1490 ᾖ.
740 1456 774 1482 1.
802 1456 1023 1482 constitutus.
1060 1453 1103 1480 ΙΙΙ.

257 1501 325 1528 Cn.
344 1499 444 1531 Refert,
465 1514 497 1518 -—
512 1508 617 1525 caecum
631 1514 664 1518 —
678 1508 770 1525 aversa
790 1497 855 1524 sella
869 1508 882 1524 a
896 1498 979 1524 Bruto
994 1496 1105 1523 destitu-
1125 1519 1127 1533 1

256 1547 320 1573 tum,
341 1552 398 1568 cum
417 1541 498 1568 vellet
517 1541 662 1579 postulare.
682 1542 712 1568 fr.
734 1544 756 1568 1.
777 1542 799 1575 3.
818 1543 842 1567 5.
864 1540 896 1567 de
915 1540 1014 1578 postul.
1034 1542 1059 1566 3.
1080 1542 1103 1567 l.

257 1600 290 1605 —
309 1585 341 1618 ξ.
356 1586 391 1611 2.
417 1586 623 1616 Dentatus,
645 1586 803 1615 Orbatus,
825 1585 978 1611 emissus.
1008 1583 1026 1609 1.
1041 1585 1104 1618 Sy.

255 1627 381 1659 Desecta,
401 1626 536 1653 Destituta
556 1628 740 1664 (possessio.)
775 1626 825 1653 Th.
847 1626 878 1653 C.
898 1625 943 1653 XI.
970 1628 993 1652 1.
1020 1636 1041 1652 c.
1061 1628 1103 1653 31.
1125 1640 1127 1664 'a

255 1670 410 1702 Desertum,
430 1670 595 1696 Destitutum
615 1670 844 1703 (testamentum.)
868 1670 906 1704 33.
928 1671 949 1696 7.
970 1679 1011 1706 sq.
1032 1669 1050 1695 1.
1072 1669 1104 1696 de

255 1713 345 1741 hei-ed.
366 1724 409 1750 qu.
430 1713 461 1739 ab
481 1714 527 1739 int.
547 1714 572 1739 3.
594 1714 616 1739 l.
654 1713 696 1740 111.
711 1715 777 1741 cn.
806 1713 835 1739 Si
855 1713 958 1739 vacanti
977 1723 1006 1739 ac
1025 1712 1105 1739 desti-

255 1762 313 1783 tuto
333 1756 391 1783 solo
412 1766 496 1782 novus
516 1755 605 1782 cultor
623 1756 758 1783 insederit.
793 1755 843 1782 Th.
864 1756 895 1782 C.
916 1755 947 1781 V.
973 1757 1012 1781 15.
1037 1765 1059 1781 c.
1079 1757 1103 1782 5.
1126 1750 1127 1754 ¹

255 1799 360 1833 (ch.)
398 1799 561 1826 Defensione
580 1800 648 1826 iusta
668 1804 695 1826 et
714 1800 843 1826 curatoris
860 1797 959 1824 auxilio
973 1797 1103 1825 destituti.

257 1853 279 1869 c.
299 1844 323 1869 6.
361 1844 458 1878 Quom.
479 1847 505 1869 et
524 1841 619 1878 quand.
641 1844 663 1869 7.
683 1844 724 1869 43.

291 1886 495 1913 Destricte.
516 1884 632 1918 (Advb.)
653 1887 790 1917 stricte,
811 1886 971 1912 Praecise.
992 1883 1103 1919 [Lop-

256 1927 349 1965 Neque
363 1929 462 1965 passim
476 1927 645 1959 admittenda,
666 1938 751 1964 neque
765 1928 891 1954 destricte
912 1927 956 1960 [al.
971 1927 1102 1961 districte]

257 1971 422 2008 deneganda,
451 1971 498 1997 sed
524 1982 538 1997 a
557 1970 682 1997 Praetore
706 1981 783 1997 causa
803 1971 906 2007 cognita
925 1969 1102 2007 temperanda.
1125 2006 1126 2010 Ἰ

257 2014 288 2042 fr.
310 2017 349 2042 13.
371 2015 403 2042 de
422 2024 527 2052 procur.
547 2015 570 2040 3.
591 2015 615 2039 3.
646 2013 678 2039 cf.
698 2013 728 2040 fr.
750 2016 772 2040 l.
798 2014 820 2047 3.
840 2015 881 2039 26.
902 2012 935 2039 de
955 2014 1102 2049 quaestion.
1124 2015 1126 2040 ἰ

256 2059 299 2084 48.
320 2060 360 2084 18.
398 2057 441 2084 111.
456 2058 522 2084 Cn.
553 2055 628 2082 Licet
642 2056 750 2082 Praetor
764 2056 889 2083 destricte
910 2055 953 2089 [al.
969 2055 1102 2089 districte]

258 2100 356 2133 edicat,
377 2116 409 2120 —
429 2105 541 2127 attamen
566 2099 696 2125 interdum
721 2101 848 2126 rationem
868 2100 924 2126 eius
944 2098 1041 2125 habere
1060 2098 1103 2125 de·
1124 2119 1125 2132 ἢ

259 2144 303 2170 bet
323 2149 371 2170 etc.
402 2144 432 2170 fr.
454 2145 494 2169 15.
515 2142 547 2169 de
567 2152 617 2168 rec.
638 2152 681 2178 qu.
703 2142 756 2169 arb.
777 2144 800 2168 4.
821 2144 845 2168 8.

292 2187 510 2214 ”estu-ictio.
553 2187 736 2217 Caere-itio,
772 2187 924 2212 Censura.
966 2185 1008 2212 III.
1036 2186 1102 2213 C'n.
1124 2191 1125 2200 ¹

257 2229 395 2261 Errorem,
415 2229 457 2256 vel
477 2229 568 2266 culpas
591 2245 620 2249 —
641 2229 723 2266 patria
743 2228 917 2255 destrictione
941 2228 989 2261 [al.
1015 2228 1104 2255 distri-

258 2273 358 2304 ctione,
383 2282 406 2298 v.
427 2272 608 2305 discussione]
634 2272 773 2307 corrigere.
810 2271 922 2308 lntcrpr.
948 2271 980 2298 ad
1000 2271 1049 2298 Τ1ι.
1070 2271 1101 2299 C.

258 2314 303 2341 lX.
326 2317 364 2342 13.
389 2325 410 2341 c.
433 2317 455 2341 l.
480 2314 512 2341 (18
531 2314 632 2341 emend.
656 2315 798 2352 propinqu.
845 2314 901 2340 Sub
926 2315 991 2340 iuris
1016 2314 1103 2341 distri·
1124 2312 1125 2345 J

259 2359 347 2384 ctione
366 2374 397 2379 -
418 2358 516 2384 iubere.
545 2357 637 2384 Iuliani
657 2359 719 2395 epit.
740 2368 801 2384 nov.
822 2368 843 2384 c.
863 2359 905 2383 22.
926 2357 947 2391 3.
968 2358 1010 2384 84.

293 2401 517 2429 nestrictus.
546 2400 677 2431 (Panic.)
716 2403 915 2432 Accurotns,
936 2403 1101 2435 Protulus,

259 2446 402 2471 Severus.
449 2443 492 2470 111.
520 2444 585 2470 Gn.
626 2443 809 2470 l'robatissimi
834 2445 932 2480 quique
956 2448 1035 2479 atque
1059 2443 1102 2470 de-

258 2488 420 2514 strictissimi
440 2486 602 2513 defensores.
628 2485 678 2512 Th.
693 2486 724 2512 C.
739 2486 757 2513 I.
779 2489 818 2513 ll.
839 2497 860 2513 c.
874 2488 899 2513 3.
920 2486 953 2513 de
968 2486 1100 2513 defensor.

259 2530 329 2556 civit.
367 2530 502 2557 Destricta
521 2529 702 2556 moderatione
721 2529 908 2565 praescribere.
938 2529 975 2555 lb.
989 2529 1061 2556 XVI.
1075 2532 1099 2555 2.

259 2582 281 2598 c.
301 2574 341 2599 40.
362 2573 395 2599 de
414 2574 495 2610 episc.
516 2572 580 2599 eccl.
622 2572 796 2598 Severitatem
819 2572 935 2598 indicum
959 2571 1101 2609 implorare

259 2614 328 2641 ferro
348 2615 508 2642 destrictam.
542 2614 579 2641 lb.
598 2615 630 2641 X.
652 2616 692 2640 10.
718 2624 738 2640 c.
759 2616 782 2640 3.
803 2614 835 2640 dc
854 2616 975 2652 petition.
1001 2615 1055 2649 (Cl'.
1076 2625 1100 2642 v.

259 2656 440 2691 Destringere.
466 2659 488 2692 3.
507 2659 549 2691 2.)

295 2701 554 2733 nesti-ingere.

260 2742 290 2769 11.
312 2744 379 2776 ΟΡ.
410 2742 597 2779 1)‹¹stringendi
616 2745 642 2770 in
661 2752 767 2773 servos.
788 2758 819 2761 —
840 2743 987 2769 Occidendi
1007 2753 1100 2770 servos

260 2785 400 2818 (licentia).
428 2785 477 2821 Ep.
497 2786 559 2812 Inst.
580 2787 647 2812 Gaii.
667 2785 685 2812 1.
705 2787 728 2812 3.
749 2786 770 2819 3.
787 2787 808 2811 l.
846 2785 888 2811 111.
905 2787 970 2813 Gn.
989 2785 1018 2811 In
1033 2796 1100 2822 quos

260 2829 349 2855 statim
368 2827 495 2863 destringi
519 2828 614 2855 ferrum
639 2830 694 2855 iura
718 2829 890 2866 praecipiunt.
925 2827 974 2855 Th.
999 2828 1029 2855 C.
1054 2828 1099 2856 [Χ.

601 2702 632 2734 §-
662 2701 696 2727 1.
728 2701 892 2734 Exsequi,
924 2703 1122 2734 Ezpedire..

999 170 1083 202 DES
1106 188 1149 193 -—
1171 170 1272 202 DET.

1153 254 1194 279 41.
1216 263 1237 279 c.
1259 255 1281 279 l.
1301 253 1322 287 3.
1342 254 1366 279 2.
1392 262 1424 279 ne
1448 254 1505 280 sine
1530 254 1603 280 iussu
1627 253 1714 282 Princ.
1753 271 1784 276 --
1822 257 1853 290 §0
1878 257 1914 284 2.
1945 257 1998 284 111-

1153 302 1291 327 nectere,
1314 296 1485 331 Obligare
1521 296 1564 324 llI.
1583 298 1648 325 Gn.
1669 299 1723 334 Qui
1743 298 1840 335 ubique
1860 304 1922 326 sunt
1942 309 1998 326 cur-

1153 349 1199 365 sus
1219 338 1319 376 publici
1339 338 1525 366 observatione
1545 339 1672 367 destricti.
1701 340 1738 367 lb.
1753 340 1821 368 1111
1841 344 1865 368 5.
1885 352 1906 369 c.
1920 343 1944 369 4
1965 341 1999 369 de

1154 391 1232 408 cursu
1247 381 1308 419 pub.
1346 382 1429 414 Bona
1449 393 1515 419 quae
1529 384 1630 410 suariae
1644 383 1774 411 functioni
1787 384 1913 412 destricta
1926 389 1997 412 suut.

1152 424 1280 452 1b.XlV.
1300 427 1324 451 4.
1345 435 1366 452 c.
1388 427 1411 452 l.
1431 425 1464 452 de
1483 436 1551 453 suar.

1188 468 1418 495 Destruetio.
1466 469 1658 496 Demolitio.
1700 469 1730 496 Π.
1756 471 1820 504 op.
1856 469 1998 508 Reparatio

1129 514 1131 553 ξ
1152 511 1340 544 (fabricarum,
1359 521 1384 537 v.
1404 510 1535 546 aedium.)
1563 512 1614 539 Th.
1635 512 1666 539 C.
1686 512 1744 540 XV.
1768 515 1790 540 l.
1810 523 1832 540 c.
1853 514 1894 539 12.
1914 523 1936 540 c.
1955 513 1997 539 46.

1153 554 1186 581 de
1205 565 1266 592 opp.
1286 554 1350 592 pub.

1187 599 1408 625 Destruet-e.
1445 598 1477 631 §.
1497 598 1532 624 1.
1562 599 1734 626 Demoliri.
1771 598 1803 625 11.
1824 600 1892 634 Op.
1912 597 1999 625 Resti-

1130 649 1131 674 j
1152 645 1240 669 tuere,
1260 639 1408 667 lustaurare
1427 641 1520 678 (opuS,
1539 651 1564 667 v.
1584 641 1725 673 aedificia.)
1752 641 1782 668 fr.
1801 644 1844 668 22.
1865 641 1897 668 (18
1917 640 1950 667 0.
1964 639 1997 668 Ν.

1153 682 1185 709 N.
1205 684 1247 710 39.
1268 684 1290 709 1.
1316 693 1337 710 c.
1357 686 1399 710 29.
1424 683 1457 710 de
1476 683 1553 710 locat.
1578 686 1602 711 4.
1621 686 1663 712 65.
1704 684 1747 711 111.
1769 686 1835 713 (Ὓη.
1866 684 1999 711 Damnum

1130 750 1131 755 ,
1153 727 1179 752 iu
1205 725 1360 752 decidendis
1383 726 1537 759 arboribus,
1567 727 1743 764 domibusque
1772 726 1941 754 destruendis
1965 725 1998 753 ab

1153 779 1184 796 eo
1204 768 1300 795 datum.
1330 779 1352 795 c.
1372 770 1394 796 7.
1421 769 1453 796 de
1473 771 1543 807 pign.
1564 775 1612 797 act.
1637 771 1661 797 4.
1680 772 1722 797 24.
1766 770 1862 797 Diruta
1880 770 1999 807 penitus-

1153 822 1204 848 que
1223 811 1356 838 destructa
1376 812 1499 849 (publica
1519 813 1626 850 opera.)
1659 812 1709 840 Th.
1729 812 1760 840 C.
1780 812 1839 840 XV.
1866 815 1889 840 l.
1912 823 1935 840 c.
1954 814 1998 840 40.

1153 855 1185 882 de
1205 865 1266 892 opp.
1286 854 1349 892 pub.
1387 855 1475 882 Debet
1499 856 1576 883 lieres
1596 857 1652 883 eius
1671 857 1824 894 patientiam
1843 855 1999 883 destruendi

1129 905 1130 911 ¹
1152 899 1241 936 operis
1255 897 1407 924 adversario
1420 904 1563 935 praestare.
1584 899 1614 925 sr.
1627 901 1669 925 22.
1685 898 1718 925 de
1729 899 1762 925 O.
1774 898 1805 926 N.
1816 898 1847 926 N.
1859 901 1902 926 39.
1915 901 1938 925 l.
1957 898 1997 931 Si,
2032 904 2033 908 ¹

1128 963 1129 966 ,
1152 952 1180 968 ea
1201 941 1279 967 domu
1299 940 1447 972 destructa,
1467 941 1543 969 aliam
1563 941 1656 969 eodem
1676 941 1736 969 loco
1756 958 1788 962 —
1808 942 1996 969 aedificaverit.

1151 984 1181 1011 sr.
1201 986 1243 1010 65.
1263 984 1285 1018 3.
1305 985 1329 1010 2.
1350 983 1383 1010 (18
1402 983 1479 1020 legat.
1498 984 1516 1011 1.
1540 985 1608 1018 (30.)
1628 1001 1661 1004 —
1685 986 1716 1019 §-
1737 987 1772 1012 2.
1793 986 1996 1022 Infringere.

1150 1026 1193 1053 III.
1215 1028 1280 1055 Gn.
1311 1026 1349 1059 Si,
1374 1026 1446 1063 quod
1469 1027 1550 1054 semel
1575 1028 1676 1054 remisit
1695 1028 1820 1060 creditor,
1844 1044 1878 1048 -
1901 1029 1997 1054 iterum

1150 1070 1202 1096 hoc
1221 1074 1332 1096 conetur
1350 1069 1496 1096 destruere.
1525 1069 1555 1097 fr.
1577 1072 1600 1097 Τ.
1620 1071 1703 1104 3.10.
1723 1070 1756 1097 de
1775 1075 1844 1107 pact.
1863 1073 1889 1097 2.
1910 1072 1951 1097 14.

1185 1114 1396 1140 ”enudata
1418 1114 1495 1139 Cum
1514 1115 1623 1140 labore
1642 1119 1670 1140 et
1689 1116 1805 1140 sudore
1823 1116 1996 1141 absolvere.

1149 1156 1192 1183 Ill.
1219 1157 1284 1184 Cn.
1318 1156 1395 1192 Quos
1424 1155 1500 1182 labor
1523 1166 1587 1182 suus
1612 1160 1638 1182 et
1662 1155 1805 1183 desudatae
1829 1156 1934 1193 vigiliae
1963 1171 1997 1176 —

1150 1198 1342 1226 commendant.
1381 1198 1449 1225 Nov.
1468 1198 1573 1225 Valent.
1597 1198 1640 1225 III.
1666 1198 1699 1225 de
1723 1199 1801 1226 tiron.
1826 1198 1856 1226 11.
1880 1201 1904 1227 6.
1929 1209 1951 1226 c.
1969 1200 1996 1226 3.

1150 1243 1172 1276 3.
1194 1244 1216 1269 1.

1184 1286 1415 1313 Desuetudo.
1449 1286 1658 1312 Consuetudo
1677 1287 1849 1320 abrogans.
1881 1284 1912 1312 11.
1928 1286 1997 1319 Op·

1149 1327 1278 1364 Legibus,
1298 1339 1323 1355 v.
1344 1328 1475 1365 Suffragio
1496 1327 1669 1364 legislatoris,
1689 1343 1722 1347 —
1741 1327 1802 1365 Ipsa
1821 1327 1997 1354 desuetudine

1149 1371 1331 1404 (obliteratum
1351 1372 1413 1404 etc.)
1442 1370 1499 1398 Gai.
1519 1370 1538 1397 1.
1559 1372 1616 1397 111.
1641 1370 1672 1397 fr.
1691 1372 1734 1397 32.
1753 1371 1775 1405 3.
1797 1372 1820 1397 l.
1845 1370 1878 1397 de
1898 1369 1950 1397 LL.
1972 1372 1995 1397 l.

1147 1416 1172 1441 3.
1209 1414 1238 1441 In
1258 1425 1308 1441 usu
1326 1415 1443 1441 retineri.
1463 1430 1495 1434 —
1515 1413 1544 1440 In
1563 1413 1768 1440 desuetudinem
1787 1413 1866 1440 abire.
1891 1412 1949 1440 Gai.
1962 1412 1994 1440 II.

1149 1459 1207 1484 103.
1249 1457 1292 1484 Ill.
1313 1459 1379 1485 Gn.
1407 1457 1494 1484 Minus
1520 1457 1721 1493 frequentantur
1745 1461 1771 1483 et
1795 1457 1821 1483 in
1845 1456 1997 1483 desuetudi-

1148 1511 1208 1527 nem
1231 1501 1359 1528 abierunt.
1395 1500 1427 1527 I'r.
1448 1502 1472 1527 1.
1496 1500 1562 1533 3.1.
1587 1499 1620 1526 de
1644 1500 1733 1526 interr.
1758 1500 1785 1526 iu
1808 1501 1874 1527 iure.
1905 1501 1946 1526 11.
1971 1501 1994 1526 l.

1148 1544 1201 1571 Iam
1221 1555 1253 1571 ex
1272 1544 1362 1573 multis
1381 1543 1546 1581 temporibus
1566 1544 1593 1569 in
1612 1542 1813 1569 desuetudinem
1833 1543 1905 1570 abiit.
1929 1542 1951 1577 3.
1969 1543 1995 1569 3.

1126 1605 1127 1614 t
1148 1587 1166 1614 I.
1187 1587 1220 1614 de
1239 1587 1354 1614 libertin.
1376 1588 1398 1613 1.
1417 1588 1442 1613 5.

1183 1632 1374 1657 Desultor.
1414 1630 1478 1662 Qui
1500 1635 1609 1656 certat
1632 1630 1821 1663 equitando.
1864 1628 1906 1655 111.
1927 1629 1995 1657 Gn·

1125 1691 1127 1698 .
1149 1672 1178 1699 Si
1202 1672 1250 1698 tibi
1275 1682 1358 1709 equos
1381 1671 1488 1698 venales
1513 1671 1689 1708 experiendos
1714 1671 1827 1704 dedero,
1856 1688 1889 1691 —
1914 1676 1996 1708 tuque

1149 1714 1270 1741 desultor
1295 1716 1321 1741 in
1346 1714 1388 1741 his
1412 1715 1560 1741 cucurreris
1585 1718 1611 1740 et
1636 1715 1740 1741 viceris.
1774 1714 1804 1741 fr.
1825 1716 1867 1741 20.
1891 1725 1931 1752 pr.
1961 1714 1996 1742 de

1148 1767 1264 1795 praescr.
1283 1768 1325 1785 vv.
1348 1760 1387 1785 19.
1407 1760 1432 1784 5.

1183 1802 1385 1835 Detegere.
1432 1803 1588 1832 Prodere,
1624 1801 1844 1836 Manifestum
1867 1802 1994 1837 facere.

1125 1861 1126 1867 ι
1148 1843 1166 1870 I.
1182 1845 1243 1878 Sy.
1271 1843 1384 1876 Eruere,
1404 1843 1519 1870 Probare
1538 1842 1671 1877 (fraudes,
1690 1852 1714 1869 v.
1735 1842 1932 1877 collusionem.)
1960 1843 1992 1870 fr.

1147 1888 1189 1913 23.
1210 1887 1232 1920 3.
1252 1888 1276 1913 4.
1297 1886 1329 1913 ad
1347 1885 1377 1913 L.
1397 1886 1465 1923 Aqu.
1486 1888 1509 1912 9.
1529 1887 1554 1912 2.
1579 1885 1609 1912 fr.
1631 1887 1653 1912 1.
1673 1895 1713 1922 sq.
1734 1885 1765 1912 sr.
1784 1887 1808 1912 4.
1829 1896 1869 1923 sq.
1889 1885 1922 1913 de
1941 1885 1994 1913 col-

1147 1929 1198 1956 lus.
1218 1930 1302 1966 deteg.
1322 1931 1364 1956 40.
1380 1931 1420 1955 16.
1457 1928 1608 1955 Declarare.
1636 1928 1667 1955 I'r.
1680 1930 1720 1954 10.
1733 1939 1774 1966 pr.
1794 1928 1827 1955 de
1846 1928 1898 1955 div.
1912 1934 1992 1966 temp.

1147 1983 1187 2010 pr.
1206 1974 1248 2000 44.
1267 1974 1292 1999 3.
1334 1972 1376 1999 111,
1398 1974 1463 2000 Gn·
1496 1971 1577 2008 Quod
1596 1971 1730 1998 dominum
1754 1972 1780 1997 in
1799 1971 1902 2008 proelio
1920 1971 1992 1999 adiu-

1147 2017 1261 2048 vaverit,
1287 2032 1320 2036 —
1344 2015 1415 2052 quod
1439 2015 1549 2042 insidias
1574 2014 1712 2041 detexerit.
1742 2013 1772 2040 fr.
1798 2016 1838 2040 15.
1863 2014 1885 2048 3.
1907 2016 1929 2041 l.
1958 2014 1992 2042 de

1125 2084 1126 2088 ,
1147 2069 1259 2085 manum.
1279 2058 1351 2085 vind.
1371 2060 1413 2085 40.
1431 2061 1456 2085 2.
1499 2057 1611 2094 Propter
1635 2055 1761 2082 indicium
1785 2056 1906 2093 proditae
1924 2068 1992 2085 mor-

1148 2102 1195 2133 tis,
1220 2101 1263 2128 vel
1287 2101 1405 2127 detectae
1430 2110 1520 2127 eorum
1545 2099 1742 2125 coniurationis.
1777 2099 1807 2125 sr.
1831 2101 1874 2127 39.
1904 2100 1937 2127 ad
1960 2100 1990 2128 L.

1148 2143 1217 2170 Falc.
1238 2146 1280 2170 35.
1299 2146 1324 2170 2.
1355 2143 1386 2170 cf.
1408 2143 1437 2169 fr.
1457 2145 1481 2169 2.
1501 2144 1523 2176 3.
1542 2143 1584 2168 24.
1610 2141 1642 2168 (18
1662 2141 1695 2168 Ο.
1715 2141 1734 2168 I.
1760 2143 1783 2168 l.
1803 2144 1827 2168 2.
1870 2142 1899 2170 Si
1918 2143 1991 2171 filius

1147 2188 1230 2224 patris
1250 2196 1340 2213 necem
1359 2186 1469 2213 inultam
1488 2185 1638 2221 reliquerit,
1663 2194 1739 2221 quam
1764 2194 1857 2211 servus
1881 2185 1990 2213 detexit.

1148 2230 1178 2257 fr.
1198 2233 1240 2257 23.
1261 2240 1300 2267 pr.
1321 2229 1354 2256 de
1373 2230 1429 2255 iure
1452 2233 1555 2266 patron.
1579 2229 1622 2254 37.
1644 2229 1682 2253 14.
1725 2227 1755 2254 Si
1780 2238 1822 2254 res
1847 2239 1860 2254 a
1879 2230 1991 2256 caeteris

1147 2283 1199 2299 non
1220 2277 1348 2304 servetur,
1369 2276 1395 2298 et
1414 2271 1507 2298 idonea
1527 2270 1604 2307 eulpa
1624 2269 1768 2306 detegatur.
1789 2270 1860 2307 quod
1880 2276 1929 2298 etc.
1957 2271 1989 2298 fr.

1148 2318 1188 2342 12.
1208 2325 1263 2342 rem
1282 2326 1344 2353 pup.
1365 2314 1429 2341 salv.
1449 2316 1490 2340 46.
1510 2315 1534 2340 6.
1572 2313 1730 2349 Quicunque
1752 2313 1842 2340 harum
1861 2313 1991 2341 machina-

1123 2348 1125 2390 i
1147 2364 1219 2385 tores
1238 2358 1393 2396 praedarum
1413 2357 1498 2393 detegi
1517 2355 1648 2393 prodique
1666 2357 1809 2393 potuerint.
1839 2356 1889 2384 Th.
1909 2357 1941 2384 C.
1954 2357 1988 2384 X.

1124 2397 1125 2401 ¹
1146 2404 1188 2428 24.
1209 2413 1229 2428 c.
1249 2404 1274 2428 3.
1299 2412 1337 2439 pr.
1363 2401 1396 2428 de
1415 2400 1439 2427 Ιι.
1459 2410 1502 2436 qu.
1523 2409 1543 2425 c.
1564 2398 1681 2435 dispens.
1723 2398 1929 2426 Probationibus
1953 2404 1989 2426 at-

1147 2454 1198 2481 que
1217 2444 1376 2480 argumentis
1396 2443 1479 2478 deteg.
1507 2441 1544 2468 lb.
1563 2441 1609 2467 XI.
1628 2443 1671 2468 36.
1691 2452 1712 2468 c.
1734 2443 1756 2468 1.
1781 2443 1864 2478 Quor.
1884 2452 1943 2480 app.
1963 2453 1988 2470 n.

1123 2490 1124 2495 ¹
1145 2497 1197 2514 rec.
1235 2487 1364 2513 Detectus
1388 2490 1466 2522 atque
1491 2485 1636 2511 convictus.
1671 2484 1708 2511 Ib.
1729 2484 1773 2511 lX.
1800 2487 1839 2512 16.
1866 2495 1887 2512 e.
1909 2487 1931 2512 7.
1955 2485 1989 2513 de

1146 2529 1256 2556 malefic.
1275 2529 1320 2556 lx.
1340 2530 1381 2555 40.
1401 2538 1422 2554 c.
1442 2528 1466 2554 4.
1487 2527 1520 2554 de
1539 2537 1616 2564 poen.
1653 2527 1747 2559 Error,
1768 2529 1813 2564 qui
1831 2529 1987 2566 imperitiam

1145 2572 1252 2609 detegit.
1281 2572 1311 2598 fr.
1332 2573 1372 2597 15.
1396 2570 1428 2597 de
1453 2571 1544 2597 iurisd.
1568 2572 1592 2596 2.
1615 2572 1636 2596 l.
1679 2569 1763 2596 Cuius
1788 2571 1865 2597 animi
1888 2576 1987 2598 motum

1145 2615 1235 2641 vultus
1255 2614 1360 2649 detegit.
1386 2613 1416 2640 fr.
1438 2615 1477 2640 19.
1497 2614 1562 2647 3.1.
1583 2613 1615 2639 de
1635 2613 1679 2639 oss.
1700 2611 1788 2638 Praes.
1810 2614 1832 2639 1.
1854 2615 1893 2640 18.

1180 2658 1402 2685 Detentare.
1444 2657 1614 2688 Detinere,
1644 2657 1808 2682 Retinere.
1852 2656 1894 2683 111.
1920 2657 1986 2684 Gn.

1145 2700 1199 2735 Qui
1218 2700 1282 2726 boec
1301 2699 1358 2725 loca
1378 2698 1427 2725 sub
1447 2699 1624 2726 conductione
1647 2698 1791 2725 detentam.
1820 2698 1869 2725 Th.
1889 2697 1920 2725 C.
1939 2698 1984 2725 XI.

1143 2745 1185 2769 20.
1206 2753 1227 2769 c.
1243 2743 1268 2769 3.
1288 2741 1321 2768 de
1340 2741 1426 2768 collat.
1448 2741 1536 2769 donat.
1579 2742 1654 2777 Quos
1674 2740 1750 2767 labor
1768 2740 1903 2778 publicus,
1928 2741 1985 2767 offi-

1144 2786 1246 2812 ciumvc
1264 2784 1389 2811 detentat.
1418 2785 1454 2811 lb.
1477 2784 1519 2811 VI.
1538 2786 1581 2811 24.
1606 2794 1627 2810 c.
1647 2785 1689 2811 21.
1714 2784 1736 2818 3.
1755 2785 1779 2810 4.
1804 2783 1836 2810 dc
1855 2783 1939 2811 Praet.
1960 2789 1986 2810 et

1145 2828 1197 2865 Qu.
1217 2827 1248 2854 cf.
1268 2826 1325 2855 Vll.
1347 2829 1386 2854 13.
1407 2838 1428 2855 c.
1450 2828 1490 2855 16.
1510 2827 1543 2854 de
1561 2828 1639 2854 tiron.
