<?xml version="1.0" encoding="UTF-8"?>
<!DOCTYPE html PUBLIC "-//W3C//DTD XHTML 1.0 Transitional//EN"
    "http://www.w3.org/TR/xhtml1/DTD/xhtml1-transitional.dtd">
<html xmlns="http://www.w3.org/1999/xhtml" xml:lang="en" lang="en">
 <head>
  <title>
</title>
<meta http-equiv="Content-Type" content="text/html;charset=utf-8" />
  <meta name='ocr-system' content='tesseract 3.04.00' />
  <meta name='ocr-capabilities' content='ocr_page ocr_carea ocr_par ocr_line ocrx_word'/>
</head>
<body>
  <div class='ocr_page' id='page_1' title='image "./manualelatinitat00dirk_0865.png"; bbox 0 0 2197 3121; ppageno 0'>
   <div class='ocr_carea' id='block_1_1' title="bbox 940 153 1191 185">
    <p class='ocr_par' dir='ltr' id='par_1_1' title="bbox 940 153 1191 185">
     <span class='ocr_line' id='line_1_1' title="bbox 940 153 1191 185; baseline 0 -1"><span class='ocrx_word' id='word_1_1' title='bbox 940 153 1039 185; x_wconf 82' lang='lat' dir='ltr'>ROM</span> <span class='ocrx_word' id='word_1_2' title='bbox 1053 172 1092 177; x_wconf 98' lang='lat'><strong>—</strong></span> <span class='ocrx_word' id='word_1_3' title='bbox 1105 153 1191 184; x_wconf 86' lang='lat' dir='ltr'>RUI.</span> 
     </span>
    </p>
   </div>
   <div class='ocr_carea' id='block_1_2' title="bbox 195 237 1044 2833">
    <p class='ocr_par' dir='ltr' id='par_1_2' title="bbox 199 237 1044 914">
     <span class='ocr_line' id='line_1_2' title="bbox 238 237 1044 272; baseline -0.007 -6"><span class='ocrx_word' id='word_1_4' title='bbox 238 240 448 266; x_wconf 82' lang='lat' dir='ltr'>Romanus.</span> <span class='ocrx_word' id='word_1_5' title='bbox 485 239 516 272; x_wconf 81' lang='lat'>§.</span> <span class='ocrx_word' id='word_1_6' title='bbox 537 240 571 265; x_wconf 93' lang='lat'>1.</span> <span class='ocrx_word' id='word_1_7' title='bbox 600 238 648 263; x_wconf 70' lang='lat' dir='ltr'>Aa</span> <span class='ocrx_word' id='word_1_8' title='bbox 670 237 773 262; x_wconf 85' lang='lat' dir='ltr'>urbem</span> <span class='ocrx_word' id='word_1_9' title='bbox 793 238 922 262; x_wconf 81' lang='lat' dir='ltr'><em>Romam</em></span> <span class='ocrx_word' id='word_1_10' title='bbox 938 237 1044 269; x_wconf 79' lang='lat' dir='ltr'>perti-</span> 
     </span>
     <span class='ocr_line' id='line_1_3' title="bbox 201 277 1042 316; baseline -0.007 -7"><span class='ocrx_word' id='word_1_11' title='bbox 201 292 283 309; x_wconf 80' lang='lat' dir='ltr'>nens.</span> <span class='ocrx_word' id='word_1_12' title='bbox 320 281 340 308; x_wconf 93' lang='lat' dir='ltr'>I.</span> <span class='ocrx_word' id='word_1_13' title='bbox 355 283 416 316; x_wconf 77' lang='lat' dir='ltr'>Sy.</span> <span class='ocrx_word' id='word_1_14' title='bbox 435 281 525 307; x_wconf 82' lang='lat' dir='ltr'>Roma.</span> <span class='ocrx_word' id='word_1_15' title='bbox 545 279 616 306; x_wconf 77' lang='lat' dir='ltr'>Vrbs</span> <span class='ocrx_word' id='word_1_16' title='bbox 635 288 748 305; x_wconf 81' lang='lat' dir='ltr'>romana.</span> <span class='ocrx_word' id='word_1_17' title='bbox 769 277 811 304; x_wconf 80' lang='lat' dir='ltr'>Cf.</span> <span class='ocrx_word' id='word_1_18' title='bbox 830 288 854 304; x_wconf 90' lang='lat' dir='ltr'>v.</span> <span class='ocrx_word' id='word_1_19' title='bbox 874 277 964 304; x_wconf 82' lang='lat' dir='ltr'>Roma.</span> <span class='ocrx_word' id='word_1_20' title='bbox 985 278 1006 312; x_wconf 84' lang='lat'>§.</span> <span class='ocrx_word' id='word_1_21' title='bbox 1019 279 1042 303; x_wconf 96' lang='grc'>1.</span> 
     </span>
     <span class='ocr_line' id='line_1_4' title="bbox 201 321 1042 358; baseline -0.006 -7"><span class='ocrx_word' id='word_1_22' title='bbox 201 323 244 350; x_wconf 86' lang='lat' dir='ltr'>III.</span> <span class='ocrx_word' id='word_1_23' title='bbox 261 325 327 351; x_wconf 77' lang='lat' dir='ltr'>Cn.</span> <span class='ocrx_word' id='word_1_24' title='bbox 347 324 486 351; x_wconf 86' lang='lat' dir='ltr'>Sacratiss.</span> <span class='ocrx_word' id='word_1_25' title='bbox 507 322 617 349; x_wconf 81' lang='lat' dir='ltr'>ecclesia</span> <span class='ocrx_word' id='word_1_26' title='bbox 636 331 748 348; x_wconf 85' lang='lat' dir='ltr'>romana.</span> <span class='ocrx_word' id='word_1_27' title='bbox 773 321 819 347; x_wconf 87' lang='lat' dir='ltr'>lul.</span> <span class='ocrx_word' id='word_1_28' title='bbox 837 331 877 358; x_wconf 82' lang='lat' dir='ltr'>ep.</span> <span class='ocrx_word' id='word_1_29' title='bbox 897 330 957 347; x_wconf 89' lang='lat' dir='ltr'>nov.</span> <span class='ocrx_word' id='word_1_30' title='bbox 977 330 998 347; x_wconf 90' lang='lat' dir='ltr'>c.</span> <span class='ocrx_word' id='word_1_31' title='bbox 1018 321 1042 346; x_wconf 81' lang='lat'>8.</span> 
     </span>
     <span class='ocr_line' id='line_1_5' title="bbox 202 363 1042 401; baseline -0.005 -8"><span class='ocrx_word' id='word_1_32' title='bbox 202 367 224 400; x_wconf 85' lang='lat'>§.</span> <span class='ocrx_word' id='word_1_33' title='bbox 245 368 285 393; x_wconf 68' lang='lat'>44.</span> <span class='ocrx_word' id='word_1_34' title='bbox 306 383 338 387; x_wconf 96' lang='lat'>—</span> <span class='ocrx_word' id='word_1_35' title='bbox 357 368 388 401; x_wconf 82' lang='lat'>§.</span> <span class='ocrx_word' id='word_1_36' title='bbox 411 368 446 393; x_wconf 87' lang='grc'>2.</span> <span class='ocrx_word' id='word_1_37' title='bbox 476 368 523 392; x_wconf 80' lang='lat' dir='ltr'>Ad</span> <span class='ocrx_word' id='word_1_38' title='bbox 544 367 626 392; x_wconf 75' lang='lat' dir='ltr'>cives</span> <span class='ocrx_word' id='word_1_39' title='bbox 649 374 722 391; x_wconf 86' lang='lat' dir='ltr'>rom.</span> <span class='ocrx_word' id='word_1_40' title='bbox 746 369 904 398; x_wconf 76' lang='lat' dir='ltr'>spectans.</span> <span class='ocrx_word' id='word_1_41' title='bbox 941 363 960 389; x_wconf 90' lang='grc' dir='ltr'>Ι.</span> <span class='ocrx_word' id='word_1_42' title='bbox 980 364 1042 397; x_wconf 76' lang='lat' dir='ltr'>Sy.</span> 
     </span>
     <span class='ocr_line' id='line_1_6' title="bbox 202 405 1042 442; baseline -0.006 -6"><span class='ocrx_word' id='word_1_43' title='bbox 202 409 331 441; x_wconf 86' lang='lat' dir='ltr'>Subiecti,</span> <span class='ocrx_word' id='word_1_44' title='bbox 349 409 460 436; x_wconf 87' lang='lat' dir='ltr'>Romani</span> <span class='ocrx_word' id='word_1_45' title='bbox 474 409 599 442; x_wconf 86' lang='lat' dir='ltr'>(omnes.)</span> <span class='ocrx_word' id='word_1_46' title='bbox 618 407 654 433; x_wconf 91' lang='lat' dir='ltr'>lb.</span> <span class='ocrx_word' id='word_1_47' title='bbox 676 418 696 433; x_wconf 86' lang='lat' dir='ltr'>c.</span> <span class='ocrx_word' id='word_1_48' title='bbox 711 409 752 433; x_wconf 85' lang='lat'>72.</span> <span class='ocrx_word' id='word_1_49' title='bbox 772 407 793 440; x_wconf 63' lang='grc' dir='ltr'>ξ.</span> <span class='ocrx_word' id='word_1_50' title='bbox 807 407 865 432; x_wconf 81' lang='grc'><strong>262.</strong></span> <span class='ocrx_word' id='word_1_51' title='bbox 896 405 1042 437; x_wconf 76' lang='lat' dir='ltr'>publicum,</span> 
     </span>
     <span class='ocr_line' id='line_1_7' title="bbox 202 447 1041 484; baseline -0.005 -6"><span class='ocrx_word' id='word_1_52' title='bbox 202 451 337 484; x_wconf 67' lang='lat' dir='ltr'>Nostrum,</span> <span class='ocrx_word' id='word_1_53' title='bbox 356 451 501 478; x_wconf 85' lang='lat' dir='ltr'>Romanum</span> <span class='ocrx_word' id='word_1_54' title='bbox 516 451 590 483; x_wconf 74' lang='lat' dir='ltr'>(ius.)</span> <span class='ocrx_word' id='word_1_55' title='bbox 610 449 660 476; x_wconf 92' lang='lat' dir='ltr'>Th.</span> <span class='ocrx_word' id='word_1_56' title='bbox 675 449 705 476; x_wconf 88' lang='lat' dir='ltr'>C.</span> <span class='ocrx_word' id='word_1_57' title='bbox 720 449 749 476; x_wconf 88' lang='lat' dir='ltr'>ll.</span> <span class='ocrx_word' id='word_1_58' title='bbox 766 452 787 476; x_wconf 96' lang='lat'>1.</span> <span class='ocrx_word' id='word_1_59' title='bbox 808 451 881 476; x_wconf 91' lang='lat' dir='ltr'>c.10.</span> <span class='ocrx_word' id='word_1_60' title='bbox 901 448 933 475; x_wconf 88' lang='lat' dir='ltr'>de</span> <span class='ocrx_word' id='word_1_61' title='bbox 950 447 1041 475; x_wconf 86' lang='lat' dir='ltr'>iurisd.</span> 
     </span>
     <span class='ocr_line' id='line_1_8' title="bbox 201 490 1040 528; baseline -0.004 -8"><span class='ocrx_word' id='word_1_62' title='bbox 201 493 232 520; x_wconf 89' lang='lat'>11.</span> <span class='ocrx_word' id='word_1_63' title='bbox 246 496 312 528; x_wconf 78' lang='lat' dir='ltr'>Op.</span> <span class='ocrx_word' id='word_1_64' title='bbox 330 493 432 526; x_wconf 82' lang='lat' dir='ltr'>Latina,</span> <span class='ocrx_word' id='word_1_65' title='bbox 447 493 608 520; x_wconf 75' lang='lat' dir='ltr'>—Romana</span> <span class='ocrx_word' id='word_1_66' title='bbox 627 492 780 526; x_wconf 81' lang='lat' dir='ltr'>(conditio.)</span> <span class='ocrx_word' id='word_1_67' title='bbox 799 502 820 518; x_wconf 92' lang='lat' dir='ltr'>c.</span> <span class='ocrx_word' id='word_1_68' title='bbox 836 493 858 518; x_wconf 93' lang='lat' dir='ltr'>l.</span> <span class='ocrx_word' id='word_1_69' title='bbox 878 500 914 524; x_wconf 88' lang='lat' dir='ltr'>pr.</span> <span class='ocrx_word' id='word_1_70' title='bbox 935 491 967 517; x_wconf 86' lang='lat' dir='ltr'>de</span> <span class='ocrx_word' id='word_1_71' title='bbox 985 490 1040 517; x_wconf 78' lang='lat' dir='ltr'>Lat.</span> 
     </span>
     <span class='ocr_line' id='line_1_9' title="bbox 201 532 1041 572; baseline -0.004 -9"><span class='ocrx_word' id='word_1_72' title='bbox 201 537 287 563; x_wconf 80' lang='lat' dir='ltr'>libert.</span> <span class='ocrx_word' id='word_1_73' title='bbox 303 539 325 563; x_wconf 93' lang='lat'>7.</span> <span class='ocrx_word' id='word_1_74' title='bbox 338 538 362 563; x_wconf 85' lang='lat'>6.</span> <span class='ocrx_word' id='word_1_75' title='bbox 391 536 555 572; x_wconf 78' lang='lat' dir='ltr'>Peregrinus.</span> <span class='ocrx_word' id='word_1_76' title='bbox 575 536 632 562; x_wconf 83' lang='lat' dir='ltr'>Gai.</span> <span class='ocrx_word' id='word_1_77' title='bbox 652 535 750 562; x_wconf 72' lang='grc'><strong>11196.</strong></span> <span class='ocrx_word' id='word_1_78' title='bbox 786 534 926 561; x_wconf 76' lang='lat' dir='ltr'>Barbarus.</span> <span class='ocrx_word' id='word_1_79' title='bbox 946 533 995 560; x_wconf 89' lang='lat' dir='ltr'>Th.</span> <span class='ocrx_word' id='word_1_80' title='bbox 1010 532 1041 560; x_wconf 91' lang='lat' dir='ltr'>C.</span> 
     </span>
     <span class='ocr_line' id='line_1_10' title="bbox 202 577 1040 606; baseline -0.004 -1"><span class='ocrx_word' id='word_1_81' title='bbox 202 578 258 606; x_wconf 75' lang='lat' dir='ltr'>VII.</span> <span class='ocrx_word' id='word_1_82' title='bbox 280 582 302 606; x_wconf 89' lang='lat'>1.</span> <span class='ocrx_word' id='word_1_83' title='bbox 326 589 347 605; x_wconf 89' lang='lat' dir='ltr'>c.</span> <span class='ocrx_word' id='word_1_84' title='bbox 369 581 391 606; x_wconf 91' lang='lat'>1.</span> <span class='ocrx_word' id='word_1_85' title='bbox 417 579 449 606; x_wconf 88' lang='lat' dir='ltr'>de</span> <span class='ocrx_word' id='word_1_86' title='bbox 469 578 500 605; x_wconf 81' lang='lat' dir='ltr'>R.</span> <span class='ocrx_word' id='word_1_87' title='bbox 519 578 552 605; x_wconf 81' lang='lat' dir='ltr'>M.</span> <span class='ocrx_word' id='word_1_88' title='bbox 594 578 636 604; x_wconf 91' lang='grc' dir='ltr'>ΠΙ.</span> <span class='ocrx_word' id='word_1_89' title='bbox 659 579 724 606; x_wconf 71' lang='lat' dir='ltr'>Gn.</span> <span class='ocrx_word' id='word_1_90' title='bbox 752 577 895 603; x_wconf 83' lang='lat' dir='ltr'>Romanum</span> <span class='ocrx_word' id='word_1_91' title='bbox 922 581 948 602; x_wconf 91' lang='lat' dir='ltr'>et</span> <span class='ocrx_word' id='word_1_92' title='bbox 972 586 1040 603; x_wconf 90' lang='lat' dir='ltr'>com-</span> 
     </span>
     <span class='ocr_line' id='line_1_11' title="bbox 201 619 1041 648; baseline -0.004 0"><span class='ocrx_word' id='word_1_93' title='bbox 201 632 279 648; x_wconf 81' lang='lat' dir='ltr'>mune</span> <span class='ocrx_word' id='word_1_94' title='bbox 302 623 350 648; x_wconf 89' lang='lat' dir='ltr'>ius.</span> <span class='ocrx_word' id='word_1_95' title='bbox 383 621 419 648; x_wconf 91' lang='lat' dir='ltr'>lb.</span> <span class='ocrx_word' id='word_1_96' title='bbox 439 621 471 648; x_wconf 86' lang='grc'>11.</span> <span class='ocrx_word' id='word_1_97' title='bbox 494 623 514 647; x_wconf 94' lang='lat'>1.</span> <span class='ocrx_word' id='word_1_98' title='bbox 541 631 561 647; x_wconf 87' lang='lat' dir='ltr'>c.</span> <span class='ocrx_word' id='word_1_99' title='bbox 584 623 623 647; x_wconf 88' lang='grc'>10.</span> <span class='ocrx_word' id='word_1_100' title='bbox 648 620 665 647; x_wconf 92' lang='lat' dir='ltr'>l.</span> <span class='ocrx_word' id='word_1_101' title='bbox 703 620 777 647; x_wconf 89' lang='lat' dir='ltr'>Civis</span> <span class='ocrx_word' id='word_1_102' title='bbox 801 619 832 646; x_wconf 82' lang='lat' dir='ltr'>R.</span> <span class='ocrx_word' id='word_1_103' title='bbox 852 619 953 646; x_wconf 74' lang='lat' dir='ltr'>Nomen</span> <span class='ocrx_word' id='word_1_104' title='bbox 977 629 1041 645; x_wconf 89' lang='lat' dir='ltr'>rom.</span> 
     </span>
     <span class='ocr_line' id='line_1_12' title="bbox 201 661 1042 699; baseline -0.004 -8"><span class='ocrx_word' id='word_1_105' title='bbox 201 664 244 691; x_wconf 79' lang='lat' dir='ltr'>CI&#39;.</span> <span class='ocrx_word' id='word_1_106' title='bbox 267 675 291 691; x_wconf 83' lang='lat' dir='ltr'>v.</span> <span class='ocrx_word' id='word_1_107' title='bbox 311 664 420 690; x_wconf 82' lang='lat' dir='ltr'>Nomen.</span> <span class='ocrx_word' id='word_1_108' title='bbox 444 664 466 698; x_wconf 65' lang='grc' dir='ltr'>ξ.</span> <span class='ocrx_word' id='word_1_109' title='bbox 489 664 555 690; x_wconf 90' lang='lat' dir='ltr'>l.D.</span> <span class='ocrx_word' id='word_1_110' title='bbox 593 663 659 690; x_wconf 84' lang='lat' dir='ltr'>Sese</span> <span class='ocrx_word' id='word_1_111' title='bbox 683 661 874 699; x_wconf 85' lang='lat' dir='ltr'>quodammodo</span> <span class='ocrx_word' id='word_1_112' title='bbox 902 662 1042 688; x_wconf 79' lang='lat' dir='ltr'>confitetur</span> 
     </span>
     <span class='ocr_line' id='line_1_13' title="bbox 200 705 1040 734; baseline -0.004 0"><span class='ocrx_word' id='word_1_113' title='bbox 200 717 254 734; x_wconf 86' lang='lat' dir='ltr'>non</span> <span class='ocrx_word' id='word_1_114' title='bbox 272 717 332 734; x_wconf 85' lang='lat' dir='ltr'>esse</span> <span class='ocrx_word' id='word_1_115' title='bbox 350 706 504 733; x_wconf 85' lang='lat' dir='ltr'>Romanum.</span> <span class='ocrx_word' id='word_1_116' title='bbox 529 706 596 733; x_wconf 67' lang='grc' dir='ltr'><strong>Νῦν.</strong></span> <span class='ocrx_word' id='word_1_117' title='bbox 610 705 668 732; x_wconf 86' lang='lat' dir='ltr'>Val.</span> <span class='ocrx_word' id='word_1_118' title='bbox 682 705 723 731; x_wconf 87' lang='grc' dir='ltr'><strong>ΙΙΙ.</strong></span> <span class='ocrx_word' id='word_1_119' title='bbox 743 705 776 731; x_wconf 87' lang='lat' dir='ltr'>de</span> <span class='ocrx_word' id='word_1_120' title='bbox 795 706 872 731; x_wconf 82' lang='lat' dir='ltr'>tiron.</span> <span class='ocrx_word' id='word_1_121' title='bbox 893 705 923 732; x_wconf 92' lang='lat' dir='ltr'>II.</span> <span class='ocrx_word' id='word_1_122' title='bbox 937 706 961 731; x_wconf 88' lang='grc'>6.</span> <span class='ocrx_word' id='word_1_123' title='bbox 981 715 1002 731; x_wconf 82' lang='lat' dir='ltr'>c.</span> <span class='ocrx_word' id='word_1_124' title='bbox 1016 706 1040 731; x_wconf 91' lang='lat'>2.</span> 
     </span>
     <span class='ocr_line' id='line_1_14' title="bbox 200 747 1040 784; baseline -0.002 -8"><span class='ocrx_word' id='word_1_125' title='bbox 200 751 222 784; x_wconf 84' lang='lat'>§.</span> <span class='ocrx_word' id='word_1_126' title='bbox 241 752 265 776; x_wconf 89' lang='lat'>2.</span> <span class='ocrx_word' id='word_1_127' title='bbox 279 766 311 769; x_wconf 90' lang='lat'>—</span> <span class='ocrx_word' id='word_1_128' title='bbox 330 750 361 784; x_wconf 60' lang='grc' dir='ltr'>ξ.</span> <span class='ocrx_word' id='word_1_129' title='bbox 376 751 413 776; x_wconf 83' lang='grc'>3.</span> <span class='ocrx_word' id='word_1_130' title='bbox 434 751 584 776; x_wconf 82' lang='lat' dir='ltr'>Latinus.</span> <span class='ocrx_word' id='word_1_131' title='bbox 621 748 639 775; x_wconf 93' lang='lat' dir='ltr'>I.</span> <span class='ocrx_word' id='word_1_132' title='bbox 661 749 723 782; x_wconf 79' lang='lat' dir='ltr'>Sy.</span> <span class='ocrx_word' id='word_1_133' title='bbox 741 747 861 780; x_wconf 74' lang='lat' dir='ltr'>Latinus,</span> <span class='ocrx_word' id='word_1_134' title='bbox 880 752 905 774; x_wconf 80' lang='lat' dir='ltr'>et</span> <span class='ocrx_word' id='word_1_135' title='bbox 923 757 1040 784; x_wconf 70' lang='lat' dir='ltr'>graecus</span> 
     </span>
     <span class='ocr_line' id='line_1_15' title="bbox 200 790 1041 825; baseline -0.002 -7"><span class='ocrx_word' id='word_1_136' title='bbox 200 791 343 825; x_wconf 83' lang='lat' dir='ltr'>Romanus,</span> <span class='ocrx_word' id='word_1_137' title='bbox 364 797 389 818; x_wconf 85' lang='lat' dir='ltr'>et</span> <span class='ocrx_word' id='word_1_138' title='bbox 408 792 522 818; x_wconf 69' lang='lat' dir='ltr'>Atticus</span> <span class='ocrx_word' id='word_1_139' title='bbox 543 791 584 818; x_wconf 82' lang='lat' dir='ltr'>Cf.</span> <span class='ocrx_word' id='word_1_140' title='bbox 604 801 628 817; x_wconf 89' lang='lat' dir='ltr'>v.</span> <span class='ocrx_word' id='word_1_141' title='bbox 647 791 760 817; x_wconf 83' lang='lat' dir='ltr'>Atticus.</span> <span class='ocrx_word' id='word_1_142' title='bbox 788 790 830 817; x_wconf 85' lang='lat' dir='ltr'>III.</span> <span class='ocrx_word' id='word_1_143' title='bbox 846 792 911 819; x_wconf 77' lang='lat' dir='ltr'>Gn.</span> <span class='ocrx_word' id='word_1_144' title='bbox 930 791 1041 817; x_wconf 84' lang='lat' dir='ltr'>Romani</span> 
     </span>
     <span class='ocr_line' id='line_1_16' title="bbox 199 832 1040 872; baseline -0.002 -11"><span class='ocrx_word' id='word_1_145' title='bbox 199 836 322 867; x_wconf 88' lang='lat' dir='ltr'>nominis,</span> <span class='ocrx_word' id='word_1_146' title='bbox 342 845 362 861; x_wconf 87' lang='lat' dir='ltr'>s.</span> <span class='ocrx_word' id='word_1_147' title='bbox 382 835 499 861; x_wconf 84' lang='lat' dir='ltr'>Romana</span> <span class='ocrx_word' id='word_1_148' title='bbox 518 834 672 872; x_wconf 82' lang='lat' dir='ltr'>(praetura.)</span> <span class='ocrx_word' id='word_1_149' title='bbox 693 833 742 860; x_wconf 90' lang='lat' dir='ltr'>Th.</span> <span class='ocrx_word' id='word_1_150' title='bbox 757 832 787 860; x_wconf 82' lang='lat' dir='ltr'>C.</span> <span class='ocrx_word' id='word_1_151' title='bbox 803 832 845 859; x_wconf 89' lang='lat' dir='ltr'>VI.</span> <span class='ocrx_word' id='word_1_152' title='bbox 865 836 889 860; x_wconf 86' lang='grc'>4.</span> <span class='ocrx_word' id='word_1_153' title='bbox 910 844 931 860; x_wconf 92' lang='lat' dir='ltr'>c.</span> <span class='ocrx_word' id='word_1_154' title='bbox 944 835 985 860; x_wconf 84' lang='grc'>25.</span> <span class='ocrx_word' id='word_1_155' title='bbox 1000 843 1040 870; x_wconf 89' lang='lat' dir='ltr'>pr.</span> 
     </span>
     <span class='ocr_line' id='line_1_17' title="bbox 199 877 494 914; baseline 0 -10"><span class='ocrx_word' id='word_1_156' title='bbox 199 878 222 912; x_wconf 86' lang='lat'>§.</span> <span class='ocrx_word' id='word_1_157' title='bbox 243 880 265 904; x_wconf 91' lang='lat' dir='ltr'>l.</span> <span class='ocrx_word' id='word_1_158' title='bbox 285 877 317 904; x_wconf 89' lang='lat' dir='ltr'>de</span> <span class='ocrx_word' id='word_1_159' title='bbox 336 877 378 904; x_wconf 92' lang='lat' dir='ltr'>Pr.</span> <span class='ocrx_word' id='word_1_160' title='bbox 399 882 424 904; x_wconf 87' lang='lat' dir='ltr'>et</span> <span class='ocrx_word' id='word_1_161' title='bbox 444 878 494 914; x_wconf 81' lang='lat' dir='ltr'>Qu.</span> 
     </span>
    </p>

    <p class='ocr_par' dir='ltr' id='par_1_3' title="bbox 199 917 1040 1075">
     <span class='ocr_line' id='line_1_18' title="bbox 234 917 1038 954; baseline -0.004 -7"><span class='ocrx_word' id='word_1_162' title='bbox 234 921 471 954; x_wconf 78' lang='lat' dir='ltr'>Bomphaea.</span> <span class='ocrx_word' id='word_1_163' title='bbox 510 922 613 946; x_wconf 80' lang='lat' dir='ltr'>Genus</span> <span class='ocrx_word' id='word_1_164' title='bbox 631 920 777 945; x_wconf 72' lang='lat' dir='ltr'>hastilis.</span> <span class='ocrx_word' id='word_1_165' title='bbox 816 917 858 944; x_wconf 92' lang='lat'>111.</span> <span class='ocrx_word' id='word_1_166' title='bbox 874 919 940 945; x_wconf 79' lang='lat' dir='ltr'>Cn.</span> <span class='ocrx_word' id='word_1_167' title='bbox 960 917 1038 944; x_wconf 81' lang='lat' dir='ltr'>Arma</span> 
     </span>
     <span class='ocr_line' id='line_1_19' title="bbox 199 960 1039 997; baseline -0.004 -7"><span class='ocrx_word' id='word_1_168' title='bbox 199 968 261 990; x_wconf 87' lang='lat' dir='ltr'>sunt</span> <span class='ocrx_word' id='word_1_169' title='bbox 280 964 366 989; x_wconf 84' lang='lat' dir='ltr'>onmia</span> <span class='ocrx_word' id='word_1_170' title='bbox 386 963 450 995; x_wconf 76' lang='lat' dir='ltr'>tela,</span> <span class='ocrx_word' id='word_1_171' title='bbox 471 979 500 982; x_wconf 91' lang='lat'><em>-</em></span> <span class='ocrx_word' id='word_1_172' title='bbox 521 971 572 988; x_wconf 84' lang='lat' dir='ltr'>non</span> <span class='ocrx_word' id='word_1_173' title='bbox 591 960 677 987; x_wconf 88' lang='lat' dir='ltr'>solum</span> <span class='ocrx_word' id='word_1_174' title='bbox 696 961 783 997; x_wconf 78' lang='lat' dir='ltr'>gladii⁷</span> <span class='ocrx_word' id='word_1_175' title='bbox 803 961 900 993; x_wconf 80' lang='lat' dir='ltr'>hastae,</span> <span class='ocrx_word' id='word_1_176' title='bbox 919 960 1039 992; x_wconf 78' lang='lat' dir='ltr'>frameae,</span> 
     </span>
     <span class='ocr_line' id='line_1_20' title="bbox 199 1003 1040 1043; baseline -0.005 -10"><span class='ocrx_word' id='word_1_177' title='bbox 199 1007 215 1032; x_wconf 87' lang='lat' dir='ltr'>i.</span> <span class='ocrx_word' id='word_1_178' title='bbox 236 1016 258 1033; x_wconf 82' lang='lat' dir='ltr'>e.</span> <span class='ocrx_word' id='word_1_179' title='bbox 278 1006 433 1043; x_wconf 80' lang='lat' dir='ltr'>romphaeae</span> <span class='ocrx_word' id='word_1_180' title='bbox 453 1004 500 1040; x_wconf 86' lang='lat' dir='ltr'>[al.</span> <span class='ocrx_word' id='word_1_181' title='bbox 520 1003 718 1041; x_wconf 77' lang='lat' dir='ltr'>1¹110111phaeae.]</span> <span class='ocrx_word' id='word_1_182' title='bbox 740 1003 770 1030; x_wconf 74' lang='lat' dir='ltr'>fr.</span> <span class='ocrx_word' id='word_1_183' title='bbox 789 1005 813 1030; x_wconf 81' lang='lat'>3.</span> <span class='ocrx_word' id='word_1_184' title='bbox 833 1004 855 1038; x_wconf 64' lang='grc' dir='ltr'>ς’.</span> <span class='ocrx_word' id='word_1_185' title='bbox 874 1006 898 1030; x_wconf 93' lang='grc'>2.</span> <span class='ocrx_word' id='word_1_186' title='bbox 918 1003 950 1030; x_wconf 83' lang='lat' dir='ltr'>de</span> <span class='ocrx_word' id='word_1_187' title='bbox 969 1004 995 1030; x_wconf 87' lang='lat' dir='ltr'>vi</span> <span class='ocrx_word' id='word_1_188' title='bbox 1014 1008 1040 1029; x_wconf 88' lang='lat' dir='ltr'>et</span> 
     </span>
     <span class='ocr_line' id='line_1_21' title="bbox 199 1049 427 1075; baseline -0.004 0"><span class='ocrx_word' id='word_1_189' title='bbox 199 1049 225 1075; x_wconf 84' lang='lat' dir='ltr'>vi</span> <span class='ocrx_word' id='word_1_190' title='bbox 245 1059 305 1075; x_wconf 87' lang='lat' dir='ltr'>arm.</span> <span class='ocrx_word' id='word_1_191' title='bbox 324 1051 366 1075; x_wconf 77' lang='lat'>43.</span> <span class='ocrx_word' id='word_1_192' title='bbox 388 1049 427 1074; x_wconf 86' lang='lat'>16.</span> 
     </span>
    </p>

    <p class='ocr_par' dir='ltr' id='par_1_4' title="bbox 198 1089 1040 1213">
     <span class='ocr_line' id='line_1_22' title="bbox 236 1089 1038 1123; baseline -0.005 -4"><span class='ocrx_word' id='word_1_193' title='bbox 236 1092 455 1118; x_wconf 80' lang='lat' dir='ltr'>Romuleus.</span> <span class='ocrx_word' id='word_1_194' title='bbox 478 1089 607 1123; x_wconf 85' lang='lat' dir='ltr'>(Adiect.)</span> <span class='ocrx_word' id='word_1_195' title='bbox 632 1092 679 1116; x_wconf 70' lang='lat' dir='ltr'>Ad</span> <span class='ocrx_word' id='word_1_196' title='bbox 697 1092 862 1116; x_wconf 76' lang='lat' dir='ltr'><em>Romulum</em></span> <span class='ocrx_word' id='word_1_197' title='bbox 883 1095 1038 1123; x_wconf 77' lang='lat' dir='ltr'>spectans.</span> 
     </span>
     <span class='ocr_line' id='line_1_23' title="bbox 198 1131 1040 1169; baseline -0.002 -9"><span class='ocrx_word' id='word_1_198' title='bbox 198 1133 242 1160; x_wconf 86' lang='lat'>111.</span> <span class='ocrx_word' id='word_1_199' title='bbox 259 1135 325 1161; x_wconf 77' lang='lat' dir='ltr'>Gn.</span> <span class='ocrx_word' id='word_1_200' title='bbox 349 1134 402 1169; x_wconf 81' lang='lat' dir='ltr'>Qui</span> <span class='ocrx_word' id='word_1_201' title='bbox 421 1133 452 1159; x_wconf 89' lang='lat' dir='ltr'>ab</span> <span class='ocrx_word' id='word_1_202' title='bbox 472 1133 537 1159; x_wconf 88' lang='lat' dir='ltr'>urbe</span> <span class='ocrx_word' id='word_1_203' title='bbox 556 1133 638 1159; x_wconf 82' lang='lat' dir='ltr'>Roma</span> <span class='ocrx_word' id='word_1_204' title='bbox 658 1132 777 1164; x_wconf 78' lang='lat' dir='ltr'>condita⁷</span> <span class='ocrx_word' id='word_1_205' title='bbox 798 1137 823 1158; x_wconf 87' lang='lat' dir='ltr'>et</span> <span class='ocrx_word' id='word_1_206' title='bbox 841 1131 977 1158; x_wconf 82' lang='lat' dir='ltr'><strong>Romuleis</strong></span> <span class='ocrx_word' id='word_1_207' title='bbox 997 1131 1040 1158; x_wconf 84' lang='lat' dir='ltr'>de-</span> 
     </span>
     <span class='ocr_line' id='line_1_24' title="bbox 198 1174 1039 1213; baseline -0.002 -10"><span class='ocrx_word' id='word_1_208' title='bbox 198 1176 302 1203; x_wconf 84' lang='lat' dir='ltr'>scendit</span> <span class='ocrx_word' id='word_1_209' title='bbox 320 1176 492 1213; x_wconf 81' lang='lat' dir='ltr'>temporibus.</span> <span class='ocrx_word' id='word_1_210' title='bbox 512 1186 533 1202; x_wconf 89' lang='lat' dir='ltr'>c.</span> <span class='ocrx_word' id='word_1_211' title='bbox 549 1178 571 1202; x_wconf 91' lang='lat'>1.</span> <span class='ocrx_word' id='word_1_212' title='bbox 591 1176 613 1210; x_wconf 59' lang='grc' dir='ltr'>ᾖ.</span> <span class='ocrx_word' id='word_1_213' title='bbox 628 1177 650 1201; x_wconf 90' lang='grc'>1.</span> <span class='ocrx_word' id='word_1_214' title='bbox 671 1175 703 1201; x_wconf 88' lang='lat' dir='ltr'>de</span> <span class='ocrx_word' id='word_1_215' title='bbox 722 1180 772 1201; x_wconf 77' lang='lat' dir='ltr'>vet.</span> <span class='ocrx_word' id='word_1_216' title='bbox 793 1176 848 1201; x_wconf 88' lang='lat' dir='ltr'>iure</span> <span class='ocrx_word' id='word_1_217' title='bbox 862 1174 946 1201; x_wconf 90' lang='lat' dir='ltr'>enucl.</span> <span class='ocrx_word' id='word_1_218' title='bbox 961 1177 983 1200; x_wconf 95' lang='lat' dir='ltr'>l.</span> <span class='ocrx_word' id='word_1_219' title='bbox 999 1176 1039 1201; x_wconf 98' lang='lat'>17.</span> 
     </span>
    </p>

    <p class='ocr_par' dir='ltr' id='par_1_5' title="bbox 196 1217 1039 1428">
     <span class='ocr_line' id='line_1_25' title="bbox 235 1217 1038 1252; baseline -0.004 -6"><span class='ocrx_word' id='word_1_220' title='bbox 235 1220 431 1246; x_wconf 80' lang='lat' dir='ltr'>Romulus.</span> <span class='ocrx_word' id='word_1_221' title='bbox 456 1221 671 1246; x_wconf 79' lang='lat' dir='ltr'>Romanorum</span> <span class='ocrx_word' id='word_1_222' title='bbox 690 1228 745 1244; x_wconf 72' lang='lat' dir='ltr'>rex</span> <span class='ocrx_word' id='word_1_223' title='bbox 762 1220 894 1252; x_wconf 73' lang='lat' dir='ltr'>primus.</span> <span class='ocrx_word' id='word_1_224' title='bbox 918 1217 1038 1244; x_wconf 70' lang='lat' dir='ltr'>HLGn.</span> 
     </span>
     <span class='ocr_line' id='line_1_26' title="bbox 197 1260 1038 1297; baseline -0.002 -9"><span class='ocrx_word' id='word_1_225' title='bbox 197 1261 315 1289; x_wconf 90' lang='lat' dir='ltr'>Dubium</span> <span class='ocrx_word' id='word_1_226' title='bbox 335 1266 384 1294; x_wconf 80' lang='lat' dir='ltr'>est,</span> <span class='ocrx_word' id='word_1_227' title='bbox 403 1272 434 1288; x_wconf 89' lang='lat' dir='ltr'>an</span> <span class='ocrx_word' id='word_1_228' title='bbox 447 1261 560 1288; x_wconf 81' lang='lat' dir='ltr'>Romulo</span> <span class='ocrx_word' id='word_1_229' title='bbox 581 1266 607 1287; x_wconf 84' lang='lat' dir='ltr'>et</span> <span class='ocrx_word' id='word_1_230' title='bbox 620 1260 703 1287; x_wconf 84' lang='lat' dir='ltr'>Numa</span> <span class='ocrx_word' id='word_1_231' title='bbox 720 1261 890 1297; x_wconf 73' lang='lat' dir='ltr'>regnantibus</span> <span class='ocrx_word' id='word_1_232' title='bbox 905 1260 1038 1296; x_wconf 79' lang='lat' dir='ltr'><strong>Quaestor</strong></span> 
     </span>
     <span class='ocr_line' id='line_1_27' title="bbox 197 1303 1039 1342; baseline -0.002 -11"><span class='ocrx_word' id='word_1_233' title='bbox 197 1304 283 1331; x_wconf 87' lang='lat' dir='ltr'>fuerit.</span> <span class='ocrx_word' id='word_1_234' title='bbox 303 1304 333 1331; x_wconf 83' lang='lat' dir='ltr'>fr.</span> <span class='ocrx_word' id='word_1_235' title='bbox 355 1306 377 1330; x_wconf 97' lang='grc'>1.</span> <span class='ocrx_word' id='word_1_236' title='bbox 398 1315 436 1342; x_wconf 85' lang='lat' dir='ltr'>pr.</span> <span class='ocrx_word' id='word_1_237' title='bbox 464 1304 496 1331; x_wconf 82' lang='lat' dir='ltr'>de</span> <span class='ocrx_word' id='word_1_238' title='bbox 520 1304 563 1331; x_wconf 78' lang='lat' dir='ltr'>oss&#39;.</span> <span class='ocrx_word' id='word_1_239' title='bbox 584 1304 693 1340; x_wconf 83' lang='lat' dir='ltr'>Quaest.</span> <span class='ocrx_word' id='word_1_240' title='bbox 716 1305 737 1330; x_wconf 94' lang='lat' dir='ltr'>l.</span> <span class='ocrx_word' id='word_1_241' title='bbox 759 1305 797 1330; x_wconf 77' lang='grc'>13.</span> <span class='ocrx_word' id='word_1_242' title='bbox 835 1303 924 1340; x_wconf 87' lang='lat' dir='ltr'>Ipsum</span> <span class='ocrx_word' id='word_1_243' title='bbox 942 1303 1039 1329; x_wconf 85' lang='lat' dir='ltr'>Romu-</span> 
     </span>
     <span class='ocr_line' id='line_1_28' title="bbox 197 1346 1037 1385; baseline -0.002 -11"><span class='ocrx_word' id='word_1_244' title='bbox 197 1347 251 1374; x_wconf 88' lang='lat' dir='ltr'>lum</span> <span class='ocrx_word' id='word_1_245' title='bbox 274 1347 386 1374; x_wconf 74' lang='lat' dir='ltr'>traditur</span> <span class='ocrx_word' id='word_1_246' title='bbox 405 1346 532 1385; x_wconf 83' lang='lat' dir='ltr'>populum</span> <span class='ocrx_word' id='word_1_247' title='bbox 556 1348 582 1374; x_wconf 86' lang='lat' dir='ltr'>in</span> <span class='ocrx_word' id='word_1_248' title='bbox 601 1347 678 1373; x_wconf 82' lang='lat' dir='ltr'>XXX</span> <span class='ocrx_word' id='word_1_249' title='bbox 698 1351 786 1383; x_wconf 82' lang='lat' dir='ltr'>partes</span> <span class='ocrx_word' id='word_1_250' title='bbox 811 1346 948 1378; x_wconf 77' lang='lat' dir='ltr'>divisisse,</span> <span class='ocrx_word' id='word_1_251' title='bbox 973 1355 1037 1383; x_wconf 86' lang='lat' dir='ltr'>quas</span> 
     </span>
     <span class='ocr_line' id='line_1_29' title="bbox 196 1389 967 1428; baseline -0.001 -11"><span class='ocrx_word' id='word_1_252' title='bbox 196 1395 285 1428; x_wconf 82' lang='lat' dir='ltr'>partes</span> <span class='ocrx_word' id='word_1_253' title='bbox 305 1392 394 1417; x_wconf 69' lang='lat' dir='ltr'>curias</span> <span class='ocrx_word' id='word_1_254' title='bbox 413 1389 562 1427; x_wconf 79' lang='lat' dir='ltr'>adpellavit.</span> <span class='ocrx_word' id='word_1_255' title='bbox 583 1390 614 1416; x_wconf 90' lang='lat' dir='ltr'>fr.</span> <span class='ocrx_word' id='word_1_256' title='bbox 633 1392 656 1417; x_wconf 90' lang='grc'><strong>2,</strong></span> <span class='ocrx_word' id='word_1_257' title='bbox 677 1389 699 1422; x_wconf 57' lang='grc' dir='ltr'>ᾗ.</span> <span class='ocrx_word' id='word_1_258' title='bbox 713 1391 737 1416; x_wconf 90' lang='grc'>2.</span> <span class='ocrx_word' id='word_1_259' title='bbox 758 1389 790 1415; x_wconf 92' lang='lat' dir='ltr'>de</span> <span class='ocrx_word' id='word_1_260' title='bbox 810 1389 842 1416; x_wconf 88' lang='lat'>0.</span> <span class='ocrx_word' id='word_1_261' title='bbox 862 1389 880 1416; x_wconf 93' lang='lat' dir='ltr'>I.</span> <span class='ocrx_word' id='word_1_262' title='bbox 903 1392 924 1416; x_wconf 93' lang='grc'>1.</span> <span class='ocrx_word' id='word_1_263' title='bbox 944 1392 967 1416; x_wconf 85' lang='lat'>2.</span> 
     </span>
    </p>

    <p class='ocr_par' dir='ltr' id='par_1_6' title="bbox 197 1431 1038 1555">
     <span class='ocr_line' id='line_1_30' title="bbox 233 1431 1038 1468; baseline -0.002 -8"><span class='ocrx_word' id='word_1_264' title='bbox 233 1434 349 1460; x_wconf 78' lang='lat' dir='ltr'>Rosa.</span> <span class='ocrx_word' id='word_1_265' title='bbox 391 1434 589 1468; x_wconf 80' lang='lat' dir='ltr'>Vngueutum</span> <span class='ocrx_word' id='word_1_266' title='bbox 617 1443 789 1460; x_wconf 76' lang='lat' dir='ltr'>rosaceum.</span> <span class='ocrx_word' id='word_1_267' title='bbox 826 1432 869 1459; x_wconf 91' lang='lat' dir='ltr'>III.</span> <span class='ocrx_word' id='word_1_268' title='bbox 891 1434 957 1460; x_wconf 79' lang='lat' dir='ltr'>Gn.</span> <span class='ocrx_word' id='word_1_269' title='bbox 986 1431 1038 1458; x_wconf 90' lang='lat' dir='ltr'>Vn-</span> 
     </span>
     <span class='ocr_line' id='line_1_31' title="bbox 197 1475 1038 1512; baseline -0.001 -10"><span class='ocrx_word' id='word_1_270' title='bbox 197 1477 300 1512; x_wconf 81' lang='lat' dir='ltr'>guentis</span> <span class='ocrx_word' id='word_1_271' title='bbox 320 1476 420 1512; x_wconf 73' lang='lat' dir='ltr'>legatis,</span> <span class='ocrx_word' id='word_1_272' title='bbox 437 1493 466 1496; x_wconf 86' lang='lat'>-</span> <span class='ocrx_word' id='word_1_273' title='bbox 481 1475 563 1512; x_wconf 78' lang='lat' dir='ltr'>legata</span> <span class='ocrx_word' id='word_1_274' title='bbox 581 1476 712 1508; x_wconf 76' lang='lat' dir='ltr'>videntur,</span> <span class='ocrx_word' id='word_1_275' title='bbox 727 1492 757 1495; x_wconf 92' lang='lat'><em>-</em></span> <span class='ocrx_word' id='word_1_276' title='bbox 772 1486 949 1512; x_wconf 85' lang='lat' dir='ltr'>commagena,</span> <span class='ocrx_word' id='word_1_277' title='bbox 969 1475 1038 1512; x_wconf 84' lang='lat' dir='ltr'>glau-</span> 
     </span>
     <span class='ocr_line' id='line_1_32' title="bbox 198 1518 1020 1555; baseline -0.001 -9"><span class='ocrx_word' id='word_1_278' title='bbox 198 1520 264 1548; x_wconf 83' lang='lat' dir='ltr'>cina.</span> <span class='ocrx_word' id='word_1_279' title='bbox 285 1519 364 1550; x_wconf 68' lang='lat' dir='ltr'>cruia,</span> <span class='ocrx_word' id='word_1_280' title='bbox 384 1528 444 1544; x_wconf 87' lang='lat' dir='ltr'>rosa</span> <span class='ocrx_word' id='word_1_281' title='bbox 464 1523 511 1545; x_wconf 85' lang='lat' dir='ltr'>etc.</span> <span class='ocrx_word' id='word_1_282' title='bbox 534 1519 563 1545; x_wconf 87' lang='lat' dir='ltr'>sr.</span> <span class='ocrx_word' id='word_1_283' title='bbox 584 1521 625 1545; x_wconf 89' lang='lat'>21.</span> <span class='ocrx_word' id='word_1_284' title='bbox 646 1520 667 1553; x_wconf 63' lang='grc' dir='ltr'>ξ.</span> <span class='ocrx_word' id='word_1_285' title='bbox 690 1521 710 1545; x_wconf 92' lang='lat' dir='ltr'>l.</span> <span class='ocrx_word' id='word_1_286' title='bbox 731 1518 763 1545; x_wconf 78' lang='lat' dir='ltr'>de</span> <span class='ocrx_word' id='word_1_287' title='bbox 782 1529 844 1545; x_wconf 86' lang='lat' dir='ltr'>auro</span> <span class='ocrx_word' id='word_1_288' title='bbox 864 1529 915 1555; x_wconf 83' lang='lat' dir='ltr'>arg.</span> <span class='ocrx_word' id='word_1_289' title='bbox 934 1519 976 1545; x_wconf 78' lang='grc'>34.</span> <span class='ocrx_word' id='word_1_290' title='bbox 995 1520 1020 1545; x_wconf 89' lang='grc'>2.</span> 
     </span>
    </p>

    <p class='ocr_par' dir='ltr' id='par_1_7' title="bbox 195 1561 1038 1845">
     <span class='ocr_line' id='line_1_33' title="bbox 234 1561 1037 1594; baseline -0.002 -5"><span class='ocrx_word' id='word_1_291' title='bbox 234 1562 428 1589; x_wconf 76' lang='lat' dir='ltr'>Rostrum.</span> <span class='ocrx_word' id='word_1_292' title='bbox 465 1562 495 1594; x_wconf 63' lang='grc' dir='ltr'>ἓ.</span> <span class='ocrx_word' id='word_1_293' title='bbox 519 1561 553 1588; x_wconf 87' lang='grc'>1.</span> <span class='ocrx_word' id='word_1_294' title='bbox 582 1563 788 1588; x_wconf 72' lang='lat' dir='ltr'>Extremitass</span> <span class='ocrx_word' id='word_1_295' title='bbox 816 1564 883 1589; x_wconf 78' lang='lat' dir='ltr'>oris</span> <span class='ocrx_word' id='word_1_296' title='bbox 912 1564 945 1588; x_wconf 85' lang='lat' dir='ltr'>in</span> <span class='ocrx_word' id='word_1_297' title='bbox 969 1571 1037 1588; x_wconf 83' lang='lat' dir='ltr'>cor-</span> 
     </span>
     <span class='ocr_line' id='line_1_34' title="bbox 195 1604 1037 1641; baseline -0.001 -10"><span class='ocrx_word' id='word_1_298' title='bbox 195 1615 272 1639; x_wconf 78' lang='lat' dir='ltr'>pore</span> <span class='ocrx_word' id='word_1_299' title='bbox 291 1606 440 1631; x_wconf 79' lang='lat' dir='ltr'>animali.</span> <span class='ocrx_word' id='word_1_300' title='bbox 468 1604 588 1632; x_wconf 78' lang='lat' dir='ltr'>HLG&#39;n.</span> <span class='ocrx_word' id='word_1_301' title='bbox 608 1604 747 1637; x_wconf 86' lang='lat' dir='ltr'>Personae,</span> <span class='ocrx_word' id='word_1_302' title='bbox 767 1615 798 1631; x_wconf 80' lang='lat' dir='ltr'>ex</span> <span class='ocrx_word' id='word_1_303' title='bbox 816 1615 923 1641; x_wconf 90' lang='lat' dir='ltr'>quarum</span> <span class='ocrx_word' id='word_1_304' title='bbox 942 1605 1037 1631; x_wconf 84' lang='lat' dir='ltr'>rostris</span> 
     </span>
     <span class='ocr_line' id='line_1_35' title="bbox 199 1646 1037 1684; baseline 0 -10"><span class='ocrx_word' id='word_1_305' title='bbox 199 1658 264 1684; x_wconf 87' lang='lat' dir='ltr'>aqua</span> <span class='ocrx_word' id='word_1_306' title='bbox 289 1647 367 1674; x_wconf 84' lang='lat' dir='ltr'>salire</span> <span class='ocrx_word' id='word_1_307' title='bbox 391 1646 467 1673; x_wconf 86' lang='lat' dir='ltr'>solet.</span> <span class='ocrx_word' id='word_1_308' title='bbox 492 1646 522 1673; x_wconf 86' lang='lat' dir='ltr'>fr.</span> <span class='ocrx_word' id='word_1_309' title='bbox 544 1649 583 1674; x_wconf 91' lang='lat'>17.</span> <span class='ocrx_word' id='word_1_310' title='bbox 609 1648 629 1681; x_wconf 64' lang='grc' dir='ltr'>ξ.</span> <span class='ocrx_word' id='word_1_311' title='bbox 650 1650 672 1674; x_wconf 85' lang='grc'>9.</span> <span class='ocrx_word' id='word_1_312' title='bbox 700 1647 732 1674; x_wconf 84' lang='lat' dir='ltr'>de</span> <span class='ocrx_word' id='word_1_313' title='bbox 750 1648 780 1674; x_wconf 85' lang='lat' dir='ltr'>A.</span> <span class='ocrx_word' id='word_1_314' title='bbox 801 1647 830 1674; x_wconf 88' lang='lat' dir='ltr'>E.</span> <span class='ocrx_word' id='word_1_315' title='bbox 850 1647 881 1674; x_wconf 86' lang='lat' dir='ltr'>V.</span> <span class='ocrx_word' id='word_1_316' title='bbox 902 1649 941 1675; x_wconf 86' lang='lat'>19.</span> <span class='ocrx_word' id='word_1_317' title='bbox 962 1649 985 1674; x_wconf 91' lang='lat'>1.</span> <span class='ocrx_word' id='word_1_318' title='bbox 1005 1662 1037 1666; x_wconf 93' lang='lat'><em>-</em></span> 
     </span>
     <span class='ocr_line' id='line_1_36' title="bbox 198 1690 1038 1727; baseline -0.002 -10"><span class='ocrx_word' id='word_1_319' title='bbox 198 1690 230 1724; x_wconf 63' lang='grc' dir='ltr'>ἓ.</span> <span class='ocrx_word' id='word_1_320' title='bbox 245 1691 280 1717; x_wconf 81' lang='grc'>2.</span> <span class='ocrx_word' id='word_1_321' title='bbox 300 1693 434 1721; x_wconf 75' lang='lat' dir='ltr'>Rostra,</span> <span class='ocrx_word' id='word_1_322' title='bbox 455 1691 471 1716; x_wconf 88' lang='lat' dir='ltr'>i.</span> <span class='ocrx_word' id='word_1_323' title='bbox 486 1700 506 1716; x_wconf 89' lang='lat' dir='ltr'>e.</span> <span class='ocrx_word' id='word_1_324' title='bbox 522 1692 703 1725; x_wconf 74' lang='lat' dir='ltr'>Suggestus</span> <span class='ocrx_word' id='word_1_325' title='bbox 723 1693 754 1717; x_wconf 85' lang='lat' dir='ltr'>iu</span> <span class='ocrx_word' id='word_1_326' title='bbox 768 1692 847 1727; x_wconf 88' lang='lat' dir='ltr'>foro</span> <span class='ocrx_word' id='word_1_327' title='bbox 863 1692 910 1722; x_wconf 54' lang='lat' dir='ltr'>R„</span> <span class='ocrx_word' id='word_1_328' title='bbox 930 1691 1038 1724; x_wconf 86' lang='lat' dir='ltr'>(rostris</span> 
     </span>
     <span class='ocr_line' id='line_1_37' title="bbox 198 1732 1037 1770; baseline -0.001 -11"><span class='ocrx_word' id='word_1_329' title='bbox 198 1734 303 1759; x_wconf 78' lang='lat' dir='ltr'>navium</span> <span class='ocrx_word' id='word_1_330' title='bbox 323 1737 526 1770; x_wconf 79' lang='lat' dir='ltr'>expugnatarum</span> <span class='ocrx_word' id='word_1_331' title='bbox 545 1734 681 1769; x_wconf 89' lang='lat' dir='ltr'>insignis.)</span> <span class='ocrx_word' id='word_1_332' title='bbox 718 1733 761 1760; x_wconf 88' lang='lat' dir='ltr'>III.</span> <span class='ocrx_word' id='word_1_333' title='bbox 784 1734 849 1761; x_wconf 78' lang='lat' dir='ltr'>Cn·</span> <span class='ocrx_word' id='word_1_334' title='bbox 874 1732 924 1759; x_wconf 87' lang='lat' dir='ltr'>Pro</span> <span class='ocrx_word' id='word_1_335' title='bbox 944 1733 1037 1759; x_wconf 84' lang='lat' dir='ltr'>rostris</span> 
     </span>
     <span class='ocr_line' id='line_1_38' title="bbox 199 1776 1037 1813; baseline -0.001 -11"><span class='ocrx_word' id='word_1_336' title='bbox 199 1781 412 1813; x_wconf 75' lang='lat' dir='ltr'>composuerunt,</span> <span class='ocrx_word' id='word_1_337' title='bbox 431 1786 454 1801; x_wconf 91' lang='lat' dir='ltr'>v.</span> <span class='ocrx_word' id='word_1_338' title='bbox 475 1781 620 1813; x_wconf 82' lang='lat' dir='ltr'>posuerunt</span> <span class='ocrx_word' id='word_1_339' title='bbox 639 1776 723 1812; x_wconf 80' lang='lat' dir='ltr'>(leges</span> <span class='ocrx_word' id='word_1_340' title='bbox 737 1778 798 1809; x_wconf 47' lang='lat' dir='ltr'>etc.)</span> <span class='ocrx_word' id='word_1_341' title='bbox 819 1776 848 1802; x_wconf 74' lang='lat' dir='ltr'>l&#39;r.</span> <span class='ocrx_word' id='word_1_342' title='bbox 864 1778 888 1802; x_wconf 85' lang='lat'>2.</span> <span class='ocrx_word' id='word_1_343' title='bbox 908 1776 945 1809; x_wconf 55' lang='grc' dir='ltr'>ἒξ.</span> <span class='ocrx_word' id='word_1_344' title='bbox 959 1778 982 1802; x_wconf 89' lang='grc'><strong>4.</strong></span> <span class='ocrx_word' id='word_1_345' title='bbox 997 1777 1037 1801; x_wconf 79' lang='grc'>43.</span> 
     </span>
     <span class='ocr_line' id='line_1_39' title="bbox 199 1818 409 1845; baseline -0.005 0"><span class='ocrx_word' id='word_1_346' title='bbox 199 1818 232 1845; x_wconf 88' lang='lat' dir='ltr'>de</span> <span class='ocrx_word' id='word_1_347' title='bbox 252 1818 284 1845; x_wconf 93' lang='grc' dir='ltr'>Ο.</span> <span class='ocrx_word' id='word_1_348' title='bbox 305 1818 322 1845; x_wconf 87' lang='grc' dir='ltr'>Ι.</span> <span class='ocrx_word' id='word_1_349' title='bbox 344 1820 365 1844; x_wconf 92' lang='grc'>1.</span> <span class='ocrx_word' id='word_1_350' title='bbox 385 1820 409 1844; x_wconf 79' lang='grc'><strong>2,</strong></span> 
     </span>
    </p>

    <p class='ocr_par' dir='ltr' id='par_1_8' title="bbox 196 1862 1037 2240">
     <span class='ocr_line' id='line_1_40' title="bbox 236 1862 1037 1895; baseline -0.001 -7"><span class='ocrx_word' id='word_1_351' title='bbox 236 1862 348 1888; x_wconf 81' lang='lat' dir='ltr'>Rota.</span> <span class='ocrx_word' id='word_1_352' title='bbox 386 1862 417 1894; x_wconf 57' lang='grc' dir='ltr'>ᾖ.</span> <span class='ocrx_word' id='word_1_353' title='bbox 437 1862 472 1887; x_wconf 88' lang='grc'>1.</span> <span class='ocrx_word' id='word_1_354' title='bbox 499 1862 605 1892; x_wconf 78' lang='lat' dir='ltr'>Orbis,</span> <span class='ocrx_word' id='word_1_355' title='bbox 632 1871 690 1895; x_wconf 88' lang='lat' dir='ltr'>quo</span> <span class='ocrx_word' id='word_1_356' title='bbox 710 1863 905 1887; x_wconf 74' lang='lat' dir='ltr'>circumacto</span> <span class='ocrx_word' id='word_1_357' title='bbox 925 1871 1037 1888; x_wconf 64' lang='lat' dir='ltr'>currus</span> 
     </span>
     <span class='ocr_line' id='line_1_41' title="bbox 196 1903 1037 1940; baseline -0.001 -10"><span class='ocrx_word' id='word_1_358' title='bbox 196 1906 352 1938; x_wconf 77' lang='lat' dir='ltr'>procedit.</span> <span class='ocrx_word' id='word_1_359' title='bbox 390 1903 431 1930; x_wconf 92' lang='lat' dir='ltr'>III.</span> <span class='ocrx_word' id='word_1_360' title='bbox 447 1905 512 1931; x_wconf 72' lang='lat' dir='ltr'>Gn.</span> <span class='ocrx_word' id='word_1_361' title='bbox 531 1903 625 1929; x_wconf 81' lang='lat' dir='ltr'>Rotam</span> <span class='ocrx_word' id='word_1_362' title='bbox 638 1903 760 1930; x_wconf 82' lang='lat' dir='ltr'>vehiculo</span> <span class='ocrx_word' id='word_1_363' title='bbox 774 1908 870 1940; x_wconf 81' lang='lat' dir='ltr'>aptare.</span> <span class='ocrx_word' id='word_1_364' title='bbox 890 1903 920 1930; x_wconf 87' lang='lat' dir='ltr'>fr.</span> <span class='ocrx_word' id='word_1_365' title='bbox 935 1905 958 1930; x_wconf 89' lang='lat'>7.</span> <span class='ocrx_word' id='word_1_366' title='bbox 978 1904 1037 1937; x_wconf 85' lang='lat'>§.1.</span> 
     </span>
     <span class='ocr_line' id='line_1_42' title="bbox 199 1946 1036 1980; baseline 0 -8"><span class='ocrx_word' id='word_1_367' title='bbox 199 1946 232 1973; x_wconf 83' lang='lat' dir='ltr'>ad</span> <span class='ocrx_word' id='word_1_368' title='bbox 251 1946 338 1972; x_wconf 81' lang='lat' dir='ltr'>exhib.</span> <span class='ocrx_word' id='word_1_369' title='bbox 359 1948 398 1972; x_wconf 88' lang='lat'>10.</span> <span class='ocrx_word' id='word_1_370' title='bbox 418 1948 442 1973; x_wconf 87' lang='grc'>4,</span> <span class='ocrx_word' id='word_1_371' title='bbox 464 1963 493 1967; x_wconf 90' lang='lat'>-—</span> <span class='ocrx_word' id='word_1_372' title='bbox 523 1947 554 1980; x_wconf 64' lang='grc' dir='ltr'>δ.</span> <span class='ocrx_word' id='word_1_373' title='bbox 575 1948 610 1972; x_wconf 91' lang='grc'>2.</span> <span class='ocrx_word' id='word_1_374' title='bbox 643 1948 767 1973; x_wconf 77' lang='lat' dir='ltr'>Currus</span> <span class='ocrx_word' id='word_1_375' title='bbox 796 1949 870 1980; x_wconf 81' lang='lat' dir='ltr'>ipse.</span> <span class='ocrx_word' id='word_1_376' title='bbox 908 1946 950 1973; x_wconf 84' lang='grc'><strong>111.</strong></span> <span class='ocrx_word' id='word_1_377' title='bbox 972 1947 1036 1974; x_wconf 76' lang='lat' dir='ltr'>Gn.</span> 
     </span>
     <span class='ocr_line' id='line_1_43' title="bbox 198 1988 1036 2026; baseline 0 -11"><span class='ocrx_word' id='word_1_378' title='bbox 198 1988 250 2016; x_wconf 91' lang='lat' dir='ltr'>Pro</span> <span class='ocrx_word' id='word_1_379' title='bbox 264 1994 377 2015; x_wconf 85' lang='lat' dir='ltr'>rotarum</span> <span class='ocrx_word' id='word_1_380' title='bbox 392 1990 492 2021; x_wconf 76' lang='lat' dir='ltr'>tritura,</span> <span class='ocrx_word' id='word_1_381' title='bbox 511 2000 539 2016; x_wconf 88' lang='lat' dir='ltr'>ac</span> <span class='ocrx_word' id='word_1_382' title='bbox 553 1989 714 2024; x_wconf 69' lang='lat' dir='ltr'>ministeriiS.</span> <span class='ocrx_word' id='word_1_383' title='bbox 727 1990 863 2026; x_wconf 81' lang='lat' dir='ltr'>pecuniam</span> <span class='ocrx_word' id='word_1_384' title='bbox 874 2005 900 2008; x_wconf 97' lang='lat'><strong>—</strong></span> <span class='ocrx_word' id='word_1_385' title='bbox 921 1999 1036 2026; x_wconf 84' lang='lat' dir='ltr'>poscere.</span> 
     </span>
     <span class='ocr_line' id='line_1_44' title="bbox 200 2031 1037 2069; baseline 0 -11"><span class='ocrx_word' id='word_1_386' title='bbox 200 2031 249 2059; x_wconf 80' lang='lat' dir='ltr'>Th.</span> <span class='ocrx_word' id='word_1_387' title='bbox 271 2032 301 2058; x_wconf 94' lang='lat' dir='ltr'>C.</span> <span class='ocrx_word' id='word_1_388' title='bbox 326 2031 393 2058; x_wconf 65' lang='lat' dir='ltr'>YIII.</span> <span class='ocrx_word' id='word_1_389' title='bbox 417 2034 441 2058; x_wconf 82' lang='lat'>5.</span> <span class='ocrx_word' id='word_1_390' title='bbox 466 2042 486 2058; x_wconf 91' lang='lat' dir='ltr'>c.</span> <span class='ocrx_word' id='word_1_391' title='bbox 507 2034 547 2058; x_wconf 85' lang='lat'>21.</span> <span class='ocrx_word' id='word_1_392' title='bbox 574 2031 606 2058; x_wconf 81' lang='lat' dir='ltr'>de</span> <span class='ocrx_word' id='word_1_393' title='bbox 631 2042 709 2058; x_wconf 87' lang='lat' dir='ltr'>cursu</span> <span class='ocrx_word' id='word_1_394' title='bbox 731 2032 792 2069; x_wconf 84' lang='lat' dir='ltr'>pub.</span> <span class='ocrx_word' id='word_1_395' title='bbox 818 2048 849 2051; x_wconf 96' lang='lat'><strong>—</strong></span> <span class='ocrx_word' id='word_1_396' title='bbox 874 2033 903 2066; x_wconf 62' lang='grc' dir='ltr'>ξ.</span> <span class='ocrx_word' id='word_1_397' title='bbox 925 2033 961 2059; x_wconf 86' lang='grc'>3.</span> <span class='ocrx_word' id='word_1_398' title='bbox 986 2033 1037 2058; x_wconf 86' lang='lat' dir='ltr'>Iu-</span> 
     </span>
     <span class='ocr_line' id='line_1_45' title="bbox 200 2077 1036 2109; baseline -0.001 -8"><span class='ocrx_word' id='word_1_399' title='bbox 200 2081 414 2102; x_wconf 71' lang='lat' dir='ltr'>strumeutum</span> <span class='ocrx_word' id='word_1_400' title='bbox 435 2077 604 2107; x_wconf 74' lang='lat' dir='ltr'>versatile,</span> <span class='ocrx_word' id='word_1_401' title='bbox 629 2085 688 2109; x_wconf 82' lang='lat' dir='ltr'>quo</span> <span class='ocrx_word' id='word_1_402' title='bbox 709 2077 856 2101; x_wconf 67' lang='lat' dir='ltr'>machina</span> <span class='ocrx_word' id='word_1_403' title='bbox 874 2084 1036 2109; x_wconf 80' lang='lat' dir='ltr'>promove-</span> 
     </span>
     <span class='ocr_line' id='line_1_46' title="bbox 201 2117 1036 2155; baseline -0.001 -11"><span class='ocrx_word' id='word_1_404' title='bbox 201 2123 260 2144; x_wconf 75' lang='lat' dir='ltr'>tur.</span> <span class='ocrx_word' id='word_1_405' title='bbox 297 2117 338 2144; x_wconf 87' lang='grc'><strong>111.</strong></span> <span class='ocrx_word' id='word_1_406' title='bbox 358 2119 423 2145; x_wconf 78' lang='lat' dir='ltr'>Gn.</span> <span class='ocrx_word' id='word_1_407' title='bbox 455 2117 535 2149; x_wconf 79' lang='lat' dir='ltr'>Rota,</span> <span class='ocrx_word' id='word_1_408' title='bbox 564 2128 611 2155; x_wconf 83' lang='lat' dir='ltr'>per</span> <span class='ocrx_word' id='word_1_409' title='bbox 634 2127 709 2154; x_wconf 83' lang='lat' dir='ltr'>quam</span> <span class='ocrx_word' id='word_1_410' title='bbox 734 2128 798 2154; x_wconf 82' lang='lat' dir='ltr'>aqua</span> <span class='ocrx_word' id='word_1_411' title='bbox 822 2117 975 2144; x_wconf 69' lang='lat' dir='ltr'>traheretur.</span> <span class='ocrx_word' id='word_1_412' title='bbox 1006 2117 1036 2144; x_wconf 79' lang='lat' dir='ltr'>R.</span> 
     </span>
     <span class='ocr_line' id='line_1_47' title="bbox 202 2160 1036 2196; baseline 0 -10"><span class='ocrx_word' id='word_1_413' title='bbox 202 2162 312 2196; x_wconf 83' lang='lat' dir='ltr'>aquaria.</span> <span class='ocrx_word' id='word_1_414' title='bbox 337 2160 367 2187; x_wconf 68' lang='lat' dir='ltr'>I&#39;r.</span> <span class='ocrx_word' id='word_1_415' title='bbox 387 2162 427 2186; x_wconf 72' lang='lat'>40.</span> <span class='ocrx_word' id='word_1_416' title='bbox 454 2162 475 2194; x_wconf 60' lang='grc' dir='ltr'>ξ.</span> <span class='ocrx_word' id='word_1_417' title='bbox 495 2162 518 2187; x_wconf 85' lang='grc'>6.</span> <span class='ocrx_word' id='word_1_418' title='bbox 545 2160 576 2187; x_wconf 86' lang='lat' dir='ltr'>de</span> <span class='ocrx_word' id='word_1_419' title='bbox 601 2166 683 2187; x_wconf 82' lang='lat' dir='ltr'>contr.</span> <span class='ocrx_word' id='word_1_420' title='bbox 709 2166 767 2187; x_wconf 81' lang='lat' dir='ltr'>emt.</span> <span class='ocrx_word' id='word_1_421' title='bbox 795 2162 832 2187; x_wconf 72' lang='lat' dir='ltr'>ls.</span> <span class='ocrx_word' id='word_1_422' title='bbox 859 2162 881 2186; x_wconf 90' lang='lat'>1.</span> <span class='ocrx_word' id='word_1_423' title='bbox 907 2160 938 2186; x_wconf 77' lang='lat' dir='ltr'>cf.</span> <span class='ocrx_word' id='word_1_424' title='bbox 962 2160 992 2186; x_wconf 82' lang='lat' dir='ltr'>fr.</span> <span class='ocrx_word' id='word_1_425' title='bbox 1012 2162 1036 2186; x_wconf 93' lang='lat'>2.</span> 
     </span>
     <span class='ocr_line' id='line_1_48' title="bbox 203 2203 782 2240; baseline 0.003 -12"><span class='ocrx_word' id='word_1_426' title='bbox 203 2212 293 2229; x_wconf 89' lang='lat' dir='ltr'>comm.</span> <span class='ocrx_word' id='word_1_427' title='bbox 311 2203 400 2240; x_wconf 80' lang='lat' dir='ltr'>praed.</span> <span class='ocrx_word' id='word_1_428' title='bbox 419 2204 444 2229; x_wconf 71' lang='lat'>8.</span> <span class='ocrx_word' id='word_1_429' title='bbox 463 2205 487 2229; x_wconf 72' lang='lat'>4.</span> <span class='ocrx_word' id='word_1_430' title='bbox 507 2203 576 2230; x_wconf 80' lang='lat' dir='ltr'>Paul.</span> <span class='ocrx_word' id='word_1_431' title='bbox 596 2203 638 2230; x_wconf 86' lang='lat' dir='ltr'>lu.</span> <span class='ocrx_word' id='word_1_432' title='bbox 658 2204 681 2230; x_wconf 81' lang='lat'>6.</span> <span class='ocrx_word' id='word_1_433' title='bbox 701 2204 722 2237; x_wconf 68' lang='grc' dir='ltr'>ξ.</span> <span class='ocrx_word' id='word_1_434' title='bbox 742 2205 782 2230; x_wconf 79' lang='lat'>65.</span> 
     </span>
    </p>

    <p class='ocr_par' dir='ltr' id='par_1_9' title="bbox 198 2246 1037 2324">
     <span class='ocr_line' id='line_1_49' title="bbox 238 2246 1037 2282; baseline 0 -11"><span class='ocrx_word' id='word_1_435' title='bbox 238 2246 450 2273; x_wconf 76' lang='lat' dir='ltr'>Rotundus.</span> <span class='ocrx_word' id='word_1_436' title='bbox 474 2246 603 2279; x_wconf 77' lang='lat' dir='ltr'>(Adiect.)</span> <span class='ocrx_word' id='word_1_437' title='bbox 628 2248 663 2273; x_wconf 88' lang='lat' dir='ltr'>In</span> <span class='ocrx_word' id='word_1_438' title='bbox 682 2248 804 2273; x_wconf 82' lang='lat' dir='ltr'>circuli</span> <span class='ocrx_word' id='word_1_439' title='bbox 820 2248 974 2282; x_wconf 80' lang='lat' dir='ltr'>figuram</span> <span class='ocrx_word' id='word_1_440' title='bbox 993 2247 1037 2282; x_wconf 85' lang='lat' dir='ltr'>ef—</span> 
     </span>
     <span class='ocr_line' id='line_1_50' title="bbox 198 2288 854 2324; baseline 0.002 -11"><span class='ocrx_word' id='word_1_441' title='bbox 198 2289 374 2324; x_wconf 80' lang='lat' dir='ltr'>formatus.</span> <span class='ocrx_word' id='word_1_442' title='bbox 411 2289 523 2323; x_wconf 77' lang='grc' dir='ltr'><strong>11οΡ,</strong></span> <span class='ocrx_word' id='word_1_443' title='bbox 544 2288 703 2324; x_wconf 77' lang='lat' dir='ltr'>Quadratus.</span> <span class='ocrx_word' id='word_1_444' title='bbox 724 2288 765 2315; x_wconf 74' lang='lat' dir='ltr'>Cf.</span> <span class='ocrx_word' id='word_1_445' title='bbox 786 2288 809 2314; x_wconf 95' lang='lat' dir='ltr'>h.</span> <span class='ocrx_word' id='word_1_446' title='bbox 831 2299 854 2315; x_wconf 90' lang='lat' dir='ltr'>v.</span> 
     </span>
    </p>

    <p class='ocr_par' dir='ltr' id='par_1_10' title="bbox 203 2331 1037 2451">
     <span class='ocr_line' id='line_1_51' title="bbox 239 2331 1037 2367; baseline 0.001 -11"><span class='ocrx_word' id='word_1_447' title='bbox 239 2332 383 2357; x_wconf 79' lang='lat' dir='ltr'>Ruber.</span> <span class='ocrx_word' id='word_1_448' title='bbox 418 2331 556 2364; x_wconf 72' lang='lat' dir='ltr'>(Adiect.)</span> <span class='ocrx_word' id='word_1_449' title='bbox 594 2334 730 2363; x_wconf 74' lang='lat' dir='ltr'>Rubeus,</span> <span class='ocrx_word' id='word_1_450' title='bbox 755 2333 845 2367; x_wconf 83' lang='lat' dir='ltr'>Rusu</span> <span class='ocrx_word' id='word_1_451' title='bbox 854 2341 872 2357; x_wconf 83' lang='lat' dir='ltr'>s.</span> <span class='ocrx_word' id='word_1_452' title='bbox 909 2331 952 2357; x_wconf 84' lang='lat' dir='ltr'>III.</span> <span class='ocrx_word' id='word_1_453' title='bbox 972 2332 1037 2358; x_wconf 74' lang='lat' dir='ltr'>Cn.</span> 
     </span>
     <span class='ocr_line' id='line_1_52' title="bbox 203 2372 1037 2410; baseline 0 -10"><span class='ocrx_word' id='word_1_454' title='bbox 203 2372 282 2410; x_wconf 83' lang='lat' dir='ltr'>Apud</span> <span class='ocrx_word' id='word_1_455' title='bbox 301 2372 408 2399; x_wconf 87' lang='lat' dir='ltr'>rubrum</span> <span class='ocrx_word' id='word_1_456' title='bbox 430 2384 507 2401; x_wconf 86' lang='lat' dir='ltr'>mare.</span> <span class='ocrx_word' id='word_1_457' title='bbox 534 2374 563 2401; x_wconf 88' lang='lat' dir='ltr'>sr.</span> <span class='ocrx_word' id='word_1_458' title='bbox 586 2376 624 2400; x_wconf 79' lang='lat'>19.</span> <span class='ocrx_word' id='word_1_459' title='bbox 651 2375 671 2408; x_wconf 60' lang='grc' dir='ltr'><strong>ξ</strong></span> <span class='ocrx_word' id='word_1_460' title='bbox 694 2376 732 2400; x_wconf 68' lang='grc'>18.</span> <span class='ocrx_word' id='word_1_461' title='bbox 753 2373 784 2400; x_wconf 84' lang='lat' dir='ltr'>de</span> <span class='ocrx_word' id='word_1_462' title='bbox 804 2384 865 2400; x_wconf 84' lang='lat' dir='ltr'>auro</span> <span class='ocrx_word' id='word_1_463' title='bbox 883 2384 933 2410; x_wconf 88' lang='lat' dir='ltr'>arg.</span> <span class='ocrx_word' id='word_1_464' title='bbox 953 2376 994 2400; x_wconf 74' lang='grc'>34.</span> <span class='ocrx_word' id='word_1_465' title='bbox 1013 2376 1037 2400; x_wconf 87' lang='grc'>2.</span> 
     </span>
     <span class='ocr_line' id='line_1_53' title="bbox 203 2415 907 2451; baseline 0 -9"><span class='ocrx_word' id='word_1_466' title='bbox 203 2416 292 2442; x_wconf 84' lang='lat' dir='ltr'>Panno</span> <span class='ocrx_word' id='word_1_467' title='bbox 311 2415 391 2442; x_wconf 88' lang='lat' dir='ltr'>rubro</span> <span class='ocrx_word' id='word_1_468' title='bbox 410 2416 510 2451; x_wconf 80' lang='lat' dir='ltr'>(fugare</span> <span class='ocrx_word' id='word_1_469' title='bbox 528 2418 691 2449; x_wconf 86' lang='lat' dir='ltr'>armentum.)</span> <span class='ocrx_word' id='word_1_470' title='bbox 712 2418 768 2443; x_wconf 81' lang='lat' dir='ltr'>Gai.</span> <span class='ocrx_word' id='word_1_471' title='bbox 788 2416 829 2443; x_wconf 94' lang='lat' dir='ltr'>III.</span> <span class='ocrx_word' id='word_1_472' title='bbox 848 2419 907 2442; x_wconf 82' lang='lat'>202.</span> 
     </span>
    </p>

    <p class='ocr_par' dir='ltr' id='par_1_11' title="bbox 204 2458 1038 2619">
     <span class='ocr_line' id='line_1_54' title="bbox 239 2458 1038 2494; baseline 0.001 -9"><span class='ocrx_word' id='word_1_473' title='bbox 239 2458 380 2485; x_wconf 65' lang='lat' dir='ltr'>Rubra.</span> <span class='ocrx_word' id='word_1_474' title='bbox 417 2459 539 2490; x_wconf 83' lang='lat' dir='ltr'>Herba,</span> <span class='ocrx_word' id='word_1_475' title='bbox 567 2471 647 2494; x_wconf 79' lang='lat' dir='ltr'>quae</span> <span class='ocrx_word' id='word_1_476' title='bbox 674 2463 853 2487; x_wconf 80' lang='lat' dir='ltr'>tincturam</span> <span class='ocrx_word' id='word_1_477' title='bbox 878 2461 968 2486; x_wconf 78' lang='lat' dir='ltr'>rubri</span> <span class='ocrx_word' id='word_1_478' title='bbox 991 2470 1038 2486; x_wconf 83' lang='lat' dir='ltr'>co-</span> 
     </span>
     <span class='ocr_line' id='line_1_55' title="bbox 204 2500 1038 2537; baseline 0.001 -10"><span class='ocrx_word' id='word_1_479' title='bbox 204 2503 284 2527; x_wconf 79' lang='lat' dir='ltr'>loris</span> <span class='ocrx_word' id='word_1_480' title='bbox 303 2502 427 2537; x_wconf 74' lang='lat' dir='ltr'>efficit.</span> <span class='ocrx_word' id='word_1_481' title='bbox 465 2500 584 2529; x_wconf 73' lang='grc' dir='ltr'><strong>111οἠ.</strong></span> <span class='ocrx_word' id='word_1_482' title='bbox 604 2503 645 2529; x_wconf 85' lang='lat' dir='ltr'>De</span> <span class='ocrx_word' id='word_1_483' title='bbox 659 2503 759 2534; x_wconf 82' lang='lat' dir='ltr'>salinis⁷</span> <span class='ocrx_word' id='word_1_484' title='bbox 779 2502 900 2534; x_wconf 79' lang='lat' dir='ltr'>alumine,</span> <span class='ocrx_word' id='word_1_485' title='bbox 914 2518 945 2521; x_wconf 88' lang='lat'>—-</span> <span class='ocrx_word' id='word_1_486' title='bbox 959 2502 1038 2528; x_wconf 79' lang='lat' dir='ltr'>herba</span> 
     </span>
     <span class='ocr_line' id='line_1_56' title="bbox 204 2543 1037 2580; baseline 0.001 -10"><span class='ocrx_word' id='word_1_487' title='bbox 204 2543 278 2570; x_wconf 81' lang='lat' dir='ltr'>rubia</span> <span class='ocrx_word' id='word_1_488' title='bbox 299 2559 328 2563; x_wconf 90' lang='lat'><strong>—</strong></span> <span class='ocrx_word' id='word_1_489' title='bbox 348 2543 431 2576; x_wconf 73' lang='lat' dir='ltr'>&lt;tituli</span> <span class='ocrx_word' id='word_1_490' title='bbox 445 2559 476 2562; x_wconf 96' lang='lat'><strong>—</strong></span> <span class='ocrx_word' id='word_1_491' title='bbox 490 2547 652 2580; x_wconf 83' lang='lat' dir='ltr'>poscantur.)</span> <span class='ocrx_word' id='word_1_492' title='bbox 672 2546 738 2572; x_wconf 85' lang='lat' dir='ltr'>Nov.</span> <span class='ocrx_word' id='word_1_493' title='bbox 760 2544 816 2572; x_wconf 85' lang='lat' dir='ltr'>Val.</span> <span class='ocrx_word' id='word_1_494' title='bbox 836 2544 877 2571; x_wconf 85' lang='lat' dir='ltr'>llI.</span> <span class='ocrx_word' id='word_1_495' title='bbox 898 2545 930 2571; x_wconf 87' lang='lat' dir='ltr'>de</span> <span class='ocrx_word' id='word_1_496' title='bbox 948 2545 1037 2572; x_wconf 87' lang='lat' dir='ltr'>tribut.</span> 
     </span>
     <span class='ocr_line' id='line_1_57' title="bbox 204 2585 539 2619; baseline -0.003 -6"><span class='ocrx_word' id='word_1_497' title='bbox 204 2586 260 2613; x_wconf 82' lang='lat' dir='ltr'>fise.</span> <span class='ocrx_word' id='word_1_498' title='bbox 280 2585 309 2612; x_wconf 86' lang='lat'>11.</span> <span class='ocrx_word' id='word_1_499' title='bbox 330 2588 368 2612; x_wconf 92' lang='lat'>19.</span> <span class='ocrx_word' id='word_1_500' title='bbox 389 2596 409 2612; x_wconf 87' lang='lat' dir='ltr'>c.</span> <span class='ocrx_word' id='word_1_501' title='bbox 432 2588 453 2613; x_wconf 95' lang='lat'>1.</span> <span class='ocrx_word' id='word_1_502' title='bbox 474 2586 495 2619; x_wconf 83' lang='lat'>§.</span> <span class='ocrx_word' id='word_1_503' title='bbox 517 2588 539 2612; x_wconf 93' lang='lat' dir='ltr'>l.</span> 
     </span>
    </p>

    <p class='ocr_par' dir='ltr' id='par_1_12' title="bbox 204 2630 1038 2833">
     <span class='ocr_line' id='line_1_58' title="bbox 241 2630 1038 2665; baseline 0.003 -10"><span class='ocrx_word' id='word_1_504' title='bbox 241 2630 384 2655; x_wconf 74' lang='lat' dir='ltr'>Rubor.</span> <span class='ocrx_word' id='word_1_505' title='bbox 421 2630 451 2662; x_wconf 66' lang='grc' dir='ltr'>ξ.</span> <span class='ocrx_word' id='word_1_506' title='bbox 470 2630 504 2655; x_wconf 92' lang='grc'>1.</span> <span class='ocrx_word' id='word_1_507' title='bbox 526 2631 621 2655; x_wconf 86' lang='lat' dir='ltr'>Color</span> <span class='ocrx_word' id='word_1_508' title='bbox 638 2639 828 2665; x_wconf 73' lang='lat' dir='ltr'>purpureus.</span> <span class='ocrx_word' id='word_1_509' title='bbox 865 2630 907 2656; x_wconf 84' lang='lat' dir='ltr'>III.</span> <span class='ocrx_word' id='word_1_510' title='bbox 926 2631 991 2658; x_wconf 77' lang='lat' dir='ltr'>Gn.</span> <span class='ocrx_word' id='word_1_511' title='bbox 1010 2630 1038 2657; x_wconf 89' lang='lat' dir='ltr'>ln</span> 
     </span>
     <span class='ocr_line' id='line_1_59' title="bbox 204 2671 1038 2708; baseline 0.002 -11"><span class='ocrx_word' id='word_1_512' title='bbox 204 2672 299 2708; x_wconf 85' lang='lat' dir='ltr'>quibus</span> <span class='ocrx_word' id='word_1_513' title='bbox 325 2687 354 2691; x_wconf 90' lang='lat'><em>-</em></span> <span class='ocrx_word' id='word_1_514' title='bbox 380 2673 438 2708; x_wconf 91' lang='lat' dir='ltr'>puri</span> <span class='ocrx_word' id='word_1_515' title='bbox 461 2672 542 2698; x_wconf 90' lang='lat' dir='ltr'>rubor</span> <span class='ocrx_word' id='word_1_516' title='bbox 567 2671 615 2704; x_wconf 72' lang='lat' dir='ltr'>[al.</span> <span class='ocrx_word' id='word_1_517' title='bbox 640 2672 736 2706; x_wconf 88' lang='lat' dir='ltr'>robur]</span> <span class='ocrx_word' id='word_1_518' title='bbox 760 2674 866 2700; x_wconf 86' lang='lat' dir='ltr'>muricis</span> <span class='ocrx_word' id='word_1_519' title='bbox 890 2673 1038 2699; x_wconf 82' lang='lat' dir='ltr'>inardescit.</span> 
     </span>
     <span class='ocr_line' id='line_1_60' title="bbox 205 2713 1038 2750; baseline 0 -9"><span class='ocrx_word' id='word_1_520' title='bbox 205 2714 256 2741; x_wconf 90' lang='lat' dir='ltr'>Th.</span> <span class='ocrx_word' id='word_1_521' title='bbox 276 2713 306 2740; x_wconf 92' lang='lat' dir='ltr'>C.</span> <span class='ocrx_word' id='word_1_522' title='bbox 326 2713 384 2740; x_wconf 82' lang='lat' dir='ltr'>XV.</span> <span class='ocrx_word' id='word_1_523' title='bbox 409 2715 431 2740; x_wconf 91' lang='lat'>7.</span> <span class='ocrx_word' id='word_1_524' title='bbox 457 2724 477 2740; x_wconf 92' lang='lat' dir='ltr'>c.</span> <span class='ocrx_word' id='word_1_525' title='bbox 498 2717 538 2741; x_wconf 91' lang='lat'>11.</span> <span class='ocrx_word' id='word_1_526' title='bbox 564 2714 596 2740; x_wconf 86' lang='lat' dir='ltr'>de</span> <span class='ocrx_word' id='word_1_527' title='bbox 620 2716 728 2741; x_wconf 86' lang='lat' dir='ltr'>scaenic.</span> <span class='ocrx_word' id='word_1_528' title='bbox 754 2733 783 2737; x_wconf 89' lang='lat'><em>-</em></span> <span class='ocrx_word' id='word_1_529' title='bbox 812 2718 843 2750; x_wconf 84' lang='lat'>§.</span> <span class='ocrx_word' id='word_1_530' title='bbox 863 2718 898 2743; x_wconf 87' lang='grc'>2.</span> <span class='ocrx_word' id='word_1_531' title='bbox 926 2718 1038 2743; x_wconf 78' lang='lat' dir='ltr'>Pudor.</span> 
     </span>
     <span class='ocr_line' id='line_1_61' title="bbox 205 2755 1038 2793; baseline 0.001 -10"><span class='ocrx_word' id='word_1_532' title='bbox 205 2757 247 2784; x_wconf 91' lang='lat' dir='ltr'>III.</span> <span class='ocrx_word' id='word_1_533' title='bbox 263 2758 327 2785; x_wconf 80' lang='lat' dir='ltr'>Gn.</span> <span class='ocrx_word' id='word_1_534' title='bbox 347 2755 406 2782; x_wconf 75' lang='lat' dir='ltr'>Non</span> <span class='ocrx_word' id='word_1_535' title='bbox 419 2757 476 2783; x_wconf 79' lang='lat' dir='ltr'>sine</span> <span class='ocrx_word' id='word_1_536' title='bbox 489 2757 585 2784; x_wconf 85' lang='lat' dir='ltr'>rubore</span> <span class='ocrx_word' id='word_1_537' title='bbox 598 2756 815 2785; x_wconf 73' lang='lat' dir='ltr'>desiderabantur</span> <span class='ocrx_word' id='word_1_538' title='bbox 828 2759 956 2793; x_wconf 84' lang='lat' dir='ltr'>(usurae.)</span> <span class='ocrx_word' id='word_1_539' title='bbox 975 2758 1005 2785; x_wconf 87' lang='lat' dir='ltr'>fr.</span> <span class='ocrx_word' id='word_1_540' title='bbox 1015 2761 1038 2785; x_wconf 84' lang='lat'>3.</span> 
     </span>
     <span class='ocr_line' id='line_1_62' title="bbox 206 2799 514 2833; baseline -0.003 -7"><span class='ocrx_word' id='word_1_541' title='bbox 206 2800 228 2833; x_wconf 83' lang='lat'>§.</span> <span class='ocrx_word' id='word_1_542' title='bbox 246 2802 270 2826; x_wconf 85' lang='grc'>4.</span> <span class='ocrx_word' id='word_1_543' title='bbox 290 2799 322 2826; x_wconf 89' lang='lat' dir='ltr'>de</span> <span class='ocrx_word' id='word_1_544' title='bbox 340 2809 410 2826; x_wconf 87' lang='lat' dir='ltr'>usur.</span> <span class='ocrx_word' id='word_1_545' title='bbox 429 2801 470 2825; x_wconf 93' lang='lat'>22.</span> <span class='ocrx_word' id='word_1_546' title='bbox 491 2801 514 2825; x_wconf 96' lang='grc'>1.</span> 
     </span>
    </p>
   </div>
   <div class='ocr_carea' id='block_1_3' title="bbox 1060 235 1068 2314">
    <p class='ocr_par' dir='ltr' id='par_1_13' title="bbox 1060 235 1068 2314">
     <span class='ocr_line' id='line_1_63' title="bbox 1060 235 1068 2314; baseline 0 0"><span class='ocrx_word' id='word_1_547' title='bbox 1060 235 1068 2314; x_wconf 95' lang='lat' dir='ltr'> </span> 
     </span>
    </p>
   </div>
   <div class='ocr_carea' id='block_1_4' title="bbox 1868 155 1929 185">
    <p class='ocr_par' dir='ltr' id='par_1_14' title="bbox 1868 155 1929 185">
     <span class='ocr_line' id='line_1_64' title="bbox 1868 155 1929 185; baseline 0 0"><span class='ocrx_word' id='word_1_548' title='bbox 1868 155 1929 185; x_wconf 82' lang='lat'>851</span> 
     </span>
    </p>
   </div>
   <div class='ocr_carea' id='block_1_5' title="bbox 1082 233 1930 2789">
    <p class='ocr_par' dir='ltr' id='par_1_15' title="bbox 1087 233 1930 443">
     <span class='ocr_line' id='line_1_65' title="bbox 1125 233 1930 270; baseline 0.001 -9"><span class='ocrx_word' id='word_1_549' title='bbox 1125 233 1286 261; x_wconf 79' lang='lat' dir='ltr'>Rubria.</span> <span class='ocrx_word' id='word_1_550' title='bbox 1324 236 1422 270; x_wconf 72' lang='lat' dir='ltr'>Legis</span> <span class='ocrx_word' id='word_1_551' title='bbox 1451 246 1575 267; x_wconf 83' lang='lat' dir='ltr'>nomeu,</span> <span class='ocrx_word' id='word_1_552' title='bbox 1608 234 1658 268; x_wconf 90' lang='lat' dir='ltr'>(ad</span> <span class='ocrx_word' id='word_1_553' title='bbox 1684 235 1803 261; x_wconf 80' lang='lat' dir='ltr'>civitates</span> <span class='ocrx_word' id='word_1_554' title='bbox 1828 235 1930 262; x_wconf 74' lang='lat' dir='ltr'>Galliae</span> 
     </span>
     <span class='ocr_line' id='line_1_66' title="bbox 1092 276 1929 314; baseline 0.001 -10"><span class='ocrx_word' id='word_1_555' title='bbox 1092 276 1244 314; x_wconf 80' lang='lat' dir='ltr'>Cisalpinae</span> <span class='ocrx_word' id='word_1_556' title='bbox 1263 277 1429 314; x_wconf 78' lang='lat' dir='ltr'>spectantis.)</span> <span class='ocrx_word' id='word_1_557' title='bbox 1465 277 1508 304; x_wconf 93' lang='lat' dir='ltr'>III.</span> <span class='ocrx_word' id='word_1_558' title='bbox 1527 279 1593 306; x_wconf 71' lang='lat'>011.</span> <span class='ocrx_word' id='word_1_559' title='bbox 1617 277 1646 304; x_wconf 86' lang='lat' dir='ltr'>Si</span> <span class='ocrx_word' id='word_1_560' title='bbox 1666 288 1697 304; x_wconf 86' lang='lat' dir='ltr'>ex</span> <span class='ocrx_word' id='word_1_561' title='bbox 1716 277 1822 304; x_wconf 82' lang='lat' dir='ltr'>decreto</span> <span class='ocrx_word' id='word_1_562' title='bbox 1842 278 1929 311; x_wconf 78' lang='lat' dir='ltr'>llviri,</span> 
     </span>
     <span class='ocr_line' id='line_1_67' title="bbox 1087 318 1928 358; baseline 0.002 -13"><span class='ocrx_word' id='word_1_563' title='bbox 1087 319 1187 351; x_wconf 80' lang='lat' dir='ltr'>IVviri‚</span> <span class='ocrx_word' id='word_1_564' title='bbox 1207 318 1368 346; x_wconf 77' lang='lat' dir='ltr'>Praefective</span> <span class='ocrx_word' id='word_1_565' title='bbox 1386 320 1552 353; x_wconf 80' lang='lat' dir='ltr'>Mutinensis,</span> <span class='ocrx_word' id='word_1_566' title='bbox 1571 320 1641 358; x_wconf 89' lang='lat' dir='ltr'>quod</span> <span class='ocrx_word' id='word_1_567' title='bbox 1661 320 1716 346; x_wconf 86' lang='lat' dir='ltr'>eius</span> <span class='ocrx_word' id='word_1_568' title='bbox 1736 319 1819 352; x_wconf 80' lang='lat' dir='ltr'>11vir,</span> <span class='ocrx_word' id='word_1_569' title='bbox 1838 320 1928 350; x_wconf 87' lang='lat' dir='ltr'>IVvir.</span> 
     </span>
     <span class='ocr_line' id='line_1_68' title="bbox 1087 361 1928 400; baseline 0.002 -12"><span class='ocrx_word' id='word_1_570' title='bbox 1087 361 1285 394; x_wconf 73' lang='lat' dir='ltr'>Praefectusve,</span> <span class='ocrx_word' id='word_1_571' title='bbox 1309 373 1341 389; x_wconf 80' lang='lat' dir='ltr'>ex</span> <span class='ocrx_word' id='word_1_572' title='bbox 1360 362 1417 397; x_wconf 76' lang='lat' dir='ltr'>lege</span> <span class='ocrx_word' id='word_1_573' title='bbox 1436 362 1546 395; x_wconf 76' lang='lat' dir='ltr'>Rubria,</span> <span class='ocrx_word' id='word_1_574' title='bbox 1571 365 1628 390; x_wconf 87' lang='lat' dir='ltr'>sive</span> <span class='ocrx_word' id='word_1_575' title='bbox 1647 363 1673 389; x_wconf 94' lang='lat' dir='ltr'>id</span> <span class='ocrx_word' id='word_1_576' title='bbox 1692 362 1860 400; x_wconf 83' lang='lat' dir='ltr'>plebiscitum</span> <span class='ocrx_word' id='word_1_577' title='bbox 1880 369 1928 393; x_wconf 81' lang='lat' dir='ltr'>est.</span> 
     </span>
     <span class='ocr_line' id='line_1_69' title="bbox 1087 404 1779 443; baseline 0 -12"><span class='ocrx_word' id='word_1_578' title='bbox 1087 404 1235 431; x_wconf 83' lang='lat' dir='ltr'>decreverit</span> <span class='ocrx_word' id='word_1_579' title='bbox 1254 410 1302 432; x_wconf 86' lang='lat' dir='ltr'>etc.</span> <span class='ocrx_word' id='word_1_580' title='bbox 1321 404 1351 431; x_wconf 86' lang='lat' dir='ltr'>L.</span> <span class='ocrx_word' id='word_1_581' title='bbox 1372 405 1441 432; x_wconf 82' lang='lat' dir='ltr'>Call.</span> <span class='ocrx_word' id='word_1_582' title='bbox 1462 406 1561 443; x_wconf 86' lang='lat' dir='ltr'>Cisalp.</span> <span class='ocrx_word' id='word_1_583' title='bbox 1581 406 1598 432; x_wconf 90' lang='lat' dir='ltr'>I.</span> <span class='ocrx_word' id='word_1_584' title='bbox 1618 406 1659 432; x_wconf 75' lang='lat'>28.</span> <span class='ocrx_word' id='word_1_585' title='bbox 1680 415 1718 441; x_wconf 85' lang='lat' dir='ltr'>sq.</span> <span class='ocrx_word' id='word_1_586' title='bbox 1737 406 1779 432; x_wconf 83' lang='lat'>38.</span> 
     </span>
    </p>

    <p class='ocr_par' dir='ltr' id='par_1_16' title="bbox 1085 448 1928 773">
     <span class='ocr_line' id='line_1_70' title="bbox 1123 448 1928 485; baseline 0.002 -11"><span class='ocrx_word' id='word_1_587' title='bbox 1123 448 1377 475; x_wconf 74' lang='lat' dir='ltr'>Rubrianum.</span> <span class='ocrx_word' id='word_1_588' title='bbox 1416 449 1532 474; x_wconf 80' lang='lat' dir='ltr'>Nomen</span> <span class='ocrx_word' id='word_1_589' title='bbox 1553 450 1641 474; x_wconf 68' lang='lat' dir='ltr'>scri</span> <span class='ocrx_word' id='word_1_590' title='bbox 1660 449 1748 485; x_wconf 87' lang='lat' dir='ltr'>(opem</span> <span class='ocrx_word' id='word_1_591' title='bbox 1763 448 1872 475; x_wconf 82' lang='lat' dir='ltr'>ferentis</span> <span class='ocrx_word' id='word_1_592' title='bbox 1886 449 1928 476; x_wconf 83' lang='lat' dir='ltr'>ad-</span> 
     </span>
     <span class='ocr_line' id='line_1_71' title="bbox 1086 490 1928 527; baseline 0.002 -11"><span class='ocrx_word' id='word_1_593' title='bbox 1086 499 1179 516; x_wconf 88' lang='lat' dir='ltr'>versus</span> <span class='ocrx_word' id='word_1_594' title='bbox 1198 490 1335 527; x_wconf 87' lang='lat' dir='ltr'>perfidiam</span> <span class='ocrx_word' id='word_1_595' title='bbox 1355 500 1454 521; x_wconf 82' lang='lat' dir='ltr'>eorum,</span> <span class='ocrx_word' id='word_1_596' title='bbox 1473 492 1516 527; x_wconf 88' lang='lat' dir='ltr'>qni</span> <span class='ocrx_word' id='word_1_597' title='bbox 1536 490 1804 518; x_wconf 73' lang='lat' dir='ltr'>fideicommissariam</span> <span class='ocrx_word' id='word_1_598' title='bbox 1823 491 1928 518; x_wconf 87' lang='lat' dir='ltr'>liberta-</span> 
     </span>
     <span class='ocr_line' id='line_1_72' title="bbox 1087 533 1927 571; baseline 0.004 -12"><span class='ocrx_word' id='word_1_599' title='bbox 1087 538 1139 560; x_wconf 84' lang='lat' dir='ltr'>tem</span> <span class='ocrx_word' id='word_1_600' title='bbox 1158 537 1292 570; x_wconf 84' lang='lat' dir='ltr'>praestare</span> <span class='ocrx_word' id='word_1_601' title='bbox 1311 533 1487 566; x_wconf 75' lang='lat' dir='ltr'>recusabant.)</span> <span class='ocrx_word' id='word_1_602' title='bbox 1525 533 1542 559; x_wconf 94' lang='lat' dir='ltr'>I.</span> <span class='ocrx_word' id='word_1_603' title='bbox 1566 534 1627 567; x_wconf 72' lang='lat' dir='ltr'>Sy.</span> <span class='ocrx_word' id='word_1_604' title='bbox 1656 533 1721 560; x_wconf 90' lang='lat' dir='ltr'>S.C.</span> <span class='ocrx_word' id='word_1_605' title='bbox 1743 535 1813 571; x_wconf 79' lang='lat' dir='ltr'>qnod</span> <span class='ocrx_word' id='word_1_606' title='bbox 1832 534 1927 562; x_wconf 85' lang='lat' dir='ltr'>factum</span> 
     </span>
     <span class='ocr_line' id='line_1_73' title="bbox 1087 575 1928 612; baseline 0.004 -10"><span class='ocrx_word' id='word_1_607' title='bbox 1087 580 1127 602; x_wconf 84' lang='lat' dir='ltr'>est</span> <span class='ocrx_word' id='word_1_608' title='bbox 1145 575 1309 612; x_wconf 83' lang='lat' dir='ltr'>temporibus</span> <span class='ocrx_word' id='word_1_609' title='bbox 1328 576 1362 602; x_wconf 92' lang='lat' dir='ltr'>D.</span> <span class='ocrx_word' id='word_1_610' title='bbox 1376 575 1491 607; x_wconf 80' lang='lat' dir='ltr'>Traiani,</span> <span class='ocrx_word' id='word_1_611' title='bbox 1510 575 1610 601; x_wconf 77' lang='lat' dir='ltr'>Rubrio</span> <span class='ocrx_word' id='word_1_612' title='bbox 1631 576 1707 602; x_wconf 87' lang='lat' dir='ltr'>Gallo</span> <span class='ocrx_word' id='word_1_613' title='bbox 1727 582 1753 603; x_wconf 87' lang='lat' dir='ltr'>et</span> <span class='ocrx_word' id='word_1_614' title='bbox 1772 577 1864 604; x_wconf 85' lang='lat' dir='ltr'>Caelio</span> <span class='ocrx_word' id='word_1_615' title='bbox 1883 577 1928 604; x_wconf 84' lang='lat' dir='ltr'>Hi-</span> 
     </span>
     <span class='ocr_line' id='line_1_74' title="bbox 1088 617 1927 656; baseline 0.002 -11"><span class='ocrx_word' id='word_1_616' title='bbox 1088 628 1172 655; x_wconf 87' lang='lat' dir='ltr'>spone</span> <span class='ocrx_word' id='word_1_617' title='bbox 1195 618 1273 644; x_wconf 84' lang='lat' dir='ltr'>Coss.</span> <span class='ocrx_word' id='word_1_618' title='bbox 1298 617 1328 644; x_wconf 87' lang='lat' dir='ltr'>fr.</span> <span class='ocrx_word' id='word_1_619' title='bbox 1352 620 1393 645; x_wconf 85' lang='lat'>26.</span> <span class='ocrx_word' id='word_1_620' title='bbox 1418 619 1440 652; x_wconf 85' lang='lat'>§</span> <span class='ocrx_word' id='word_1_621' title='bbox 1460 620 1483 645; x_wconf 81' lang='grc'>9.</span> <span class='ocrx_word' id='word_1_622' title='bbox 1508 618 1539 644; x_wconf 82' lang='grc' dir='ltr'><strong>1ἰ·.</strong></span> <span class='ocrx_word' id='word_1_623' title='bbox 1559 620 1600 644; x_wconf 76' lang='grc'>28.</span> <span class='ocrx_word' id='word_1_624' title='bbox 1624 629 1663 656; x_wconf 85' lang='lat' dir='ltr'>pr.</span> <span class='ocrx_word' id='word_1_625' title='bbox 1689 619 1718 646; x_wconf 81' lang='lat' dir='ltr'>fr.</span> <span class='ocrx_word' id='word_1_626' title='bbox 1737 621 1779 646; x_wconf 83' lang='lat'>33.</span> <span class='ocrx_word' id='word_1_627' title='bbox 1803 620 1825 654; x_wconf 60' lang='grc' dir='ltr'>ᾗ.</span> <span class='ocrx_word' id='word_1_628' title='bbox 1847 622 1869 647; x_wconf 95' lang='lat' dir='ltr'>l.</span> <span class='ocrx_word' id='word_1_629' title='bbox 1894 620 1927 647; x_wconf 88' lang='lat' dir='ltr'>de</span> 
     </span>
     <span class='ocr_line' id='line_1_75' title="bbox 1085 660 1925 690; baseline 0.004 -3"><span class='ocrx_word' id='word_1_630' title='bbox 1085 661 1171 688; x_wconf 83' lang='lat' dir='ltr'>fideic.</span> <span class='ocrx_word' id='word_1_631' title='bbox 1200 660 1264 687; x_wconf 87' lang='lat' dir='ltr'>libb.</span> <span class='ocrx_word' id='word_1_632' title='bbox 1290 662 1332 686; x_wconf 85' lang='grc'>40.</span> <span class='ocrx_word' id='word_1_633' title='bbox 1356 663 1380 688; x_wconf 86' lang='grc'>5.</span> <span class='ocrx_word' id='word_1_634' title='bbox 1421 661 1464 688; x_wconf 92' lang='lat'>111.</span> <span class='ocrx_word' id='word_1_635' title='bbox 1488 662 1555 688; x_wconf 75' lang='lat' dir='ltr'>Gn.</span> <span class='ocrx_word' id='word_1_636' title='bbox 1583 660 1612 687; x_wconf 90' lang='lat' dir='ltr'>Si</span> <span class='ocrx_word' id='word_1_637' title='bbox 1639 662 1706 689; x_wconf 79' lang='lat' dir='ltr'>forte</span> <span class='ocrx_word' id='word_1_638' title='bbox 1734 672 1766 689; x_wconf 84' lang='lat' dir='ltr'>ex</span> <span class='ocrx_word' id='word_1_639' title='bbox 1791 662 1925 690; x_wconf 86' lang='lat' dir='ltr'>Rubriano</span> 
     </span>
     <span class='ocr_line' id='line_1_76' title="bbox 1085 702 1924 743; baseline 0.001 -12"><span class='ocrx_word' id='word_1_640' title='bbox 1085 703 1173 731; x_wconf 90' lang='lat' dir='ltr'>S.Cto</span> <span class='ocrx_word' id='word_1_641' title='bbox 1197 704 1347 740; x_wconf 86' lang='lat' dir='ltr'>pervenerit</span> <span class='ocrx_word' id='word_1_642' title='bbox 1370 702 1402 730; x_wconf 87' lang='lat' dir='ltr'>ad</span> <span class='ocrx_word' id='word_1_643' title='bbox 1426 703 1582 730; x_wconf 75' lang='lat' dir='ltr'>libertatem.</span> <span class='ocrx_word' id='word_1_644' title='bbox 1608 704 1638 730; x_wconf 87' lang='lat' dir='ltr'>fr.</span> <span class='ocrx_word' id='word_1_645' title='bbox 1659 706 1683 730; x_wconf 87' lang='lat'>3.</span> <span class='ocrx_word' id='word_1_646' title='bbox 1707 705 1728 738; x_wconf 84' lang='lat'>§.</span> <span class='ocrx_word' id='word_1_647' title='bbox 1747 706 1771 731; x_wconf 89' lang='lat'>3.</span> <span class='ocrx_word' id='word_1_648' title='bbox 1798 705 1830 732; x_wconf 90' lang='lat' dir='ltr'>de</span> <span class='ocrx_word' id='word_1_649' title='bbox 1854 706 1924 743; x_wconf 75' lang='lat' dir='ltr'>legit.</span> 
     </span>
     <span class='ocr_line' id='line_1_77' title="bbox 1085 747 1231 773; baseline -0.007 0"><span class='ocrx_word' id='word_1_650' title='bbox 1085 751 1132 773; x_wconf 84' lang='lat' dir='ltr'>tut.</span> <span class='ocrx_word' id='word_1_651' title='bbox 1152 747 1194 772; x_wconf 87' lang='lat'>26.</span> <span class='ocrx_word' id='word_1_652' title='bbox 1208 748 1231 772; x_wconf 71' lang='lat'>4.</span> 
     </span>
    </p>

    <p class='ocr_par' dir='ltr' id='par_1_17' title="bbox 1084 789 1925 908">
     <span class='ocr_line' id='line_1_78' title="bbox 1120 789 1925 823; baseline 0.004 -7"><span class='ocrx_word' id='word_1_653' title='bbox 1120 789 1305 816; x_wconf 68' lang='lat' dir='ltr'>Rutu-ica.</span> <span class='ocrx_word' id='word_1_654' title='bbox 1337 791 1535 823; x_wconf 76' lang='lat' dir='ltr'>Inscriptio,</span> <span class='ocrx_word' id='word_1_655' title='bbox 1553 790 1691 817; x_wconf 82' lang='lat' dir='ltr'>Titulus.</span> <span class='ocrx_word' id='word_1_656' title='bbox 1720 790 1762 816; x_wconf 92' lang='lat' dir='ltr'>III.</span> <span class='ocrx_word' id='word_1_657' title='bbox 1777 792 1843 819; x_wconf 75' lang='lat' dir='ltr'>Gn.</span> <span class='ocrx_word' id='word_1_658' title='bbox 1862 791 1925 818; x_wconf 86' lang='lat' dir='ltr'>Pro-</span> 
     </span>
     <span class='ocr_line' id='line_1_79' title="bbox 1084 831 1923 869; baseline 0.004 -11"><span class='ocrx_word' id='word_1_659' title='bbox 1084 837 1218 869; x_wconf 90' lang='lat' dir='ltr'>ponuntur</span> <span class='ocrx_word' id='word_1_660' title='bbox 1237 832 1289 864; x_wconf 85' lang='lat' dir='ltr'>(sc.</span> <span class='ocrx_word' id='word_1_661' title='bbox 1311 832 1466 865; x_wconf 81' lang='lat' dir='ltr'>interdicta)</span> <span class='ocrx_word' id='word_1_662' title='bbox 1487 832 1536 858; x_wconf 92' lang='lat' dir='ltr'>sub</span> <span class='ocrx_word' id='word_1_663' title='bbox 1555 831 1671 859; x_wconf 85' lang='lat' dir='ltr'>rubrica:</span> <span class='ocrx_word' id='word_1_664' title='bbox 1697 832 1772 860; x_wconf 86' lang='lat' dir='ltr'>Vnde</span> <span class='ocrx_word' id='word_1_665' title='bbox 1791 835 1824 860; x_wconf 86' lang='lat' dir='ltr'>vi.</span> <span class='ocrx_word' id='word_1_666' title='bbox 1848 834 1877 861; x_wconf 78' lang='lat' dir='ltr'>fr.</span> <span class='ocrx_word' id='word_1_667' title='bbox 1896 836 1923 861; x_wconf 89' lang='lat'>2.</span> 
     </span>
     <span class='ocr_line' id='line_1_80' title="bbox 1084 874 1696 908; baseline 0.002 -8"><span class='ocrx_word' id='word_1_668' title='bbox 1084 875 1106 908; x_wconf 58' lang='grc' dir='ltr'>ᾗ,</span> <span class='ocrx_word' id='word_1_669' title='bbox 1125 876 1149 900; x_wconf 90' lang='grc'>3.</span> <span class='ocrx_word' id='word_1_670' title='bbox 1171 874 1203 900; x_wconf 83' lang='lat' dir='ltr'>de</span> <span class='ocrx_word' id='word_1_671' title='bbox 1222 874 1316 900; x_wconf 82' lang='lat' dir='ltr'>interd.</span> <span class='ocrx_word' id='word_1_672' title='bbox 1336 876 1377 901; x_wconf 71' lang='lat'>43.</span> <span class='ocrx_word' id='word_1_673' title='bbox 1399 876 1420 900; x_wconf 98' lang='lat'>1.</span> <span class='ocrx_word' id='word_1_674' title='bbox 1441 874 1472 901; x_wconf 84' lang='lat' dir='ltr'>cf.</span> <span class='ocrx_word' id='word_1_675' title='bbox 1493 874 1575 901; x_wconf 86' lang='lat' dir='ltr'>Vatic.</span> <span class='ocrx_word' id='word_1_676' title='bbox 1595 875 1616 908; x_wconf 86' lang='lat'>§.</span> <span class='ocrx_word' id='word_1_677' title='bbox 1636 877 1696 902; x_wconf 90' lang='lat'>227.</span> 
     </span>
    </p>

    <p class='ocr_par' dir='ltr' id='par_1_18' title="bbox 1124 916 1529 944">
     <span class='ocr_line' id='line_1_81' title="bbox 1124 916 1529 944; baseline 0 -1"><span class='ocrx_word' id='word_1_678' title='bbox 1124 918 1296 944; x_wconf 77' lang='lat' dir='ltr'>Rudera.</span> <span class='ocrx_word' id='word_1_679' title='bbox 1324 916 1365 943; x_wconf 86' lang='lat' dir='ltr'>Cf.</span> <span class='ocrx_word' id='word_1_680' title='bbox 1385 927 1409 943; x_wconf 84' lang='lat' dir='ltr'>v.</span> <span class='ocrx_word' id='word_1_681' title='bbox 1428 916 1529 943; x_wconf 66' lang='lat' dir='ltr'>liudus.</span> 
     </span>
    </p>

    <p class='ocr_par' dir='ltr' id='par_1_19' title="bbox 1083 960 1923 1167">
     <span class='ocr_line' id='line_1_82' title="bbox 1119 960 1923 992; baseline 0.005 -7"><span class='ocrx_word' id='word_1_682' title='bbox 1119 960 1407 986; x_wconf 80' lang='lat' dir='ltr'>Rudimentum.</span> <span class='ocrx_word' id='word_1_683' title='bbox 1435 962 1649 992; x_wconf 83' lang='lat' dir='ltr'>Tirocinium,</span> <span class='ocrx_word' id='word_1_684' title='bbox 1668 963 1855 989; x_wconf 79' lang='lat' dir='ltr'>Exordium.</span> <span class='ocrx_word' id='word_1_685' title='bbox 1879 962 1923 990; x_wconf 85' lang='lat' dir='ltr'>Ill.</span> 
     </span>
     <span class='ocr_line' id='line_1_83' title="bbox 1086 1001 1923 1032; baseline 0.004 -3"><span class='ocrx_word' id='word_1_686' title='bbox 1086 1003 1151 1030; x_wconf 71' lang='lat'>0⁷1.</span> <span class='ocrx_word' id='word_1_687' title='bbox 1177 1001 1285 1028; x_wconf 77' lang='lat' dir='ltr'>Militiae</span> <span class='ocrx_word' id='word_1_688' title='bbox 1308 1002 1454 1029; x_wconf 71' lang='lat' dir='ltr'>rudimenta</span> <span class='ocrx_word' id='word_1_689' title='bbox 1478 1004 1575 1029; x_wconf 80' lang='lat' dir='ltr'>timere.</span> <span class='ocrx_word' id='word_1_690' title='bbox 1601 1002 1650 1030; x_wconf 88' lang='lat' dir='ltr'>Th.</span> <span class='ocrx_word' id='word_1_691' title='bbox 1671 1003 1701 1030; x_wconf 92' lang='lat' dir='ltr'>C.</span> <span class='ocrx_word' id='word_1_692' title='bbox 1722 1003 1777 1031; x_wconf 81' lang='lat' dir='ltr'>Vll.</span> <span class='ocrx_word' id='word_1_693' title='bbox 1797 1006 1838 1031; x_wconf 82' lang='lat'>18.</span> <span class='ocrx_word' id='word_1_694' title='bbox 1858 1016 1879 1032; x_wconf 86' lang='lat' dir='ltr'>c.</span> <span class='ocrx_word' id='word_1_695' title='bbox 1898 1007 1923 1032; x_wconf 85' lang='grc'>4.</span> 
     </span>
     <span class='ocr_line' id='line_1_84' title="bbox 1084 1044 1923 1086; baseline 0.006 -16"><span class='ocrx_word' id='word_1_696' title='bbox 1084 1045 1104 1078; x_wconf 81' lang='lat'>§.</span> <span class='ocrx_word' id='word_1_697' title='bbox 1118 1046 1142 1071; x_wconf 87' lang='lat'>2.</span> <span class='ocrx_word' id='word_1_698' title='bbox 1163 1044 1195 1071; x_wconf 90' lang='lat' dir='ltr'>de</span> <span class='ocrx_word' id='word_1_699' title='bbox 1215 1044 1342 1070; x_wconf 82' lang='lat' dir='ltr'>desertor.</span> <span class='ocrx_word' id='word_1_700' title='bbox 1374 1044 1410 1071; x_wconf 81' lang='lat' dir='ltr'>Vt</span> <span class='ocrx_word' id='word_1_701' title='bbox 1428 1046 1538 1082; x_wconf 87' lang='lat' dir='ltr'>primum</span> <span class='ocrx_word' id='word_1_702' title='bbox 1558 1046 1655 1072; x_wconf 91' lang='lat' dir='ltr'>mundo</span> <span class='ocrx_word' id='word_1_703' title='bbox 1674 1048 1741 1073; x_wconf 88' lang='lat' dir='ltr'>sacri</span> <span class='ocrx_word' id='word_1_704' title='bbox 1760 1049 1923 1086; x_wconf 82' lang='lat' dir='ltr'>principatus</span> 
     </span>
     <span class='ocr_line' id='line_1_85' title="bbox 1084 1086 1923 1127; baseline 0.004 -13"><span class='ocrx_word' id='word_1_705' title='bbox 1084 1088 1168 1114; x_wconf 86' lang='lat' dir='ltr'>nostri</span> <span class='ocrx_word' id='word_1_706' title='bbox 1187 1086 1333 1113; x_wconf 86' lang='lat' dir='ltr'>rudimenta</span> <span class='ocrx_word' id='word_1_707' title='bbox 1357 1086 1495 1114; x_wconf 76' lang='lat' dir='ltr'>fulserunt.</span> <span class='ocrx_word' id='word_1_708' title='bbox 1520 1087 1586 1115; x_wconf 65' lang='grc' dir='ltr'><strong>Νῦν.</strong></span> <span class='ocrx_word' id='word_1_709' title='bbox 1606 1089 1696 1116; x_wconf 81' lang='lat' dir='ltr'>Maior.</span> <span class='ocrx_word' id='word_1_710' title='bbox 1716 1089 1748 1116; x_wconf 88' lang='lat' dir='ltr'>de</span> <span class='ocrx_word' id='word_1_711' title='bbox 1767 1090 1865 1127; x_wconf 84' lang='lat' dir='ltr'>indulg.</span> <span class='ocrx_word' id='word_1_712' title='bbox 1884 1101 1923 1118; x_wconf 82' lang='lat' dir='ltr'>re—</span> 
     </span>
     <span class='ocr_line' id='line_1_86' title="bbox 1083 1129 1397 1167; baseline 0 -10"><span class='ocrx_word' id='word_1_713' title='bbox 1083 1130 1146 1167; x_wconf 84' lang='lat' dir='ltr'>liqu.</span> <span class='ocrx_word' id='word_1_714' title='bbox 1166 1129 1210 1156; x_wconf 82' lang='lat' dir='ltr'>IV.</span> <span class='ocrx_word' id='word_1_715' title='bbox 1230 1131 1254 1156; x_wconf 88' lang='lat'>3.</span> <span class='ocrx_word' id='word_1_716' title='bbox 1274 1140 1294 1156; x_wconf 93' lang='lat' dir='ltr'>c.</span> <span class='ocrx_word' id='word_1_717' title='bbox 1317 1131 1339 1156; x_wconf 87' lang='grc'>1.</span> <span class='ocrx_word' id='word_1_718' title='bbox 1359 1140 1397 1167; x_wconf 88' lang='lat' dir='ltr'>pr.</span> 
     </span>
    </p>

    <p class='ocr_par' dir='ltr' id='par_1_20' title="bbox 1082 1172 1922 1328">
     <span class='ocr_line' id='line_1_87' title="bbox 1119 1172 1922 1209; baseline 0.005 -10"><span class='ocrx_word' id='word_1_719' title='bbox 1119 1173 1254 1200; x_wconf 77' lang='lat' dir='ltr'>Rudis.</span> <span class='ocrx_word' id='word_1_720' title='bbox 1274 1172 1392 1206; x_wconf 80' lang='lat' dir='ltr'>(Subst.)</span> <span class='ocrx_word' id='word_1_721' title='bbox 1411 1175 1543 1208; x_wconf 78' lang='lat' dir='ltr'>Insigne</span> <span class='ocrx_word' id='word_1_722' title='bbox 1559 1177 1802 1209; x_wconf 81' lang='lat' dir='ltr'>gladiatorum,</span> <span class='ocrx_word' id='word_1_723' title='bbox 1817 1186 1830 1202; x_wconf 85' lang='lat' dir='ltr'>e</span> <span class='ocrx_word' id='word_1_724' title='bbox 1848 1178 1922 1203; x_wconf 83' lang='lat' dir='ltr'>ludo</span> 
     </span>
     <span class='ocr_line' id='line_1_88' title="bbox 1083 1215 1922 1252; baseline 0.002 -10"><span class='ocrx_word' id='word_1_725' title='bbox 1083 1218 1299 1242; x_wconf 76' lang='lat' dir='ltr'>dimissorum.</span> <span class='ocrx_word' id='word_1_726' title='bbox 1335 1215 1378 1242; x_wconf 91' lang='lat' dir='ltr'>III.</span> <span class='ocrx_word' id='word_1_727' title='bbox 1392 1217 1458 1244; x_wconf 75' lang='lat' dir='ltr'>Gn.</span> <span class='ocrx_word' id='word_1_728' title='bbox 1483 1217 1536 1252; x_wconf 80' lang='lat' dir='ltr'>Qui</span> <span class='ocrx_word' id='word_1_729' title='bbox 1555 1217 1580 1242; x_wconf 90' lang='lat' dir='ltr'>in</span> <span class='ocrx_word' id='word_1_730' title='bbox 1600 1216 1689 1244; x_wconf 88' lang='lat' dir='ltr'>ludum</span> <span class='ocrx_word' id='word_1_731' title='bbox 1708 1218 1870 1250; x_wconf 85' lang='lat' dir='ltr'>damnantur,</span> <span class='ocrx_word' id='word_1_732' title='bbox 1890 1235 1922 1239; x_wconf 91' lang='lat'>-—</span> 
     </span>
     <span class='ocr_line' id='line_1_89' title="bbox 1083 1258 1920 1297; baseline 0.004 -12"><span class='ocrx_word' id='word_1_733' title='bbox 1083 1260 1160 1285; x_wconf 86' lang='lat' dir='ltr'>etiam</span> <span class='ocrx_word' id='word_1_734' title='bbox 1178 1258 1285 1296; x_wconf 83' lang='lat' dir='ltr'>pilcari,</span> <span class='ocrx_word' id='word_1_735' title='bbox 1305 1263 1331 1285; x_wconf 82' lang='lat' dir='ltr'>et</span> <span class='ocrx_word' id='word_1_736' title='bbox 1349 1258 1440 1286; x_wconf 80' lang='lat' dir='ltr'>rudem</span> <span class='ocrx_word' id='word_1_737' title='bbox 1459 1260 1578 1297; x_wconf 86' lang='lat' dir='ltr'>accipere</span> <span class='ocrx_word' id='word_1_738' title='bbox 1597 1266 1717 1297; x_wconf 86' lang='lat' dir='ltr'>possunt.</span> <span class='ocrx_word' id='word_1_739' title='bbox 1737 1260 1807 1287; x_wconf 88' lang='lat' dir='ltr'>Coll.</span> <span class='ocrx_word' id='word_1_740' title='bbox 1821 1260 1872 1287; x_wconf 90' lang='lat' dir='ltr'>LL.</span> <span class='ocrx_word' id='word_1_741' title='bbox 1886 1261 1920 1288; x_wconf 85' lang='lat' dir='ltr'>M.</span> 
     </span>
     <span class='ocr_line' id='line_1_90' title="bbox 1082 1301 1171 1328; baseline 0 0"><span class='ocrx_word' id='word_1_742' title='bbox 1082 1301 1127 1328; x_wconf 80' lang='lat' dir='ltr'>XI.</span> <span class='ocrx_word' id='word_1_743' title='bbox 1149 1303 1171 1328; x_wconf 92' lang='lat'>7.</span> 
     </span>
    </p>

    <p class='ocr_par' dir='ltr' id='par_1_21' title="bbox 1082 1344 1923 1885">
     <span class='ocr_line' id='line_1_91' title="bbox 1118 1344 1922 1382; baseline 0.004 -12"><span class='ocrx_word' id='word_1_744' title='bbox 1118 1344 1252 1371; x_wconf 76' lang='lat' dir='ltr'>Rudis.</span> <span class='ocrx_word' id='word_1_745' title='bbox 1272 1344 1401 1378; x_wconf 74' lang='lat' dir='ltr'>(Adiect.)</span> <span class='ocrx_word' id='word_1_746' title='bbox 1421 1345 1452 1378; x_wconf 83' lang='lat'>§.</span> <span class='ocrx_word' id='word_1_747' title='bbox 1466 1346 1501 1372; x_wconf 91' lang='lat'>1.</span> <span class='ocrx_word' id='word_1_748' title='bbox 1522 1347 1590 1372; x_wconf 79' lang='lat' dir='ltr'>Non</span> <span class='ocrx_word' id='word_1_749' title='bbox 1608 1348 1801 1373; x_wconf 75' lang='lat' dir='ltr'>elaboratus.</span> <span class='ocrx_word' id='word_1_750' title='bbox 1826 1346 1844 1373; x_wconf 94' lang='lat' dir='ltr'>I.</span> <span class='ocrx_word' id='word_1_751' title='bbox 1860 1348 1922 1382; x_wconf 74' lang='lat' dir='ltr'>Sy.</span> 
     </span>
     <span class='ocr_line' id='line_1_92' title="bbox 1082 1386 1922 1424; baseline 0.002 -11"><span class='ocrx_word' id='word_1_752' title='bbox 1082 1386 1142 1413; x_wconf 82' lang='lat' dir='ltr'>Non</span> <span class='ocrx_word' id='word_1_753' title='bbox 1161 1386 1226 1413; x_wconf 83' lang='lat' dir='ltr'>sacta</span> <span class='ocrx_word' id='word_1_754' title='bbox 1247 1388 1396 1420; x_wconf 85' lang='lat' dir='ltr'>(materia.)</span> <span class='ocrx_word' id='word_1_755' title='bbox 1425 1388 1455 1414; x_wconf 85' lang='lat' dir='ltr'>fr.</span> <span class='ocrx_word' id='word_1_756' title='bbox 1476 1389 1516 1415; x_wconf 81' lang='lat'>78.</span> <span class='ocrx_word' id='word_1_757' title='bbox 1541 1388 1563 1422; x_wconf 83' lang='lat'>§.</span> <span class='ocrx_word' id='word_1_758' title='bbox 1583 1390 1607 1414; x_wconf 70' lang='lat'>4.</span> <span class='ocrx_word' id='word_1_759' title='bbox 1632 1387 1664 1414; x_wconf 82' lang='lat' dir='ltr'>de</span> <span class='ocrx_word' id='word_1_760' title='bbox 1686 1388 1762 1424; x_wconf 79' lang='lat' dir='ltr'>legat.</span> <span class='ocrx_word' id='word_1_761' title='bbox 1782 1389 1826 1415; x_wconf 92' lang='grc' dir='ltr'><strong>ΙΙΙ.</strong></span> <span class='ocrx_word' id='word_1_762' title='bbox 1847 1390 1922 1423; x_wconf 86' lang='grc'><strong>(32.)</strong></span> 
     </span>
     <span class='ocr_line' id='line_1_93' title="bbox 1082 1429 1923 1466; baseline 0.004 -10"><span class='ocrx_word' id='word_1_763' title='bbox 1082 1429 1112 1456; x_wconf 82' lang='lat' dir='ltr'>fr.</span> <span class='ocrx_word' id='word_1_764' title='bbox 1133 1431 1173 1456; x_wconf 82' lang='lat'>19.</span> <span class='ocrx_word' id='word_1_765' title='bbox 1197 1430 1219 1464; x_wconf 83' lang='lat'>§.</span> <span class='ocrx_word' id='word_1_766' title='bbox 1241 1432 1280 1456; x_wconf 92' lang='lat'>11.</span> <span class='ocrx_word' id='word_1_767' title='bbox 1305 1430 1337 1456; x_wconf 88' lang='lat' dir='ltr'>de</span> <span class='ocrx_word' id='word_1_768' title='bbox 1357 1440 1419 1456; x_wconf 85' lang='lat' dir='ltr'>auro</span> <span class='ocrx_word' id='word_1_769' title='bbox 1442 1440 1493 1466; x_wconf 82' lang='lat' dir='ltr'>arg.</span> <span class='ocrx_word' id='word_1_770' title='bbox 1512 1432 1552 1457; x_wconf 74' lang='lat'>34,</span> <span class='ocrx_word' id='word_1_771' title='bbox 1572 1433 1595 1457; x_wconf 86' lang='lat'>2.</span> <span class='ocrx_word' id='word_1_772' title='bbox 1632 1430 1675 1457; x_wconf 92' lang='lat' dir='ltr'>III.</span> <span class='ocrx_word' id='word_1_773' title='bbox 1695 1433 1761 1458; x_wconf 77' lang='lat' dir='ltr'>Gn.</span> <span class='ocrx_word' id='word_1_774' title='bbox 1785 1431 1838 1459; x_wconf 84' lang='lat' dir='ltr'>Vas</span> <span class='ocrx_word' id='word_1_775' title='bbox 1863 1443 1923 1459; x_wconf 89' lang='lat' dir='ltr'>con-</span> 
     </span>
     <span class='ocr_line' id='line_1_94' title="bbox 1082 1472 1921 1510; baseline 0.004 -11"><span class='ocrx_word' id='word_1_776' title='bbox 1082 1473 1180 1504; x_wconf 82' lang='lat' dir='ltr'>flatum,</span> <span class='ocrx_word' id='word_1_777' title='bbox 1200 1472 1231 1498; x_wconf 82' lang='lat' dir='ltr'>ad</span> <span class='ocrx_word' id='word_1_778' title='bbox 1251 1472 1341 1499; x_wconf 82' lang='lat' dir='ltr'>rudem</span> <span class='ocrx_word' id='word_1_779' title='bbox 1360 1482 1471 1499; x_wconf 81' lang='lat' dir='ltr'>massam</span> <span class='ocrx_word' id='word_1_780' title='bbox 1490 1489 1522 1492; x_wconf 87' lang='lat'>——</span> <span class='ocrx_word' id='word_1_781' title='bbox 1542 1474 1638 1500; x_wconf 89' lang='lat' dir='ltr'>reverti</span> <span class='ocrx_word' id='word_1_782' title='bbox 1657 1479 1753 1510; x_wconf 84' lang='lat' dir='ltr'>potest.</span> <span class='ocrx_word' id='word_1_783' title='bbox 1773 1474 1804 1501; x_wconf 89' lang='lat' dir='ltr'>fr.</span> <span class='ocrx_word' id='word_1_784' title='bbox 1819 1477 1841 1501; x_wconf 89' lang='grc'>7.</span> <span class='ocrx_word' id='word_1_785' title='bbox 1861 1476 1883 1509; x_wconf 86' lang='lat'>§.</span> <span class='ocrx_word' id='word_1_786' title='bbox 1898 1477 1921 1502; x_wconf 93' lang='lat'>7.</span> 
     </span>
     <span class='ocr_line' id='line_1_95' title="bbox 1083 1514 1922 1555; baseline 0.004 -13"><span class='ocrx_word' id='word_1_787' title='bbox 1083 1516 1115 1543; x_wconf 90' lang='lat' dir='ltr'>de</span> <span class='ocrx_word' id='word_1_788' title='bbox 1134 1526 1196 1542; x_wconf 89' lang='lat' dir='ltr'>auro</span> <span class='ocrx_word' id='word_1_789' title='bbox 1216 1526 1267 1552; x_wconf 86' lang='lat' dir='ltr'>arg.</span> <span class='ocrx_word' id='word_1_790' title='bbox 1287 1518 1328 1542; x_wconf 75' lang='lat'>34.</span> <span class='ocrx_word' id='word_1_791' title='bbox 1348 1517 1372 1541; x_wconf 93' lang='lat'>2.</span> <span class='ocrx_word' id='word_1_792' title='bbox 1410 1514 1513 1542; x_wconf 82' lang='lat' dir='ltr'>Novum</span> <span class='ocrx_word' id='word_1_793' title='bbox 1537 1517 1676 1542; x_wconf 80' lang='lat' dir='ltr'>tectorium</span> <span class='ocrx_word' id='word_1_794' title='bbox 1699 1517 1858 1553; x_wconf 86' lang='lat' dir='ltr'>parietibus,</span> <span class='ocrx_word' id='word_1_795' title='bbox 1877 1519 1922 1555; x_wconf 87' lang='lat' dir='ltr'>qui</span> 
     </span>
     <span class='ocr_line' id='line_1_96' title="bbox 1082 1558 1923 1595; baseline 0.002 -9"><span class='ocrx_word' id='word_1_796' title='bbox 1082 1559 1161 1586; x_wconf 86' lang='lat' dir='ltr'>rudes</span> <span class='ocrx_word' id='word_1_797' title='bbox 1181 1558 1305 1590; x_wconf 74' lang='lat' dir='ltr'>fuissent,</span> <span class='ocrx_word' id='word_1_798' title='bbox 1324 1560 1467 1595; x_wconf 80' lang='lat' dir='ltr'>imponere.</span> <span class='ocrx_word' id='word_1_799' title='bbox 1494 1558 1524 1585; x_wconf 85' lang='lat' dir='ltr'>fr.</span> <span class='ocrx_word' id='word_1_800' title='bbox 1543 1560 1584 1585; x_wconf 74' lang='lat'>44.</span> <span class='ocrx_word' id='word_1_801' title='bbox 1609 1558 1642 1585; x_wconf 87' lang='lat' dir='ltr'>de</span> <span class='ocrx_word' id='word_1_802' title='bbox 1666 1559 1746 1586; x_wconf 79' lang='lat' dir='ltr'>usufr.</span> <span class='ocrx_word' id='word_1_803' title='bbox 1767 1561 1790 1586; x_wconf 90' lang='lat'>7.</span> <span class='ocrx_word' id='word_1_804' title='bbox 1811 1562 1833 1587; x_wconf 96' lang='lat' dir='ltr'>l.</span> <span class='ocrx_word' id='word_1_805' title='bbox 1870 1560 1923 1588; x_wconf 88' lang='lat' dir='ltr'>Ru-</span> 
     </span>
     <span class='ocr_line' id='line_1_97' title="bbox 1084 1600 1922 1638; baseline 0.002 -10"><span class='ocrx_word' id='word_1_806' title='bbox 1084 1602 1141 1628; x_wconf 87' lang='lat' dir='ltr'>dem</span> <span class='ocrx_word' id='word_1_807' title='bbox 1162 1601 1270 1637; x_wconf 79' lang='lat' dir='ltr'>figuram</span> <span class='ocrx_word' id='word_1_808' title='bbox 1289 1612 1321 1628; x_wconf 70' lang='lat' dir='ltr'>ex</span> <span class='ocrx_word' id='word_1_809' title='bbox 1341 1600 1467 1638; x_wconf 83' lang='lat' dir='ltr'>stipulatu</span> <span class='ocrx_word' id='word_1_810' title='bbox 1487 1601 1577 1627; x_wconf 87' lang='lat' dir='ltr'>damus</span> <span class='ocrx_word' id='word_1_811' title='bbox 1597 1603 1700 1628; x_wconf 82' lang='lat' dir='ltr'>actioni.</span> <span class='ocrx_word' id='word_1_812' title='bbox 1721 1612 1742 1628; x_wconf 89' lang='lat' dir='ltr'>c.</span> <span class='ocrx_word' id='word_1_813' title='bbox 1762 1604 1784 1629; x_wconf 93' lang='lat'>1.</span> <span class='ocrx_word' id='word_1_814' title='bbox 1804 1603 1825 1636; x_wconf 65' lang='grc' dir='ltr'>ξ.</span> <span class='ocrx_word' id='word_1_815' title='bbox 1846 1604 1869 1629; x_wconf 88' lang='lat'>7.</span> <span class='ocrx_word' id='word_1_816' title='bbox 1889 1603 1922 1630; x_wconf 86' lang='lat' dir='ltr'>de</span> 
     </span>
     <span class='ocr_line' id='line_1_98' title="bbox 1082 1644 1921 1679; baseline 0.001 -8"><span class='ocrx_word' id='word_1_817' title='bbox 1082 1645 1113 1671; x_wconf 76' lang='lat' dir='ltr'>R.</span> <span class='ocrx_word' id='word_1_818' title='bbox 1133 1644 1165 1671; x_wconf 92' lang='lat' dir='ltr'>U.</span> <span class='ocrx_word' id='word_1_819' title='bbox 1186 1645 1217 1671; x_wconf 87' lang='lat' dir='ltr'>A.</span> <span class='ocrx_word' id='word_1_820' title='bbox 1237 1646 1260 1670; x_wconf 85' lang='lat'>5.</span> <span class='ocrx_word' id='word_1_821' title='bbox 1282 1645 1320 1670; x_wconf 86' lang='lat'>13.</span> <span class='ocrx_word' id='word_1_822' title='bbox 1340 1658 1374 1662; x_wconf 97' lang='lat'><strong>—</strong></span> <span class='ocrx_word' id='word_1_823' title='bbox 1394 1645 1424 1677; x_wconf 60' lang='grc' dir='ltr'>ς’.</span> <span class='ocrx_word' id='word_1_824' title='bbox 1439 1646 1474 1671; x_wconf 89' lang='grc'>2.</span> <span class='ocrx_word' id='word_1_825' title='bbox 1495 1646 1677 1678; x_wconf 75' lang='lat' dir='ltr'>Imperitus.</span> <span class='ocrx_word' id='word_1_826' title='bbox 1715 1644 1825 1679; x_wconf 68' lang='lat'>11⁰1).</span> <span class='ocrx_word' id='word_1_827' title='bbox 1847 1645 1921 1672; x_wconf 81' lang='lat' dir='ltr'>Trita</span> 
     </span>
     <span class='ocr_line' id='line_1_99' title="bbox 1083 1686 1920 1724; baseline 0.001 -10"><span class='ocrx_word' id='word_1_828' title='bbox 1083 1693 1108 1714; x_wconf 86' lang='lat' dir='ltr'>et</span> <span class='ocrx_word' id='word_1_829' title='bbox 1131 1692 1268 1719; x_wconf 83' lang='lat' dir='ltr'>veterana,</span> <span class='ocrx_word' id='word_1_830' title='bbox 1289 1699 1321 1705; x_wconf 79' lang='lat'>—</span> <span class='ocrx_word' id='word_1_831' title='bbox 1350 1686 1435 1712; x_wconf 80' lang='lat' dir='ltr'>Rudia</span> <span class='ocrx_word' id='word_1_832' title='bbox 1464 1688 1634 1724; x_wconf 81' lang='lat' dir='ltr'>(mancipia.)</span> <span class='ocrx_word' id='word_1_833' title='bbox 1662 1687 1692 1714; x_wconf 76' lang='lat' dir='ltr'>fr.</span> <span class='ocrx_word' id='word_1_834' title='bbox 1711 1689 1752 1714; x_wconf 88' lang='lat'>37.</span> <span class='ocrx_word' id='word_1_835' title='bbox 1778 1687 1810 1714; x_wconf 83' lang='lat' dir='ltr'>de</span> <span class='ocrx_word' id='word_1_836' title='bbox 1833 1687 1920 1715; x_wconf 89' lang='lat' dir='ltr'>Aedil.</span> 
     </span>
     <span class='ocr_line' id='line_1_100' title="bbox 1083 1728 1922 1767; baseline 0.001 -10"><span class='ocrx_word' id='word_1_837' title='bbox 1083 1730 1159 1757; x_wconf 85' lang='lat' dir='ltr'>edict.</span> <span class='ocrx_word' id='word_1_838' title='bbox 1179 1733 1220 1756; x_wconf 86' lang='lat'>21.</span> <span class='ocrx_word' id='word_1_839' title='bbox 1242 1732 1264 1756; x_wconf 96' lang='lat' dir='ltr'>l.</span> <span class='ocrx_word' id='word_1_840' title='bbox 1302 1728 1344 1755; x_wconf 88' lang='lat' dir='ltr'>III.</span> <span class='ocrx_word' id='word_1_841' title='bbox 1364 1730 1429 1756; x_wconf 75' lang='lat' dir='ltr'>Cn.</span> <span class='ocrx_word' id='word_1_842' title='bbox 1453 1729 1543 1756; x_wconf 84' lang='lat' dir='ltr'>Rudes</span> <span class='ocrx_word' id='word_1_843' title='bbox 1563 1734 1588 1756; x_wconf 85' lang='lat' dir='ltr'>et</span> <span class='ocrx_word' id='word_1_844' title='bbox 1607 1740 1691 1767; x_wconf 80' lang='lat' dir='ltr'>nuper</span> <span class='ocrx_word' id='word_1_845' title='bbox 1709 1730 1803 1757; x_wconf 89' lang='lat' dir='ltr'>adsciti</span> <span class='ocrx_word' id='word_1_846' title='bbox 1822 1731 1922 1758; x_wconf 83' lang='lat' dir='ltr'>adiuto-</span> 
     </span>
     <span class='ocr_line' id='line_1_101' title="bbox 1083 1771 1922 1807; baseline 0.001 -8"><span class='ocrx_word' id='word_1_847' title='bbox 1083 1783 1132 1799; x_wconf 86' lang='lat' dir='ltr'>res.</span> <span class='ocrx_word' id='word_1_848' title='bbox 1153 1772 1202 1799; x_wconf 90' lang='lat' dir='ltr'>Th.</span> <span class='ocrx_word' id='word_1_849' title='bbox 1218 1772 1248 1799; x_wconf 92' lang='lat' dir='ltr'>C.</span> <span class='ocrx_word' id='word_1_850' title='bbox 1264 1771 1329 1798; x_wconf 79' lang='lat' dir='ltr'>Vlll.</span> <span class='ocrx_word' id='word_1_851' title='bbox 1346 1774 1367 1798; x_wconf 92' lang='lat' dir='ltr'>l.</span> <span class='ocrx_word' id='word_1_852' title='bbox 1389 1782 1409 1798; x_wconf 90' lang='lat' dir='ltr'>c.</span> <span class='ocrx_word' id='word_1_853' title='bbox 1429 1772 1453 1798; x_wconf 88' lang='grc'>8.</span> <span class='ocrx_word' id='word_1_854' title='bbox 1474 1771 1507 1798; x_wconf 90' lang='lat' dir='ltr'>de</span> <span class='ocrx_word' id='word_1_855' title='bbox 1525 1782 1652 1799; x_wconf 82' lang='lat' dir='ltr'>numerar.</span> <span class='ocrx_word' id='word_1_856' title='bbox 1688 1772 1814 1800; x_wconf 84' lang='lat' dir='ltr'>Homines</span> <span class='ocrx_word' id='word_1_857' title='bbox 1832 1773 1922 1807; x_wconf 77' lang='lat' dir='ltr'>rudes,</span> 
     </span>
     <span class='ocr_line' id='line_1_102' title="bbox 1083 1814 1922 1853; baseline 0.002 -11"><span class='ocrx_word' id='word_1_858' title='bbox 1083 1821 1108 1842; x_wconf 80' lang='lat' dir='ltr'>et</span> <span class='ocrx_word' id='word_1_859' title='bbox 1133 1817 1159 1842; x_wconf 85' lang='lat' dir='ltr'>in</span> <span class='ocrx_word' id='word_1_860' title='bbox 1179 1816 1269 1853; x_wconf 86' lang='lat' dir='ltr'>primis</span> <span class='ocrx_word' id='word_1_861' title='bbox 1294 1814 1379 1851; x_wconf 79' lang='lat' dir='ltr'>legum</span> <span class='ocrx_word' id='word_1_862' title='bbox 1402 1814 1541 1842; x_wconf 81' lang='lat' dir='ltr'>vestibulis</span> <span class='ocrx_word' id='word_1_863' title='bbox 1565 1820 1673 1842; x_wconf 86' lang='lat' dir='ltr'>stantes.</span> <span class='ocrx_word' id='word_1_864' title='bbox 1698 1826 1719 1842; x_wconf 92' lang='lat' dir='ltr'>c.</span> <span class='ocrx_word' id='word_1_865' title='bbox 1738 1818 1761 1842; x_wconf 85' lang='grc'>2.</span> <span class='ocrx_word' id='word_1_866' title='bbox 1785 1817 1807 1850; x_wconf 86' lang='lat'>§.</span> <span class='ocrx_word' id='word_1_867' title='bbox 1829 1818 1869 1843; x_wconf 95' lang='lat' dir='ltr'>ll.</span> <span class='ocrx_word' id='word_1_868' title='bbox 1888 1816 1922 1844; x_wconf 80' lang='lat' dir='ltr'>de</span> 
     </span>
     <span class='ocr_line' id='line_1_103' title="bbox 1082 1857 1416 1885; baseline -0.006 0"><span class='ocrx_word' id='word_1_869' title='bbox 1082 1864 1133 1885; x_wconf 86' lang='lat' dir='ltr'>vet.</span> <span class='ocrx_word' id='word_1_870' title='bbox 1153 1860 1209 1885; x_wconf 78' lang='lat' dir='ltr'>iure</span> <span class='ocrx_word' id='word_1_871' title='bbox 1228 1857 1312 1884; x_wconf 84' lang='lat' dir='ltr'>enucl.</span> <span class='ocrx_word' id='word_1_872' title='bbox 1337 1860 1355 1884; x_wconf 89' lang='grc' dir='ltr'>Ι.</span> <span class='ocrx_word' id='word_1_873' title='bbox 1377 1859 1416 1883; x_wconf 88' lang='lat'>17.</span> 
     </span>
    </p>

    <p class='ocr_par' dir='ltr' id='par_1_22' title="bbox 1082 1902 1920 2063">
     <span class='ocr_line' id='line_1_104' title="bbox 1118 1902 1919 1937; baseline 0.001 -9"><span class='ocrx_word' id='word_1_874' title='bbox 1118 1903 1264 1928; x_wconf 75' lang='lat' dir='ltr'>nudus.</span> <span class='ocrx_word' id='word_1_875' title='bbox 1302 1902 1501 1935; x_wconf 80' lang='lat' dir='ltr'>Fragmenta</span> <span class='ocrx_word' id='word_1_876' title='bbox 1525 1903 1677 1933; x_wconf 84' lang='lat' dir='ltr'>laterum,</span> <span class='ocrx_word' id='word_1_877' title='bbox 1700 1904 1749 1928; x_wconf 74' lang='lat' dir='ltr'>vel</span> <span class='ocrx_word' id='word_1_878' title='bbox 1767 1904 1919 1937; x_wconf 75' lang='lat' dir='ltr'>lapidum.</span> 
     </span>
     <span class='ocr_line' id='line_1_105' title="bbox 1083 1943 1920 1982; baseline 0 -11"><span class='ocrx_word' id='word_1_879' title='bbox 1083 1944 1124 1971; x_wconf 90' lang='lat' dir='ltr'>Ill.</span> <span class='ocrx_word' id='word_1_880' title='bbox 1140 1946 1205 1972; x_wconf 73' lang='lat' dir='ltr'>Gn.</span> <span class='ocrx_word' id='word_1_881' title='bbox 1225 1944 1268 1970; x_wconf 90' lang='lat' dir='ltr'>Ius</span> <span class='ocrx_word' id='word_1_882' title='bbox 1288 1944 1311 1970; x_wconf 89' lang='lat' dir='ltr'>ei</span> <span class='ocrx_word' id='word_1_883' title='bbox 1325 1953 1393 1975; x_wconf 74' lang='lat' dir='ltr'>esse,</span> <span class='ocrx_word' id='word_1_884' title='bbox 1412 1948 1516 1975; x_wconf 78' lang='lat' dir='ltr'>terram,</span> <span class='ocrx_word' id='word_1_885' title='bbox 1530 1943 1620 1976; x_wconf 81' lang='lat' dir='ltr'>rudus,</span> <span class='ocrx_word' id='word_1_886' title='bbox 1641 1954 1702 1970; x_wconf 81' lang='lat' dir='ltr'>saxa</span> <span class='ocrx_word' id='word_1_887' title='bbox 1722 1945 1814 1977; x_wconf 77' lang='lat' dir='ltr'>iacere,</span> <span class='ocrx_word' id='word_1_888' title='bbox 1833 1946 1920 1982; x_wconf 89' lang='lat' dir='ltr'>posita</span> 
     </span>
     <span class='ocr_line' id='line_1_106' title="bbox 1082 1985 1919 2025; baseline 0 -11"><span class='ocrx_word' id='word_1_889' title='bbox 1082 1988 1185 2014; x_wconf 79' lang='lat' dir='ltr'>habere.</span> <span class='ocrx_word' id='word_1_890' title='bbox 1210 1987 1239 2013; x_wconf 78' lang='lat' dir='ltr'>fr.</span> <span class='ocrx_word' id='word_1_891' title='bbox 1260 1988 1283 2013; x_wconf 91' lang='lat'>3.</span> <span class='ocrx_word' id='word_1_892' title='bbox 1306 1987 1327 2020; x_wconf 83' lang='lat'>§.</span> <span class='ocrx_word' id='word_1_893' title='bbox 1347 1988 1370 2012; x_wconf 85' lang='lat'>2.</span> <span class='ocrx_word' id='word_1_894' title='bbox 1391 1985 1423 2012; x_wconf 87' lang='lat' dir='ltr'>de</span> <span class='ocrx_word' id='word_1_895' title='bbox 1442 1985 1469 2013; x_wconf 92' lang='lat' dir='ltr'>S.</span> <span class='ocrx_word' id='word_1_896' title='bbox 1491 1985 1517 2012; x_wconf 88' lang='lat' dir='ltr'>P.</span> <span class='ocrx_word' id='word_1_897' title='bbox 1538 1986 1569 2014; x_wconf 81' lang='lat' dir='ltr'>R.</span> <span class='ocrx_word' id='word_1_898' title='bbox 1588 1988 1612 2013; x_wconf 80' lang='grc'>8.</span> <span class='ocrx_word' id='word_1_899' title='bbox 1631 1989 1656 2013; x_wconf 89' lang='grc'>3.</span> <span class='ocrx_word' id='word_1_900' title='bbox 1693 1986 1759 2023; x_wconf 87' lang='lat' dir='ltr'>Cogi</span> <span class='ocrx_word' id='word_1_901' title='bbox 1780 2004 1811 2007; x_wconf 97' lang='lat'><strong>—</strong></span> <span class='ocrx_word' id='word_1_902' title='bbox 1830 1997 1919 2025; x_wconf 87' lang='lat' dir='ltr'>posse,</span> 
     </span>
     <span class='ocr_line' id='line_1_107' title="bbox 1082 2028 1902 2063; baseline -0.001 -6"><span class='ocrx_word' id='word_1_903' title='bbox 1082 2035 1110 2057; x_wconf 89' lang='lat' dir='ltr'>ut</span> <span class='ocrx_word' id='word_1_904' title='bbox 1129 2030 1221 2056; x_wconf 86' lang='lat' dir='ltr'>rudera</span> <span class='ocrx_word' id='word_1_905' title='bbox 1241 2029 1324 2055; x_wconf 76' lang='lat' dir='ltr'>tollat.</span> <span class='ocrx_word' id='word_1_906' title='bbox 1345 2029 1374 2055; x_wconf 84' lang='lat' dir='ltr'>I&#39;r.</span> <span class='ocrx_word' id='word_1_907' title='bbox 1395 2030 1421 2055; x_wconf 84' lang='lat'>6.</span> <span class='ocrx_word' id='word_1_908' title='bbox 1440 2028 1469 2055; x_wconf 66' lang='grc' dir='ltr'><strong>[ι’.</strong></span> <span class='ocrx_word' id='word_1_909' title='bbox 1485 2030 1507 2055; x_wconf 90' lang='lat'>7.</span> <span class='ocrx_word' id='word_1_910' title='bbox 1527 2029 1548 2063; x_wconf 66' lang='lat' dir='ltr'>§v-</span> <span class='ocrx_word' id='word_1_911' title='bbox 1562 2032 1586 2055; x_wconf 87' lang='grc'>2.</span> <span class='ocrx_word' id='word_1_912' title='bbox 1607 2029 1639 2055; x_wconf 87' lang='lat' dir='ltr'>de</span> <span class='ocrx_word' id='word_1_913' title='bbox 1658 2028 1742 2056; x_wconf 88' lang='lat' dir='ltr'>damn.</span> <span class='ocrx_word' id='word_1_914' title='bbox 1761 2030 1805 2056; x_wconf 83' lang='lat' dir='ltr'>inf.</span> <span class='ocrx_word' id='word_1_915' title='bbox 1822 2032 1863 2056; x_wconf 85' lang='lat'>39.</span> <span class='ocrx_word' id='word_1_916' title='bbox 1876 2032 1902 2057; x_wconf 86' lang='lat'>2.</span> 
     </span>
    </p>

    <p class='ocr_par' dir='ltr' id='par_1_23' title="bbox 1082 2071 1920 2400">
     <span class='ocr_line' id='line_1_108' title="bbox 1118 2071 1919 2109; baseline 0 -10"><span class='ocrx_word' id='word_1_917' title='bbox 1118 2074 1261 2100; x_wconf 77' lang='lat' dir='ltr'>Ruere.</span> <span class='ocrx_word' id='word_1_918' title='bbox 1297 2073 1328 2105; x_wconf 66' lang='grc' dir='ltr'>ἕ.</span> <span class='ocrx_word' id='word_1_919' title='bbox 1347 2073 1381 2098; x_wconf 93' lang='grc'>1.</span> <span class='ocrx_word' id='word_1_920' title='bbox 1403 2073 1567 2098; x_wconf 85' lang='lat' dir='ltr'>Corruere.</span> <span class='ocrx_word' id='word_1_921' title='bbox 1607 2071 1649 2098; x_wconf 90' lang='lat' dir='ltr'>III.</span> <span class='ocrx_word' id='word_1_922' title='bbox 1668 2073 1734 2099; x_wconf 75' lang='lat' dir='ltr'>Gn.</span> <span class='ocrx_word' id='word_1_923' title='bbox 1754 2072 1782 2098; x_wconf 88' lang='lat' dir='ltr'>Si</span> <span class='ocrx_word' id='word_1_924' title='bbox 1801 2072 1864 2109; x_wconf 86' lang='lat' dir='ltr'>quid</span> <span class='ocrx_word' id='word_1_925' title='bbox 1882 2072 1919 2099; x_wconf 89' lang='lat' dir='ltr'>ibi</span> 
     </span>
     <span class='ocr_line' id='line_1_109' title="bbox 1082 2114 1920 2147; baseline -0.001 -4"><span class='ocrx_word' id='word_1_926' title='bbox 1082 2121 1148 2147; x_wconf 79' lang='lat' dir='ltr'>ruet,</span> <span class='ocrx_word' id='word_1_927' title='bbox 1167 2115 1314 2147; x_wconf 74' lang='lat' dir='ltr'>scindetur,</span> <span class='ocrx_word' id='word_1_928' title='bbox 1333 2114 1459 2146; x_wconf 73' lang='lat' dir='ltr'>fodietur,</span> <span class='ocrx_word' id='word_1_929' title='bbox 1479 2114 1666 2141; x_wconf 83' lang='lat' dir='ltr'>aedificabitur.</span> <span class='ocrx_word' id='word_1_930' title='bbox 1690 2115 1719 2141; x_wconf 84' lang='lat' dir='ltr'>fr.</span> <span class='ocrx_word' id='word_1_931' title='bbox 1741 2116 1780 2141; x_wconf 84' lang='lat'>18.</span> <span class='ocrx_word' id='word_1_932' title='bbox 1799 2120 1845 2142; x_wconf 86' lang='lat' dir='ltr'>rat.</span> <span class='ocrx_word' id='word_1_933' title='bbox 1865 2125 1920 2142; x_wconf 84' lang='lat' dir='ltr'>rem</span> 
     </span>
     <span class='ocr_line' id='line_1_110' title="bbox 1083 2157 1919 2195; baseline -0.001 -10"><span class='ocrx_word' id='word_1_934' title='bbox 1083 2159 1140 2185; x_wconf 85' lang='lat' dir='ltr'>hab.</span> <span class='ocrx_word' id='word_1_935' title='bbox 1161 2160 1201 2184; x_wconf 71' lang='lat'>46.</span> <span class='ocrx_word' id='word_1_936' title='bbox 1221 2162 1243 2185; x_wconf 68' lang='grc' dir='ltr'>ὅ,</span> <span class='ocrx_word' id='word_1_937' title='bbox 1281 2158 1364 2184; x_wconf 77' lang='lat' dir='ltr'>Posse</span> <span class='ocrx_word' id='word_1_938' title='bbox 1388 2159 1507 2189; x_wconf 84' lang='lat' dir='ltr'>evenire,</span> <span class='ocrx_word' id='word_1_939' title='bbox 1531 2162 1558 2183; x_wconf 86' lang='lat' dir='ltr'>ut</span> <span class='ocrx_word' id='word_1_940' title='bbox 1582 2157 1758 2184; x_wconf 67' lang='lat' dir='ltr'>dvmoriantur</span> <span class='ocrx_word' id='word_1_941' title='bbox 1782 2159 1919 2195; x_wconf 81' lang='lat' dir='ltr'>mancipia,</span> 
     </span>
     <span class='ocr_line' id='line_1_111' title="bbox 1083 2199 1918 2240; baseline -0.001 -12"><span class='ocrx_word' id='word_1_942' title='bbox 1083 2201 1188 2240; x_wconf 84' lang='lat' dir='ltr'>praedia</span> <span class='ocrx_word' id='word_1_943' title='bbox 1207 2206 1290 2227; x_wconf 90' lang='lat' dir='ltr'>ruant.</span> <span class='ocrx_word' id='word_1_944' title='bbox 1311 2201 1340 2227; x_wconf 80' lang='lat' dir='ltr'>fr.</span> <span class='ocrx_word' id='word_1_945' title='bbox 1362 2203 1401 2226; x_wconf 94' lang='lat'>11.</span> <span class='ocrx_word' id='word_1_946' title='bbox 1422 2201 1443 2234; x_wconf 55' lang='grc' dir='ltr'>ᾗ</span> <span class='ocrx_word' id='word_1_947' title='bbox 1463 2202 1485 2226; x_wconf 82' lang='lat'>5.</span> <span class='ocrx_word' id='word_1_948' title='bbox 1507 2199 1538 2225; x_wconf 84' lang='lat' dir='ltr'>de</span> <span class='ocrx_word' id='word_1_949' title='bbox 1558 2201 1648 2227; x_wconf 86' lang='lat' dir='ltr'>minor.</span> <span class='ocrx_word' id='word_1_950' title='bbox 1667 2201 1690 2226; x_wconf 73' lang='grc'>4.</span> <span class='ocrx_word' id='word_1_951' title='bbox 1710 2201 1734 2226; x_wconf 57' lang='grc'>«1.</span> <span class='ocrx_word' id='word_1_952' title='bbox 1762 2201 1918 2227; x_wconf 77' lang='lat' dir='ltr'>Aedificium</span> 
     </span>
     <span class='ocr_line' id='line_1_112' title="bbox 1083 2242 1918 2280; baseline -0.002 -9"><span class='ocrx_word' id='word_1_953' title='bbox 1083 2255 1161 2271; x_wconf 80' lang='lat' dir='ltr'>ruens</span> <span class='ocrx_word' id='word_1_954' title='bbox 1181 2260 1212 2263; x_wconf 98' lang='lat'><strong>—</strong></span> <span class='ocrx_word' id='word_1_955' title='bbox 1233 2245 1348 2270; x_wconf 80' lang='lat' dir='ltr'>reficere.</span> <span class='ocrx_word' id='word_1_956' title='bbox 1369 2244 1398 2269; x_wconf 82' lang='lat' dir='ltr'>I&#39;r.</span> <span class='ocrx_word' id='word_1_957' title='bbox 1415 2245 1436 2269; x_wconf 95' lang='lat'>1.</span> <span class='ocrx_word' id='word_1_958' title='bbox 1457 2243 1477 2276; x_wconf 60' lang='grc' dir='ltr'>ξ.</span> <span class='ocrx_word' id='word_1_959' title='bbox 1495 2244 1518 2268; x_wconf 89' lang='lat'>3</span> <span class='ocrx_word' id='word_1_960' title='bbox 1539 2242 1605 2268; x_wconf 64' lang='lat'>[124.</span> <span class='ocrx_word' id='word_1_961' title='bbox 1627 2242 1658 2268; x_wconf 82' lang='lat' dir='ltr'>de</span> <span class='ocrx_word' id='word_1_962' title='bbox 1677 2243 1739 2280; x_wconf 86' lang='lat' dir='ltr'>imp.</span> <span class='ocrx_word' id='word_1_963' title='bbox 1758 2244 1784 2269; x_wconf 92' lang='lat' dir='ltr'>in</span> <span class='ocrx_word' id='word_1_964' title='bbox 1803 2254 1844 2270; x_wconf 86' lang='lat' dir='ltr'>res</span> <span class='ocrx_word' id='word_1_965' title='bbox 1864 2243 1918 2269; x_wconf 88' lang='lat' dir='ltr'>dot.</span> 
     </span>
     <span class='ocr_line' id='line_1_113' title="bbox 1082 2285 1918 2321; baseline -0.002 -7"><span class='ocrx_word' id='word_1_966' title='bbox 1082 2290 1123 2314; x_wconf 85' lang='lat'>25.</span> <span class='ocrx_word' id='word_1_967' title='bbox 1146 2290 1167 2314; x_wconf 94' lang='lat' dir='ltr'>l.</span> <span class='ocrx_word' id='word_1_968' title='bbox 1190 2304 1219 2307; x_wconf 98' lang='lat'><strong>—</strong></span> <span class='ocrx_word' id='word_1_969' title='bbox 1240 2288 1271 2321; x_wconf 57' lang='grc' dir='ltr'>ᾖ.</span> <span class='ocrx_word' id='word_1_970' title='bbox 1291 2289 1326 2313; x_wconf 87' lang='grc'>2.</span> <span class='ocrx_word' id='word_1_971' title='bbox 1348 2287 1509 2312; x_wconf 82' lang='lat' dir='ltr'>Celeriter</span> <span class='ocrx_word' id='word_1_972' title='bbox 1527 2295 1556 2311; x_wconf 84' lang='lat' dir='ltr'>se</span> <span class='ocrx_word' id='word_1_973' title='bbox 1575 2287 1748 2312; x_wconf 78' lang='lat' dir='ltr'>demittere.</span> <span class='ocrx_word' id='word_1_974' title='bbox 1785 2285 1827 2311; x_wconf 92' lang='lat' dir='ltr'>III.</span> <span class='ocrx_word' id='word_1_975' title='bbox 1852 2287 1918 2313; x_wconf 75' lang='lat' dir='ltr'>Gn.</span> 
     </span>
     <span class='ocr_line' id='line_1_114' title="bbox 1083 2327 1919 2366; baseline -0.004 -9"><span class='ocrx_word' id='word_1_976' title='bbox 1083 2331 1194 2357; x_wconf 64' lang='lat' dir='ltr'>liuentis</span> <span class='ocrx_word' id='word_1_977' title='bbox 1221 2329 1355 2366; x_wconf 78' lang='lat' dir='ltr'>grandinis</span> <span class='ocrx_word' id='word_1_978' title='bbox 1382 2328 1515 2365; x_wconf 67' lang='lat' dir='ltr'>lapidatio</span> <span class='ocrx_word' id='word_1_979' title='bbox 1548 2327 1599 2353; x_wconf 90' lang='lat' dir='ltr'>Th.</span> <span class='ocrx_word' id='word_1_980' title='bbox 1619 2327 1650 2354; x_wconf 92' lang='lat' dir='ltr'>C.</span> <span class='ocrx_word' id='word_1_981' title='bbox 1670 2327 1713 2354; x_wconf 89' lang='lat' dir='ltr'>IX.</span> <span class='ocrx_word' id='word_1_982' title='bbox 1734 2329 1773 2354; x_wconf 81' lang='lat'>16.</span> <span class='ocrx_word' id='word_1_983' title='bbox 1798 2338 1819 2355; x_wconf 88' lang='lat' dir='ltr'>c.</span> <span class='ocrx_word' id='word_1_984' title='bbox 1838 2330 1861 2355; x_wconf 89' lang='lat'>3.</span> <span class='ocrx_word' id='word_1_985' title='bbox 1886 2327 1919 2354; x_wconf 86' lang='lat' dir='ltr'>de</span> 
     </span>
     <span class='ocr_line' id='line_1_115' title="bbox 1083 2374 1192 2400; baseline -0.009 0"><span class='ocrx_word' id='word_1_986' title='bbox 1083 2374 1192 2400; x_wconf 74' lang='lat' dir='ltr'>malefic.</span> 
     </span>
    </p>

    <p class='ocr_par' dir='ltr' id='par_1_24' title="bbox 1083 2412 1918 2529">
     <span class='ocr_line' id='line_1_116' title="bbox 1119 2412 1917 2451; baseline -0.005 -9"><span class='ocrx_word' id='word_1_987' title='bbox 1119 2419 1305 2451; x_wconf 76' lang='lat' dir='ltr'>Rugosus.</span> <span class='ocrx_word' id='word_1_988' title='bbox 1342 2413 1480 2446; x_wconf 87' lang='lat' dir='ltr'>(Adiect.)</span> <span class='ocrx_word' id='word_1_989' title='bbox 1517 2415 1619 2447; x_wconf 75' lang='lat' dir='ltr'>Rngis</span> <span class='ocrx_word' id='word_1_990' title='bbox 1636 2415 1757 2446; x_wconf 77' lang='lat' dir='ltr'>plenus.</span> <span class='ocrx_word' id='word_1_991' title='bbox 1794 2412 1836 2439; x_wconf 88' lang='grc' dir='ltr'>ΙΙΙ,</span> <span class='ocrx_word' id='word_1_992' title='bbox 1852 2415 1917 2441; x_wconf 70' lang='lat' dir='ltr'>Cn.</span> 
     </span>
     <span class='ocr_line' id='line_1_117' title="bbox 1083 2455 1918 2491; baseline -0.004 -5"><span class='ocrx_word' id='word_1_993' title='bbox 1083 2459 1260 2486; x_wconf 80' lang='lat' dir='ltr'>pantomimus</span> <span class='ocrx_word' id='word_1_994' title='bbox 1285 2461 1358 2482; x_wconf 82' lang='lat' dir='ltr'>veste</span> <span class='ocrx_word' id='word_1_995' title='bbox 1382 2455 1488 2487; x_wconf 78' lang='lat' dir='ltr'>humili,</span> <span class='ocrx_word' id='word_1_996' title='bbox 1513 2460 1538 2481; x_wconf 85' lang='lat' dir='ltr'>ct</span> <span class='ocrx_word' id='word_1_997' title='bbox 1558 2456 1659 2491; x_wconf 86' lang='lat' dir='ltr'>rugosis</span> <span class='ocrx_word' id='word_1_998' title='bbox 1679 2455 1781 2481; x_wconf 87' lang='lat' dir='ltr'>sinibus</span> <span class='ocrx_word' id='word_1_999' title='bbox 1800 2456 1918 2491; x_wconf 80' lang='lat' dir='ltr'>agitator.</span> 
     </span>
     <span class='ocr_line' id='line_1_118' title="bbox 1084 2498 1588 2529; baseline -0.012 0"><span class='ocrx_word' id='word_1_1000' title='bbox 1084 2502 1133 2529; x_wconf 91' lang='lat' dir='ltr'>Th.</span> <span class='ocrx_word' id='word_1_1001' title='bbox 1154 2501 1183 2528; x_wconf 85' lang='lat' dir='ltr'>C.</span> <span class='ocrx_word' id='word_1_1002' title='bbox 1203 2499 1261 2526; x_wconf 79' lang='lat' dir='ltr'>XV.</span> <span class='ocrx_word' id='word_1_1003' title='bbox 1282 2501 1305 2525; x_wconf 94' lang='lat'>7.</span> <span class='ocrx_word' id='word_1_1004' title='bbox 1325 2509 1346 2525; x_wconf 87' lang='lat' dir='ltr'>c.</span> <span class='ocrx_word' id='word_1_1005' title='bbox 1368 2500 1407 2524; x_wconf 89' lang='lat'>12.</span> <span class='ocrx_word' id='word_1_1006' title='bbox 1428 2498 1460 2524; x_wconf 86' lang='lat' dir='ltr'>de</span> <span class='ocrx_word' id='word_1_1007' title='bbox 1478 2499 1588 2524; x_wconf 79' lang='lat' dir='ltr'>scaenic.</span> 
     </span>
    </p>

    <p class='ocr_par' dir='ltr' id='par_1_25' title="bbox 1084 2539 1918 2789">
     <span class='ocr_line' id='line_1_119' title="bbox 1119 2539 1918 2575; baseline -0.004 -4"><span class='ocrx_word' id='word_1_1008' title='bbox 1119 2544 1261 2572; x_wconf 81' lang='lat' dir='ltr'>Ruina.</span> <span class='ocrx_word' id='word_1_1009' title='bbox 1307 2541 1337 2574; x_wconf 56' lang='grc' dir='ltr'>ς’.</span> <span class='ocrx_word' id='word_1_1010' title='bbox 1361 2542 1395 2568; x_wconf 90' lang='lat'>1.</span> <span class='ocrx_word' id='word_1_1011' title='bbox 1425 2543 1588 2572; x_wconf 64' lang='lat' dir='ltr'>lut-ursio,</span> <span class='ocrx_word' id='word_1_1012' title='bbox 1617 2541 1774 2574; x_wconf 80' lang='lat' dir='ltr'>Irruptio.</span> <span class='ocrx_word' id='word_1_1013' title='bbox 1811 2539 1830 2566; x_wconf 91' lang='lat' dir='ltr'>I.</span> <span class='ocrx_word' id='word_1_1014' title='bbox 1856 2541 1918 2575; x_wconf 72' lang='lat' dir='ltr'>Sy·</span> 
     </span>
     <span class='ocr_line' id='line_1_120' title="bbox 1084 2582 1918 2618; baseline -0.005 -4"><span class='ocrx_word' id='word_1_1015' title='bbox 1084 2587 1202 2614; x_wconf 78' lang='lat' dir='ltr'>Vastatio</span> <span class='ocrx_word' id='word_1_1016' title='bbox 1222 2584 1358 2618; x_wconf 71' lang='lat' dir='ltr'>(hostilis,</span> <span class='ocrx_word' id='word_1_1017' title='bbox 1378 2594 1398 2610; x_wconf 89' lang='lat' dir='ltr'>s.</span> <span class='ocrx_word' id='word_1_1018' title='bbox 1419 2584 1559 2615; x_wconf 76' lang='lat' dir='ltr'>hostium.)</span> <span class='ocrx_word' id='word_1_1019' title='bbox 1584 2582 1649 2608; x_wconf 68' lang='lat' dir='ltr'>Nov.</span> <span class='ocrx_word' id='word_1_1020' title='bbox 1670 2582 1726 2608; x_wconf 81' lang='lat' dir='ltr'>Val.</span> <span class='ocrx_word' id='word_1_1021' title='bbox 1746 2582 1787 2608; x_wconf 84' lang='lat' dir='ltr'>Ill.</span> <span class='ocrx_word' id='word_1_1022' title='bbox 1808 2582 1840 2609; x_wconf 84' lang='lat' dir='ltr'>de</span> <span class='ocrx_word' id='word_1_1023' title='bbox 1859 2593 1918 2610; x_wconf 86' lang='lat' dir='ltr'>con-</span> 
     </span>
     <span class='ocr_line' id='line_1_121' title="bbox 1084 2624 1917 2662; baseline -0.004 -6"><span class='ocrx_word' id='word_1_1024' title='bbox 1084 2631 1148 2657; x_wconf 84' lang='lat' dir='ltr'>firm.</span> <span class='ocrx_word' id='word_1_1025' title='bbox 1163 2629 1187 2655; x_wconf 90' lang='lat' dir='ltr'>h.</span> <span class='ocrx_word' id='word_1_1026' title='bbox 1202 2628 1232 2654; x_wconf 91' lang='lat' dir='ltr'>II.</span> <span class='ocrx_word' id='word_1_1027' title='bbox 1246 2629 1287 2654; x_wconf 86' lang='lat'>32.</span> <span class='ocrx_word' id='word_1_1028' title='bbox 1302 2637 1322 2653; x_wconf 88' lang='lat' dir='ltr'>c.</span> <span class='ocrx_word' id='word_1_1029' title='bbox 1336 2629 1356 2653; x_wconf 93' lang='lat' dir='ltr'>l.</span> <span class='ocrx_word' id='word_1_1030' title='bbox 1371 2627 1392 2660; x_wconf 64' lang='grc' dir='ltr'>ξ,</span> <span class='ocrx_word' id='word_1_1031' title='bbox 1406 2629 1429 2652; x_wconf 81' lang='lat'>5.</span> <span class='ocrx_word' id='word_1_1032' title='bbox 1445 2626 1476 2652; x_wconf 77' lang='lat' dir='ltr'>de</span> <span class='ocrx_word' id='word_1_1033' title='bbox 1490 2625 1576 2662; x_wconf 82' lang='lat' dir='ltr'>praed.</span> <span class='ocrx_word' id='word_1_1034' title='bbox 1591 2626 1683 2661; x_wconf 86' lang='lat' dir='ltr'>pistor.</span> <span class='ocrx_word' id='word_1_1035' title='bbox 1704 2624 1745 2652; x_wconf 81' lang='lat' dir='ltr'>Cf.</span> <span class='ocrx_word' id='word_1_1036' title='bbox 1760 2625 1788 2652; x_wconf 91' lang='lat' dir='ltr'>II.</span> <span class='ocrx_word' id='word_1_1037' title='bbox 1802 2627 1844 2653; x_wconf 71' lang='lat'>34.</span> <span class='ocrx_word' id='word_1_1038' title='bbox 1859 2636 1879 2653; x_wconf 88' lang='lat' dir='ltr'>c.</span> <span class='ocrx_word' id='word_1_1039' title='bbox 1895 2628 1917 2653; x_wconf 89' lang='lat' dir='ltr'>l.</span> 
     </span>
     <span class='ocr_line' id='line_1_122' title="bbox 1084 2670 1917 2706; baseline -0.004 -8"><span class='ocrx_word' id='word_1_1040' title='bbox 1084 2673 1104 2706; x_wconf 63' lang='grc' dir='ltr'>ξ.</span> <span class='ocrx_word' id='word_1_1041' title='bbox 1128 2674 1149 2697; x_wconf 97' lang='lat' dir='ltr'>l.</span> <span class='ocrx_word' id='word_1_1042' title='bbox 1168 2687 1199 2690; x_wconf 96' lang='lat'><strong>—</strong></span> <span class='ocrx_word' id='word_1_1043' title='bbox 1224 2671 1254 2704; x_wconf 82' lang='lat'>§.</span> <span class='ocrx_word' id='word_1_1044' title='bbox 1273 2672 1308 2697; x_wconf 81' lang='grc'>2.</span> <span class='ocrx_word' id='word_1_1045' title='bbox 1333 2671 1458 2703; x_wconf 76' lang='lat' dir='ltr'>Lupsus</span> <span class='ocrx_word' id='word_1_1046' title='bbox 1483 2670 1620 2700; x_wconf 78' lang='lat' dir='ltr'>aedium,</span> <span class='ocrx_word' id='word_1_1047' title='bbox 1646 2670 1824 2695; x_wconf 83' lang='lat' dir='ltr'>aliorumve</span> <span class='ocrx_word' id='word_1_1048' title='bbox 1847 2679 1917 2703; x_wconf 81' lang='lat' dir='ltr'>ope-</span> 
     </span>
     <span class='ocr_line' id='line_1_123' title="bbox 1085 2709 1917 2748; baseline -0.007 -7"><span class='ocrx_word' id='word_1_1049' title='bbox 1085 2724 1158 2741; x_wconf 86' lang='lat' dir='ltr'>rum.</span> <span class='ocrx_word' id='word_1_1050' title='bbox 1194 2713 1237 2740; x_wconf 86' lang='lat'>111.</span> <span class='ocrx_word' id='word_1_1051' title='bbox 1258 2715 1323 2741; x_wconf 74' lang='lat' dir='ltr'>Cn.</span> <span class='ocrx_word' id='word_1_1052' title='bbox 1346 2712 1414 2738; x_wconf 90' lang='lat' dir='ltr'>Cum</span> <span class='ocrx_word' id='word_1_1053' title='bbox 1432 2712 1472 2737; x_wconf 89' lang='lat' dir='ltr'>via</span> <span class='ocrx_word' id='word_1_1054' title='bbox 1492 2710 1596 2747; x_wconf 84' lang='lat' dir='ltr'>publica</span> <span class='ocrx_word' id='word_1_1055' title='bbox 1616 2711 1730 2737; x_wconf 88' lang='lat' dir='ltr'>fluminis</span> <span class='ocrx_word' id='word_1_1056' title='bbox 1750 2712 1856 2748; x_wconf 73' lang='lat' dir='ltr'>impetu,</span> <span class='ocrx_word' id='word_1_1057' title='bbox 1875 2709 1917 2737; x_wconf 66' lang='lat' dir='ltr'>vel</span> 
     </span>
     <span class='ocr_line' id='line_1_124' title="bbox 1085 2754 1914 2789; baseline -0.007 -5"><span class='ocrx_word' id='word_1_1058' title='bbox 1085 2758 1170 2789; x_wconf 83' lang='lat' dir='ltr'>ruina,</span> <span class='ocrx_word' id='word_1_1059' title='bbox 1194 2757 1288 2783; x_wconf 83' lang='lat' dir='ltr'>amissa</span> <span class='ocrx_word' id='word_1_1060' title='bbox 1313 2760 1361 2781; x_wconf 81' lang='lat' dir='ltr'>est.</span> <span class='ocrx_word' id='word_1_1061' title='bbox 1385 2754 1414 2780; x_wconf 73' lang='lat' dir='ltr'>sr.</span> <span class='ocrx_word' id='word_1_1062' title='bbox 1436 2755 1475 2779; x_wconf 71' lang='lat'>14.</span> <span class='ocrx_word' id='word_1_1063' title='bbox 1500 2754 1521 2787; x_wconf 82' lang='lat'>§.</span> <span class='ocrx_word' id='word_1_1064' title='bbox 1543 2755 1564 2779; x_wconf 90' lang='lat'>1.</span> <span class='ocrx_word' id='word_1_1065' title='bbox 1597 2754 1722 2789; x_wconf 79' lang='lat' dir='ltr'>Quemad.</span> <span class='ocrx_word' id='word_1_1066' title='bbox 1742 2755 1831 2780; x_wconf 85' lang='lat' dir='ltr'>servit.</span> <span class='ocrx_word' id='word_1_1067' title='bbox 1851 2754 1874 2779; x_wconf 78' lang='lat'>8.</span> <span class='ocrx_word' id='word_1_1068' title='bbox 1891 2754 1914 2779; x_wconf 80' lang='lat'>6.</span> 
     </span>
    </p>
   </div>
   <div class='ocr_carea' id='block_1_6' title="bbox 1085 2795 1918 2865">
    <p class='ocr_par' dir='ltr' id='par_1_26' title="bbox 1085 2795 1918 2865">
     <span class='ocr_line' id='line_1_125' title="bbox 1085 2795 1918 2836; baseline -0.007 -9"><span class='ocrx_word' id='word_1_1069' title='bbox 1085 2801 1119 2827; x_wconf 88' lang='lat' dir='ltr'>Et</span> <span class='ocrx_word' id='word_1_1070' title='bbox 1138 2799 1237 2826; x_wconf 85' lang='lat' dir='ltr'>caelum</span> <span class='ocrx_word' id='word_1_1071' title='bbox 1256 2797 1396 2836; x_wconf 81' lang='lat' dir='ltr'>pestilens⁷</span> <span class='ocrx_word' id='word_1_1072' title='bbox 1421 2800 1447 2822; x_wconf 85' lang='lat' dir='ltr'>et</span> <span class='ocrx_word' id='word_1_1073' title='bbox 1470 2797 1558 2823; x_wconf 84' lang='lat' dir='ltr'>ruinas</span> <span class='ocrx_word' id='word_1_1074' title='bbox 1577 2798 1707 2823; x_wconf 87' lang='lat' dir='ltr'>minantur</span> <span class='ocrx_word' id='word_1_1075' title='bbox 1725 2795 1918 2831; x_wconf 87' lang='lat' dir='ltr'>(immunditiae</span> 
     </span>
     <span class='ocr_line' id='line_1_126' title="bbox 1405 2837 1477 2865; baseline 0 -1"><span class='ocrx_word' id='word_1_1076' title='bbox 1405 2837 1477 2865; x_wconf 69' lang='lat'>107*</span> 
     </span>
    </p>
   </div>
  </div>
 </body>
</html>
