2197 3121
257 175 322 206 330

258 260 416 290 scendere,
439 258 606 293 Origiuem
627 263 779 291 repetere.
802 256 844 284 nl.
859 258 925 285 011.
945 256 1095 290 Provincia,

259 299 328 327 unde
347 310 388 331 es.
413 300 511 337 ubique
530 301 647 327 moraris.
669 310 689 326 c.
711 302 750 327 11.
774 299 807 327 de
826 306 942 327 excusat.
963 303 986 326 5.
1005 302 1046 327 62.
1067 316 1099 320 —

257 343 289 377 §0
309 345 346 371 3.
367 345 551 373 Conntitui.
572 345 798 370 Canu-'tutum
818 354 892 370 esse.
911 343 929 370 I.
945 345 1006 378 Sy.
1021 343 1100 377 Fieri,
1122 354 1124 375 2

257 386 350 418 Effici.
373 386 476 422 ltodigi.
503 385 559 412 Gai.
584 385 601 412 l.
629 388 668 412 15.
694 396 752 423 sqq.
777 387 818 413 93.
838 396 878 423 sq.
917 386 1096 419 Constitutus,
1122 380 1123 391 ¹

257 429 410 461 subiectus,
429 439 450 455 s.
471 429 633 466 Suppositus
653 429 748 463 (esse.)
769 429 799 455 fr.
819 431 843 456 4.
863 429 896 455 de
915 429 932 455 Ι.
954 434 980 455 et
998 429 1016 456 1.
1039 432 1061 456 l.
1076 431 1099 457 1.

257 472 287 499 fr.
306 474 331 498 2.
351 472 373 506 §.
393 474 434 499 25.
459 472 491 498 de
511 472 543 498 Ο.
564 472 582 499 I.
604 474 626 498 l.
646 474 670 498 2.
695 472 725 499 sr.
748 474 769 499 l.
795 482 833 510 pr.
860 472 881 506 ᾗ.
908 474 930 498 l.
956 472 988 499 de
1012 472 1037 499 h.
1058 483 1100 509 qu.
1122 480 1124 504 j

257 516 305 541 sui.
327 517 349 542 1.
369 517 393 542 6.
431 514 527 541 Teneri
551 517 600 547 (οο
619 516 702 548 iure.)
727 515 795 542 Esse
819 516 845 542 in
866 515 992 548 (tutela.)
1013 516 1062 542 Gai
1081 515 1100 542 1.
1122 522 1123 528 ¹

258 560 315 585 142.
353 558 380 585 In
404 559 576 595 possessione
600 568 666 586 esse.
695 558 845 585 possidere.
866 558 897 585 l'r.
919 560 959 585 10.
983 559 1004 592 §.
1026 560 1048 585 l.
1069 558 1101 585 de

256 601 287 628 A.
308 611 331 627 v.
351 602 382 627 A.
403 600 430 627 Ρ.
450 602 491 628 41.
511 602 535 628 2.
573 601 616 628 111.
640 603 706 630 Gn.
726 601 831 633 Facere,
851 611 911 628 esse
931 601 993 634 (sub
1012 601 1102 628 obser-

256 645 369 676 vatione,
389 654 425 670 sc.
446 644 536 678 bona.)
555 644 628 671 Paul.
648 644 679 671 V.
701 647 740 671 12.
760 646 782 679 ξ.
802 646 826 671 6.
863 645 990 671 Abstinet
1008 655 1037 671 se
1056 644 1099 671 hc-

256 687 375 719 feditate.
395 688 514 724 quamvis
533 689 617 725 patris
636 688 703 714 bona
722 688 771 715 sub
786 687 963 714 creditoribus
978 688 1049 714 liant.
1070 687 1100 714 fr.

256 731 296 756 44.
322 730 354 756 de
374 730 404 756 A.
425 740 448 757 v.
469 730 502 758 Ο.
523 730 554 758 H.
578 733 619 758 29.
643 733 667 757 2.
709 731 792 758 Iudex
816 741 875 758 esse
901 732 969 757 inter
987 730 1100 767 aliquos.

255 773 285 799 fr.
307 774 347 799 19.
367 773 388 807 ᾗ.
408 775 432 800 3.
458 784 550 800 comm.
575 774 627 801 div.
655 776 694 800 10.
719 776 744 800 3.
786 773 919 801 Labeonis
944 775 1101 800 sententiam

255 816 395 853 improbat,
415 821 441 843 et
459 818 486 843 in
505 817 620 843 Iavoleni
640 818 770 844 sententia
790 822 839 843 est.
859 817 890 844 fr.
910 818 952 844 60.
972 817 1005 844 (10
1024 817 1055 844 A.
1075 827 1099 844 v.

256 859 288 886 Ο.
309 858 340 885 Η.
360 860 402 886 29.
422 861 446 886 2.
483 860 512 886 In
531 861 673 892 servitute,
696 877 724 881 -
746 860 775 887 In
796 860 926 893 libertate,
947 871 971 887 v.
992 860 1021 886 In
1040 870 1100 897 pos-

255 903 375 929 sessione
394 902 537 934 libertatis,
562 913 629 929 esse.
650 902 680 930 fr.
701 905 724 930 4.
745 903 778 930 de
796 903 815 930 Ι.
836 909 862 930 ct
881 903 899 930 I.
921 905 943 930 l.
964 905 986 930 l.
1007 903 1038 930 fr.
1060 905 1099 929 10.

255 945 287 972 (10
306 944 417 972 liberali.
437 956 458 972 c.
480 947 521 972 40.
542 948 582 972 12.
603 962 635 966 -
655 947 686 981 §.
711 948 750 973 4.
771 948 897 979 Inesse,
919 948 1098 973 Contineri.

255 988 347 1023 [Sy.
368 988 559 1016 Connumerari
578 990 655 1016 inter.
680 990 710 1017 sr.
732 991 772 1016 14.
793 989 826 1016 de
845 994 915 1016 statu
937 989 1007 1016 hom.
1033 991 1055 1016 1.
1075 991 1098 1015 5.
1121 1013 1123 1019 ,

255 1030 394 1064 Constare,
414 1041 434 1058 S.
455 1031 603 1065 Contineri,
622 1032 691 1059 Esse
710 1034 736 1059 in
756 1033 900 1066 (numero.)
921 1032 978 1058 Gai.
994 1032 1025 1059 ΙΙ.
1041 1033 1098 1059 196.

255 1074 296 1101 ΠΙ.
321 1076 363 1101 90.
388 1074 449 1112 le.
476 1074 519 1102 Vl.
544 1076 568 1102 8.
595 1074 626 1102 fr.
651 1077 692 1103 78.
717 1076 739 1110 ξ.
762 1077 786 1102 4.
807 1075 840 1102 de
859 1077 915 1102 inre
935 1075 990 1102 dot.
1009 1077 1052 1102 23.
1074 1077 1099 1102 3.

254 1117 352 1150 Inesse,
371 1117 491 1144 Iunctum
510 1128 578 1145 esse.
599 1118 628 1145 sr.
651 1121 690 1145 11.
711 1119 741 1145 fr.
764 1120 802 1145 19.
822 1119 844 1152 §.
865 1121 889 1146 5.
909 1118 943 1145 de
961 1129 1025 1145 auro
1045 1129 1097 1155 arg.

253 1162 295 1187 34.
320 1162 345 1187 2.
370 1160 400 1187 sr.
424 1163 483 1188 214.
509 1161 542 1188 (10
566 1161 598 1188 V.
623 1161 650 1188 S.
675 1164 716 1188 50.
744 1163 785 1188 16.
822 1161 865 1188 111.
891 1163 957 1190 Gn·
989 1161 1029 1188 Ne
1047 1171 1100 1188 non

254 1204 340 1230 omnia
360 1203 440 1236 illata,
460 1204 502 1231 vel
521 1204 637 1236 inducta,
657 1204 704 1231 sed
724 1215 752 1231 ea
772 1205 837 1238 sola,
858 1215 924 1242 quae
944 1210 973 1231 ut
991 1205 1028 1231 ibi
1047 1206 1101 1231 sint

254 1246 326 1273 illata
346 1246 451 1279 suerint,
471 1248 574 1284 pignori
599 1249 660 1274 sint.
685 1248 715 1274 sr.
736 1250 759 1275 7.
784 1249 806 1282 ξ.
828 1250 850 1274 l.
876 1249 902 1274 in
922 1258 965 1284 qu.
986 1258 1006 1274 c.
1028 1249 1099 1285 pign.

253 1291 295 1316 20.
314 1291 338 1316 2.
377 1290 452 1325 Quae
466 1290 503 1316 ibi
516 1295 586 1323 sunt,
606 1290 650 1317 vel
663 1301 723 1317 esse
736 1291 824 1318 solent
844 1292 1006 1328 (mancipia.)
1026 1290 1099 1318 Paul.

254 1332 297 1358 ΙΙΙ.
317 1334 340 1359 6.
360 1333 398 1367 §§.
418 1334 460 1360 43.
481 1343 539 1370 sqq.
577 1334 709 1371 Amplius,
730 1344 807 1371 quam
827 1335 852 1360 in
867 1333 1036 1361 facultatibus
1050 1339 1098 1361 est.

254 1374 284 1402 fr.
306 1377 346 1402 10.
384 1376 435 1411 Qu.
462 1381 487 1402 et
511 1387 524 1402 a
549 1387 592 1413 qu.
616 1387 683 1403 man.
703 1378 744 1403 40.
763 1379 787 1404 9.
825 1377 853 1403 ln
873 1377 1100 1404 administratione

253 1420 405 1456 patrimonii
423 1421 594 1446 manumissio
613 1430 666 1447 non
691 1425 739 1447 est.
759 1420 790 1446 fr.
812 1422 851 1447 13.
872 1421 904 1448 de
923 1431 1035 1448 manum.
1055 1422 1098 1448 40.

254 1464 277 1488 1.
314 1462 343 1488 In
368 1472 398 1488 eo
422 1462 560 1499 privilegio
585 1473 657 1495 esse,
683 1464 710 1490 in
730 1473 782 1500 quo
802 1468 877 1496 sunt,
897 1465 942 1501 qui
963 1469 1011 1491 etc.
1032 1474 1052 1491 c.
1073 1464 1096 1491 1.

253 1505 306 1541 Qu.
326 1515 366 1532 ex.
387 1515 407 1531 c.
428 1506 485 1531 mai.
509 1508 533 1532 2.
558 1507 600 1532 54.
638 1506 667 1533 Si
692 1507 737 1543 qui
757 1511 819 1533 sunt
838 1517 870 1533 ex
891 1506 941 1533 his.
961 1506 1034 1534 Paul.
1054 1506 1096 1533 ΙΙΙ,

253 1549 276 1574 4.
297 1548 328 1574 A.
348 1549 370 1582 ξ.
391 1549 430 1575 13.
468 1549 535 1575 Ε550
554 1550 622 1576 intra
640 1559 777 1576 numerum
795 1549 901 1576 debere.
921 1549 982 1576 Vat.
1001 1550 1023 1584 §.
1038 1551 1095 1576 149.

253 1591 341 1626 Quive
359 1592 385 1617 in
405 1601 436 1617 eo
454 1592 607 1629 municipio,
627 1592 739 1625 colonia,
760 1609 792 1612 —
813 1594 887 1619 cuius
907 1593 964 1625 erIt,
985 1592 1096 1625 (iudicio

252 1634 314 1671 pub.
335 1634 546 1667 condemnatus.)
566 1634 631 1661 Tab.
646 1635 748 1662 Heracl.
768 1635 815 1662 lin.
828 1638 870 1662 44.
885 1646 925 1672 sq.
946 1646 996 1662 aer.
1013 1635 1095 1673 Neap.

253 1692 285 1696 -
305 1676 336 1710 ἕ.
364 1678 402 1704 5.
422 1679 610 1710 Pertinere,
633 1680 829 1713 Competere.
849 1679 867 1705 I.
888 1680 950 1713 Sy.
973 1678 1095 1715 Intelligi,

252 1719 362 1751 Haberi,
385 1719 485 1747 Locum
510 1720 614 1748 babere.
640 1721 696 1748 Gai.
718 1721 747 1748 II.
775 1723 797 1748 1.
823 1721 907 1748 Vatic.
934 1722 971 1756 §§.
993 1724 1034 1749 79.
1053 1723 1095 1748 82.

253 1762 282 1789 fr.
303 1764 326 1789 6.
346 1764 368 1797 §.
390 1765 411 1790 l.
432 1763 465 1790 de
484 1763 515 1791 R.
536 1764 568 1790 D.
588 1766 611 1790 l.
631 1765 655 1791 8.
693 1763 837 1797 Pertinere,
853 1764 1020 1802 Competere.
1038 1764 1095 1791 Gai.

253 1806 270 1832 1.
290 1808 332 1833 85.
352 1806 381 1833 Il.
403 1808 442 1833 72.
464 1806 494 1834 fr.
514 1808 555 1834 34.
581 1807 614 1834 (10
633 1807 721 1845 adopt.
749 1810 770 1834 1.
792 1810 814 1834 7.
842 1807 872 1834 fr.
897 1810 921 1835 6.
947 1809 984 1842 §§.
1010 1810 1034 1834 6.
1055 1818 1096 1845 sq.

254 1851 294 1875 10.
314 1859 354 1886 sq.
375 1849 405 1876 l'r.
425 1852 449 1876 9.
469 1849 500 1876 fr.
521 1853 562 1877 42.
583 1860 623 1887 sq.
643 1851 676 1877 de
690 1850 722 1878 N.
738 1850 769 1878 G.
790 1853 814 1878 3.
835 1853 859 1877 5.
880 1850 922 1877 111.
938 1853 1004 1879 οη.
1019 1851 1098 1878 Com-

253 1897 351 1929 petcre,
371 1902 464 1919 essere
483 1898 607 1930 oportere
631 1895 804 1927 (actionem.)
825 1894 855 1920 l'r.
877 1896 917 1920 10.
937 1904 977 1931 pr.
998 1894 1049 1930 Qu.
1069 1895 1096 1920 in

253 1935 284 1961 fr.
304 1935 374 1961 cred.
398 1937 440 1961 42.
466 1937 490 1962 8.
528 1935 587 1962 Non
614 1946 673 1963 055(-
698 1938 741 1967 ait.
762 1942 790 1963 ut
810 1937 852 1963 hic
872 1937 896 1963 b.
917 1936 933 1963 s.
954 1946 1097 1974 possessor

252 1978 380 2005 videatur.
401 1978 431 2005 fr.
450 1980 491 2004 40.
512 1978 544 2005 de
564 1979 595 2005 A.
615 1979 645 2006 R.
666 1980 698 2006 D.
719 1981 759 2006 41.
782 1982 803 2006 1.
824 1980 888 2006 Eius
909 1985 957 2011 cst,
978 1981 1022 2016 qui
1036 1989 1097 2016 pos-

253 2022 288 2047 sit
306 2026 355 2047 etc.
377 2021 406 2048 fr.
427 2023 451 2048 3.
476 2021 506 2048 fr.
529 2024 586 2049 102.
612 2022 634 2056 §.
658 2025 679 2049 1.
699 2022 732 2049 (10
751 2022 782 2049 11.
804 2022 821 2049 I.
842 2025 883 2049 50.
906 2024 945 2049 17.
982 2023 1018 2049 Ea
1038 2022 1096 2059 lege
1117 2041 1119 2063 ἶ

253 2064 401 2097 (vendere,)
422 2069 450 2091 ut
469 2069 541 2091 esset
560 2069 608 2091 etc.
638 2064 722 2092 Vatic.
743 2066 764 2099 §.
779 2067 802 2092 6.
841 2065 989 2097 Intendere,
1008 2076 1029 2092 s.
1049 2065 1096 2091 Pe-

254 2112 316 2139 tere,
338 2107 486 2141 vindicare,
505 2107 629 2136 Probare.
649 2118 725 2134 suum
744 2119 768 2135 v.
788 2114 907 2135 nostrum
923 2118 991 2140 esse,
1012 2118 1034 2135 s,
1053 2109 1094 2135 ius

253 2150 304 2176 sibi
323 2160 389 2177 esse.
411 2151 467 2178 Gai.
488 2151 518 2177 Il.
539 2153 579 2178 78.
600 2150 644 2178 IV.
664 2153 687 2178 3.
708 2162 748 2188 sq.
768 2153 810 2178 34.
829 2153 870 2178 36.
891 2153 933 2178 51.
954 2154 996 2178 93.
1035 2151 1094 2177 Νοι]

253 2195 335 2223 enim,
359 2195 428 2220 sicut
451 2194 569 2221 mulieris
593 2194 641 2220 dos
662 2199 717 2226 cst,
743 2196 776 2221 ita
796 2196 879 2232 patris
900 2205 959 2221 0550
979 2194 1031 2221 dici
1050 2204 1096 2231 po-

254 2241 312 2263 test.
334 2236 424 2273 l'r.47l.
445 2237 477 2263 de
497 2238 619 2263 eviction.
639 2239 681 2264 21.
701 2239 725 2264 2.
763 2237 884 2264 Alicuins
898 2238 989 2269 fuisse,
1010 2242 1035 2264 et
1054 2237 1096 2264 ad-

253 2281 321 2317 quiri
340 2290 429 2317 posse.
450 2280 480 2306 fr.
503 2283 541 2307 15.
562 2291 601 2317 pr.
622 2280 654 2307 (10
673 2280 761 2318 adopt.
784 2283 805 2307 l.
827 2283 849 2307 7.
887 2280 968 2307 Pleno
989 2281 1053 2312 iure,
1074 2290 1094 2307 s.

252 2323 293 2350 Ex
312 2324 368 2350 iure
388 2323 543 2359 Quiritium,
568 2333 627 2349 esse
646 2323 764 2350 alicuius.
802 2324 859 2350 Gai.
879 2323 897 2350 I.
924 2326 964 2350 15.
990 2325 1030 2350 17.
1051 2323 1094 2350 IV.

252 2368 294 2393 34.
313 2368 355 2393 36.
375 2368 416 2392 41.
436 2368 477 2392 86.
515 2366 550 2391 Se.
569 2365 679 2398 debere,
700 2367 790 2394 eiusve
811 2377 865 2393 eam
885 2377 939 2393 rem
960 2377 1032 2399 esse,
1052 2371 1096 2393 aut

254 2420 283 2435 se
302 2420 356 2436 eam
376 2409 480 2435 habere.
499 2408 528 2435 L.
549 2409 618 2435 Gall.
639 2409 741 2447 Cisalp.
762 2420 783 2436 c.
796 2412 838 2436 22.
859 2409 903 2436 lin.
918 2412 960 2436 31.
975 2420 1014 2447 sq.
1044 2410 1096 2436 De-

253 2454 340 2478 sinere
360 2453 415 2479 cius
435 2461 503 2478 esse.
524 2452 553 2478 l'r.
576 2454 597 2478 1.
617 2452 639 2486 §.
662 2455 682 2478 1.
703 2454 725 2479 si
745 2463 777 2479 ex
796 2462 857 2479 nox.
878 2463 899 2479 c.
919 2454 942 2479 2.
964 2455 987 2479 9.
1019 2453 1046 2479 ln
1067 2464 1095 2479 ea

254 2500 341 2532 parte,
368 2505 418 2531 qua
441 2494 533 2532 populi
557 2496 608 2521 iter
631 2499 678 2521 est.
704 2495 774 2522 Paul.
800 2495 830 2522 11.
857 2497 896 2522 15.
916 2496 937 2529 §.
957 2498 981 2522 2.
1018 2495 1096 2522 Prae-

255 2539 411 2564 sumtionem
436 2548 484 2575 pro
509 2548 540 2564 eo
564 2548 637 2569 esse,
657 2538 719 2574 (qui
739 2538 865 2575 accepit..)
889 2538 920 2564 l'r.
940 2540 982 2564 25.
1003 2548 1042 2575 pr.
1063 2538 1095 2565 (10,

254 2581 356 2617 probat.
377 2583 418 2608 22.
438 2582 462 2607 3.
477 2597 509 2600 —
523 2581 553 2614 ἓ.
574 2581 663 2608 5.Α.
687 2582 811 2613 Valere,
833 2583 979 2608 Conseri.
1000 2580 1017 2608 1.
1033 2582 1094 2616 Sy·

255 2623 364 2652 Valere,
386 2624 454 2650 Esse
478 2634 565 2660 posse.
592 2623 675 2650 Vatic.
699 2624 721 2657 ξ.
745 2625 787 2650 55.
812 2623 916 2656 Viduri,
937 2623 1042 2650 Haben-i.
1063 2624 1093 2650 sr.

257 2668 296 2692 10.
317 2676 355 2703 pr.
375 2667 395 2700 §.
420 2669 439 2692 l.
460 2666 492 2693 (10
511 2667 537 2692 in
557 2667 597 2693 ius
616 2676 673 2693 voc.
693 2668 717 2692 2.
736 2667 760 2692 4.
781 2666 811 2692 fr.
827 2668 883 2693 109.
904 2676 962 2703 sqq.
983 2666 1014 2693 fr.
1035 2668 1093 2693 142.

256 2709 288 2735 de
307 2708 338 2735 V.
359 2708 385 2734 S.
411 2711 512 2736 5016.
550 2709 652 2746 Accipi.
681 2708 713 2736 cl'.
742 2708 766 2735 Ιι.
795 2718 818 2735 v.
848 2709 869 2742 ξ.
899 2710 922 2735 5.
960 2709 1002 2736 m.
1027 2711 1094 2737 Gn.

255 2751 317 2778 Dici
335 2750 473 2783 volumus,
493 2757 571 2789 atque
590 2762 657 2779 esse.
686 2751 742 2779 Nec
761 2751 812 2778 dici
831 2750 925 2783 solere,
945 2761 994 2777 nec
1013 2762 1094 2789 posse

256 2804 322 2821 0550.
360 2791 415 2820 Nee
438 2804 511 2823 esse.
531 2806 578 2821 nec
597 2796 694 2821 vocari.
732 2794 781 2821 Th.
802 2793 832 2821 C.
854 2793 883 2819 11.
910 2795 949 2819 12.
976 2804 997 2820 c.
1017 2796 1042 2821 3.
1061 2795 1094 2821 (10

256 2837 382 2873 cognitor.
406 2836 451 2863 xl.
479 2839 499 2862 l.
526 2848 546 2863 c.
571 2840 594 2864 5.
621 2838 654 2864 de
673 2847 766 2864 annon.
787 2842 812 2864 et
835 2836 923 2863 tribut.
943 2835 988 2863 XI.
1007 2838 1049 2863 30.
1070 2847 1091 2863 c.

1003 174 1077 205 ESS
1102 192 1141 199 —
1168 175 1249 206 ETI.

1146 259 1188 284 40.
1209 257 1242 283 de
1261 267 1320 294 app.
1342 262 1367 284 et
1386 267 1463 295 poen.
1503 257 1558 285 Lex
1585 258 1657 285 iubet
1681 269 1740 285 esse
1766 265 1814 287 etc.
1850 260 1920 297 Lege
1940 261 1990 288 lata

1123 304 1124 310 ¹
1145 300 1240 327 sactum
1261 305 1309 332 est,
1330 305 1357 326 ut
1378 306 1456 327 esset.
1487 300 1544 327 Gai.
1564 301 1607 328 111.
1630 303 1686 328 194.
1708 302 1737 328 fr.
1757 305 1781 329 2.
1802 303 1823 336 ξ.
1845 305 1884 330 16.
1904 304 1937 331 (10
1956 304 1990 331 Ο.

1145 343 1162 369 1.
1185 345 1207 370 1.
1227 345 1251 370 2.
1288 342 1440 375 Declarare,
1460 343 1647 375 Pronunciare,
1667 345 1847 378 Constituere,
1867 356 1927 373 esse
1941 352 1989 374 etc.

1146 385 1206 413 Gai.
1228 386 1246 413 1.
1267 388 1309 413 29.
1331 388 1369 413 72.
1392 386 1422 412 sr.
1443 388 1484 413 31.
1510 387 1532 420 ξ.
1554 389 1576 414 1.
1597 387 1629 414 de
1649 387 1735 415 Aedil.
1756 388 1834 415 edict.
1853 391 1895 416 21.
1916 392 1938 416 1.
1959 390 1989 417 fr.

1123 450 1124 459 .
1146 431 1187 455 88.
1207 439 1247 467 pr.
1268 429 1300 456 ad
1319 428 1349 455 L.
1370 428 1440 455 Falc.
1460 431 1501 455 35.
1521 432 1546 456 2.
1584 430 1636 463 Ius,
1657 430 1729 467 quod
1749 436 1796 457 est.
1818 431 1848 458 fr.
1870 434 1892 458 1.
1913 432 1989 460 (1011.

1145 472 1163 499 I.
1184 474 1225 499 50.
1247 474 1287 499 17.
1325 472 1374 498 Est
1398 477 1424 498 et
1449 471 1499 498 boc
1524 474 1617 509 (genus
1643 475 1843 507 excusationis.)
1864 474 1947 502 vatic.
1968 477 1989 510 §.

1145 518 1204 542 203.
1241 516 1276 542 Et
1294 515 1345 542 hoe
1365 520 1413 547 ost.
1435 515 1505 552 quod
1530 515 1608 552 vulgo
1629 516 1733 543 dicitur.
1757 517 1815 544 Gai.
1836 516 1865 543 ΙΙ.
1885 519 1926 544 61.
1948 517 1989 544 111.

1148 561 1204 585 141.
1242 559 1277 585 Et
1295 564 1358 585 tunc
1378 563 1427 587 051.
1449 559 1554 595 quoties
1574 564 1622 585 etc.
1643 559 1673 586 fr.
1695 562 1735 586 13.
1772 560 1824 595 Qu.
1844 565 1904 587 met.
1925 571 1945 587 0.
1966 562 1990 587 4.

1145 604 1169 628 2.
1190 602 1290 637 Quanti
1314 612 1342 628 ea
1368 611 1410 627 res
1435 605 1489 633 est,
1514 611 1538 628 v.
1564 603 1621 628 erit.
1659 602 1759 638 Quanti
1778 602 1805 629 id
1825 604 1851 629 in
1871 613 1902 629 eo
1921 613 1990 630 anno

1145 644 1253 682 plurimi
1271 644 1327 671 fuit.
1349 643 1406 670 Gai.
1418 643 1461 670 lV.
1481 646 1522 670 47.
1536 646 1576 671 51.
1598 644 1628 671 fr.
1647 647 1672 672 2.
1691 656 1730 683 pr.
1747 645 1777 672 sr.
1797 647 1839 673 21.
1859 656 1899 683 pr.
1913 646 1946 673 ad
1960 645 1990 672 L.

1146 688 1214 724 Aqu.
1235 689 1258 714 9.
1273 690 1297 714 2.
1314 703 1346 706 -
1361 687 1391 720 ἓ.
1408 688 1499 714 5.B.
1520 689 1692 721 convenit,
1712 690 1747 716 111
1766 695 1918 723 promptu
1936 696 1990 716 est.

1145 730 1188 757 III.
1209 731 1275 758 011.
1294 729 1401 763 Potest,
1421 745 1453 750 ψ
1474 736 1514 757 est
1533 732 1602 757 enim
1626 731 1704 758 huius
1725 733 1762 758 rei
1781 731 1932 769 exemplum
1952 742 1991 759 ca·

1145 783 1209 810 pere
1223 783 1255 799 ex
1275 773 1441 810 (rescripto.)
1462 774 1491 800 sr.
1514 776 1553 800 11.
1573 774 1595 808 §.
1614 776 1639 800 2.
1659 774 1691 801 ad
1711 774 1738 801 S.
1759 774 1790 802 C.
1811 774 1890 801 Treb.
1910 776 1952 802 36.
1968 777 1990 801 l.

1145 816 1196 843 Pro
1211 826 1261 853 qua
1281 818 1411 843 sententia
1431 821 1480 848 est,
1501 816 1572 853 qnod
1592 821 1640 843 ete.
1662 817 1692 844 l'r.
1710 819 1731 844 l.
1751 818 1773 851 §.
1789 820 1828 844 10.
1844 817 1876 844 de
1890 817 1989 855 postul.

1144 862 1168 886 3.
1192 861 1214 886 l.
1253 859 1289 886 Vt
1308 864 1349 885 est
1369 864 1417 886 etc.
1437 858 1510 886 Paul.
1531 859 1562 886 11.
1582 862 1623 886 23.
1645 861 1666 894 ξ.
1688 862 1711 886 l.

1178 902 1351 930 Esurire.
1389 904 1485 929 Fame
1501 905 1615 937 premi.
1641 903 1684 929 111.
1699 904 1765 931 Gn.
1784 903 1829 930 Nil
1848 909 1933 941 turpe,
1953 903 1990 930 nil

1144 947 1255 972 vetitum
1281 945 1364 972 credit
1388 947 1516 972 esuriens.
1554 946 1622 973 Nor.
1642 945 1746 973 Valent.
1766 946 1808 973 111.
1833 946 1866 973 (10
1888 951 1989 984 parent.

1145 999 1188 1025 qu.
1209 987 1246 1014 fil.
1267 987 1298 1014 II.
1317 989 1359 1015 33.
1380 998 1401 1015 e.
1419 990 1442 1015 1.

1141 1064 1144 1075 x
1178 1032 1288 1058 ESUS·
1326 1030 1444 1065 (Subst.)
1482 1033 1585 1058 Cibus.
1622 1031 1640 1058 1.
1665 1033 1728 1066 Sy.
1756 1031 1799 1058 Ad
1822 1031 1990 1069 epulandum,

1144 1074 1187 1100 Ad
1207 1083 1281 1100 esum
1301 1078 1326 1100 et
1344 1079 1445 1111 potum.
1471 1074 1502 1101 sr.
1524 1076 1563 1101 19.
1592 1075 1614 1108 §.
1636 1077 1676 1101 12.
1697 1074 1729 1101 de
1748 1085 1811 1101 auro
1831 1085 1883 1112 arg.
1903 1076 1945 1102 34.
1965 1077 1989 1101 2.

1145 1117 1220 1153 Quae
1240 1117 1296 1143 esui
1316 1122 1385 1143 sunt.
1414 1116 1565 1144 Esculenta.
1586 1117 1617 1144 cs.
1637 1128 1661 1144 v.
1680 1117 1849 1146 Esculentus.
1870 1118 1911 1145 ΠΙ.
1924 1119 1990 1146 (7η.

1145 1160 1221 1195 Quae
1245 1161 1300 1186 esui
1324 1161 1466 1197 potuique,
1492 1159 1627 1196 cultuique
1651 1162 1786 1198 corporis,
1812 1171 1931 1198 quaeque
1958 1160 1990 1187 ad

1144 1202 1286 1229 vivendum
1314 1202 1414 1229 homini
1442 1204 1590 1230 necessaria
1619 1208 1688 1230 sunt.
1719 1203 1749 1231 fi.
1777 1205 1818 1231 43.
1848 1204 1882 1231 de
1905 1203 1937 1231 V.
1962 1204 1989 1230 S.

1144 1248 1186 1272 50.
1207 1247 1247 1272 16.

1179 1290 1242 1316 Et.
1280 1288 1461 1323 (Coniunct.)
1498 1289 1530 1322 §0
1553 1290 1587 1316 l.
1625 1291 1742 1323 Atque,
1768 1291 1817 1316 Ac.
1854 1289 1896 1316 111.
1923 1290 1989 1317 Cn.

1145 1333 1274 1368 Quamvis
1293 1332 1363 1365 „Et“
1383 1331 1487 1368 syllaba
1507 1333 1719 1358 coniunctionem
1739 1331 1815 1358 saciat
1834 1337 1883 1359 etc.
1903 1331 1934 1359 sr.
1947 1333 1989 1359 66.

1144 1376 1177 1403 (10
1196 1375 1286 1402 hered.
1301 1376 1362 1402 inst.
1381 1376 1423 1402 28.
1438 1377 1462 1401 5.
1501 1374 1723 1401 coniunctionem
1743 1375 1831 1407 „Aust
1852 1385 1901 1412 pro
1921 1375 1990 1408 ,‚Et“

1146 1419 1241 1456 accipi,
1261 1423 1290 1445 ut
1308 1418 1430 1445 videatur
1449 1417 1601 1455 copulative
1620 1418 1699 1444 modo
1719 1428 1779 1444 esse
1797 1417 1909 1455 prolata.
1929 1428 1950 1444 c.
1965 1419 1989 1444 4.

1143 1463 1166 1497 §.
1195 1464 1218 1488 1.
1244 1461 1277 1488 de
1301 1460 1333 1488 V.
1359 1461 1387 1488 S.
1411 1462 1436 1487 6.
1459 1463 1502 1488 38.
1522 1476 1556 1480 ·-
1580 1461 1610 1494 §.
1630 1462 1666 1487 ².
1686 1463 1743 1493 Et,
1767 1470 1830 1498 pro:
1853 1462 1896 1488 Et
1920 1463 1989 1496 qui-

1142 1508 1220 1537 dem,
1242 1506 1384 1532 Scilicet.
1407 1503 1450 1530 III.
1464 1505 1530 1532 Gn.
1550 1504 1585 1530 Et
1604 1504 1761 1540 generaliter
1779 1508 1874 1531 autem.
1894 1503 1925 1531 fr.
1948 1505 1988 1530 16.

1141 1549 1162 1582 §.
1183 1550 1207 1575 2.
1227 1547 1260 1573 ad
1279 1546 1306 1574 S.
1327 1546 1358 1574 C.
1384 1546 1464 1574 Treb.
1490 1548 1532 1573 36.
1558 1549 1581 1573 l.
1619 1547 1653 1573 Et
1677 1548 1768 1584 utique
1793 1551 1872 1574 recte.
1892 1546 1923 1573 fr.
1945 1548 1987 1573 46.

1142 1592 1164 1626 §.
1185 1593 1207 1618 7.
1228 1590 1261 1617 (10
1279 1600 1384 1627 procur.
1403 1592 1428 1617 3.
1451 1591 1476 1616 3.
1514 1589 1621 1616 Pactum
1647 1594 1732 1616 autem
1751 1601 1764 1616 a
1784 1590 1906 1627 pactione
1925 1589 1989 1616 dici-

1141 1640 1192 1661 tur.
1217 1649 1250 1653 -—-
1274 1633 1309 1659 Et
1332 1638 1374 1659 est
1396 1634 1484 1670 pactio
1506 1637 1555 1659 etc.
1576 1632 1606 1659 fr.
1628 1635 1650 1659 1.
1675 1633 1697 1666 ξ.
1719 1634 1741 1659 l.
1761 1633 1795 1659 de
1813 1637 1881 1670 pact.
1900 1634 1925 1659 2.
1947 1633 1987 1659 14.

1141 1678 1164 1704 A
1187 1678 1340 1713 magistratu
1365 1680 1497 1707 retentus,
1524 1680 1551 1702 et
1574 1680 1693 1702 retentus
1717 1676 1775 1702 sine
1795 1675 1819 1702 d.
1839 1686 1872 1702 m.
1893 1676 1987 1712 ipsius.

1143 1721 1174 1747 fr.
1190 1722 1215 1746 2.
1235 1720 1256 1753 ξ.
1276 1721 1300 1745 9.
1321 1719 1343 1744 si
1364 1729 1407 1755 qu.
1429 1723 1508 1745 cautt.
1528 1720 1552 1745 2.
1573 1720 1613 1744 ll.
1652 1718 1733 1754 Quod
1747 1718 1813 1746 clam
1832 1723 1858 1745 et
1872 1718 1987 1745 obscuro

1141 1764 1195 1795 liat,
1215 1767 1241 1789 et
1259 1761 1415 1799 plerumque
1434 1766 1520 1787 nocte.
1546 1761 1575 1787 sr.
1598 1763 1620 1787 1.
1645 1771 1684 1798 pr.
1709 1761 1741 1788 de
1766 1761 1826 1788 furt.
1847 1762 1888 1788 47.
1908 1763 1933 1788 2.
1953 1775 1987 1780 -

1142 1807 1173 1840 §.
1193 1807 1230 1833 ³.
1256 1807 1312 1837 Et,
1337 1814 1399 1842 pro:
1426 1806 1491 1831 Sed.
1529 1804 1571 1830 111.
1597 1805 1664 1832 Cn.
1688 1804 1788 1831 Romae
1811 1814 1840 1831 so
1859 1803 1988 1831 satisdare

1142 1860 1195 1876 non
1213 1858 1307 1886 posse,
1332 1852 1358 1874 et
1381 1847 1418 1874 ibi
1443 1857 1524 1884 posse
1544 1857 1596 1883 quo
1616 1847 1748 1884 (postulat
1767 1848 1887 1880 remitti.)
1912 1847 1942 1874 fr.
1962 1848 1986 1873 8.

1141 1894 1163 1927 §.
1183 1894 1208 1918 5.
1246 1892 1298 1927 Qu.
1318 1890 1411 1917 satisd.
1431 1900 1487 1926 cog.
1507 1892 1531 1916 2.
1547 1892 1571 1916 8.
1583 1906 1615 1910 —
1627 1891 1658 1923 ξ.
1671 1892 1710 1917 4.
1724 1892 1780 1923 Et,
1799 1901 1862 1928 pro:
1878 1891 1986 1923 Quam.

1141 1935 1183 1962 III.
1199 1936 1265 1963 Cn.
1285 1934 1353 1970 Quia
1368 1943 1420 1960 non
1441 1938 1492 1959 tam
1512 1933 1631 1960 solemne
1651 1938 1691 1959 est
1704 1944 1827 1964 annuum,
1846 1932 1918 1970 quod
1936 1942 1986 1959 ma-

1141 1979 1208 2005 ritus
1228 1978 1304 2005 uxori
1323 1976 1431 2014 pendit,
1457 1981 1483 2003 et
1507 1976 1578 2013 quod
1602 1986 1669 2003 uxor
1690 1977 1783 2003 marito
1802 1980 1926 2013 praestat.
1954 1975 1985 2002 fr.

1140 2023 1182 2049 33.
1202 2022 1224 2055 §.
1246 2023 1268 2047 1.
1297 2020 1330 2047 de
1353 2019 1414 2046 don.
1438 2020 1484 2046 int.
1504 2019 1536 2045 V.
1561 2020 1602 2045 24.
1629 2021 1651 2045 1.
1672 2035 1704 2038 -
1725 2019 1756 2052 ξ.
1781 2020 1818 2045 5.
1842 2020 1898 2050 Et,
1922 2028 1982 2055 pro:

1141 2066 1259 2091 Etiam.
1297 2062 1316 2089 1.
1329 2064 1391 2097 Sy.
1412 2062 1506 2094 Etiam,
1527 2061 1586 2088 Vel.
1607 2061 1637 2087 fr.
1658 2062 1716 2087 162.
1735 2071 1774 2097 pr.
1795 2061 1816 2095 §.
1833 2063 1855 2088 1.
1875 2061 1906 2087 fr.
1927 2063 1983 2088 163.

1140 2117 1179 2145 pr.
1199 2106 1232 2133 (10
1250 2105 1282 2132 V.
1303 2105 1330 2132 S.
1350 2107 1392 2131 50.
1413 2107 1453 2131 16.
1491 2104 1534 2131 111.
1559 2106 1625 2132 On.
1645 2103 1682 2130 Si.
1703 2119 1735 2123 -
1755 2102 1815 2130 Non
1835 2109 1861 2130 et
1880 2105 1910 2130 si.
1924 2104 1946 2138 §.
1960 2106 1984 2130 4.

1140 2151 1159 2177 1.
1182 2150 1214 2176 de
1233 2149 1310 2185 legat.
1329 2151 1353 2175 2.
1373 2150 1415 2174 20.
1453 2147 1490 2174 Vt
1513 2153 1539 2174 et
1562 2152 1602 2174 est
1621 2148 1786 2184 rescriptum.
1806 2146 1837 2172 fr.
1859 2148 1898 2173 16.
1918 2147 1940 2180 §.
1959 2148 1984 2173 2.

1141 2193 1193 2229 Qu.
1213 2196 1274 2218 met.
1295 2202 1316 2218 c.
1336 2193 1360 2218 4.
1380 2194 1405 2218 2.
1441 2191 1476 2218 Et
1495 2191 1691 2227 exceptionem,
1711 2188 1841 2215 interdum
1862 2194 1887 2215 et
1906 2189 1985 2216 actio-

1140 2246 1200 2263 nem
1218 2239 1376 2272 competere.
1398 2234 1427 2261 sr.
1448 2236 1472 2261 9.
1492 2235 1514 2268 ξ.
1527 2236 1551 2260 3.
1570 2233 1604 2260 ib.
1619 2234 1642 2259 4.
1656 2235 1680 2259 2.
1719 2232 1779 2267 Qus
1787 2233 1891 2268 utrique
1904 2231 1983 2259 Coss.

1141 2279 1253 2310 fuerunt,
1274 2278 1371 2305 Celsus
1392 2277 1498 2314 quidem
1518 2283 1543 2304 et
1566 2278 1669 2303 iterum.
1696 2275 1726 2301 fr.
1745 2277 1769 2300 2.
1794 2275 1815 2308 ξ.
1835 2277 1877 2302 47.
1897 2275 1930 2302 de
1949 2274 1982 2301 Ο.

1140 2323 1158 2349 1.
1179 2325 1202 2349 l.
1221 2325 1246 2350 2.
1282 2321 1451 2348 Audiendum
1470 2331 1528 2347 eum
1548 2330 1621 2351 esse,
1642 2320 1676 2345 ita
1698 2323 1781 2344 tamen
1802 2323 1828 2344 et
1847 2319 1869 2344 si
1890 2317 1934 2352 [al.
1955 2323 1984 2345 ut

1141 2366 1176 2398 si,
1196 2376 1220 2392 v.
1239 2365 1278 2399 si]
1303 2364 1489 2391 satisdationes
1513 2363 1614 2389 offerat.
1639 2362 1669 2388 fr.
1692 2363 1730 2387 10.
1751 2371 1789 2398 pr.
1811 2360 1844 2387 de
1862 2361 1981 2388 fideiuss.

1140 2410 1181 2435 46.
1208 2410 1230 2435 1.

1175 2450 1342 2478 Etenim.
1379 2448 1556 2483 (Coniunct.)
1594 2449 1697 2475 Enim.
1735 2446 1777 2473 111.
1809 2448 1875 2474 Cn.
1912 2446 1982 2473 San«¹

1141 2504 1193 2521 non
1213 2503 1312 2525 omnes,
1324 2491 1397 2518 —hi
1416 2491 1511 2517 etenim
1532 2495 1581 2517 etr.
1602 2490 1633 2516 fr.
1649 2492 1670 2516 1.
1686 2490 1707 2523 ξ.
1721 2492 1745 2516 2.
1767 2489 1799 2515 (10.
1813 2490 1856 2515 oll'.
1871 2490 1980 2525 Quaest.

1142 2539 1164 2563 l.
1186 2538 1225 2563 13.
1263 2535 1306 2562 1us
1326 2533 1443 2561 naturale.
1462 2538 1511 2563 est.
1532 2533 1602 2569 quod
1623 2538 1671 2559 etc.
1692 2548 1724 2552 —-
1743 2532 1863 2559 videmus
1885 2533 1980 2559 etenim

1140 2585 1189 2606 cte.
1211 2579 1241 2606 fr.
1262 2581 1285 2605 1.
1306 2578 1327 2611 §.
1347 2578 1372 2603 3.
1392 2576 1423 2602 cf.
1443 2577 1465 2610 §.
1484 2578 1508 2602 2.
1529 2576 1562 2602 (10
1581 2576 1598 2602 1.
1619 2581 1645 2602 et
1663 2575 1682 2602 I.
1703 2577 1725 2602 l.
1746 2575 1769 2601 I.

1174 2622 1315 2649 Etiam.
1353 2620 1384 2652 ξ.
1405 2620 1440 2645 l·
1480 2621 1625 2654 Quoque,
1650 2621 1737 2646 Item.
1774 2617 1817 2645 ΠΙ.
1844 2619 1910 2646 Gn.
1938 2617 1978 2643 An

1140 2666 1216 2691 etiam
1235 2663 1267 2690 ad
1280 2662 1402 2689 heredem
1421 2662 1485 2688 haec
1503 2672 1588 2699 poi-na
1601 2661 1808 2688 transmittatur?
1826 2661 1862 2687 Et
1878 2659 1979 2692 scribit,

1139 2718 1192 2734 non
1219 2706 1305 2733 solum
1330 2706 1381 2743 ipsi
1405 2705 1526 2741 denegari
1551 2705 1692 2736 actionem,
1717 2703 1765 2730 sed
1789 2704 1865 2730 etiam
1888 2702 1978 2729 heredi

1139 2751 1203 2777 eius.
1223 2749 1254 2776 fr.
1273 2750 1298 2776 3.
1318 2749 1340 2783 §.
1360 2750 1384 2775 5.
1405 2748 1456 2784 Qu.
1477 2749 1564 2784 quisq.
1584 2748 1631 2774 iur.
1650 2749 1674 2773 2.
1694 2749 1719 2773 2.
1756 2745 1816 2773 Non
1834 2745 1928 2777 solum,
1945 2759 1977 2764 —-

1138 2802 1228 2819 verum
1247 2792 1324 2817 etiam
1344 2802 1449 2828 quoque
1469 2796 1518 2817 etc.
1542 2790 1572 2817 l'r.
1594 2791 1615 2816 l.
1642 2789 1663 2823 §.
1686 2791 1707 2815 1.
1732 2789 1765 2815 de
1788 2788 1806 2815 I.
1827 2793 1852 2815 et
1870 2787 1888 2814 I.
1910 2789 1932 2814 l.
1953 2789 1975 2814 l.

1139 2834 1219 2872 Quod
1238 2835 1322 2871 prima
1346 2839 1420 2871 parte
1438 2833 1601 2863 testamenti.
1626 2842 1655 2859 ac
1673 2841 1726 2859 non
1745 2832 1821 2858 etiam
1840 2830 1910 2866 quod
1929 2840 1974 2867 po-
