2197 3121
283 185 343 216 192

280 265 637 334 5.4.111.('n.le-is
662 270 739 302 atque
764 264 874 291 feminae
899 265 1058 291 coniunctio.
1079 263 1152 298 [al.

628 307 824 334 3(111.811.
853 309 920 334 ll
949 308 978 334 11.
1000 307 1126 334 1.deR.

311 376 314 379 .
335 354 376 379 23.
390 355 414 378 2.
453 351 577 378 filiatam.
599 352 672 377 ruins
693 351 871 377 coniunctioni
886 350 1020 388 patei-sam.
1035 355 1127 387 postca

708 393 737 420 sr.
760 396 798 420 13.
824 394 845 428 5.
866 396 890 420 6.
915 393 947 420 ad
971 393 1000 420 L.
1021 393 1068 420 lul.
1095 393 1127 419 de

640 459 645 462 .
667 436 699 463 (1(-
718 442 788 463 statu
808 437 876 463 hom.
900 439 921 463 1.
941 438 964 462 5.
1003 436 1031 462 Si
1051 446 1126 463 serva

280 310 456 345 cvniugatim]
487 309 560 335 11..
602 331 607 334 .
627 310 650 334 3.

282 396 424 422 consensit.
446 394 494 428 [al.
515 394 672 427 com-essin]

282 438 364 465 adult.
385 440 426 463 45.
446 440 469 463 5.
500 436 531 463 cs.
553 436 583 462 fr.
607 438 634 462 ll

282 492 360 507 servo
386 481 461 517 qnasi
486 479 573 505 dotem
598 479 712 506 dederit.
738 479 833 506 deinde
857 484 994 506 constante
1021 480 1127 506 coniun-

282 526 369 551 ctione
389 523 421 549 ad
442 522 589 549 libertatem
614 522 690 549 ambo
715 524 889 560 pervenerint.
919 522 949 549 fr.
968 524 1011 549 39.
1031 532 1070 560 pr.
1095 522 1127 549 de

283 569 339 594 iure
360 566 414 593 dot.
434 567 476 591 23.
496 567 519 591 3.
556 564 680 592 Liberum
700 566 830 592 Caesaris.
852 571 903 592 tam
922 566 1128 592 manumissione

283 620 361 647 quam
376 609 505 635 beneficio
520 610 714 635 coniunctionis
729 610 844 635 emotae.
869 608 911 635 Fr.
926 608 958 635 de
973 608 990 634 1.
1005 608 1033 634 F.
1053 609 1075 642 5.
1089 610 1127 634 12.

284 670 315 673 -
337 654 366 686 §-
388 653 424 679 3.
456 653 584 678 Coniux
602 654 676 686 ipse.
714 652 732 678 1.
753 653 814 686 Sy.
844 651 925 678 Yxor.
955 651 1005 678 Th.
1027 651 1057 678 C.
1073 650 1127 677 Vll.

287 698 325 722 14.
349 705 369 721 c.
392 696 413 720 l.
437 693 471 720 de
490 694 593 730 borgar.
625 694 691 721 wll.
712 698 735 721 5.
757 706 777 721 r.
797 697 838 721 58.
864 694 897 721 (18
916 704 994 721 cursu
1014 694 1076 732 pub.
1096 710 1128 714 ——

282 740 314 772 ξ.
347 739 386 764 4.
425 738 504 764 1ΐήἑο
528 740 673 772 plurium
703 740 793 765 cirea
821 740 948 764 eandem
976 748 1053 773 rem,
1084 740 1131 764 rel

283 784 375 808 circa
407 782 601 807 continuum
633 783 798 807 orationis
828 790 963 808 cursum.
1019 780 1036 807 1.
1067 782 1129 815 Sy.

284 823 452 861 Complexus
472 823 623 856 (nominum
643 829 666 849 et
687 825 749 856 rei).
788 824 948 851 Coniunctis)
971 824 1011 856 (re
1031 829 1055 850 et
1074 834 1130 850 ver·

282 868 352 901 bis).
383 866 413 893 fr.
435 867 493 892 142.
518 866 550 892 de
571 865 601 891 V.
622 866 649 893 S.
674 869 715 893 50.
737 868 776 893 16.
819 868 895 902 Quae
919 867 1130 893 coniunctionem

283 910 378 937 habet.

284 954 394 980 iunctim
414 952 529 988 scriptos
549 962 608 977 esse
627 951 782 985 (heredes).

467 996 523 1021 142.
544 994 561 1020 1.
598 994 640 1021 111.
656 996 722 1023 (711.
743 995 964 1022 coniunctionem
984 996 1046 1022 facit
1065 996 1131 1032 (syl—

825 952 1046 979 Coniunctionem
1071 964 1131 979 con-

284 999 393 1033 tingere.
414 996 444 1022 fr.

284 1083 449 1110 testamentis
470 1082 510 1107 ius
530 1081 724 1108 coniunctionis
745 1092 797 1108 non
814 1083 949 1118 contingit.
970 1082 1000 1109 fr.
1017 1084 1055 1108 16.
1077 1082 1129 1118 Qu.

285 1126 353 1153 mod.
380 1124 462 1152 ususs.
488 1126 511 1151 7.
536 1126 560 1150 4.

286 1168 442 1205 iungendam
462 1167 652 1194 conditionem.
672 1167 719 1194 sed
739 1167 771 1194 ad
790 1168 1012 1195 necessitudinem
1026 1169 1131 1195 demon-

284 1211 419 1238 strandam
442 1211 583 1247 pertinere.
612 1209 642 1236 fr.
662 1212 703 1237 81.
723 1220 762 1248 pr.
790 1211 822 1237 de
847 1211 923 1238 cond.
949 1217 973 1238 81
997 1211 1064 1239 dem.
1087 1214 1129 1238 35.

288 1257 311 1281 1.
331 1270 364 1274 ——
383 1254 415 1287 §.
436 1255 460 1280 5

287 1299 412 1324 tentiae
431 1299 614 1331 coniungit.
651 1295 671 1322 Ι.
691 1298 752 1331 Sy.
781 1296 890 1333 Syllaba
911 1298 971 1331 (81).
991 1297 1022 1324 fr.
1037 1299 1078 1324 66.
1099 1297 1131 1324 (18

286 1340 376 1367 hered.
398 1341 458 1366 inst.
477 1342 519 1365 28.
540 1341 563 1365 5.
584 1350 605 1365 c.
625 1341 648 1365 4.
669 1339 690 1373 5.
712 1341 734 1366 l.
755 1339 788 1366 de
807 1339 838 1366 V.
859 1339 886 1367 S.
906 1341 930 1366 6.
949 1341 991 1367 38.

322 1383 606 1411 Coniunctivus.
627 1382 756 1416 (Adiect.)
787 1384 1055 1410 Coniunctionem
1073 1394 1132 1418 pa·
1152 1378 1154 1415 1

285 1436 372 1453 rans.
409 1425 440 1451 11.
461 1427 528 1459 Op.
557 1425 741 1451 Disiunctivus
761 1426 889 1459 (modus).
910 1436 931 1452 c.
953 1427 975 1452 l.
995 1426 1017 1460 5.
1039 1428 1079 1452 10.
1099 1426 1132 1453 dc
1152 1420 1154 1440 ¹¹

287 1469 376 1497 caduc.
398 1468 454 1494 toll.
474 1470 498 1494 6.
513 1469 553 1494 51.
574 1467 604 1494 fr.
619 1469 735 1502 78.5.1.
757 1468 790 1495 dc
804 1468 881 1495 cond.
902 1473 927 1495 et
947 1468 1013 1495 dem.
1033 1471 1074 1496 35.
1090 1471 1114 1496 l.

324 1512 570 1540 Coniunctus.
600 1510 717 1544 (Subst.)
755 1513 965 1539 Coniunctio.
1002 1511 1046 1538 III.
1065 1511 1154 1540 (ln-¹

286 1555 316 1582 Si
336 1571 368 1574 —
388 1555 413 1581 in
434 1564 483 1580 usu
503 1570 535 1574 —
555 1564 742 1590 nonnunquam
761 1554 866 1580 fuerunt
887 1554 1079 1588 (sc.balneae)‚
1099 1571 1131 1575 —

287 1603 313 1624 et
333 1607 384 1624 uno
404 1598 490 1634 pretio
511 1602 682 1634 comparatae.
702 1597 744 1623 vel
764 1598 908 1624 instructae
921 1599 1052 1624 communi
1073 1608 1133 1624 con·

287 1642 377 1668 iunctn
397 1640 442 1674 [al.
462 1641 635 1666 communiter
648 1640 814 1673 coniunctae]
828 1639 950 1666 fuissent.
970 1640 1001 1667 fr.
1015 1643 1056 1668 91.
1070 1641 1093 1675 5.
1107 1643 1130 1668 4.

286 1684 320 1711 de
339 1684 415 1720 legat.
435 1682 478 1709 111.
498 1683 574 1716 (32.)

325 1727 570 1755 Coniunctus.
590 1725 711 1759 (partic.)
739 1727 770 1760 ᾖ.
785 1727 819 1753 l.
840 1728 1034 1759 Colzaerens,
1055 1729 1132 1754 Con-

287 1773 409 1806 tiguus.
447 1768 465 1795 1.
486 1770 548 1803 Sy.
576 1768 679 1800 Iuncta.
700 1768 841 1801 connexa,
862 1770 1011 1796 Coniuncta
1031 1770 1132 1804 (aediti-

288 1815 336 1840 ciis
355 1812 470 1846 alienis).
490 1812 520 1838 fr.
540 1814 581 1838 59.
602 1811 634 1838 de
654 1811 684 1838 11.
705 1811 736 1838 Υ,
757 1813 780 1838 6.
803 1815 824 1839 1.
850 1812 880 1839 fr.
895 1814 936 1840 63.
957 1813 990 1840 de.
1009 1813 1069 1840 don.
1085 1814 1131 1840 int.

287 1855 320 1882 V.
339 1858 381 1882 24.
398 1857 419 1881 l.
457 1854 617 1885 Adhaerere,
636 1854 771 1881 Sociatum
785 1855 933 1888 cohaerere,
954 1856 1132 1883 Coniunctum
1153 1851 1154 1854 ¹

289 1909 349 1926 esse
368 1898 483 1931 (horreis
502 1897 587 1934 pub.).
617 1896 667 1924 Th.
689 1898 719 1924 C.
739 1897 797 1924 ΧΥ.
819 1900 841 1925 1.
863 1909 884 1925 c.
903 1901 927 1925 4.
948 1910 968 1925 c.
982 1901 1024 1926 38.
1040 1910 1079 1936 sq.
1100 1900 1132 1926 de
1153 1910 1155 1919 1

289 1952 352 1979 opp.
371 1941 434 1979 pub.
471 1940 513 1966 111.
534 1942 599 1968 Cn.
629 1940 658 1966 Si
683 1941 742 1977 quis
768 1940 857 1977 digitis
876 1943 1024 1969 coniunctis
1045 1953 1133 1970 nasca-

288 1990 340 2012 tur.
369 1985 400 2011 1'r.
421 1986 461 2010 14.
486 1984 508 2017 5.
528 1985 551 2009 6.
577 1983 610 2009 de
628 1982 693 2009 Aed.
714 1982 792 2009 edict.
818 1985 859 2009 2l.
881 1986 903 2010 1.
941 1984 999 2011 Nsi
1019 1986 1052 2012 ita
1073 1996 1133 2012 con·
1154 1981 1155 1993 ¹

289 2029 394 2055 iunctae
412 2027 600 2065 possessiones
619 2027 681 2052 sint.
702 2030 727 2052 et
740 2027 884 2063 permixtae
898 2029 1023 2064 propriis,
1044 2033 1071 2054 ut
1088 2030 1133 2055 im-

289 2070 446 2109 possibiiem
474 2071 666 2107 separationem
697 2068 839 2095 efficmiut.
874 2070 903 2096 tr.
932 2072 954 2096 1.
984 2071 1005 2104 5.
1032 2072 1071 2097 12.
1101 2071 1133 2098 de

289 2119 401 2151 separat.
421 2115 462 2139 42.
482 2114 506 2139 6.
543 2112 648 2144 Litora
677 2122 743 2148 quae.
768 2112 848 2138 fundo
869 2113 975 2139 xendito
995 2115 1133 2141 coniuncta
1155 2125 1156 2140 1

290 2162 360 2183 sunt.
389 2157 419 2183 fr
439 2158 480 2182 51.
501 2155 533 2182 de
553 2160 635 2182 contr.
655 2159 715 2181 emt.
737 2157 776 2181 18.
798 2157 820 2181 1.
850 2155 881 2182 cf.
901 2156 1156 2191 1’·1.1.ξ,12.(181

291 2199 325 2226 O.
345 2198 376 2225 N.
397 2198 429 2225 N.
447 2200 490 2225 39.
511 2201 586 2225 1.-
606 2199 637 2231 §-
657 2200 692 2225 ἓ.
723 2199 918 2232 copulatus,
939 2201 1133 2227 Continuus.
1154 2201 1156 2228 ἔ

291 2242 322 2268 11.
343 2244 410 2276 Op.
439 2242 599 2273 Coniuncta,
621 2257 652 2260 —
673 2241 825 2268 Disiuncta.
851 2243 965 2275 (oratio,
985 2252 1005 2268 s.
1026 2243 1133 2276 verba).

293 2285 323 2311 fr.
343 2286 385 2310 28.
407 2285 472 2318 5.1.
493 2284 523 2310 fr.
543 2286 584 2311 53.
604 2294 643 2321 pr.
664 2283 697 2310 de
717 2282 747 2310 V.
767 2284 795 2310 S.
815 2285 857 2310 50.
877 2286 917 2310 16.
943 2284 973 2311 1“1·,
996 2286 1052 2312 110.
1073 2285 1095 2319 5.
1109 2287 1133 2312 3.
1154 2284 1156 2310 1

292 2326 375 2353 (1811.
396 2326 414 2352 1.
439 2329 479 2352 50.
502 2329 540 2353 17.
579 2327 712 2364 separata.
743 2326 772 2353 fr.
793 2328 834 2353 53.
859 2337 898 2364 pr.
924 2327 940 2354 l.
965 2330 1007 2354 50.
1029 2330 1068 2354 16.
1101 2344 1133 2348 -
1155 2314 1157 2331 ι

293 2371 323 2403 §-
344 2371 381 2396 3.
407 2371 443 2397 111.
462 2372 590 2396 eandem
609 2380 668 2396 rem
689 2380 754 2396 eum
775 2372 856 2396 aliis
876 2377 1019 2397 vocatus.
1040 2371 1058 2397 1.
1073 2372 1134 2405 Sy.

293 2413 464 2439 Coniunctim
483 2413 575 2449 scripti
595 2412 750 2445 (heredes).
793 2413 822 2439 Si
849 2414 1008 2439 coniunctim
1027 2413 1134 2440 relictus

293 2456 390 2488 (ususs.
410 2466 446 2482 sc.
469 2455 638 2487 fructuariis).
677 2455 827 2482 Coniuncti.
856 2456 886 2482 sr.
903 2458 924 2482 1.
944 2466 983 2493 pr.
1003 2456 1041 2490 55.
1054 2459 1078 2482 2.
1095 2466 1134 2493 sq.
1157 2477 1158 2488 ,

294 2498 327 2525 de
346 2498 414 2525 usus.
435 2498 504 2525 adcr.
525 2500 548 2524 7.
568 2500 592 2524 2.
617 2498 647 2523 fr.
667 2499 707 2523 59.
727 2499 750 2531 5
769 2501 793 2525 3.
813 2499 899 2525 1’1·.63.
919 2499 952 2525 dc
972 2499 1060 2525 hered.
1074 2500 1134 2525 inst.

293 2544 335 2567 28.
356 2544 379 2567 5.
417 2541 447 2567 11.
470 2542 537 2575 Op.
562 2540 691 2577 separati.
712 2541 853 2568 Disiuncti.
873 2541 1006 2575 (heredes.
1025 2552 1050 2568 v.
1070 2542 1136 2579 lega·
1156 2539 1158 2555 ¹

296 2585 378 2616 larii).
409 2583 439 2610 fr.
458 2585 499 2610 63.
525 2583 542 2610 1.
565 2586 608 2610 28.
627 2585 650 2609 5.
681 2583 711 2609 fr.
730 2586 772 2610 34.
797 2595 836 2621 pr.
861 2585 894 2612 de
918 2585 994 2621 legat.
1017 2585 1036 2611 1.
1060 2586 1136 2618 (30.)

296 2625 338 2651 111.
358 2627 423 2653 (Ἶι.
448 2625 484 2653 Vt
504 2626 687 2663 collegatarius
702 2627 865 2655 coniunctus.
885 2629 908 2654 si
921 2628 1021 2655 liberos
1035 2627 1136 2658 habeat.
1157 2622 1159 2634 '

294 2669 384 2704 potior
404 2670 438 2694 sit
458 2669 608 2696 heredibus.
638 2669 695 2696 Gai.
715 2668 744 2695 11.
763 2671 822 2695 207.
859 2670 911 2703 lus,
932 2671 1003 2707 quod
1022 2670 1079 2707 lege
1093 2670 1138 2697 Pa·
1158 2674 1159 2679 ¹

296 2711 338 2747 pia
354 2712 500 2738 coniunctis
515 2713 692 2739 constituitur.
711 2712 748 2739 lb.
762 2714 822 2738 208.
848 2714 981 2748 Quantum
996 2713 1028 2740 ad
1041 2715 1082 2740 ius
1096 2713 1137 2740 ad-

297 2753 446 2785 crescendi.
476 2764 527 2780 non
557 2760 618 2781 sunt
644 2756 790 2786 coniuncti,
819 2757 862 2791 qui
887 2757 944 2781 sine
967 2761 1041 2793 parte
1065 2757 1137 2782 iusti·
1158 2768 1159 2776 ¹

297 2800 413 2822 tuuntur.
443 2796 473 2822 1“1·.
495 2798 532 2822 17.
554 2798 618 2831 5.1.
645 2798 677 2825 de
697 2798 785 2825 hercd.
805 2799 866 2824 inst.
885 2800 926 2824 28.
947 2801 970 2824 5.
1007 2798 1078 2826 llos.
1102 2804 1137 2825 ta-

297 2839 372 2865 metsi
388 2848 439 2864 nou
454 2839 550 2865 verbis.
571 2851 598 2866 re
613 2845 698 2867 tamen
712 2842 867 2868 coniunctos
885 2840 976 2867 videri.
998 2841 1026 2867 fr.
1041 2843 1065 2867 3.
1079 2842 1101 2875 5.
1115 2844 1136 2867 1.

398 909 545 936 Coniuncta
566 910 684 941 (oratio).
704 910 734 936 fr.
749 911 790 936 28.
805 910 826 944 5.
843 912 865 936 1.
885 910 919 936 ib.
934 912 976 936 50.
992 911 1031 936 16.
1061 910 1131 937 Con-
1175 910 1249 935 cuius
1268 909 1368 945 nuptiis
1394 908 1417 934 ei
1441 908 1611 935 interdictum
1634 910 1677 935 sit.
1707 908 1738 935 sr.
1759 910 1799 935 10.
1819 919 1859 946 pr.
1883 909 1916 936 de
1941 909 2017 936 cond.

1095 181 1197 213 CON.

1150 264 1226 305 Qu.
1246 263 1315 291 mod.
1336 263 1419 291 ususs.
1439 266 1462 291 7.
1482 266 1506 292 4.
1526 265 1558 292 fr.
1574 266 1616 292 89.
1637 265 1758 303 delegat.
1773 267 1816 294 ΠΙ.
1835 268 1904 302 (32.)
1922 267 2016 295 Vtrum

1150 307 1290 344 utrique,
1311 306 1353 333 vel
1373 306 1449 333 alteri
1469 318 1500 335 ex
1519 308 1574 341 his,
1595 309 1639 345 qui
1659 309 1711 336 sibi
1730 310 1756 336 in
1775 310 1861 346 legato
1881 312 2016 338 coniuncti

1172 355 1274 382 essent,
1303 349 1454 386 relinquere
1481 355 1582 387 partem
1606 362 1680 378 suam
1703 351 1828 379 deberet?
1863 352 1894 380 fr.
1913 356 1955 381 94.
1980 354 2015 381 ib.

1172 393 1239 425 (32.)
1267 391 1340 419 Paul.
1360 392 1402 419 III.
1423 394 1447 419 6.
1469 393 1491 427 5.
1513 395 1552 420 14.
1584 410 1617 414 —
1648 395 1679 428 ἕ.
1701 397 1740 422 4.
1774 397 2016 431 Propinquita-

1171 437 1231 467 κίε,
1251 437 1300 462 vel
1317 438 1538 469 matrimonii,
1557 444 1615 464 aut
1629 436 1901 474 familiaritati}
1920 446 2017 474 alque

1171 480 1322 514 adfectae
1346 480 1479 505 vinculo
1498 482 1679 513 copulatus.
1716 480 1747 506 II.
1770 482 1837 515 Op.
1858 480 2016 511 Coniuncta.

1172 536 1204 540 —-
1223 520 1355 547 Exti-anea
1381 522 1537 558 (persona).
1573 522 1623 550 Th.
1648 523 1679 550 C.
1699 522 1744 549 IV.
1773 525 1796 549 5.
1822 534 1844 550 c.
1866 526 1888 550 1.
1914 535 1955 562 pr.
1984 524 2017 551 de

1173 563 1237 600 litig.
1275 562 1335 590 Non
1353 574 1447 595 amare,
1467 574 1516 590 nee
1535 569 1665 602 tamquam
1679 567 1748 592 inter
1760 566 1872 593 infestos
1893 568 2017 601 (tractan-

1173 606 1235 633 dum
1254 607 1316 639 est),
1336 607 1383 633 scd
1403 612 1431 634 ut
1450 608 1519 634 inter
1539 609 1694 636 coniunctos
1714 610 1828 635 maximo
1847 609 1958 637 adh-ctu.
1985 610 2016 637 fr.

1172 652 1214 676 28.
1234 649 1256 683 5.
1275 651 1300 675 2.
1321 649 1353 675 (18
1372 649 1432 677 don.
1453 651 1499 676 int.
1520 650 1552 677 V.
1570 652 1613 678 24.
1634 653 1657 678 l.
1694 651 1736 678 III.
1752 652 1818 679 Cn.
1842 651 2014 680 Necessariae

1173 693 1458 730 coniunctissimaeque
1481 703 1618 730 personae.
1657 694 1707 721 Th.
1733 694 1764 721 C.
1790 693 1858 721 Ylll.
1884 697 1925 722 12.
1951 706 1972 722 c.
1991 698 2016 722 5.

1174 736 1206 762 de
1230 735 1363 762 donation.
1402 735 1467 762 Tam
1491 736 1647 762 coniunctus
1673 738 1794 773 sanguini
1817 736 1936 765 defuncti
1961 739 2016 772 (se.

1173 779 1310 816 proximus
1341 779 1493 814 cognatus).
1530 778 1561 805 sr.
1588 780 1612 805 9.
1637 779 1659 813 5.
1686 781 1709 806 l.
1737 780 1807 807 unde
1831 791 1905 817 cogn.
1929 782 1972 808 38.
1993 784 2017 808 8.

1174 823 1282 849 Amicos
1301 821 1435 859 adpellare
1454 821 1589 853 debemus.
1609 832 1663 848 non
1677 822 1729 849 levi
1742 825 1836 850 notitia
1851 825 2018 851 coniunctos.

1175 866 1205 892 fr.
1224 867 1284 891 223.
1309 865 1331 898 5.
1354 866 1375 891 l.
1401 864 1434 891 (18
1453 863 1485 891 Υ.
1505 864 1533 891 S.
1557 867 1599 892 50.
1625 867 1666 892 16.
1707 865 1737 892 Si
1761 867 1785 892 ei
1810 868 1949 893 coniuncta
1974 868 2018 899 sit.

1175 957 1201 978 et
1219 952 1286 978 dem.
1306 953 1348 978 35.
1370 952 1392 976 1.
1430 949 1523 977 famae
1547 953 1625 978 etiam
1651 953 1851 978 coniunctorum
1871 952 2017 979 consulere.

1152 1009 1153 1029 3
1175 995 1205 1021 1“1·.
1225 997 1250 1022 3.
1269 1005 1308 1032 pr.
1329 993 1362 1020 de
1381 993 1441 1020 don.
1462 994 1508 1020 int.
1528 993 1560 1020 V.
1579 996 1621 1020 24.
1642 996 1664 1021 l.

284 1041 342 1067 laba
362 1040 455 1071 ..et‘').
480 1037 510 1064 fr.
530 1039 571 1064 66.
592 1037 624 1063 (18
644 1037 733 1065 hered.
753 1039 814 1065 inst.
834 1040 875 1065 28.
895 1041 919 1064 5.
956 1039 997 1066 Ex
1017 1039 1129 1066 diversis
1152 1049 1153 1075 j

1152 1077 1153 1120 i
1176 1080 1193 1107 I.
1214 1081 1276 1114 Sy.
1307 1079 1446 1106 Includero
1465 1080 1510 1113 (in
1530 1079 1642 1106 alienum
1661 1080 1835 1115 aedificium).
1867 1081 1898 1108 sr.
1919 1083 1960 1108 63.
1986 1081 2019 1108 de

603 1123 677 1150 Illam
701 1126 912 1151 coniunctionem
938 1136 990 1152 non
1014 1126 1046 1152 ad
1070 1136 1131 1152 con-
1152 1124 1154 1153 L
1176 1123 1236 1150 don.
1256 1124 1303 1149 int.
1322 1122 1355 1150 V.

1075 1161 1077 1163 ’
1152 1162 1153 1168 ’
1176 1168 1217 1194 63.
1237 1166 1254 1193 1.

1152 1229 1153 1238 1
1176 1210 1284 1236 reticere
1305 1208 1366 1236 licet
1386 1211 1440 1242 (sc.
1459 1209 1582 1241 muros),
1602 1224 1635 1228 —
1658 1219 1708 1236 nec
1731 1209 1832 1246 aliquid
1856 1211 1894 1237 eis
1914 1212 2020 1237 coniun-

465 1271 474 1280 .
503 1255 586 1280 Pars
605 1255 785 1286 orationis,
805 1265 886 1289 quae
905 1257 997 1282 verba
1017 1262 1045 1282 et
1064 1255 1154 1282 sen-¹¹

1211 1038 1461 1071 Coniungere.
1478 1037 1508 1070 §-
1518 1037 1552 1063 1.
1568 1038 1797 1073 Compffigne,
1814 1040 2017 1066 Counectere.

1374 1125 1416 1149 24.
1437 1125 1460 1149 l.
1497 1122 1528 1149 Π.
1552 1124 1619 1157 Op.
1650 1123 1806 1156 Detrahere,
1826 1124 1963 1162 Separare.
1987 1125 2019 1151 fr.

1274 1168 1316 1192 24.
1338 1167 1360 1192 l.
1385 1165 1416 1192 fr.
1432 1167 1472 1192 13.
1493 1166 1515 1199 5.
1535 1167 1558 1192 7.
1579 1165 1612 1192 de
1630 1166 1699 1194 usus.
1720 1168 1743 1192 7.
1764 1168 1786 1193 l.
1823 1167 1945 1195 111οη.
1964 1167 2020 1195 Nec

1176 1263 1249 1289 gere.
1269 1252 1311 1278 vel
1331 1262 1519 1289 superponere.
1550 1251 1580 1277 1ἰ·.
1600 1253 1624 1278 9.
1649 1252 1671 1286 5.
1691 1253 1715 1278 4.
1745 1252 1777 1279 cf.
1798 1252 1828 1280 fr.
1847 1256 1872 1280 8.
1896 1254 1919 1288 5.
1938 1256 1963 1280 2.
1987 1253 2020 1280 dc

1176 1296 1209 1323 D.
1229 1295 1261 1322 R.
1283 1297 1306 1322 l.
1327 1296 1352 1322 8.
1378 1311 1411 1315 —
1439 1296 1471 1329 §.
1491 1296 1526 1322 2.
1556 1297 1758 1331 Adhangere,
1778 1298 1940 1323 Adiit-ere.
1975 1296 2019 1323 111.

1177 1340 1243 1367 Cn.
1280 1337 1386 1374 Quodsi
1404 1348 1490 1375 neque
1513 1338 1680 1375 sponsionis,
1705 1348 1791 1374 neque
1815 1338 1889 1376 dupli
1909 1340 2020 1366 actionis

1175 1381 1322 1420 periculum
1347 1382 1384 1413 ei,
1410 1392 1469 1408 cum
1492 1391 1544 1418 quo
1569 1382 1666 1417 agitur,
1690 1382 1870 1418 coniungatur.
1898 1382 1956 1409 Gai.
1974 1382 2020 1409 IV.

1177 1427 1234 1452 172.
1272 1424 1302 1451 Si
1321 1424 1421 1457 iubeat,
1447 1424 1499 1451 sibi
1518 1423 1598 1450 alium
1617 1425 1754 1461 coniungig
1778 1435 1837 1451 cum
1860 1424 1887 1452 id
1906 1426 1933 1452 in
1952 1435 2021 1452 com-

1152 1490 1154 1508 .
1175 1469 1308 1506 promisso
1328 1477 1382 1494 non
1401 1469 1448 1500 sit,
1470 1472 1519 1494 etc.
1548 1467 1579 1493 fr.
1598 1468 1640 1493 32.
1666 1467 1688 1501 5.
1709 1469 1749 1494 17.
1774 1467 1808 1494 de
1830 1478 1882 1494 rec.
1902 1478 1945 1505 qu.
1965 1468 2020 1495 arb.

1174 1514 1199 1546 4.
1219 1514 1243 1539 8.
1273 1527 1305 1531 -
1326 1511 1356 1544 §-
1377 1512 1414 1538 3.
1445 1511 1733 1545 Comprehendere,
1758 1512 1963 1546 componere.
2000 1511 2019 1538 l.

1176 1556 1238 1590 Sy.
1269 1554 1432 1581 continuare
1458 1553 1619 1590 (tempora).
1648 1553 1733 1587 5.12.
1757 1553 1776 1580 l.
1801 1552 1835 1580 de
1853 1564 1926 1580 usuc.
1951 1556 1975 1581 2.
1995 1556 2019 1581 6.

1153 1619 1154 1628 .
1176 1598 1207 1625 11.
1229 1599 1296 1631 Op.
1316 1596 1464 1634 Separatim
1478 1597 1593 1633 experiri
1607 1595 1640 1622 de
1659 1596 1779 1633 singulis.
1799 1612 1832 1616 —
1852 1596 2020 1634 Coniungere

1177 1640 1329 1674 (iniurias).
1355 1640 1386 1666 t'r.
1407 1641 1430 1666 7.
1455 1639 1477 1673 5.
1497 1641 1521 1665 5.
1547 1638 1580 1665 de
1598 1639 1675 1665 iniur.
1700 1641 1741 1665 47.
1763 1641 1803 1666 10.
1839 1639 1894 1666 Aut
1914 1641 2021 1667 coniun-

1175 1683 1258 1719 genda
1282 1687 1344 1708 sunt
1368 1683 1556 1718 (utrorumque
1580 1681 1706 1715 iudicia).
1737 1687 1781 1708 aut
1807 1681 1952 1709 differenda
1979 1688 2021 1710 est

1176 1730 1266 1759 (causa
1286 1726 1357 1758 etc.).
1377 1725 1408 1751 sr.
1421 1726 1463 1751 23.
1477 1725 1500 1758 5.
1514 1728 1538 1751 2.
1559 1724 1591 1751 de
1610 1724 1714 1751 liberali
1734 1735 1755 1751 c.
1774 1728 1817 1751 40.
1833 1727 1872 1751 12.
1898 1725 1941 1752 III.
1954 1727 2020 1754 Gn.

1153 1798 1154 1803 ¹
1177 1770 1239 1795 Suis
1259 1768 1368 1795 Praetor
1391 1767 1461 1794 solet
1485 1768 1663 1804 emancipatos
1682 1767 1781 1794 liberos
1801 1784 1833 1787 —
1853 1769 2019 1805 coniungere,

1176 1812 1235 1839 data
1253 1812 1284 1838 B.
1304 1810 1366 1837 Pae.
1400 1810 1470 1837 Coll.
1493 1810 1547 1837 LL.
1572 1810 1605 1837 M.
1630 1810 1702 1837 XVI.
1728 1813 1751 1837 7.
1787 1811 1859 1838 Inter
1882 1821 1911 1838 se
1930 1812 2020 1849 potius

1176 1855 1299 1881 volumus
1319 1854 1352 1880 de
1371 1858 1490 1891 tempore
1509 1855 1606 1890 agitare
1625 1853 1779 1887 discrimen,
1805 1864 1882 1891 quam
1901 1864 1960 1881 cum
1977 1854 2020 1881 his

1177 1898 1230 1925 ulla
1250 1898 1422 1934 usurpatione
1442 1898 1608 1933 coniungere.
1628 1906 1695 1933 quos
1715 1901 1765 1923 etc.
1793 1896 1844 1923 Th.
1863 1897 1894 1924 C.
1914 1896 1958 1924 w.
1976 1899 2019 1924 22.

1177 1952 1198 1968 c.
1218 1943 1242 1967 6.
1262 1940 1296 1967 de
1315 1940 1408 1967 honor.
1429 1940 1513 1967 codic.
1539 1956 1571 1959 —
1597 1940 1628 1972 ς’.
1648 1941 1688 1966 ⁴.
1720 1941 1953 1975 Cognaeionis,
1973 1943 2020 1967 vel

1153 1986 1386 2014 stuatrimonii
1414 1986 1546 2010 vinculo
1573 1985 1735 2017 copulare.
1773 1982 1792 2008 1.
1816 1984 1879 2016 Sy.
1908 1982 2019 2009 Contra-

1176 2027 1238 2054 here
1262 2028 1398 2064 (nuptias,
1417 2037 1438 2052 s.
1459 2026 1620 2052 adfinitatem
1640 2027 1715 2056 ctc.).
1757 2024 1888 2061 Coniungi
1914 2027 2019 2058 (matri-

1153 2070 1286 2111 monio).
1314 2069 1428 2096 Nubere.
1449 2069 1506 2095 Gai.
1520 2068 1538 2094 I.
1559 2070 1600 2094 59.
1620 2069 1660 2094 92.
1681 2067 1712 2094 fr.
1728 2069 1767 2093 10.
1785 2078 1824 2104 pr.
1845 2067 1877 2094 de
1897 2068 1974 2095 cond.
1994 2074 2021 2095 et

1177 2113 1243 2139 dem.
1262 2114 1304 2138 35.
1326 2114 1348 2138 l.
1369 2122 1390 2138 c.
1411 2113 1434 2138 6.
1454 2122 1513 2148 sqq.
1535 2122 1556 2138 c.
1571 2112 1611 2137 16.
1626 2120 1685 2147 sqq.
1706 2111 1739 2137 de
1759 2115 1832 2148 nupt.
1851 2113 1876 2137 5.
1890 2114 1914 2138 4.
1935 2111 2018 2138 Υι1118.

1178 2157 1199 2190 5.
1219 2157 1278 2182 262.
1323 2155 1432 2191 Iungere
1457 2164 1486 2180 se
1510 2155 1633 2188 (servo).
1665 2153 1737 2180 Paul.
1761 2153 1790 2179 ll.
1815 2156 1856 2180 21.
1881 2154 1913 2181 A.
1936 2155 1975 2189 55.
1996 2156 2019 2181 l.

1178 2209 1236 2236 sqq.
1265 2198 1315 2225 Th.
1335 2198 1366 2225 C.
1385 2197 1442 2224 ΧΠ.
1463 2199 1485 2223 1.
1515 2207 1536 2223 c.
1556 2198 1579 2223 6.
1604 2197 1637 2223 de
1659 2196 1795 2223 decurion.
1833 2196 1922 2233 Iungi,
1949 2197 2019 2225 Con-

1178 2243 1261 2278 iungi‚
1286 2241 1472 2277 (cognatione,
1497 2251 1518 2267 s.
1543 2240 1705 2276 cognationis
1731 2240 1812 2273 iure).
1843 2240 1900 2267 Gai.
1920 2240 1939 2267 1.
1960 2242 2018 2267 156.

1178 2285 1200 2319 5.
1219 2287 1244 2311 3.
1264 2284 1283 2311 1.
1304 2284 1336 2311 (18
1355 2288 1428 2321 nupt.
1450 2285 1472 2310 1.
1494 2285 1534 2310 10.

1214 2328 1436 2355 coniurare.
1474 2328 1645 2353 Adiurare.
1683 2325 1726 2352 111.
1755 2327 1820 2354 Gn.
1855 2326 1910 2361 Qui
1929 2325 2019 2352 Domi-

1179 2381 1270 2397 norum
1294 2371 1398 2397 nomina
1422 2370 1569 2400 coniurant.
1596 2367 1700 2405 placitis
1724 2369 1880 2395 inserentes.
1909 2367 1959 2395 Th.
1987 2368 2017 2396 C.

1156 2442 1157 2449 ἵ
1179 2414 1222 2440 IV.
1243 2416 1266 2440 9.
1287 2424 1307 2440 r.
1328 2417 1351 2440 8.
1372 2413 1404 2440 (18
1423 2418 1491 2450 pact.
1512 2416 1537 2437 vt
1556 2416 1679 2438 transact.

1217 2456 1449 2484 coniuratio.
1470 2456 1700 2488 conspiratio,
1722 2456 1882 2490 (quaesit
1902 2461 2017 2481 contra

1180 2502 1333 2534 rempub.)
1371 2498 1413 2524 111.
1429 2499 1494 2525 Cn.
1523 2498 1576 2523 Aut
1590 2497 1655 2523 sacta
1670 2498 1822 2534 puniuntur,
1842 2513 1874 2516 —
1895 2502 1937 2524 aut
1959 2507 2018 2524 con-

1180 2543 1253 2575 silia,
1273 2547 1301 2568 ut
1320 2542 1526 2572 coniurationes.
1547 2545 1571 2566 et
1591 2540 1721 2567 latronum
1741 2541 1908 2567 conscientia.
1932 2540 1962 2567 fr.
1977 2541 2016 2566 16.

1157 2601 1159 2618 ¹.
1180 2596 1219 2623 pr.
1239 2585 1271 2612 de
1289 2594 1366 2622 poen.
1385 2586 1428 2610 48.
1450 2585 1488 2609 19.
1527 2585 1614 2619 Quem
1628 2583 1744 2615 Praetor,
1764 2588 1874 2620 propter
1893 2583 2017 2610 indicium

1180 2628 1299 2665 proditae.
1317 2627 1425 2653 mortis.
1445 2626 1487 2652 vel
1507 2626 1624 2652 detectae
1649 2636 1739 2653 corum
1763 2627 1963 2657 coniurationis.
1988 2625 2017 2652 li-

1488 2671 1530 2696 39.
1550 2669 1582 2696 ad
1600 2669 1630 2696 L.
1650 2669 1720 2696 Falc.
1740 2671 1781 2696 35.
1801 2672 1826 2695 2.
1846 2669 1877 2696 cf.
1897 2669 1927 2695 t'r.
1941 2672 1964 2694 8.
1986 2668 2016 2694 ad

1182 2671 1280 2697 hortatu
1300 2670 1414 2696 donavit.
1439 2668 1469 2695 fr.

1158 2746 1159 2749 Ἴ
1181 2713 1210 2740 L.
1226 2713 1272 2740 lul.
1287 2713 1344 2739 mai.
1363 2714 1404 2738 «18.
1419 2714 1444 2738 4.
1482 2712 1535 2747 Qui
1555 2714 1581 2739 in
1595 2713 1792 2739 Saturi-anorum
1812 2712 2017 2739 coniurationem

1182 2766 1211 2782 se
1229 2757 1397 2782 miscuerunt.
1427 2755 1476 2782 Th.
1496 2756 1526 2782 C.
1546 2755 1602 2782 HL
1623 2758 1663 2782 19.
1684 2766 1705 2781 c.
1727 2757 1749 2782 1.
1769 2765 1807 2792 pr.
1832 2755 1896 2788 5.1.
1922 2754 1953 2780 (11·
1973 2754 2017 2780 Sa-

1183 2799 1274 2825 turian.
1300 2798 1331 2824 cl'.
1350 2797 1421 2824 xt'l.
1441 2800 1464 2824 5.
1485 2809 1506 2825 e.
1526 2800 1568 2824 53.
1588 2798 1620 2825 de
1639 2798 1761 2825 haeretic.

1217 2842 1456 2869 coniuratus.
1478 2840 1597 2874 (ΡΜ-118.)
1627 2843 1794 2868 Communi
1816 2846 2016 2867 sacramento

1969 2885 2017 2909 ob-
