2197 3121
923 172 1015 213 *COI
1039 192 1078 198 -
1104 172 1203 205 COL.

205 261 242 295 55.
263 262 285 286 1.
304 261 329 286 3.
350 269 370 286 c.
392 261 433 286 12.
453 259 485 286 de
504 258 625 285 haeretic.
662 256 704 283 III.
720 257 786 284 Gn.
810 255 920 282 Illicitae
940 260 967 281 et
986 265 1046 292 pro-

205 303 278 330 fanae
297 303 434 329 coitiones.
472 301 560 328 Coitio
580 301 675 327 vetitae.
695 299 911 336 congregationis
943 298 980 324 Ib.
996 297 1012 324 l.
1027 297 1044 323 l.

206 357 227 373 c.
248 348 270 372 7.
290 346 312 380 5
334 347 356 371 l.
377 355 398 371 c.
420 347 458 371 12.
483 360 516 364 —-
542 344 572 377 ξ.
592 345 627 370 2.
657 344 773 369 coitus
796 343 965 368 Venerem.
1002 339 1046 366 III.

206 390 272 416 Cn.
303 387 332 414 Si
351 392 492 424 praecepto
512 386 615 413 lenonis
639 390 747 419 cogatur
770 385 901 421 quispiam
921 383 1044 409 coitionis

205 430 299 457 sordes
320 430 395 459 serre..
416 440 480 466 quas
499 429 572 455 nolit.
603 428 640 455 lb.
655 428 713 454 XV.
733 429 757 454 8.
779 437 799 453 c.
813 429 837 452 2.
858 426 890 452 de
909 425 996 452 lenon.
1015 441 1047 445 ——

205 475 238 508 ξ.
258 475 295 500 3.
316 474 513 504 celebratio,
534 473 724 498 Coum-ntia.
762 469 804 496 ΠΙ.
820 470 885 496 Gn.
906 468 1047 494 societatis

206 518 232 543 in
252 521 385 542 aeternum
404 516 483 541 coitio
504 514 588 547 (nulla
608 514 668 546 est).
689 514 719 540 fr.
740 514 780 539 70.
799 521 848 549 pro
868 520 922 537 soc.
944 512 984 537 17.
1004 513 1028 536 2.

242 559 381 587 coitus.
410 559 441 591 §.
455 559 489 584 1.
511 559 712 592 Congressus
735 556 901 582 Venerem.
922 553 964 580 III.
981 555 1046 581 Cn.

206 601 364 637 Coniugium
383 600 475 637 spousi
494 615 527 618 —
546 610 680 631 recusare,
704 597 775 635 quod
795 597 870 633 quasi
890 597 930 622 vir
950 597 1047 622 coitum

206 661 239 665 —
259 644 343 671 facere
363 653 415 669 non
432 643 557 680 potuerit.
577 653 598 669 c.
612 645 636 668 5.
656 642 689 668 de
707 640 824 678 sponsal.
843 642 867 666 5.
883 641 906 665 l.
939 639 969 665 Si
989 640 1048 675 quis
1069 654 1071 662 ι

207 688 318 715 nefarias
337 691 414 722 atque
434 686 547 711 incestas
567 686 670 722 nuptias
691 683 864 714 contraxerit,
889 697 921 701 —-
949 682 994 718 qui
1014 692 1046 708 ex
1069 711 1071 722 ‹

207 741 238 757 eo
258 731 329 757 coitu
347 733 491 755 nascuntur
511 733 559 754 etc.
589 728 645 754 Gai.
665 726 683 753 I.
704 727 745 752 64.
771 727 793 760 5.
815 727 854 751 12.
880 724 898 751 I.
923 724 955 751 de
975 729 1047 761 nupt.

208 776 230 800 l.
251 775 292 799 10.
321 788 353 792 -—
382 772 413 805 §0
435 773 470 798 2.
500 772 664 805 Nuptiae,
697 770 905 804 Coniugium.
942 767 962 793 I.
986 768 1048 801 Sy.

205 816 411 846 Matrimonium,
436 813 558 851 Nuptiae.
593 812 650 839 Gai.
669 812 688 838 I.
712 813 753 838 87.
779 821 838 848 sqq.
871 810 903 837 cf.
927 811 968 837 67.
989 820 1048 847 sqq.

206 858 276 886 Coll.
301 857 353 884 LL.
374 857 407 884 M.
427 856 471 883 Vl.
495 858 518 882 5.
539 866 578 892 sq.
616 855 658 881 III.
678 856 744 882 Gn.
772 854 832 881 'Non
852 859 937 880 tamen
957 854 984 879 in
1002 863 1049 890 po—

206 906 301 927 testate
319 901 402 937 patris
423 904 471 926 cst.
491 899 550 935 quia
570 908 655 934 neque
674 908 707 925 ex
726 899 796 924 iusto
816 898 887 923 coitu
903 901 1048 933 conceptus

206 949 247 971 est
266 948 314 970 etc.
344 943 401 969 Gai.
420 942 438 968 I.
458 943 499 968 88.

241 987 387 1014 Colere.
424 985 455 1018 §0
475 985 509 1010 1.
538 986 711 1016 Excolere,
740 985 912 1011 Exeruere.
949 983 968 1009 1.
989 983 1046 1017 Sy.

205 1029 343 1056 Excolere.
375 1038 396 1054 c.
416 1029 440 1053 4.
461 1037 500 1063 sq.
527 1026 558 1053 de
578 1027 608 1053 A.
630 1031 656 1053 et
673 1026 704 1053 R.
724 1026 753 1053 P.
778 1028 801 1052 7.
820 1028 862 1053 32.
899 1026 1048 1062 Agricultu-

206 1083 261 1099 ram
280 1081 412 1109 peragere.
449 1070 548 1106 Agrum
568 1069 661 1096 colere.
691 1080 711 1096 c.
726 1072 767 1096 22.
788 1070 853 1103 5.1.
874 1068 906 1095 dc
926 1070 1002 1105 agric.
1023 1074 1048 1095 et

208 1116 300 1142 ceusit.
324 1116 364 1140 ll.
384 1114 426 1139 47.
469 1112 512 1139 III.
535 1114 601 1140 Gn·
629 1111 684 1138 Nec
704 1123 776 1139 arare
794 1112 930 1149 prohiberi
949 1117 1047 1149 potest,

207 1163 251 1185 aut
270 1156 364 1183 colere.
402 1155 433 1182 fr.
454 1157 476 1182 7.
502 1156 524 1189 5.
543 1157 568 1181 3.
594 1155 626 1181 de
646 1155 713 1182 usus.
738 1157 761 1182 7.
788 1157 810 1181 l.
857 1155 913 1181 Pati
942 1155 1047 1192 quidem

206 1200 330 1227 heredem
349 1198 435 1225 colere
455 1208 539 1235 agros,
559 1203 585 1224 ct
604 1198 704 1224 fructus
723 1198 850 1234 redigere.
870 1198 900 1224 fr.
920 1200 944 1224 5.
964 1199 985 1232 5.
1005 1200 1046 1224 22.

206 1248 235 1270 ut
253 1244 279 1269 in
299 1252 370 1280 poss.
390 1241 466 1278 legat.
486 1243 528 1268 36.
548 1243 571 1267 4.
592 1240 622 1267 fr.
642 1242 665 1267 6.
685 1241 751 1274 5.1.
772 1241 803 1267 de
824 1246 906 1268 contr.
926 1246 986 1268 emt.
1007 1243 1046 1267 18.

206 1288 229 1313 1.
266 1286 295 1312 In
309 1296 363 1312 rem
377 1286 468 1322 patris,
488 1284 531 1311 vel
545 1284 645 1310 domini
657 1288 768 1315 vertere,
788 1284 839 1311 hoc
853 1284 940 1316 modo,
960 1294 1047 1319 agrum

205 1334 268 1367 puta
294 1328 420 1360 colendo,
444 1327 549 1354 domum
573 1326 720 1358 fulciendo,
748 1329 876 1364 mancipia
901 1327 1047 1359 vestiendo,

203 1371 353 1399 mercando.
382 1370 453 1397 Paul.
473 1370 495 1396 II
524 1372 547 1397 9.
568 1371 633 1404 5.1.
671 1369 700 1396 Si
724 1371 783 1406 quis
808 1371 934 1407 pecuniae
962 1370 1048 1396 foene-

204 1415 313 1443 randae.
333 1424 447 1450 agroque
466 1413 591 1445 colendo,
612 1413 757 1439 condendis
776 1414 975 1450 vendendisqun·
996 1413 1047 1439 fru-

204 1458 281 1495 gibus
300 1458 468 1494 praepositus
489 1461 536 1482 est.
556 1456 594 1482 Ib.
609 1456 639 1482 II.
659 1457 683 1482 8.
704 1457 724 1490 5.
738 1458 762 1482 2.
791 1456 903 1483 Accedit
917 1467 956 1488 eo,
977 1455 1047 1492 quod

206 1501 302 1527 cibarIa
331 1501 417 1526 victus
444 1500 524 1535 magis
550 1509 627 1535 qnam
652 1499 756 1525 colendi
779 1509 857 1526 causa
885 1504 1046 1537 pararentur.

206 1544 236 1570 fr.
258 1546 298 1570 12.
312 1553 352 1580 pr.
373 1543 405 1569 de
424 1544 498 1569 instr.
519 1541 567 1578 leg.
587 1544 629 1568 33.
644 1544 667 1568 7.
688 1542 719 1568 cf.
739 1542 769 1568 fr.
784 1544 824 1568 60.
840 1543 861 1576 5.
875 1544 899 1569 3.
920 1543 953 1569 de
971 1543 1047 1579 legat.
1069 1552 1070 1563 ¹

206 1586 248 1613 111.
269 1587 336 1619 (32)
374 1585 459 1617 Servi.
480 1586 503 1611 si
522 1584 608 1621 aliqua
627 1589 701 1622 parte
721 1586 780 1611 anni
800 1595 848 1622 per
867 1596 913 1612 eos
933 1596 992 1622 ager
1007 1596 1048 1612 co·
1069 1617 1070 1625 ἵ

205 1629 276 1661 litnr.
296 1629 383 1665 aliqua
402 1633 476 1666 parte
495 1629 521 1654 in
540 1627 687 1654 mercedem
707 1629 853 1654 mittuntur.
874 1628 904 1655 fr.
926 1631 966 1655 12.
986 1630 1007 1663 5.
1022 1630 1046 1656 8.

207 1671 240 1698 de
258 1673 332 1698 instr.
351 1671 400 1707 leg.
420 1672 461 1697 33.
482 1672 505 1696 7.
543 1671 572 1696 Si
596 1670 768 1707 pensionibus
791 1673 908 1708 paruerit
932 1673 985 1705 (sc.
1006 1682 1047 1698 co-

207 1714 306 1747 lonus),
326 1719 351 1741 et
370 1719 397 1740 ut
417 1718 522 1750 oportet
541 1713 647 1739 coleret.
668 1713 698 1740 fr.
719 1716 759 1740 54.
780 1715 801 1747 5.
824 1716 845 1740 1.
866 1714 943 1741 locat.
968 1717 1007 1741 19.
1021 1717 1045 1741 2.
1068 1743 1070 1746 ,

208 1773 240 1776 -
265 1757 295 1790 §·
316 1758 351 1784 2.
383 1759 530 1788 studere,
561 1758 707 1790 Obseqni.
754 1756 796 1783 Ill.
820 1758 885 1784 Cn.
917 1757 1046 1784 Iustitiam

207 1799 330 1831 colimus,
354 1804 380 1825 et
402 1799 465 1825 boni
484 1804 510 1825 et
533 1800 609 1834 aequi
633 1800 753 1825 notitiam
776 1801 938 1836 profitemur.
973 1800 1002 1826 t'r.
1024 1802 1046 1826 1.
1068 1805 1069 1824 1

207 1843 228 1876 5.
251 1844 272 1868 1.
293 1842 325 1868 de
343 1841 362 1868 I.
383 1847 408 1868 et
426 1842 443 1868 Ι.
470 1843 492 1868 1.
514 1843 536 1867 l.
574 1841 638 1867 Filia
659 1857 692 1861 —
712 1852 769 1868 cum
789 1844 882 1868 marito
901 1858 934 1862 —-
955 1842 1046 1868 colens

207 1884 382 1911 concordiam.
403 1895 424 1910 c.
437 1886 478 1910 20.
499 1883 531 1910 de
549 1885 622 1910 inoff.
643 1889 744 1910 testam.
763 1886 788 1911 3.
806 1887 847 1911 28.
884 1885 975 1911 Bonos
995 1895 1047 1911 mo-

207 1938 250 1954 res
271 1927 365 1954 colere.
398 1926 427 1952 fr.
449 1928 488 1952 13.
512 1927 533 1960 5.
555 1930 578 1953 5.
607 1926 639 1953 ad
662 1926 691 1953 L.
717 1927 763 1954 Iul.
790 1927 822 1953 (le
846 1927 926 1954 adult.
956 1931 997 1954 48.
1022 1931 1046 1954 5.

206 1970 288 1997 Mater
308 1970 415 1996 deorum
435 1969 595 2006 Sipelensis.
617 1980 682 2005 quae
702 1969 830 2006 Smyrnae
850 1970 953 1997 colitur.
985 1971 1045 2008 le.

205 2012 289 2040 XXII.
310 2014 333 2038 6.

241 2055 398 2083 Collabi.
436 2055 466 2087 ξ.
484 2056 518 2081 l.
539 2056 729 2087 Concidere,
749 2058 889 2083 Ruinam
909 2059 1046 2083 trahere.

206 2098 224 2125 Ῑ.
245 2100 306 2132 Sy.
334 2097 438 2127 linens,
463 2097 617 2134 Collapsum
641 2098 832 2132 (aedilicium).
865 2100 895 2126 sr.
916 2102 939 2126 7.
964 2100 1046 2133 516.

207 2140 285 2167 solut.
305 2141 414 2166 matrim.
434 2141 475 2165 24.
495 2142 519 2166 3.
552 2140 582 2166 fr.
603 2142 626 2167 1.
652 2141 673 2174 5.
694 2143 717 2167 ·3.
744 2142 775 2168 de
799 2144 860 2179 imp.
881 2144 906 2168 in
927 2153 968 2168 res
993 2143 1046 2169 dot.
1069 2147 1070 2167 1

206 2184 248 2209 25.
264 2185 285 2209 l.
322 2182 364 2209 HI.
379 2184 444 2210 Cn.
463 2183 631 2210 Rosabricnre
645 2183 790 2221 collapsum
811 2185 967 2218 (balneum).
989 2196 1010 2212 c.
1023 2189 1046 2212 5.

208 2225 240 2251 de
259 2225 334 2252 acdif.
353 2227 419 2263 priv.
444 2229 467 2251 8.
490 2228 528 2252 10.
566 2226 615 2252 Vel
640 2227 751 2259 incuria,
777 2227 820 2253 vel
845 2233 976 2254 vetustate
996 2228 1048 2254 col-

208 2267 295 2304 lapsas
315 2269 368 2301 (sc.
388 2269 493 2305 partes)
520 2268 552 2295 ad
577 2274 673 2295 statum
696 2271 836 2306 pristinum
856 2272 949 2297 nitoris
969 2271 1048 2297 addu-
1069 2281 1070 2299 ξ

209 2320 275 2336 cere.
304 2310 353 2337 Τ11.
379 2311 409 2337 C.
433 2310 492 2337 XV.
514 2313 535 2338 1.
556 2322 577 2338 c.
596 2314 638 2338 20.
664 2312 696 2339 de
716 2323 776 2350 opp.
796 2314 859 2350 pub.
892 2330 923 2333 —
957 2315 988 2348 ξ.
1010 2316 1045 2341 2.

208 2354 369 2389 Deficere.
405 2353 447 2380 Ill.
472 2355 537 2382 Gn.
573 2354 602 2381 Si
626 2360 763 2382 constante
786 2358 950 2383 matrimonio
974 2358 1047 2394 prior
1068 2382 1070 2387 ,

209 2395 302 2421 mulier
321 2396 346 2421 in
366 2395 416 2422 fata
435 2396 550 2434 collapsa
569 2397 655 2424 suerit.
680 2408 701 2424 c.
716 2400 739 2424 9.
760 2398 792 2425 de
811 2404 879 2436 pact.
900 2410 974 2425 conv.
996 2404 1046 2425 tam

209 2448 267 2475 sup.
288 2438 340 2464 dot.
361 2440 384 2464 5.
406 2440 445 2465 14.

245 2481 521 2509 Colluctaneus.
560 2485 621 2516 Qui
643 2494 709 2510 enm
738 2487 808 2511 alio
831 2487 934 2511 eodem
961 2487 1046 2512 lacte

208 2525 356 2550 nutritus
384 2531 440 2550 est.
483 2524 524 2551 111.
545 2527 611 2553 Gn.
642 2525 757 2559 Patrem,
786 2533 830 2553 aut
854 2532 975 2559 matrem⁷
1004 2533 1047 2554 aut

208 2566 396 2603 paedagogum,
423 2571 467 2593 aut
486 2567 672 2595 collactaneum
692 2570 916 2603 (manumittere).
949 2569 1005 2596 Gai.
1026 2570 1044 2597 I.

207 2611 249 2636 39.
270 2609 300 2635 fr.
322 2611 361 2635 13.
385 2609 417 2635 de.
440 2620 507 2635 man.
532 2611 602 2637 vind.
626 2614 668 2638 40.
688 2614 712 2638 2.
754 2612 873 2645 Liberta.
904 2613 1045 2649 cademque

209 2652 375 2679 collactanea.
396 2652 426 2678 fr.
446 2654 488 2678 30.
508 2653 529 2686 5
552 2655 573 2678 l.
594 2653 627 2680 de
645 2654 720 2681 adim.
741 2655 816 2691 legat.
836 2657 878 2682 34.
898 2657 922 2682 4.

244 2695 416 2722 Collatia.
454 2696 484 2728 ἓ.
505 2697 539 2722 l·
570 2697 761 2730 copulatio,
791 2701 964 2725 Collectiv.
1001 2698 1043 2725 111.

209 2739 275 2765 Gn.
312 2737 469 2764 Convicium
489 2738 592 2768 dicitur,
612 2739 653 2765 vel
673 2750 686 2765 a
700 2742 882 2773 concitatione,
902 2741 944 2768 vel
958 2752 972 2768 a
986 2752 1045 2768 con-

209 2785 297 2809 ventu.
317 2780 341 2807 h.
362 2791 382 2806 e.
403 2791 416 2806 a
435 2780 574 2808 collatione
593 2792 695 2808 vocum.
719 2783 749 2809 fr.
770 2786 809 2810 15.
830 2785 851 2818 5.
871 2785 895 2810 4.
916 2784 948 2811 de
966 2785 1042 2811 iniur.

210 2824 250 2849 47.
273 2826 312 2850 10.
338 2840 370 2843 -
392 2824 423 2857 §.
444 2825 478 2851 2.
509 2826 730 2852 Contributio.
767 2825 785 2853 I.
806 2828 867 2861 Sy.
895 2827 1043 2859 Intrihutio‚

1069 1452 1070 1460 ¹
1092 1457 1173 1492 Quod
1198 1456 1340 1483 confertur.
1373 1456 1404 1483 fr.
1424 1458 1465 1482 27.
1490 1457 1512 1490 5
1531 1458 1555 1482 53.
1582 1456 1614 1482 de
1637 1456 1705 1482 usus.
1736 1457 1758 1482 7.
1784 1457 1806 1481 l.

1871 174 1931 205 157

1092 255 1274 287 contributio,
1295 255 1453 282 Collationis
1474 255 1644 282 consortium.
1672 253 1745 281 Paul.
1765 254 1795 281 II.
1816 257 1839 281 7.
1859 255 1930 289 551.

1090 300 1114 324 3.
1134 300 1158 324 5.
1183 298 1214 325 fr.
1236 300 1257 324 l.
1278 298 1307 325 fr.
1327 302 1351 325 2.
1371 300 1392 332 5.
1414 301 1436 325 7.
1461 298 1492 325 fr.
1512 300 1536 325 3.
1561 297 1591 324 fr.
1611 299 1634 324 4.
1655 298 1677 331 5.
1697 300 1721 323 2.
1748 296 1776 324 fr.
1797 299 1821 323 5.
1848 297 1881 323 de
1899 296 1929 323 L.

1091 340 1177 367 Rhod.
1198 342 1238 367 14.
1257 342 1281 367 2.
1319 340 1461 373 Conferre.
1482 341 1658 368 Collationem
1678 340 1770 367 facere.
1797 340 1827 366 fr.
1850 342 1872 366 1.
1893 340 1931 374 55.

1093 386 1132 410 17.
1151 385 1193 410 23.
1214 383 1246 410 de
1265 383 1352 410 collat.
1373 384 1433 411 bon.
1452 386 1493 411 37.
1513 386 1536 410 6.
1557 384 1587 410 sr.
1606 385 1630 410 3.
1656 383 1688 410 de
1708 383 1761 409 dot.
1783 382 1869 410 collat.
1889 384 1931 409 37.

1092 428 1115 452 7.
1158 426 1200 453 111.
1226 428 1291 454 Gn.
1326 426 1435 454 Praetor
1458 437 1511 453 nou
1534 427 1582 453 sub
1607 426 1758 453 conditione
1783 425 1932 452 collationis

1091 469 1121 495 B.
1141 469 1222 496 anm
1241 480 1262 496 c.
1282 474 1300 496 t.
1320 471 1458 507 promittit.
1487 469 1518 496 fr.
1537 472 1560 496 3.
1581 480 1619 507 pr.
1645 469 1678 495 (le
1697 469 1784 496 collat.
1804 469 1864 494 bon.
1889 469 1930 494 37.

1091 513 1115 538 (i.
1152 512 1194 539 Ad
1218 512 1385 539 collationem
1409 513 1536 539 bonorum
1562 512 1706 549 cogendum
1732 513 1930 548 emancipatum⁷

1092 560 1120 581 ut
1139 559 1239 582 tantum
1258 555 1348 582 heredi
1368 556 1424 582 eins
1444 555 1568 583 conferat.
1589 561 1714 592 quantum
1728 554 1858 581 conferret
1871 554 1931 591 ipsi,

1093 599 1115 624 si
1134 599 1243 625 viveret.
1274 599 1305 625 fr.
1326 601 1348 625 l.
1368 600 1390 633 5.
1410 600 1434 626 8.
1459 599 1494 625 ib.
1513 600 1555 624 37.
1575 600 1599 625 6.
1641 598 1784 625 Semissem
1803 596 1931 623 heredita-

1092 642 1126 667 tis
1147 652 1205 668 cum
1224 642 1399 668 emolumento
1419 641 1568 669 collationis
1588 641 1702 667 habebit.
1733 640 1763 667 fr.
1783 642 1807 667 9.
1834 640 1868 666 ib.
1888 641 1931 665 37.

1093 686 1116 711 6.
1155 684 1247 721 Inique
1272 685 1405 712 videbitur
1429 684 1596 711 collationem
1619 683 1754 721 postulare
1779 683 1810 709 ab
1831 693 1861 709 eo
1883 687 1931 709 etc.

1094 728 1123 754 fr.
1144 729 1166 753 1.
1192 729 1213 762 5.
1234 729 1257 754 4.
1287 728 1322 754 ib.
1347 730 1389 754 37.
1409 729 1433 754 6.
1474 727 1538 764 Legi
1562 727 1637 754 datae
1661 726 1809 753 collationis
1832 736 1931 763 parere.

1094 781 1115 797 c.
1136 772 1176 796 11.
1203 770 1260 796 cod.
1286 772 1309 797 6.
1329 773 1371 797 20.
1414 770 1556 808 Stipulatio
1581 770 1738 797 collationis.
1767 769 1798 795 sr.
1818 771 1841 795 5.
1866 769 1932 802 5.1.

1093 813 1127 839 ib.
1147 815 1188 839 37.
1209 814 1232 839 6.
1269 813 1311 840 Ad
1331 813 1498 840 collationem
1518 813 1588 840 dotis
1608 823 1656 850 per
1675 812 1801 838 arbitrum
1821 811 1933 837 familiae

1094 855 1264 882 erciscundae
1288 866 1369 893 posse
1392 856 1523 894 compelli.
1552 856 1584 883 fr.
1604 858 1627 882 1.
1646 865 1686 892 pr.
1711 855 1743 881 de
1767 854 1821 880 dot.
1846 853 1932 880 collat.

1092 901 1134 925 37.
1155 901 1178 925 7.
1216 898 1284 925 Cum
1304 899 1352 925 dos
1372 901 1459 936 possit
1478 916 1510 919 -
1529 900 1556 926 in
1576 898 1743 926 collationem
1767 897 1837 924 ferri.
1869 907 1890 923 c.
1912 898 1932 921 1.

1092 943 1114 976 5.
1135 944 1175 968 12.
1196 941 1228 968 de
1247 941 1278 968 R.
1299 941 1330 968 V.
1351 942 1382 968 A.
1403 944 1426 968 5.
1448 944 1487 968 13.
1520 958 1552 962 -—
1585 943 1615 976 ξ.
1636 943 1673 968 3.
1703 943 1843 972 Illatio,
1873 941 1933 966 De—

1090 987 1213 1020 pensio.
1251 984 1270 1010 Ι.
1295 986 1356 1019 Sy.
1384 985 1502 1011 Exactio.
1532 985 1582 1011 Τ11.
1604 984 1634 1011 C.
1655 984 1674 1010 1.
1695 986 1735 1010 15.
1756 994 1777 1010 c.
1798 984 1839 1009 14.
1860 983 1932 1008 (217.

1092 1028 1196 1062 OVck.)
1217 1027 1249 1054 de
1269 1027 1313 1054 off.
1327 1026 1414 1054 Vicar.
1451 1027 1544 1054 Illatio.
1572 1027 1610 1053 Ib.
1629 1027 1674 1053 XI.
1695 1028 1717 1053 1.
1739 1037 1760 1053 c.
1779 1028 1803 1052 2.
1824 1025 1856 1052 de
1875 1034 1932 1051 ann.

1093 1076 1117 1097 et
1137 1071 1227 1097 tribut.
1265 1070 1308 1096 III.
1330 1071 1395 1097 (7η.
1424 1069 1510 1105 Quem
1530 1070 1583 1103 (sc.
1604 1069 1738 1096 Yicarium
1756 1069 1877 1101 Africae)
1896 1073 1934 1094 to-

1094 1115 1144 1140 tius
1165 1113 1314 1139 collationis
1335 1124 1364 1139 ac
1383 1114 1591 1139 transmissionis
1616 1123 1676 1139 cura
1702 1113 1865 1148 constringit.
1896 1110 1934 1137 Π).

1091 1157 1108 1184 l.
1129 1156 1146 1183 1.
1167 1167 1188 1183 c.
1204 1158 1244 1182 17.
1282 1155 1312 1182 Id
1325 1156 1427 1183 suturae
1441 1156 1580 1182 indictioni
1600 1155 1786 1191 collatiouique
1804 1154 1934 1192 proficiat.

1092 1200 1129 1226 lb.
1149 1199 1195 1226 XI.
1215 1201 1239 1225 5.
1260 1209 1281 1225 c.
1303 1201 1325 1225 1.
1352 1199 1384 1225 de.
1403 1199 1540 1225 indiction.
1578 1198 1657 1225 Nulla
1675 1198 1839 1235 municipali,
1863 1196 1934 1223 nulla

1093 1242 1229 1269 curialium
1249 1241 1403 1273 collatione.
1423 1242 1494 1268 nulla
1513 1242 1644 1268 senatoria
1663 1241 1705 1267 vel
1724 1240 1819 1277 glebali
1839 1240 1935 1267 descri—

1092 1287 1184 1323 ptione.
1203 1289 1340 1312 vexentur.
1366 1284 1402 1311 lb.
1422 1285 1492 1311 XIII.
1511 1286 1536 1311 3.
1557 1295 1577 1310 c.
1600 1285 1639 1310 16.
1659 1283 1692 1310 de
1711 1283 1803 1310 medic.
1823 1288 1848 1310 et
1866 1281 1933 1319 prof.

1092 1329 1121 1355 In
1141 1328 1285 1365 capitibus,
1310 1338 1357 1354 seu
1376 1329 1456 1364 iugis.
1476 1338 1559 1354 annua
1578 1328 1661 1353 vestis
1681 1326 1786 1353 collatio
1806 1324 1935 1363 (lt-penda-

1092 1377 1143 1398 tur.
1174 1371 1211 1397 lb.
1231 1370 1287 1397 ΥΠ.
1307 1372 1330 1397 6.
1352 1381 1372 1397 c.
1392 1372 1416 1397 3.
1437 1370 1470 1397 de
1488 1371 1564 1397 milit.
1585 1375 1666 1396 veste.
1696 1386 1729 1389 —
1758 1370 1788 1402 §.
1810 1371 1850 1396 4.
1878 1370 1935 1395 Pe-

1091 1416 1188 1441 cunia
1216 1424 1274 1448 per
1304 1415 1582 1441 contributionem
1613 1415 1780 1448 exigenda.
1825 1411 1844 1438 1.
1872 1412 1934 1445 Sy·

1854 1453 1934 1489 Quod

1092 1500 1124 1526 de
1144 1500 1287 1530 communi.
1308 1499 1389 1534 Quod
1408 1510 1441 1526 ex
1460 1499 1602 1525 collatione
1622 1499 1805 1535 (privatorum.
1826 1507 1863 1523 sc.
1883 1496 1933 1529 fit).

1092 1543 1122 1568 l'r.
1141 1544 1166 1568 2.
1188 1543 1209 1576 5.
1228 1544 1269 1568 22.
1295 1552 1329 1568 nc
1348 1552 1391 1579 qu.
1411 1543 1437 1568 in
1456 1541 1516 1568 loco
1536 1542 1598 1578 pub.
1625 1543 1665 1568 43.
1686 1543 1709 1568 8.
1747 1541 1788 1567 III.
1810 1542 1876 1568 Gn.
1905 1539 1934 1565 Si

1092 1595 1143 1621 qua
1161 1585 1333 1617 tributorum.
1358 1590 1402 1611 aut
1425 1584 1574 1621 vectigalis.
1599 1584 1784 1611 indictionisve
1808 1583 1872 1620 quid
1890 1592 1935 1608 110-

1091 1629 1169 1660 mine,
1190 1632 1234 1654 aut
1253 1628 1285 1654 ad
1304 1629 1361 1654 viae
1381 1627 1549 1654 collationem
1568 1633 1701 1665 praestare
1716 1631 1828 1664 oportet.
1848 1626 1878 1652 fr.
1894 1626 1933 1651 13.

1091 1672 1113 1705 5.
1134 1672 1157 1697 6.
1179 1670 1212 1697 de
1231 1671 1262 1697 A.
1282 1671 1312 1697 E.
1333 1670 1365 1697 V.
1386 1672 1426 1697 19.
1444 1673 1466 1697 1.
1503 1670 1611 1697 Xiarum
1629 1671 1798 1696 munitiones.
1816 1668 1935 1706 praedio-

1090 1724 1148 1740 rum
1167 1713 1334 1740 collationes.
1366 1713 1397 1739 fr.
1418 1715 1458 1739 14.
1482 1714 1503 1747 5.
1523 1716 1547 1739 2.
1573 1713 1604 1739 de
1624 1723 1692 1739 mun.
1718 1717 1743 1738 et
1763 1712 1823 1738 hon.
1848 1713 1889 1737 50.
1908 1712 1932 1737 4.

1092 1756 1270 1787 Collatinum,
1296 1766 1361 1792 quae
1386 1766 1400 1781 e
1424 1755 1480 1791 lego
1504 1756 1583 1787 fiunt,
1612 1771 1644 1774 —
1670 1765 1702 1781 ex
1725 1755 1870 1791 improviso
1898 1755 1934 1780 in·

1092 1799 1185 1825 dictae.
1205 1798 1235 1824 fr.
1254 1800 1278 1824 8.
1299 1799 1320 1832 5
1340 1800 1364 1824 3.
1386 1798 1416 1825 cf.
1437 1798 1467 1825 fr.
1483 1800 1522 1824 11.
1544 1798 1576 1824 de
1594 1802 1676 1824 vacat.
1697 1802 1722 1823 et
1741 1807 1830 1823 excns.
1851 1799 1894 1823 50.
1908 1798 1932 1822 6.

1091 1842 1114 1868 Α
1134 1843 1248 1868 tironum
1273 1846 1299 1867 et
1323 1851 1450 1877 equorum
1473 1842 1651 1878 praestatione
1675 1840 1820 1866 habeantur
1844 1841 1933 1866 inunu-

1091 1895 1147 1917 nes,
1167 1884 1262 1910 nudam
1282 1884 1457 1915 collationem,
1478 1894 1543 1920 quae
1561 1883 1715 1920 plerumque
1736 1884 1863 1920 poseium
1883 1882 1934 1908 sol*

1090 1932 1160 1953 vant.
1190 1926 1239 1953 Th.
1260 1925 1290 1952 C.
1311 1926 1353 1952 Vl.
1374 1928 1415 1952 23.
1441 1937 1462 1952 c.
1482 1930 1506 1952 2.
1531 1926 1563 1952 dc
1583 1926 1670 1952 ‹lvcmz
1698 1931 1722 1952 et
1747 1926 1833 1952 silent.
1864 1925 1931 1952 UH.

1093 1972 1132 1996 ll.
1157 1980 1178 1996 c.
1200 1971 1222 1995 l.
1250 1979 1282 1995 ne
1306 1979 1348 2005 qu.
1373 1969 1434 2006 pul).
1461 1969 1540 1995 laetit.
1584 1968 1748 1995 Tributariae
1769 1969 1931 1995 collationes

1092 2024 1112 2039 c.
1132 2014 1156 2038 3.
1187 2012 1219 2038 de
1243 2013 1286 2038 off.
1307 2022 1370 2048 mag.
1396 2012 1449 2038 mil.
1476 2015 1498 2039 1.
1524 2014 1565 2038 29.
1597 2028 1630 2031 —
1661 2014 1691 2045 ξ.
1718 2014 1755 2039 5.
1788 2013 1932 2038 Delatio.

1091 2055 1133 2082 III.
1156 2057 1221 2082 Cn.
1251 2055 1409 2081 Transmisit
1428 2056 1549 2092 proprias
1569 2054 1714 2087 facultates⁷
1734 2055 1775 2081 vel
1795 2056 1932 2091 quisquan)

1069 2103 1070 2133 j
1092 2109 1123 2124 ex
1143 2098 1183 2124 his
1204 2098 1289 2124 aditae
1312 2109 1359 2135 per
1384 2099 1527 2135 quamlibet
1552 2099 1729 2124 successionis
1754 2098 1862 2124 formmn
1882 2097 1932 2124 col-

1091 2141 1190 2167 latione
1209 2141 1307 2167 ditatus
1328 2147 1376 2168 est.
1405 2141 1455 2168 Τ11.
1480 2141 1509 2167 C.
1530 2140 1571 2166 XI
1583 2141 1600 2167 I.
1620 2143 1644 2166 5.
1670 2151 1691 2167 c.
1711 2143 1733 2167 7.
1754 2152 1792 2178 pr.
1819 2141 1850 2167 (lc
1874 2141 1931 2166 hae-

1091 2185 1164 2210 retic.
1195 2200 1226 2203 -
1261 2184 1291 2217 ἓ.
1312 2186 1349 2212 6.
1385 2186 1602 2218 Comparatio.
1640 2183 1682 2210 111.
1701 2185 1765 2211 Cn.
1797 2184 1931 2210 Acerrima

1092 2227 1137 2253 fiat
1164 2226 1258 2262 indago
1288 2228 1459 2263 argumentis.
1484 2227 1611 2255 testibus.
1637 2227 1825 2263 scripturarum
1854 2226 1930 2253 colla-

1092 2271 1176 2299 ῑίοιιν,
1196 2269 1307 2306 aliisque
1326 2271 1444 2306 vestigiis
1464 2271 1590 2297 veritatis.
1616 2269 1712 2296 lb.1X.
1735 2272 1774 2297 19.
1795 2281 1815 2296 c.
1831 2272 1854 2295 2.
1870 2270 1890 2303 5
1907 2270 1928 2294 l.

1091 2313 1123 2339 ad
1143 2313 1172 2339 L.
1194 2313 1256 2339 Cor.
1277 2313 1309 2339 de
1330 2313 1386 2338 sals.

1127 2356 1367 2383 collativam.
1389 2357 1550 2387 Collatia,
1571 2357 1789 2382 Contributio.
1811 2354 1929 2381 111.(711.

1092 2398 1179 2425 Nullis
1198 2415 1230 2418 —
1250 2403 1294 2424 aut
1313 2408 1439 2434 equorum
1459 2398 1647 2431 oblationibus7
1667 2404 1709 2424 aut
1730 2398 1929 2434 quibuscunquu¹

1091 2446 1225 2479 praeteri-a
1249 2441 1281 2467 dc
1307 2440 1431 2467 collativo
1456 2442 1571 2468 omnium
1595 2441 1748 2478 postulatis.
1772 2450 1864 2476 Parere
1888 2450 1929 2466 co»

1091 2490 1191 2521 gantur.
1219 2484 1256 2510 lb.
1277 2483 1320 2510 VI.
1339 2485 1381 2510 26.
1402 2494 1422 2510 c.
1442 2486 1466 2510 3.
1487 2484 1519 2510 de
1538 2486 1650 2521 proxim.
1671 2484 1756 2509 comit.

1127 2529 1304 2554 Collator.
1343 2528 1529 2553 Collttlioni
1548 2529 1709 2553 obnoxius.
1747 2524 1765 2551 l.
1787 2527 1847 2559 Sy.
1869 2525 1927 2551 Tri-

1090 2571 1217 2597 bntarius
1248 2580 1269 2595 c.
1290 2571 1312 2596 l.
1336 2570 1358 2603 5.
1378 2572 1401 2596 5.
1428 2580 1448 2596 c.
1467 2572 1491 2596 2.
1512 2570 1533 2603 5.
1556 2572 1595 2595 ll.
1621 2569 1652 2594 de
1672 2568 1715 2593 off.
1738 2567 1788 2594 Prf.
1809 2568 1850 2594 Pr.
1872 2568 1926 2594 Afr.

1091 2615 1113 2639 1.
1133 2615 1175 2639 27.
1224 2612 1265 2638 111.
1288 2614 1354 2640 (1η.
1385 2612 1563 2639 Provinciales
1588 2616 1612 2637 ct
1637 2610 1789 2643 collatores,
1813 2627 1845 2630 ——
1870 2622 1927 2638 cun]

1089 2656 1210 2693 probatio
1231 2655 1317 2692 aliqua
1336 2655 1367 2681 ab
1388 2665 1417 2681 eo
1438 2655 1587 2681 tributariae
1607 2653 1747 2679 solutionis
1766 2655 1925 2691 exposcitur.

1090 2709 1111 2725 c.
1130 2700 1154 2724 3.
1182 2698 1214 2724 tle
1233 2698 1325 2735 apoch.
1344 2698 1406 2735 pub.
1433 2700 1472 2723 10.
1492 2699 1532 2722 22.
1564 2706 1585 2722 c.
1607 2697 1646 2722 18.
1666 2706 1705 2733 pr.
1729 2697 1766 2730 55
1787 2699 1810 2722 5.
1831 2707 1869 2733 sq.
1895 2697 1927 2723 de

1089 2741 1120 2767 R.
1140 2740 1173 2767 M.
1195 2743 1234 2767 12.
1254 2744 1296 2767 36.
1333 2741 1507 2767 Poss‹·ssm·‹=s
1532 2749 1590 2765 culn
1613 2739 1788 2765 satisfecerint
1806 2739 1927 2776 publicae

1090 2783 1236 2812 collationi.
1263 2786 1397 2810 cautiones
1422 2792 1481 2808 suas
1506 2781 1537 2808 ad
1557 2782 1698 2809 tabularios
1718 2782 1839 2820 publicos
1859 2782 1926 2807 dcl'e-

1088 2831 1159 2860 rant,
1189 2832 1216 2853 ut
1247 2837 1290 2853 eas
1319 2826 1438 2853 tabularii
1467 2841 1498 2844 —
1527 2826 1671 2863 suscipiant
1703 2836 1716 2851 a
1747 2825 1924 2852 collatoribus.
