2197 3121
959 148 1046 178 PAV
1059 166 1098 173 -
1108 148 1202 181 PEC.

205 239 264 256 nov.
293 239 314 255 c.
335 230 392 256 108.
417 229 438 263 3.
458 230 517 256 384,
554 228 583 255 Si
608 229 760 266 paucissimi
786 228 842 255 dies
862 229 1049 266 superfuerunt

205 271 237 298 ad
257 276 305 298 etc.
325 271 355 298 fr.
376 273 416 298 16.
436 271 469 298 dc
487 271 568 298 fundo
588 271 643 298 dot.
664 273 706 297 23.
725 273 748 297 5.

242 315 423 342 Pavidus.
443 313 571 348 (Adiect.)
598 315 822 341 Meticnlosus.
858 313 902 340 III.
923 315 989 342 Gn.
1008 314 1048 341 Iu-

205 362 291 383 menta
310 357 404 394 pavida
423 362 449 383 et.
468 356 613 383 calcitrosa.
633 357 663 383 sr.
684 358 707 383 4.
728 356 750 389 3.
769 359 793 383 3.
814 356 846 383 de
861 356 948 383 Aedil.
969 357 1046 384 edict.

204 402 246 426 21.
269 402 290 426 l.

242 443 524 470 Pavimentum.

205 487 303 518 vium,
331 487 573 512 incrustatione
597 491 724 511 tectum.

204 528 232 554 iu
251 528 303 554 imo
322 528 420 564 pariete
440 527 587 557 conclavis,
609 543 639 547 —
665 526 736 563 quod
756 532 826 553 esset
845 526 985 564 proluendi
1004 538 1047 564 pa-

204 571 313 597 vimenti
332 580 416 596 causa.
436 570 466 596 fr.
486 572 526 596 28.
547 569 579 595 de
593 569 619 596 S.
636 569 662 596 P.
677 569 707 596 V.
721 571 745 596 8.
758 572 782 596 2.
802 569 834 596 cs.
854 570 884 596 sr.
906 571 946 595 12.
966 570 987 603 3.
1004 572 1045 596 22.

206 613 239 639 de
259 614 331 639 instr.
353 612 401 649 leg.
420 613 462 638 33.
484 614 506 638 7.
544 612 696 649 Voluptatis
716 622 792 639 causa
813 613 868 644 (sc.
889 612 1046 639 refectiones

205 655 311 688 facere.)
331 660 360 682 ut
377 656 496 687 tectoria,
516 660 541 682 ct
560 657 715 692 pavimenta,
735 660 760 682 et
779 654 881 681 similia.
901 654 931 681 sr.
946 657 969 681 7.
988 656 1010 689 3
1021 657 1045 682 3.

206 698 239 725 de
258 698 339 724 ususr.
360 700 383 724 7.
405 699 426 724 1.

244 741 449 768 Paulatim.
487 740 600 773 (Advb.)
636 741 667 774 ἕ.
687 741 722 766 l.
744 742 880 771 Sensim,
900 742 1045 768 Minuta-

205 784 270 810 tim.
308 783 349 810 III.
366 785 431 811 Gn.
454 783 533 819 Quod
552 785 586 810 ita
605 783 674 821 paul.
695 782 823 815 adiicitur,
843 787 872 809 ut
891 782 982 809 oculos
1002 794 1046 809 no-

204 830 275 851 stros
295 825 374 853 sallat.
395 826 452 853 Gai.
472 826 502 853 11.
523 828 563 853 70.
583 826 613 852 fr.
634 828 656 852 7.
677 826 741 859 31.
762 825 794 852 de
813 826 844 852 A.
864 825 895 852 R.
916 826 949 852 D.
965 827 1006 852 41.
1023 828 1045 852 1.

205 867 379 895 Conduxerat
403 880 416 895 a
441 869 506 896 fisco
530 870 740 906 possessionem⁷
770 878 878 905 eamque
902 868 970 905 paul.
996 869 1045 902 [al.

204 911 398 948 particulatim]
428 912 548 949 pluribus
571 911 710 937 locaverat.
736 911 765 937 fr.
785 913 827 937 47.
852 912 873 945 3.
895 913 916 938 l.
937 912 969 938 dc
989 913 1045 938 iure

203 953 271 980 fisci.
291 956 331 981 49.
353 956 392 980 14.
413 971 445 974 —
465 955 495 988 §-
517 955 551 980 20
571 956 647 981 Post
668 961 847 988 temporum
867 957 1044 981 successio-

204 1006 278 1023 nem.
320 996 360 1023 Ill.
382 998 447 1024 Cn.
475 996 546 1022 Paul.
571 997 597 1022 in
623 996 711 1023 odium
734 998 832 1024 venire.
859 997 914 1024 Gai.
934 997 978 1024 lv.
1002 999 1044 1024 30.

203 1038 277 1065 Paul.
297 1040 323 1065 in
343 1050 417 1066 unam
443 1040 639 1065 consonantiam
663 1041 741 1076 iungi.
767 1041 788 1074 3.
808 1042 832 1067 3.
852 1040 870 1066 1.
891 1040 923 1067 de
942 1045 1043 1067 testam.

204 1081 261 1108 ord.
280 1084 304 1108 2.
326 1084 365 1108 10.
395 1081 466 1108 Paul.
491 1083 571 1118 igitur
594 1082 768 1109 admittemus.
793 1083 823 1109 sr.
845 1085 884 1110 11.
910 1084 931 1118 3.
953 1085 992 1110 13.
1013 1084 1045 1110 dc

204 1124 280 1161 legat.
300 1124 340 1151 111.
361 1125 427 1157 (32.)

241 1167 464 1194 Paulianae.
494 1167 623 1200 (Adiect.)
652 1170 698 1194 Aa
716 1170 850 1195 Paulum
869 1172 1043 1204 pertinens.

205 1226 237 1231 ——
257 1210 288 1243 ἓ.
302 1212 337 1237 1.
357 1212 404 1236 Ad
422 1211 481 1236 Iul.
502 1212 654 1243 Paulum,
675 1213 810 1244 Lotum,
830 1219 986 1246 spectans.
1024 1212 1042 1238 I.

204 1254 266 1287 Sy.
285 1251 487 1279 Prudentissimi
506 1252 594 1285 Pauli,
614 1253 735 1279 Pauliana
756 1255 926 1291 (respousa.)
947 1255 1043 1281 Const.

203 1295 316 1322 Omnem
337 1296 401 1332 reip.
422 1296 443 1329 3.
463 1298 487 1322 5.
507 1311 539 1315 —-—
560 1296 590 1328 §-
606 1297 640 1322 2.
655 1298 835 1330 Pauliana,
856 1301 873 1324 i.
886 1308 905 1324 e.
927 1299 1043 1324 Nomen

203 1345 310 1366 certae
337 1341 486 1365 actionis.
533 1338 575 1365 111.
601 1340 667 1366 011.
696 1339 723 1365 In
748 1339 860 1366 Fabiana
890 1342 993 1367 actione
1018 1345 1043 1367 et

203 1380 334 1413 Pauliana,
353 1391 401 1418 per
420 1391 511 1417 quam,
540 1392 605 1418 quae
624 1383 651 1407 in
670 1382 786 1409 fraudem
807 1383 965 1410 creditorum
984 1383 1044 1410 alie-

202 1429 262 1450 nata
281 1429 356 1456 sunt,
383 1430 546 1451 revocantur.
566 1425 597 1451 fr.
617 1426 658 1451 38.
680 1426 702 1458 3.
721 1427 744 1451 4.
765 1426 798 1452 (10
818 1436 887 1453 usur.
907 1429 948 1453 22.
969 1429 990 1454 1.
1011 1426 1043 1453 cf.

203 1466 347 1505 Theophili
366 1477 420 1504 par.
439 1466 503 1493 lnst.
523 1467 566 1494 1V.
587 1469 610 1494 6.
630 1469 651 1502 3.
672 1470 695 1494 6.
716 1484 747 1488 —
768 1469 799 1502 §-
815 1471 851 1496 3.
871 1472 1043 1502 I’auliani,

202 1512 221 1536 i.
246 1521 266 1536 e.
293 1512 543 1537 Haereticorum
567 1521 677 1546 genus.
720 1511 762 1538 111.
784 1513 850 1539 Gn.
878 1512 1043 1545 Donatistae,

202 1552 330 1585 Audiani,
351 1569 381 1573 —
407 1552 568 1585 Photiuiani,
592 1553 709 1580 Pauliani
735 1554 782 1588 [al.
807 1554 968 1589 Pauliniani]
994 1561 1042 1582 etc.

203 1595 254 1622 Th.
274 1595 304 1622 C.
323 1595 394 1622 XVI.
409 1598 433 1622 5.
454 1606 474 1622 c.
489 1597 530 1622 65.
549 1597 571 1630 3.
587 1599 611 1622 2.
631 1596 662 1623 dc
681 1597 778 1624 haeret.
799 1598 830 1624 cl'.
850 1598 913 1624 lust.
929 1597 959 1625 C.
982 1609 1003 1625 c.
1018 1600 1041 1625 5.

203 1638 261 1665 eod.
282 1640 304 1665 l.
324 1641 347 1665 5.

239 1682 474 1708 Pauliniani.
511 1681 552 1708 Cf.
572 1692 595 1708 v.
615 1682 763 1709 Paulianus.
784 1684 805 1717 3.
825 1685 849 1710 3.

240 1732 453 1765 Paulisper.
473 1732 586 1765 (Advb.)
605 1735 792 1768 Parumper.
829 1734 871 1760 III.
885 1735 950 1762 Cn.
969 1734 1042 1762 Paul.

204 1773 321 1800 relaxare
340 1776 392 1807 (ius
407 1776 492 1812 publ.)
513 1786 533 1802 c.
547 1777 572 1801 2.
592 1775 624 1802 de
638 1776 662 1802 11.
677 1786 719 1812 qu.
734 1786 772 1813 sp.
788 1777 848 1813 pub.
862 1787 931 1804 mun.
948 1779 986 1804 10.
1001 1780 1042 1804 43.

203 1817 240 1843 Vt
253 1818 321 1844 iuste
340 1817 512 1853 negligeretur
531 1818 600 1855 paul.
614 1820 727 1856 (privata
739 1819 860 1853 utilitas.)
881 1820 930 1846 Th.
942 1820 972 1847 C.
983 1820 1042 1847 XV.

205 1862 227 1886 l.
248 1870 268 1886 c.
289 1862 330 1886 50.
354 1860 386 1886 de
406 1870 467 1897 opp.
487 1861 549 1898 pub.

241 1912 374 1938 Paulo.
404 1911 524 1944 (Advb.)
555 1913 681 1938 Parum.
718 1912 762 1939 111.
782 1914 847 1940 Cn.
873 1914 931 1949 Qua
951 1919 1043 1947 aetate,

204 1958 248 1980 aut
267 1953 345 1991 paulo
365 1955 472 1980 maiore.
497 1953 527 1980 fr.
549 1956 571 1979 l.
596 1955 617 1988 3.
638 1957 661 1981 3.
685 1955 717 1981 (le
737 1956 833 1993 postul.
853 1958 875 1983 3.
898 1959 919 1983 1.
958 1958 1042 1993 Quam

203 2006 273 2023 nunc
293 2006 354 2023 vero
374 1998 478 2023 nomine
502 1999 628 2029 amicam,
653 1998 730 2035 paulo
751 1999 902 2026 honestiore
926 2003 1042 2028 concubi-

203 2049 263 2066 nam
284 2039 453 2077 adpellamuS.
474 2039 503 2066 sr.
524 2042 581 2066 144.
602 2040 634 2067 de
656 2040 684 2067 V.
705 2041 732 2067 S.
752 2044 793 2068 50.
815 2043 854 2069 16.

241 2091 396 2117 Paulus.
417 2089 544 2123 (Adiect.)
564 2093 730 2127 Exiguus,
747 2094 901 2120 Modicus.
926 2093 1041 2122 Iltcn.

204 2131 297 2169 Neque
321 2134 388 2159 enim
414 2132 492 2170 paulo
519 2133 680 2161 deverticulo
704 2135 850 2162 abducendi
869 2141 930 2163 sunt
948 2137 979 2163 ab
1000 2148 1042 2164 ex-

206 2175 297 2202 cubiis.
317 2175 367 2202 Th.
387 2175 417 2202 C.
438 2175 505 2202 VIII.
526 2178 548 2202 5.
570 2186 590 2202 c.
610 2179 651 2203 33.
672 2179 693 2212 3.
715 2180 736 2204 l.
757 2179 788 2205 de
807 2190 885 2206 cursu
904 2179 966 2217 pub.

243 2230 396 2257 Paulus.
429 2230 554 2264 (Subst.)
587 2233 704 2259 Nomen
724 2235 808 2261 Leti
825 2236 1040 2266 celeberrimi,

206 2272 265 2308 (qui
283 2272 349 2298 vixit
367 2274 529 2311 temporibus
548 2273 630 2311 Impp.
651 2274 743 2302 Severi
763 2281 788 2302 et
802 2276 968 2310 Alexandri.)
998 2277 1040 2304 111.

207 2316 274 2342 Cn.
295 2313 401 2350 leiani
419 2326 448 2342 ac
467 2316 540 2343 Pauli
559 2318 585 2343 in
605 2316 774 2354 Papinianum
794 2325 878 2346 notae.
901 2319 949 2346 Th.
971 2319 1001 2347 C.
1022 2320 1040 2346 1.

574 444 683 469 Solam
719 444 826 469 domus
858 448 888 468 et
918 445 1047 469 concla-

765 484 808 511 111.
828 486 894 512 Gn.
918 484 1047 511 foramen

206 2360 231 2383 4.
251 2367 272 2383 c.
294 2358 317 2382 1.
336 2367 357 2383 0.
376 2358 400 2383 3.
421 2358 531 2393 (ch.)
551 2359 583 2386 de
602 2370 671 2398 resp.
691 2361 767 2398 prud.
804 2361 946 2395 Vniversa,
975 2373 1041 2399 quae
1063 2366 1064 2373 ¹

207 2400 336 2436 scriptura
347 2398 420 2425 Pauli
434 2402 607 2435 continentur,
626 2409 731 2441 recepta
750 2406 903 2431 auctoritate
916 2406 1041 2432 firmanda

207 2446 277 2468 sunt.
297 2441 333 2468 lb.
355 2452 375 2467 c.
390 2444 414 2468 2.
428 2442 460 2468 cs.
481 2453 501 2469 c.
520 2446 544 2470 3.
564 2446 621 2472 eod.
659 2447 782 2482 Quod-
801 2453 826 2474 et
844 2448 969 2475 Atilicino
989 2449 1042 2486 pla-

208 2485 308 2516 cuisse,
328 2483 424 2510 Paulus
444 2486 498 2511 suis
517 2485 606 2521 libris,
626 2499 692 2525 quos
712 2495 763 2516 tam
782 2490 814 2517 ad
832 2491 895 2517 Mas.
916 2491 1042 2518 Sabinum

209 2537 285 2563 quam
305 2526 336 2553 ad
350 2526 479 2553 Plautium
499 2530 612 2565 scripsit,
631 2532 717 2559 refert.
738 2532 779 2559 Pr.
796 2533 812 2559 1.
827 2533 859 2560 de
873 2534 960 2561 hored.
980 2536 1040 2561 inst.

207 2574 232 2596 2.
253 2571 293 2596 14.
330 2569 376 2596 lul.
396 2569 469 2596 Pauli
490 2571 587 2607 opinio,
609 2578 634 2599 et
652 2575 760 2602 aliorum
781 2581 909 2603 certorum
928 2578 1045 2614 pruden-

208 2614 280 2639 tium.
300 2623 320 2638 c.
336 2615 359 2639 5.
380 2613 438 2646 3.1.
459 2612 490 2639 de
510 2623 560 2639 ree.
580 2615 667 2643 arbitr.
685 2620 708 2643 2.
729 2620 769 2645 56.
806 2619 972 2656 Responsum
992 2621 1043 2647 viri

208 2655 407 2693 prudentissimi
431 2655 512 2682 Pauli.
537 2666 556 2682 c.
577 2658 600 2683 6.
621 2657 653 2684 de
672 2665 743 2696 nupt.
763 2663 787 2688 5.
800 2662 830 2688 ’4.
856 2673 877 2689 0.
899 2665 938 2689 11.
961 2662 992 2689 ad
1011 2663 1040 2689 L.

209 2698 290 2725 Corn.
311 2697 343 2724 de
362 2697 418 2724 sals.
437 2699 460 2724 9.
480 2701 521 2724 22.
542 2698 586 2732 (cf.
606 2709 630 2725 v.
649 2699 794 2730 Paulianus.
815 2705 835 2738 3.
858 2706 893 2738 1.)

246 2750 363 2776 Pavo.
401 2750 513 2775 Avium
538 2759 638 2785 genus
662 2754 869 2781 notissimum.
908 2756 943 2782 111
975 2758 1063 2784 cns

208 2791 341 2818 Pavonum
362 2796 385 2818 et
406 2792 582 2819 columbarum
602 2792 653 2820 fera
674 2798 762 2821 natura
782 2802 828 2824 est.
848 2798 878 2824 fr.
892 2800 915 2825 5.
935 2799 956 2832 3.
971 2801 994 2825 5.
1009 2799 1041 2825 de

1868 157 1932 188 689

1091 230 1122 257 A.
1142 230 1172 258 R.
1187 231 1220 258 D.
1234 232 1276 258 41.
1296 233 1319 258 l.
1356 232 1427 260 Pavo
1446 243 1519 261 meus
1538 239 1699 262 mansuetus.
1719 235 1749 262 fr.
1763 237 1803 263 37.
1825 237 1857 264 de
1870 238 1929 266 furt.

1091 275 1132 300 47.
1151 275 1175 300 2.

1128 318 1265 345 Pavor·
1307 319 1421 345 Timor.
1457 319 1499 345 III.
1520 320 1586 347 Gn.
1615 320 1644 347 Si
1669 331 1719 357 qua
1741 321 1862 355 lascivia,
1887 329 1931 350 aut

1090 369 1188 396 pavore
1207 359 1250 393 [al.
1265 359 1389 395 servore.]
1409 367 1453 388 aut
1471 362 1574 389 feritate
1587 365 1739 400 pauperiem
1751 364 1862 392 fecerint
1879 367 1929 400 (sc.

1092 401 1231 436 animalia.)
1251 402 1293 429 Pr.
1313 403 1331 430 1.
1352 405 1374 430 si
1393 404 1482 440 quadr.
1503 415 1580 443 paup.
1600 407 1623 432 4.
1643 408 1667 433 9.

1129 446 1293 478 Pauper.
1321 446 1460 480 (Adiect.)
1490 450 1551 481 Qui
1575 451 1733 484 angustia
1758 453 1807 477 rei
1824 453 1929 487 fami-

1091 489 1192 514 liaris
1217 490 1352 516 laborat.
1394 489 1424 516 ll.
1446 491 1513 524 Op.
1538 490 1688 527 Pauperior.
1709 509 1741 512 —
1764 493 1861 520 Ditior.
1887 494 1928 521 Cf.

1091 529 1116 556 h.
1136 540 1160 556 v.
1197 530 1376 568 Locupletior.
1400 531 1430 558 fr.
1451 534 1474 559 4.
1499 533 1528 559 l'r.
1548 535 1572 560 5.
1591 534 1628 568 33.
1647 536 1671 561 8.
1692 536 1731 562 16.
1751 535 1784 563 de
1803 536 1862 563 don.
1882 538 1929 564 int.

1091 572 1125 599 V.
1142 575 1182 599 24.
1205 576 1227 600 l.
1264 574 1307 601 111.
1327 576 1393 602 Cn.
1422 574 1567 612 Pauperes,
1589 592 1618 596 ——-
1642 577 1684 603 vel
1705 580 1811 615 penitus
1830 579 1930 606 mendi-

1091 621 1194 647 cantes,
1217 617 1260 643 vel
1284 616 1332 643 alia
1357 619 1548 644 sustentatione
1567 624 1680 655 egentes.
1705 630 1725 647 c.
1745 623 1786 648 49.
1811 623 1833 656 3.
1853 624 1876 649 6.
1897 623 1930 649 de

1091 660 1171 695 episc.
1192 664 1218 685 et
1237 659 1298 686 cler.
1320 662 1342 686 l.
1361 662 1385 686 3.
1422 661 1587 687 Donationes
1614 661 1699 689 facere
1718 679 1750 683 -
1766 665 1800 690 'in
1820 675 1930 692 nosoco-

1090 702 1182 733 mium,
1202 718 1233 721 —
1259 702 1300 729 vel
1326 704 1352 729 in
1377 704 1450 740 ipsos
1474 714 1617 741 paupereS,
1641 705 1683 732 vel
1702 707 1729 732 in
1748 717 1929 745 quamcunque

1090 745 1229 771 civitatem.
1254 756 1275 772 c.
1297 747 1336 772 19.
1361 746 1393 773 de
1412 746 1459 773 SS.
1481 746 1544 773 eccl.
1566 749 1587 773 1.
1607 749 1631 774 2.
1668 748 1734 775 Νῦν.
1755 749 1876 778 Illarcian.
1896 751 1928 778 (10

1092 792 1193 814 testam.
1214 788 1300 815 cleric.
1320 788 1361 814 111.
1381 791 1404 815 5.
1426 800 1446 816 c.
1468 791 1491 816 1.
1510 790 1532 824 3.
1553 792 1575 816 1.

1127 832 1350 864 Pauperfies.
1375 833 1545 865 Damnum,
1565 836 1650 867 quod
1667 836 1769 861 alteri
1786 839 1927 864 sarcien-

1089 876 1159 900 dam
1178 881 1239 906 est,
1259 874 1374 907 (scilicet
1393 876 1415 901 si
1435 875 1529 902 animal
1548 881 1668 902 nostrum
1686 883 1813 905 commota
1826 878 1928 907 feritate

1089 917 1200 949 nocuit.)
1237 917 1254 942 I.
1276 918 1337 951 Sy.
1362 917 1492 944 Damnum
1515 919 1572 945 sine
1591 920 1684 945 iniuria
1703 920 1831 948 facientis.
1853 922 1883 948 t'r.
1905 925 1926 949 l.

1089 959 1109 993 3.
1129 960 1153 985 3.
1174 960 1196 985 si
1217 959 1343 996 quadrup.
1364 962 1386 987 9.
1409 963 1431 987 1.
1468 961 1509 987 111.
1530 963 1596 989 Cn.
1616 961 1645 988 Si
1664 963 1814 1001 quadrupes
1832 975 1928 1002 paupe—

1088 1003 1151 1028 riem
1176 1002 1280 1033 fecerit,
1305 1002 1459 1029 damnumve
1484 1003 1603 1035 dederit,
1632 1005 1728 1041 quidve
1752 1006 1860 1044 depasta
1884 1010 1926 1035 sit.

1088 1045 1159 1071 Paul.
1185 1045 1202 1072 Ι.
1225 1047 1264 1071 15.
1291 1046 1311 1079 3.
1334 1048 1356 1072 l.
1381 1046 1410 1072 fr.
1432 1048 1471 1073 14.
1497 1048 1518 1080 3.
1538 1049 1562 1073 3.
1587 1047 1619 1073 de
1642 1058 1756 1084 praescr.
1780 1060 1821 1076 vv.
1843 1053 1882 1077 19.
1902 1054 1925 1078 5.

1088 1087 1151 1114 Sive
1170 1098 1281 1125 corpore
1299 1099 1347 1115 suo
1368 1090 1517 1126 pauperiem
1537 1089 1686 1127 quadrupes
1705 1091 1786 1124 dedit,
1805 1094 1861 1119 sive
1879 1104 1927 1131 per

1088 1130 1163 1157 aliam
1183 1141 1245 1161 rem,
1265 1141 1342 1167 quam
1361 1133 1446 1168 tetigit
1466 1132 1622 1170 quadrupes.
1642 1133 1672 1160 fr.
1694 1136 1716 1160 l.
1736 1135 1758 1168 3.
1778 1136 1801 1161 9.
1822 1137 1845 1162 si
1866 1147 1926 1173 qua-

1088 1173 1162 1211 drup.
1182 1175 1207 1200 9.
1230 1176 1252 1199 1.
1290 1174 1402 1209 Quoties
1426 1180 1516 1201 contra
1536 1180 1652 1202 naturam
1671 1176 1724 1203 sera
1743 1183 1812 1204 mota
1831 1189 1926 1217 paupe-

1086 1217 1150 1242 riem
1170 1216 1248 1243 dedit.
1270 1216 1299 1243 fr.
1322 1219 1343 1243 l.
1363 1218 1384 1251 3.
1406 1219 1428 1244 7.
1449 1217 1480 1244 cf.
1500 1218 1523 1252 3.
1542 1220 1565 1244 4.
1585 1218 1620 1245 ib.
1639 1220 1663 1245 9.
1684 1220 1706 1245 l.

1123 1261 1348 1292 Paupertas.
1385 1263 1444 1288 Res
1466 1262 1663 1297 familiaris
1692 1269 1843 1298 angusta.
1880 1264 1924 1291 III.

1088 1303 1153 1330 Cn.
1178 1302 1305 1329 Nonnulli
1324 1308 1434 1340 propter
1452 1309 1631 1341 paupertatem
1654 1304 1708 1337 (sc.
1728 1315 1849 1333 accusare
1868 1318 1926 1345 pro-

1087 1345 1240 1378 hibentur.)
1265 1350 1293 1372 ut
1315 1350 1376 1372 sunt
1395 1347 1440 1382 qui
1460 1348 1545 1373 minus
1565 1357 1641 1384 quam
1660 1346 1681 1373 L
1700 1358 1793 1374 aureos
1821 1349 1925 1377 babent.

1088 1387 1116 1414 fr.
1139 1390 1177 1414 10.
1204 1387 1235 1414 de
1259 1398 1344 1414 accus.
1369 1390 1410 1415 48.
1431 1391 1454 1415 2.
1496 1389 1552 1415 11115
1582 1391 1759 1427 temporibus,
1786 1392 1813 1417 in
1837 1402 1926 1429 magna

1088 1436 1254 1468 paupertate,
1281 1432 1362 1462 (satis
1386 1431 1497 1458 idoneae
1523 1432 1681 1459 videbantur
1708 1435 1774 1460 istae
1801 1437 1926 1472 poenae.)

1088 1473 1144 1500 Gai.
1159 1473 1198 1500 111.
1213 1475 1271 1500 223.
1300 1473 1443 1511 Paupertas
1462 1484 1524 1500 sane
1544 1475 1587 1501 dat
1601 1477 1805 1508 excusationem,
1826 1479 1848 1504 si
1867 1479 1926 1515 quis

1086 1518 1211 1554 imparem
1230 1527 1259 1542 se
1279 1518 1351 1543 oneri
1371 1517 1487 1543 iniuncto
1507 1519 1593 1554 possit
1611 1518 1731 1555 probare.
1750 1519 1781 1546 fr.
1796 1521 1818 1546 7.
1838 1520 1871 1547 de
1885 1531 1926 1548 ex-

1087 1564 1180 1586 cusatt.
1199 1561 1241 1586 27.
1262 1561 1285 1586 1.
1306 1559 1388 1586 Vatic.
1409 1560 1445 1594 33.
1465 1561 1524 1586 240.
1544 1562 1603 1587 243.

1124 1604 1218 1630 Pax.
1254 1603 1284 1636 §-
1305 1604 1339 1629 1.
1369 1604 1570 1637 Compositio
1595 1606 1803 1637 certaminis,
1828 1607 1925 1643 (spon-

1086 1646 1160 1672 sione
1179 1646 1315 1682 proposita
1335 1645 1367 1672 de
1386 1655 1438 1671 non
1458 1645 1584 1672 turbanda
1603 1656 1733 1673 armorum
1749 1649 1857 1683 quiete.)
1894 1649 1924 1675 11.

1089 1690 1156 1722 011.
1184 1688 1295 1714 Bellum.
1321 1688 1350 1714 fr.
1370 1690 1393 1715 2.
1418 1689 1439 1722 3.
1459 1690 1500 1715 37.
1523 1688 1555 1715 de
1575 1688 1607 1714 0.
1628 1689 1645 1715 l.
1666 1691 1689 1715 1.
1709 1692 1732 1716 2.
1770 1690 1798 1717 In
1817 1701 1881 1728 pace
1900 1697 1926 1719 et

1088 1732 1112 1757 in
1128 1732 1190 1761 otio,
1205 1746 1234 1750 —
1256 1730 1284 1756 In
1304 1730 1432 1768 proelium
1451 1732 1545 1757 exituri
1566 1731 1708 1763 (faciebant
1721 1736 1926 1768 testamentum.)

1088 1773 1145 1800 Gai.
1164 1773 1193 1798 11.
1215 1774 1271 1798 101.
1309 1772 1337 1798 Si
1363 1772 1507 1809 Imperator
1530 1779 1621 1800 noster
1644 1774 1792 1812 Principem
1815 1776 1925 1804 alicuius

1090 1817 1220 1853 peregrini
1239 1815 1329 1852 populi
1349 1815 1381 1842 (10
1400 1826 1463 1853 pace
1482 1817 1516 1842 ita
1540 1818 1695 1853 interroget:
1724 1818 1840 1850 „Pacem
1858 1819 1925 1846 futu—

1088 1869 1141 1885 ram
1166 1857 1320 1895 spondes?“
1351 1858 1388 1885 lb.
1413 1859 1455 1885 111.
1476 1860 1517 1885 94.
1542 1859 1573 1886 cf.
1601 1859 1632 1886 fr.
1654 1862 1676 1886 l.
1705 1860 1771 1893 3.1.
1796 1862 1828 1888 fr.
1845 1865 1868 1888 5.
1893 1862 1925 1889 de

1087 1906 1154 1938 pact.
1174 1903 1198 1926 2.
1220 1902 1260 1927 14.
1281 1916 1311 1920 -
1340 1902 1370 1934 §.
1391 1903 1427 1928 2.
1456 1904 1591 1929 Sanctio
1615 1905 1813 1932 securitatis
1831 1912 1861 1932 et
1879 1908 1925 1932 di—

1087 1946 1249 1978 sciplinae
1273 1946 1431 1978 publicae.
1476 1944 1518 1970 111.
1539 1946 1605 1972 Gn.
1634 1945 1829 1973 Irenarcharum
1851 1957 1925 1973 voca—

1087 1986 1162 2019 bula,
1191 1996 1257 2023 quae
1277 2003 1308 2006 —
1334 1988 1429 2023 quictis
1454 1997 1483 2013 ac
1506 1989 1578 2023 pacis
1602 1998 1649 2025 per
1674 1989 1775 2025 singula
1796 1991 1924 2016 territoria

1086 2029 1155 2056 haud
1174 2030 1264 2056 sinunt
1282 2034 1352 2056 stare
1372 2029 1545 2056 concordiam.
1566 2030 1615 2057 Th.
1635 2031 1666 2058 C.
1684 2031 1741 2058 XII.
1758 2033 1797 2058 14.
1818 2043 1838 2059 0.
1854 2035 1876 2059 l.
1892 2032 1924 2059 de.

1086 2072 1212 2100 irenarch.
1250 2072 1400 2099 Praefectus
1419 2074 1500 2109 pacis,
1520 2073 1564 2106 [al.
1584 2074 1662 2110 pagi]
1682 2074 1723 2100 vel
1743 2074 1857 2101 decurio.
1886 2075 1922 2101 Ib.

1086 2115 1116 2142 II.
1135 2117 1176 2142 30.
1197 2126 1218 2142 c.
1234 2117 1255 2141 l.
1276 2115 1308 2141 de
1327 2116 1425 2152 pignor.
1463 2115 1491 2142 In
1510 2116 1606 2152 quibus
1626 2119 1674 2150 (sc.
1689 2116 1767 2149 locis)
1788 2128 1845 2144 cum
1860 2128 1923 2155 pace

1087 2164 1112 2185 et
1131 2159 1219 2195 quiete
1243 2163 1302 2184 vota
1328 2160 1454 2196 competit
1478 2158 1612 2185 celebrari.
1642 2170 1662 2185 c.
1682 2161 1707 2185 5.
1732 2159 1764 2186 de
1783 2159 1808 2186 b.
1829 2171 1871 2197 qu.
1891 2161 1922 2188 ad

1086 2201 1149 2228 eccl.
1172 2203 1193 2227 1.
1215 2203 1254 2227 12.
1292 2202 1365 2237 Quas
1386 2204 1439 2234 (sc.
1459 2201 1601 2235 ecclesias)
1625 2207 1714 2228 nostra
1739 2213 1790 2239 pax
1813 2203 1921 2229 obtinet.

1063 2246 1064 2250 ’
1086 2243 1136 2271 Th.
1157 2243 1187 2270 C.
1207 2244 1277 2270 XVI.
1301 2247 1324 2270 5.
1350 2255 1369 2271 0.
1390 2246 1413 2270 4.
1440 2244 1472 2270 de
1496 2244 1592 2270 haeret.
1617 2244 1648 2271 cs.
1667 2244 1739 2271 XVI.
1760 2247 1782 2271 1.
1806 2256 1826 2271 c.
1847 2248 1869 2271 4.
1890 2245 1922 2271 de

1086 2287 1139 2314 fide
1159 2286 1253 2313 cathol.

1123 2331 1304 2357 Peeeare.
1342 2331 1550 2364 Deliuquere.
1587 2330 1631 2356 HI.
1651 2331 1717 2357 Gn.
1746 2329 1842 2366 Vtique
1860 2340 1921 2366 pec-

1086 2383 1160 2400 cassc
1179 2371 1278 2408 aliquid
1297 2372 1459 2408 intelligitur,
1479 2372 1541 2398 licet
1559 2382 1607 2409 per
1625 2372 1832 2409 imprudentiam.
1853 2372 1882 2398 sr.
1897 2374 1921 2399 6.

1086 2416 1118 2442 de
1137 2420 1203 2442 extr.
1224 2424 1296 2450 cogn.
1317 2417 1357 2440 50.
1379 2417 1418 2441 13.
1439 2415 1470 2441 cl'.
1490 2415 1520 2442 fr.
1541 2416 1564 2442 9.
1585 2415 1606 2448 3.
1626 2417 1649 2440 5.
1669 2414 1745 2441 locat.
1764 2416 1803 2440 19.
1817 2417 1840 2440 2.
1869 2415 1920 2442 Ma-

1086 2459 1176 2484 teriam
1195 2457 1320 2494 peccandi
1344 2457 1418 2483 malis
1438 2458 1555 2484 moribus
1574 2462 1714 2494 praestare.
1738 2457 1767 2483 sr.
1790 2459 1811 2484 l.
1832 2468 1869 2494 pr.
1889 2458 1921 2484 ad

1086 2501 1151 2527 S.C.
1172 2500 1235 2526 Mac.
1256 2502 1294 2526 14.
1315 2501 1339 2526 6.
1376 2500 1491 2527 Pessima
1512 2501 1647 2527 criminum
1666 2509 1781 2536 peccare.
1803 2510 1824 2526 c.
1839 2502 1861 2526 1.
1881 2511 1920 2538 pr.

1086 2544 1118 2570 de
1137 2549 1212 2580 raptu
1231 2544 1309 2578 virgg.
1330 2544 1353 2569 9.
1374 2544 1413 2570 13,
1456 2544 1484 2570 In
1509 2552 1618 2579 corpore
1642 2552 1689 2568 suo
1713 2552 1784 2579 pecc.
1814 2542 1859 2569 lul.
1880 2554 1919 2580 ep.

1086 2597 1145 2613 nov.
1166 2596 1186 2611 c.
1206 2587 1246 2611 67.
1266 2586 1287 2618 3.
1307 2587 1366 2611 241.
1387 2596 1407 2611 0.
1430 2588 1485 2612 107.
1505 2587 1526 2618 3.
1548 2586 1606 2610 373.

1123 2629 1320 2655 Peccator.
1360 2630 1422 2661 Qui
1440 2631 1591 2655 delictum
1610 2629 1781 2654 commisit.
1800 2627 1842 2654 111.
1855 2629 1920 2656 Gn.

1085 2671 1119 2698 Et
1137 2676 1297 2708 peccatores,
1318 2676 1343 2697 et
1363 2673 1385 2698 ei
1405 2672 1447 2707 qui
1467 2680 1542 2707 opem
1556 2669 1654 2705 flagitio
1668 2669 1804 2703 dederuut,
1824 2672 1920 2708 (capite

1062 2735 1063 2747 ,
1085 2714 1249 2751 puniuntur.)
1270 2714 1290 2747 3.
1311 2715 1333 2739 8.
1355 2713 1385 2740 cf.
1406 2715 1426 2747 3.
1447 2716 1470 2739 4.
1491 2713 1522 2739 de
1542 2712 1603 2749 pub.
1623 2712 1701 2739 iudic.
1721 2714 1745 2740 4.
1764 2715 1804 2740 18.

1123 2758 1341 2783 Peccatum.
1379 2757 1582 2790 Flagitium,
1611 2756 1783 2782 Delictum.
1819 2755 1837 2781 1.
1858 2757 1918 2789 Sy.

1062 2785 1063 2835 l
1086 2799 1250 2826 maleficium.
1271 2798 1300 2825 sr.
1320 2800 1378 2824 244.
1399 2798 1431 2824 de
1450 2797 1482 2824 V.
1503 2797 1584 2824 S.50.
1600 2799 1639 2824 16.
1675 2797 1815 2833 Delictum.
1835 2797 1874 2823 Cf.
1893 2798 1907 2823 h

1446 2843 1478 2868 δῖ
