2197 3121
1004 164 1080 195 SPE
1091 166 1222 198 —SPL.

238 246 330 279 Rivos,
350 257 454 284 specus,
473 252 548 285 septa
567 246 683 278 reficere,
703 255 825 283 purgare.
845 255 927 283 aquae
946 245 1080 273 ducendae

240 300 325 316 causa.
346 290 376 317 fr.
399 292 420 316 1.
440 300 478 327 pr.
499 291 520 324 5.
538 292 563 316 3.
583 289 615 315 de
635 289 682 315 riv.
702 291 743 315 43.
763 291 805 315 21.

273 333 474 366 Spelunca.
501 336 661 364 Secessus,
681 334 938 366 Receptacnlum.
959 332 1000 359 111.
1013 334 1079 360 Cn.

237 374 331 412 Neque
354 375 419 402 alios
444 385 616 412 quoscunque
646 375 790 402 haereticos
816 374 955 412 speluncas
984 375 1082 402 habere
1103 381 1104 390 ¹

239 433 270 437 —
290 420 410 456 patimur.
430 418 496 444 Νῦν.
515 420 557 445 37.

271 462 575 494 Spendophorus.
613 462 731 487 Nomen
749 462 842 487 servi.
862 459 903 486 Ill.
920 461 984 487 011.
998 460 1081 498 Spen-

236 503 382 540 dophorus,
403 503 451 538 [al.
471 503 708 540 Spondophorus]
729 519 761 523 —-
786 505 808 530 si
833 504 947 529 rationes
969 518 1000 522 —
1020 504 1078 530 red-

237 546 342 579 diderit,
361 545 429 572 liber
448 547 517 572 esto!
538 546 567 572 sr.
587 548 627 572 41.
649 547 731 580 516.
752 545 784 572 de
804 545 887 572 fideic.
907 545 972 572 libb.
992 548 1033 572 40.
1053 548 1077 573 5.

271 590 447 622 sperare.
471 590 502 622 ξ.
514 590 548 616 l.
563 590 776 622 Exspectare.
795 591 1006 621 I'raeridere,
1021 592 1078 616 ali-

237 634 482 668 quidfnturtcm
501 642 573 658 esse.
611 631 629 657 1.
644 633 705 665 Sy.
725 631 893 668 Exspectare.
914 631 943 657 sr.
959 634 982 658 7.
1002 632 1039 665 55.
1057 634 1077 658 1.

236 683 274 709 sq.
295 674 328 701 de
347 674 436 701 hered.
455 680 508 712 pet.
528 678 552 701 5.
571 676 595 700 3.
633 674 686 710 Qui
706 675 775 700 nasci
789 678 916 710 speratur.
939 674 991 710 Qui
1012 675 1077 701 sutu-

235 726 280 743 rus
300 722 349 749 est,
369 728 389 743 s.
411 718 436 744 in
456 722 531 744 utero
611 717 640 744 fr.
662 719 684 743 7.
705 717 737 743 de
749 721 818 742 statu
833 716 899 742 hom.
924 719 945 743 l.
960 719 983 743 5.
1005 717 1035 743 l‘r.
1053 720 1073 744 1.

235 760 257 793 5.
276 761 299 786 9.
319 759 352 786 de
370 765 462 786 ventre
482 760 508 786 in
527 770 599 797 poss.
619 762 660 786 37.
681 762 704 786 9.
725 759 754 785 fr.
768 761 827 785 231.
848 759 880 785 (le
894 759 924 786 V.
939 760 965 787 S.
980 762 1020 786 50.
1038 762 1076 787 16.

234 801 277 828 IH.
289 803 355 830 Gn.
376 802 426 829 Cui
446 803 649 829 fideicommissa
662 802 769 828 libertas
782 801 901 834 debetur,
921 803 962 829 vel
981 808 1077 829 statuta

234 850 363 882 speratur.
383 845 414 872 fr.
433 848 475 872 27.
495 847 578 880 510.
598 845 630 872 ad
648 844 677 871 L.
697 844 743 871 Iul.
764 844 797 871 de
816 845 856 871 ad.
876 847 917 872 48.
937 848 960 872 5.
998 846 1078 872 Dedi·
1098 865 1099 887 ξ

233 892 276 914 tus
295 898 402 925 sperare
421 888 506 915 adhuc
525 888 670 915 libertatem
690 889 799 924 poterit,
820 898 867 914 nec
887 889 954 915 enim
975 889 1075 915 deditio
1098 895 1100 912 t

233 940 308 968 spem
327 932 351 957 ei
369 931 461 958 adimit
484 931 620 958 libertatis.
648 930 678 957 fr.
698 932 721 957 9.
747 941 786 967 pr.
810 932 830 964 5.
851 933 874 957 3.
900 931 932 957 de
956 931 1072 957 statulib.

231 975 274 1000 40.
295 975 317 1000 7.
337 974 368 1000 fr.
390 976 428 1000 14.
449 973 481 1000 de
500 974 643 1010 quaestion.
668 975 708 1000 48.
730 975 770 999 15.
808 974 837 1000 Si
862 973 993 1000 hereditas
1013 984 1076 1000 non·
1098 978 1099 1010 J

233 1016 295 1043 dum
313 1016 382 1043 adita
401 1019 444 1048 sit,
464 1027 496 1043 ex
515 1026 564 1052 qua
584 1021 655 1042 tutor
674 1021 802 1053 speratur.
822 1017 853 1043 l‘r.
876 1019 914 1043 10.
930 1027 969 1053 pr.
989 1016 1018 1043 fr.
1037 1019 1074 1043 11.
1098 1027 1099 1031 ¹

232 1069 272 1096 pr.
292 1059 324 1085 de
343 1064 443 1086 testam.
464 1064 509 1085 tut.
529 1061 571 1086 26.
588 1062 613 1085 2.
650 1058 693 1087 Vt.
714 1060 758 1095 qui
777 1065 915 1096 sperarent
934 1060 1000 1085 hanc
1020 1069 1077 1086 suc-

232 1103 392 1133 cessionem,
417 1102 495 1128 iidcm
520 1107 655 1128 tuerentur
681 1102 755 1128 bona.
781 1102 811 1130 sr.
839 1105 859 1129 Ι.
885 1113 924 1140 pr.
950 1102 982 1128 de
1007 1102 1075 1138 legit.

234 1149 280 1172 tut.
300 1146 342 1171 26.
361 1148 384 1171 4.
405 1144 434 1171 fr.
455 1147 495 1171 75.
515 1155 554 1182 pr.
580 1144 611 1171 ad
636 1144 701 1171 SC.
723 1144 802 1171 Treb.
826 1146 867 1171 36.
890 1147 910 1171 1.
949 1146 1002 1181 Qui
1022 1146 1077 1172 iure

231 1188 336 1224 patroni
354 1187 405 1214 boc
425 1198 530 1224 sperare
550 1193 670 1224 possunt.
709 1187 792 1214 Vatic.
812 1188 833 1221 5.
854 1190 913 1214 224.
933 1188 964 1215 cl'.
985 1188 1014 1215 l'r.
1036 1191 1075 1215 14.

231 1230 265 1257 de
284 1235 330 1257 tut.
351 1235 375 1256 et
395 1241 448 1257 cur.
469 1230 519 1256 dat.
539 1232 580 1256 26.
599 1232 623 1256 5.
662 1230 794 1266 Quamdiu
813 1241 876 1257 suus
896 1231 972 1257 heres
991 1241 1079 1268 spera·
1098 1234 1099 1243 ¹

230 1278 274 1299 tur
292 1272 369 1299 heres
388 1273 446 1300 fieri
469 1283 557 1310 posse.
596 1272 657 1310 le.
677 1273 773 1300 XXVI.
792 1275 816 1300 3.
855 1274 907 1309 Qui
932 1276 1020 1312 potius
1044 1285 1076 1301 ex

229 1315 325 1342 iudicis
345 1326 434 1342 errore
454 1332 485 1336 —
506 1317 643 1342 victoriam
663 1321 766 1353 sperat⁷
791 1326 867 1353 qnam
887 1327 919 1343 ex
938 1328 1013 1344 eausa
1034 1328 1076 1344 ve-

229 1359 324 1385 ritatis.
342 1359 399 1385 Gai.
420 1358 463 1385 1V.
486 1360 543 1385 178.
585 1359 664 1394 Quod
689 1361 774 1397 optari
798 1361 901 1386 interim
921 1362 1074 1398 sperarique

230 1401 381 1428 condeceat.
402 1401 451 1428 Th.
471 1401 502 1428 C.
522 1401 565 1428 111.
585 1405 608 1429 8.
635 1413 652 1429 c.
675 1404 698 1428 2.
723 1403 744 1436 5.
764 1404 788 1429 3.
815 1402 847 1429 de
871 1413 922 1430 sec.
947 1409 1020 1441 nupt.
1041 1421 1073 1424 ——

227 1444 261 1478 ἓ.
278 1445 313 1471 2.
335 1446 546 1477 Sollicitare,
570 1447 661 1472 Votis
680 1452 835 1479 expetere.
873 1446 916 1473 111.
935 1449 1000 1474 Cn.
1019 1448 1074 1474 Aut

230 1496 386 1514 concessum
405 1487 510 1519 habere.
531 1493 574 1514 aut
593 1498 727 1524 quaerere⁷
747 1499 760 1514 a
781 1499 938 1526 quocunque
958 1501 1072 1528 sperare.

230 1540 252 1556 c.
271 1532 295 1556 6.
316 1529 348 1556 de
367 1529 419 1557 div.
440 1541 520 1557 resur.
542 1533 564 1557 l.
582 1533 624 1557 23.
662 1531 715 1557 Aut
734 1533 915 1569 sperantibus.
935 1539 978 1560 aut
997 1536 1072 1560 etiam

228 1572 386 1599 audentibus
407 1575 538 1611 (accipere
558 1584 609 1600 non
629 1573 727 1605 11ceat.)
752 1585 773 1601 c.
792 1577 833 1602 33.
854 1576 875 1609 5.
895 1579 918 1602 5.
939 1576 972 1603 de
991 1578 1072 1614 episc.

230 1620 256 1642 et
270 1615 331 1642 cler.
348 1617 370 1642 l.
384 1618 408 1643 3.
447 1616 559 1654 Propter
578 1622 711 1654 speratum
732 1620 914 1654 patrocinium,
933 1620 1071 1657 spondere.

229 1668 250 1685 c.
264 1661 288 1685 4.
308 1658 341 1685 de
359 1659 435 1685 cond.
456 1660 489 1685 ob
510 1670 579 1686 caus.
600 1660 650 1686 dat.
670 1662 694 1686 4.
710 1661 732 1687 6.
759 1661 839 1696 Quod
860 1672 891 1688 ex
911 1672 1012 1689 summo
1033 1673 1070 1689 re·
1093 1679 1095 1687 1

228 1711 286 1727 rum
305 1707 414 1738 parente
439 1712 583 1740 speramus.
608 1702 658 1729 Th.
679 1703 709 1729 C.
729 1703 800 1730 XVI.
819 1707 843 1730 5.
865 1715 886 1731 c.
906 1707 928 1731 6.
954 1706 975 1739 5'.
996 1709 1019 1732 2.
1040 1706 1072 1732 de
1093 1710 1095 1726 Ι

228 1743 326 1770 haeret.
364 1744 393 1771 Si
418 1745 449 1771 ad
474 1745 523 1771 hoc
546 1746 683 1782 pecuniam
708 1747 840 1773 constabit
869 1754 1007 1785 speratam.
1033 1749 1070 1775 lb.
1093 1755 1094 1777 ἒ

228 1786 272 1813 VI.
291 1790 332 1814 22.
353 1798 374 1814 c.
396 1790 417 1814 1.
437 1787 470 1814 de
489 1787 581 1814 honor.
602 1788 683 1815 codic.
703 1789 813 1816 Etiamsi
834 1790 935 1827 legibus
955 1792 1071 1829 prohibi-

228 1834 269 1856 tae
288 1840 340 1856 non
359 1832 413 1856 sint
435 1836 555 1868 speratae
580 1833 692 1868 nuptiae.
718 1842 739 1858 c.
760 1835 783 1859 5.
809 1833 841 1859 dc
865 1835 982 1871 sponsal.
1002 1837 1025 1862 5.
1049 1837 1070 1861 1.

229 1889 260 1893 —
281 1874 312 1906 §-
332 1875 369 1900 3.
391 1875 537 1905 Credere,
558 1876 723 1909 Cogitare.
760 1875 803 1902 111.
819 1878 884 1904 Cn.
905 1877 945 1903 De
965 1878 1070 1905 l'aculta-
1092 1873 1093 1891 ³

227 1916 298 1942 tibus
322 1917 377 1942 suis
401 1916 513 1953 amplius
538 1931 571 1935 —
595 1928 709 1954 sperare.
738 1918 766 1945 fr.
795 1921 833 1945 10.
864 1920 916 1955 Qui
940 1925 966 1946 et
990 1931 1002 1947 a
1027 1931 1069 1958 qu.

226 1968 294 1985 man.
313 1961 355 1985 40.
375 1960 399 1985 9.
420 1976 449 1979 —
475 1960 505 1993 §-
524 1961 563 1987 4.
591 1962 742 1988 Metuere.
778 1961 821 1988 Ill.
841 1964 907 1990 (711.
933 1963 986 1998 Qui
1006 1966 1070 2000 pati-
1091 1983 1093 2003 5

228 2006 270 2028 tur
289 2003 353 2033 iam,
376 2002 419 2028 vel
438 2007 528 2039 sperat
548 2004 770 2035 (controversiam
791 2004 971 2037 hereditatis)
996 2006 1026 2033 fr.
1044 2009 1068 2033 3.

226 2044 248 2078 5.
267 2046 291 2070 6.
311 2046 334 2071 si
354 2046 393 2071 cui
414 2044 450 2082 pl.
474 2055 515 2081 qu.
541 2055 565 2082 p.
586 2045 615 2072 L.
641 2045 708 2073 falc.
733 2049 774 2073 35.
794 2049 817 2073 3.
856 2048 935 2083 Quod
960 2049 1032 2075 abire
1056 2061 1069 2076 a

225 2087 303 2114 nobis
322 2088 466 2114 dominium
485 2094 612 2125 speratur.
634 2090 664 2115 sr.
688 2091 728 2116 66.
754 2090 786 2116 de
805 2090 834 2117 R.
856 2090 886 2117 V.
912 2093 935 2118 6.
958 2094 979 2118 1.
1019 2093 1070 2119 Da-

225 2139 321 2162 mnum,
341 2130 412 2167 quod
432 2132 582 2167 contingere
601 2137 729 2169 speratur.
745 2133 773 2159 l'r.
791 2136 829 2160 13.
844 2135 922 2168 §.15.
937 2134 970 2161 de
984 2135 1068 2162 damn.

226 2172 271 2198 ins.
289 2175 330 2200 39.
349 2176 374 2199 2.
412 2173 479 2200 Cum
494 2190 525 2193 —
540 2174 691 2201 barbaricus
705 2182 856 2213 speraretur
869 2178 998 2205 incursus.
1019 2178 1068 2205 Th.

227 2214 259 2241 C.
277 2215 310 2241 X.
330 2218 369 2242 10.
390 2226 411 2242 c.
431 2218 471 2243 25.
493 2216 525 2243 de
544 2218 617 2254 petit.
637 2222 663 2244 et
682 2218 750 2244 ultro
771 2218 821 2246 dat.

261 2258 460 2291 spernere.
501 2261 532 2293 δ.
553 2262 587 2287 1.
613 2262 826 2288 Contemnere.
868 2262 886 2289 I.
912 2265 974 2298 Sy.
1000 2264 1069 2291 Con-

227 2305 350 2326 temnere.
371 2300 411 2327 Cf.
431 2302 455 2328 h.
469 2313 492 2329 v.
512 2303 534 2336 5.
549 2306 571 2329 2.
610 2303 652 2329 ΙΙΙ.
670 2305 735 2331 Cn.
756 2304 793 2333 Si.
813 2311 900 2341 spreta
915 2308 1070 2334 auctoritate
1090 2314 1092 2322 '

226 2344 291 2375 eius⁷
311 2342 342 2369 act
362 2343 485 2371 iudicium
504 2345 649 2382 litigatores
669 2347 755 2373 ierint.
783 2347 812 2373 l'r.
836 2350 860 2374 9.
885 2349 906 2382 5.
927 2350 950 2374 4.
976 2349 1005 2375 fr.
1028 2352 1068 2377 11.

226 2395 265 2422 pr.
291 2385 323 2412 de
347 2396 398 2411 rec.
419 2388 463 2422 qui
482 2388 534 2415 arb.
554 2390 578 2414 4.
597 2391 621 2415 8,
643 2388 701 2421 (Cl'.
721 2400 744 2415 v.
767 2390 905 2427 Sprctus.)
927 2406 958 2410 —
982 2393 1012 2426 ξ.
1033 2395 1067 2420 2.

226 2430 417 2462 Repudium.
438 2428 455 2454 Ι.
471 2430 532 2463 Sy.
551 2431 690 2460 Omittcre.
711 2432 847 2470 Respuerc
861 2433 1068 2469 (hereditatem.)

227 2470 268 2496 Cf.
288 2481 312 2497 V.
333 2470 469 2497 Omittere.
490 2472 511 2505 5.
531 2474 554 2498 2.
573 2484 597 2500 ν.
620 2475 764 2512 Iit-spuere.
802 2475 844 2502 111.
866 2478 931 2504 (711.
952 2477 1014 2504 Sive
1033 2480 1068 2505 ia·
1089 2473 1090 2482 ἶ

227 2518 286 2539 cent
306 2513 380 2545 bona.
401 2514 466 2540 fisco
486 2521 635 2550 spernente,
654 2519 710 2544 sive
724 2519 885 2555 adgnoverit.
906 2519 935 2546 [ι’.
950 2523 974 2547 4.
988 2522 1010 2555 5.
1027 2524 1066 2549 17.

227 2555 259 2582 de
278 2556 363 2582 fidele.
386 2556 449 2583 libb.
469 2558 509 2583 40.
530 2559 554 2583 5.

260 2600 465 2631 Spernuus.
486 2599 614 2633 (Adiect.)
635 2603 790 2635 spernax.
815 2605 857 2632 111.
873 2607 938 2633 Gn.
953 2606 988 2633 Vt
1002 2609 1065 2645 reip.
1088 2622 1089 2634 t

225 2646 328 2678 parteS‚
348 2652 395 2678 pro
415 2642 484 2668 virili
504 2648 594 2679 captu,
614 2647 721 2680 speruui
741 2646 788 2680 [al.
810 2649 921 2682 strenui]
948 2648 1065 2677 laborum
1087 2662 1089 2682 1

226 2689 375 2721 procurent.
397 2684 445 2711 Th.
467 2684 497 2711 C.
518 2685 584 2712 VIII.
605 2687 628 2711 4.
649 2696 670 2712 c.
690 2688 713 2713 8.
733 2699 770 2725 pr.
791 2690 823 2717 de
843 2691 970 2718 cohortal.

261 2728 364 2760 Spes.
402 2729 432 2760 ξ.
447 2731 481 2756 1.
501 2730 735 2762 Exspectatio,
755 2733 896 2760 Eventus
910 2736 1062 2762 incertus.

225 2768 268 2795 ΠΙ.
289 2771 354 2797 Gn·
374 2769 465 2806 Neque
483 2772 683 2803 matrimonium.
705 2789 734 2793 —
755 2783 803 2800 nec
821 2785 894 2812 spem
908 2779 1065 2804 matrimonii

226 2812 338 2845 (violare
357 2814 538 2850 permittitur.)
563 2814 593 2840 fr.
616 2816 654 2841 13.
679 2815 700 2848 5.
719 2817 744 2841 3.
765 2815 797 2842 ad
815 2816 844 2844 L.
864 2818 911 2846 Iul.
932 2819 964 2846 de
984 2820 1063 2847 adult.

1901 173 1964 203 903

1103 263 1104 283 3
1125 249 1166 274 48.
1186 250 1210 274 5.
1248 249 1300 284 Qui
1321 249 1434 277 nondum
1455 252 1506 277 nati
1526 257 1595 283 sunt,
1617 257 1726 289 propter
1744 262 1818 289 spem
1837 253 1961 279 nascendi

1102 302 1104 340 Ι
1126 292 1190 324 (non
1205 291 1318 328 neglexit
1333 292 1439 320 Praetor
1453 296 1514 327 etc.)
1535 294 1564 321 l'r.
1586 297 1607 321 1.
1627 305 1665 332 pr.
1687 294 1719 321 de
1737 300 1828 321 vcntre
1848 296 1873 321 in
1894 305 1964 332 poss.

1102 350 1104 370 Ι
1125 335 1166 360 37.
1186 336 1210 361 9.
1247 335 1351 370 Quibus
1372 336 1485 363 nondum
1504 339 1629 374 competit
1649 339 1725 369 actio,
1746 343 1785 364 est
1799 342 1883 363 autem
1898 348 1966 364 com-

1126 379 1251 414 petitura:
1270 378 1313 404 vel
1333 380 1376 415 qui
1396 389 1470 416 spem
1490 380 1595 411 habent.
1616 386 1644 407 ut
1664 385 1802 418 competat.
1822 380 1851 406 fr.
1872 382 1913 407 5-1.
1933 381 1966 407 de

1103 424 1104 435 ¹
1127 420 1157 446 V.
1173 420 1199 447 S.
1214 423 1254 447 50.
1272 423 1309 447 16.
1348 422 1414 448 Cum
1434 424 1469 448 sit
1489 424 1513 448 in
1533 433 1580 460 spe
1600 425 1760 449 constitutus
1780 424 1964 450 successionis.

1126 463 1155 490 fr.
1177 465 1198 490 l.
1219 464 1256 498 55.
1278 465 1316 490 13.
1337 474 1374 501 sq.
1396 464 1428 490 de
1447 466 1539 502 inspic.
1559 472 1658 492 ventre.
1676 469 1718 492 25.
1738 468 1761 492 4.
1783 466 1813 492 cf.
1834 466 1863 492 l'r.
1885 468 1923 492 17.
1943 467 1965 500 5.

1102 494 1104 536 l
1125 508 1148 532 3.
1169 505 1201 532 dc
1221 506 1308 544 adopt.
1331 509 1352 533 1.
1367 509 1390 533 7.
1429 508 1575 535 Statuliber
1594 525 1626 529 —
1646 519 1720 546 spem
1740 519 1812 535 suam
1831 509 1964 535 retinebit.

1101 537 1103 575 l
1125 548 1154 575 l'r.
1174 551 1198 575 8.
1218 550 1239 583 5.
1262 551 1283 576 l.
1310 549 1342 576 de
1366 552 1510 586 quaestion.
1532 553 1572 578 48.
1595 553 1634 578 18.
1673 552 1753 588 Spem
1778 562 1867 578 eorum
1893 562 1964 589 prae-

1124 593 1233 618 miorum
1252 608 1284 611 —
1308 593 1450 629 pignerare.
1480 594 1565 631 Ipsam
1590 605 1662 632 spem
1683 597 1870 621 transmittere.
1899 606 1919 621 c.
1940 597 1964 621 5.

1124 635 1175 670 Qu.
1195 645 1237 661 res
1261 636 1331 672 pign.
1355 637 1379 662 8.
1401 638 1439 663 17.
1464 638 1485 671 5.
1510 639 1534 664 4.
1559 637 1576 664 I.
1601 637 1633 663 de
1658 637 1688 664 V.
1708 638 1741 664 O.
1764 640 1788 664 3.
1811 640 1850 664 15.
1886 637 1965 665 Redi-

1099 653 1101 722 }
1123 682 1195 704 tuum
1214 688 1275 715 spes
1296 683 1373 715 atque
1392 680 1587 706 obventionum.
1609 680 1638 707 fr.
1659 683 1681 707 5.
1702 682 1723 714 5.
1739 683 1763 707 9.
1784 681 1815 707 de
1835 681 1889 707 reb.
1911 691 1963 708 eor.

1124 721 1168 756 qui
1191 730 1211 747 s.
1238 726 1283 747 tut.
1308 724 1349 747 27.
1374 724 1398 748 9.
1440 722 1626 749 venditionem
1650 723 1745 750 fecisse
1768 724 1817 750 sub
1843 734 1891 761 spe
1915 723 1963 758 [al.

1099 740 1101 797 l
1122 764 1223 800 specie]
1243 764 1395 801 recipiendi.
1415 775 1436 791 c.
1456 767 1480 791 8.
1501 765 1533 791 de
1552 765 1576 792 h.
1598 776 1640 802 qu.
1665 767 1698 792 vi.
1718 769 1742 793 2.
1761 769 1804 793 ⁴20.
1826 783 1857 786 —
1876 768 1907 800 ᾖ.
1928 769 1963 794 2.

1099 799 1100 831 l
1125 807 1261 840 Opinio,
1286 810 1468 835 I’ersuasio.
1507 808 1526 834 1.
1549 810 1610 843 sy.
1636 809 1735 846 Opinio
1755 809 1864 843 (falsa.)
1889 810 1919 836 sr.
1938 812 1962 836 3.

1122 849 1143 881 5.
1165 851 1187 875 7.
1208 849 1239 875 de
1259 850 1333 876 cond.
1355 861 1375 877 c.
1396 851 1447 877 dat.
1470 853 1508 877 12.
1529 854 1553 878 4.
1590 851 1633 878 111.
1654 854 1720 880 Gn.
1739 852 1855 879 Humana
1874 852 1963 879 credu-

1098 919 1099 928 ἵ
1121 890 1194 918 litate
1215 909 1244 912 —
1265 893 1297 918 :111
1320 903 1394 930 spem
1417 894 1526 920 alicuius
1552 895 1588 921 rei
1613 897 1753 933 corrumpi.
1777 895 1847 922 Paul.
1869 895 1899 922 V.
1920 898 1961 921 21.

1098 931 1099 964 J
1121 934 1186 967 5.1.
1207 934 1248 961 Cf.
1268 935 1317 962 Th.
1338 936 1368 963 C.
1388 936 1458 963 XVI.
1480 939 1518 963 10.
1540 948 1559 963 c.
1583 939 1621 964 12.
1641 938 1663 972 5.
1685 940 1707 965 l.
1728 938 1760 964 de
1779 948 1870 975 pagan.

1156 985 1487 1017 sphaeristerium.
1527 990 1630 1015 Locus
1648 991 1737 1023 pilae
1755 991 1848 1016 lusui
1866 991 1962 1015 desti-

1098 1038 1099 1044 *
1121 1034 1224 1054 uatus
1262 1028 1302 1054 111.
1319 1030 1384 1056 sn.
1404 1030 1439 1056 Vt
1458 1032 1483 1056 in
1503 1031 1587 1057 hortis
1608 1033 1663 1058 eius
1684 1048 1715 1051 —
1736 1032 1961 1069 sphaeristerium,

1122 1075 1147 1096 et
1166 1070 1328 1107 hypocausta
1349 1088 1380 1091 —
1401 1072 1504 1099 faceret.
1526 1074 1555 1100 fr.
1578 1076 1616 1100 16.
1638 1074 1722 1101 mand.
1745 1077 1783 1101 17.
1805 1077 1826 1100 1.

1156 1121 1279 1154 Spica.

1123 1164 1283 1198 continens.)
1320 1165 1363 1192 111.
1385 1167 1450 1193 Gn.
1475 1166 1569 1204 Spica,
1595 1178 1660 1204 quae
1686 1173 1753 1194 terra
1779 1173 1905 1195 teneatur.
1930 1185 1961 1188 ——

1122 1206 1216 1244 Spicae
1235 1208 1260 1234 in
1281 1218 1366 1235 messe
1385 1208 1507 1235 deiectae.
1534 1210 1563 1236 l'r.
1585 1212 1624 1236 13.
1650 1211 1701 1246 Qu.
1722 1211 1795 1241 mod.
1820 1211 1916 1237 ususl'r.
1937 1213 1959 1238 7.

1098 1259 1099 1267 ¹
1120 1252 1144 1276 4.
1165 1249 1195 1276 fr.
1214 1252 1255 1276 30.
1276 1251 1295 1284 5.
1313 1253 1334 1276 l.
1349 1251 1380 1277 de
1394 1251 1425 1278 V.
1441 1252 1466 1278 S.
1481 1254 1522 1278 50.
1539 1254 1578 1279 16.
1617 1253 1740 1280 Fructum
1760 1255 1868 1291 percipi,
1889 1255 1960 1291 spica

1120 1297 1163 1318 aut
1182 1292 1258 1319 foeno
1278 1304 1363 1326 caeso,
1384 1299 1427 1320 aut
1446 1305 1494 1321 uva
1515 1295 1624 1322 ademta.
1645 1296 1674 1322 t'r.
1696 1298 1734 1323 13.
1756 1296 1772 1323 1.
1793 1298 1815 1323 7.
1830 1300 1853 1323 4.
1890 1297 1960 1323 Alie-

1118 1337 1159 1362 nis
1179 1337 1259 1373 spicis
1279 1347 1419 1364 excussum
1437 1337 1604 1364 frumentum.
1631 1338 1660 1365 fr.
1682 1341 1705 1366 7.
1730 1339 1751 1373 5.
1773 1341 1795 1365 7.
1821 1340 1853 1366 de
1877 1340 1908 1366 A.
1928 1339 1959 1366 R.

1118 1379 1151 1405 D.
1172 1381 1212 1405 41.
1234 1381 1256 1406 1.

1321 1125 1448 1150 Summa
1475 1135 1553 1158 pars
1577 1128 1687 1156 culmi.
1717 1126 1811 1161 (grana
1841 1126 1962 1152 frumeuti

1152 1422 1280 1455 Spina.
1318 1424 1667 1460 Sttrculusfrueicnm.
1692 1427 1831 1452 Aculeus
1851 1426 1959 1451 sentis.

1116 1464 1159 1491 III.
1180 1466 1245 1493 Gn.
1264 1465 1406 1501 Lignorum
1429 1466 1607 1504 adpellatione
1629 1484 1657 1488 --
1685 1472 1711 1493 et
1735 1467 1860 1494 herbulae
1885 1478 1960 1504 quac-

1118 1507 1184 1539 dam.
1203 1508 1244 1534 vel
1264 1509 1363 1545 spinae.
1383 1508 1425 1535 vel
1445 1520 1538 1546 vepres
1559 1509 1772 1536 continebuntur.
1794 1510 1824 1537 fr.
1838 1513 1879 1536 55.
1899 1511 1921 1544 5.
1936 1513 1958 1536 5.

1117 1550 1150 1576 de
1168 1550 1243 1586 legat.
1264 1551 1305 1577 111.
1326 1554 1394 1584 (32.)
1431 1552 1459 1578 ln
1479 1552 1604 1590 stipulam
1623 1563 1709 1583 suam,
1729 1553 1771 1579 vel
1791 1554 1909 1590 spinam,
1928 1569 1959 1573 —-

1117 1594 1201 1630 ignem
1221 1595 1368 1621 immittere.
1389 1595 1419 1621 fr.
1439 1598 1480 1622 30.
1501 1596 1521 1629 5.
1542 1598 1565 1622 3.
1586 1595 1618 1622 ad
1637 1595 1666 1622 L.
1687 1596 1755 1632 Aqu.
1776 1597 1798 1622 9.
1819 1598 1843 1622 2.

1151 1645 1342 1678 Spinosus.
1366 1644 1503 1678 (Adit-ct.)
1533 1648 1563 1680 ξ.
1584 1648 1618 1673 1.
1645 1649 1758 1680 Spinis
1782 1649 1958 1674 abundans.

1093 1695 1095 1706 ¹
1117 1687 1159 1714 111.
1175 1689 1240 1715 Cn.
1253 1687 1352 1714 Locum
1367 1689 1504 1725 spinosum
1519 1689 1658 1715 hortulano
1674 1689 1766 1716 locare.
1782 1689 1828 1716 lul.
1844 1700 1883 1726 ep.
1898 1700 1958 1716 nov.

1117 1741 1138 1757 c.
1153 1732 1193 1757 58.
1208 1731 1229 1764 5.
1243 1733 1301 1756 202.
1318 1747 1347 1750 -
1368 1731 1398 1763 ξ.
1414 1733 1449 1758 2.
1472 1733 1664 1768 Difficilis,
1686 1735 1796 1766 Asper.
1834 1732 1876 1759 111.
1892 1734 1958 1760 Cn·

1093 1790 1094 1800 t
1116 1773 1156 1800 Ne
1177 1789 1206 1794 —
1227 1775 1326 1799 oriatur
1348 1773 1447 1810 aliquid
1471 1775 1497 1800 in
1522 1775 1566 1801 tali
1586 1780 1660 1812 prato
1681 1776 1827 1812 spinosum.
1849 1786 1870 1802 c.
1891 1777 1914 1802 l.
1935 1776 1957 1809 5.

1093 1835 1094 1840 ,
1116 1817 1140 1842 9.
1159 1815 1192 1842 de
1211 1821 1261 1842 vet.
1282 1817 1338 1842 iure
1357 1817 1440 1844 enucl.
1462 1819 1483 1844 l.
1505 1820 1544 1844 17.

1150 1867 1316 1900 spirare·
1361 1869 1455 1894 Vitae
1483 1870 1610 1903 signnm
1638 1872 1780 1904 prodere.
1822 1868 1863 1895 ΙΙΙ.
1890 1870 1956 1897 Gn·

1114 1909 1251 1935 Immolare
1269 1909 1389 1941 hostiam.
1409 1916 1452 1937 aut
1472 1913 1597 1948 spirantia
1617 1917 1675 1939 exta
1694 1911 1840 1939 consulere.
1861 1911 1910 1939 Th.
1926 1912 1957 1939 C.

1114 1952 1185 1979 XVI.
1208 1954 1246 1978 10.
1266 1963 1286 1979 c.
1309 1955 1346 1980 12.
1367 1954 1432 1988 5.1.
1453 1954 1486 1980 (le
1506 1965 1596 1992 pagan.

1148 2008 1321 2041 Spiritus.
1358 2009 1389 2042 ξ.
1409 2010 1443 2035 l.
1468 2011 1552 2036 Vita.
1574 2009 1591 2036 1.
1606 2010 1668 2044 Sy.
1688 2009 1816 2047 Spiritum
1830 2012 1956 2041 emittere,

1114 2060 1134 2077 s.
1159 2061 1265 2088 ponere.
1292 2051 1428 2078 Deeedere
1452 2052 1548 2086 (vita.)
1569 2052 1664 2079 Perire.
1691 2052 1720 2079 fr.
1744 2055 1786 2079 32.
1810 2053 1832 2086 5.
1858 2054 1897 2080 14.
1924 2053 1955 2080 de

1113 2093 1173 2120 don.
1194 2095 1239 2120 int.
1260 2093 1290 2120 V.
1310 2096 1352 2120 24.
1376 2096 1395 2120 Ι.
1417 2094 1447 2121 l'r.
1469 2097 1508 2122 18.
1529 2106 1567 2132 pr.
1589 2095 1620 2122 de
1640 2095 1693 2122 reb.
1714 2095 1774 2122 dub.
1794 2098 1836 2122 34.
1856 2098 1880 2122 5.
1910 2096 1953 2123 ΙΙΙ,

1114 2138 1179 2164 Gn.
1200 2136 1228 2163 Si
1248 2147 1299 2162 non
1319 2138 1446 2173 integrum
1467 2138 1560 2164 animal
1580 2138 1679 2164 editum
1702 2139 1749 2170 sit,
1774 2149 1833 2165 cum
1857 2140 1953 2176 spiritu

1091 2187 1092 2190 ’
1114 2184 1206 2205 tamen.
1233 2179 1261 2206 fr.
1284 2182 1322 2206 12.
1343 2181 1364 2214 5.
1388 2183 1408 2207 1.
1429 2180 1461 2207 de
1481 2181 1525 2207 lib.
1546 2186 1570 2207 et
1591 2181 1678 2218 posth.
1698 2182 1739 2207 28.
1759 2183 1783 2207 2.
1805 2199 1835 2202 —
1864 2183 1895 2216 ᾖ.
1916 2184 1951 2209 2.

1090 2234 1092 2244 ι
1118 2224 1244 2253 Vnum,
1265 2224 1449 2258 Integritas
1472 2226 1669 2255 (materiae.)
1700 2223 1729 2250 11.
1746 2226 1813 2258 Op.
1828 2224 1886 2250 Vno
1900 2226 1953 2262 spi-

1114 2266 1165 2291 ritu
1191 2266 1331 2297 contineri,
1356 2268 1400 2298 (ut
1420 2266 1512 2297 homo.
1533 2267 1631 2301 tignum
1652 2267 1719 2299 etc.)
1744 2266 1900 2294 Cohaerere.
1922 2284 1953 2287 —

1114 2308 1153 2334 Ex
1172 2307 1331 2334 distantibus
1351 2314 1479 2335 constare.
1506 2308 1535 2335 l'r.
1555 2311 1595 2335 23.
1621 2309 1642 2342 5.
1663 2311 1687 2335 5.
1714 2309 1746 2336 de
1770 2310 1800 2336 R.
1826 2310 1856 2337 V.
1881 2312 1904 2337 6.
1932 2313 1952 2337 1.

1113 2351 1144 2377 fr.
1163 2352 1204 2377 30.
1225 2361 1262 2388 pr.
1283 2351 1315 2377 de
1340 2361 1429 2388 usurp.
1454 2353 1494 2377 41.
1515 2353 1539 2377 3.
1559 2366 1592 2370 —
1617 2353 1648 2385 §.
1669 2354 1706 2379 3.
1732 2355 1865 2379 Animus
1888 2357 1953 2380 ela-

1089 2424 1091 2432 .
1113 2400 1171 2420 lus.
1207 2393 1249 2419 ΙΙΙ.
1265 2396 1329 2421 (7η.
1348 2394 1484 2420 Adversus
1504 2394 1693 2421 haereticorum
1712 2397 1859 2432 pertinaces
1878 2397 1954 2433 spiri-

1089 2435 1091 2456 ῑ
1113 2442 1155 2463 tus
1176 2437 1325 2462 constituta.
1350 2436 1400 2462 Th.
1426 2437 1459 2463 C.
1486 2437 1556 2464 XVI.
1581 2439 1604 2464 5.
1630 2448 1651 2463 c.
1675 2440 1717 2464 25.
1742 2449 1780 2475 pr.
1805 2438 1837 2464 de
1856 2438 1952 2466 haeret.

1113 2479 1275 2515 Tyrannico.
1296 2489 1319 2505 v.
1340 2479 1506 2512 'semet-ario,
1531 2490 1552 2506 s.
1572 2480 1686 2512 Audaci,
1711 2482 1805 2517 spiritu
1829 2481 1952 2518 (adgredi

1089 2552 1090 2567 χ
1113 2524 1175 2553 etc.)
1195 2532 1215 2548 c.
1236 2523 1258 2548 6.
1280 2522 1311 2548 de
1331 2521 1382 2548 dlv.
1402 2533 1482 2549 rescr.
1504 2525 1525 2549 l.
1545 2525 1586 2549 23.
1607 2522 1673 2549 Nov.
1694 2523 1742 2550 Th.
1763 2523 1793 2549 II.
1818 2523 1850 2550 de
1874 2526 1952 2562 patri-

1088 2573 1090 2597 μ
1112 2575 1179 2591 mon.
1199 2564 1217 2590 1.
1236 2566 1260 2590 3.
1282 2575 1302 2590 e.
1324 2566 1346 2591 1.
1366 2566 1387 2599 5.
1408 2568 1431 2592 4.
1452 2566 1498 2592 tut.
1523 2576 1563 2602 ep.
1590 2576 1649 2592 nov.
1675 2576 1696 2592 c.
1717 2567 1740 2592 7.
1759 2567 1780 2599 5.
1801 2568 1842 2593 38.
1864 2584 1894 2588 —
1919 2569 1950 2602 §-

1113 2609 1150 2634 4.
1178 2608 1288 2634 Tertia
1313 2618 1451 2642 persona
1475 2610 1607 2634 divinae
1626 2610 1817 2641 trinitatis,
1839 2610 1887 2643 (ex
1906 2611 1951 2637 do-

1111 2650 1193 2675 ctrina
1213 2648 1446 2682 Christianorum.)
1483 2650 1525 2676 111.
1542 2652 1606 2678 (7¹11.
1626 2650 1720 2683 Patris,
1740 2657 1766 2678 et
1784 2652 1840 2685 filii,
1860 2659 1885 2680 et
1898 2656 1949 2691 spi-

1087 2688 1088 2727 }
1110 2693 1175 2718 ritus
1199 2694 1282 2718 sancti
1307 2704 1354 2720 una
1380 2693 1470 2719 deitas.
1497 2693 1546 2719 Th.
1572 2693 1603 2720 C.
1622 2693 1693 2721 XVI.
1718 2697 1738 2721 1.
1765 2705 1785 2722 c.
1805 2698 1829 2722 2.
1853 2707 1891 2734 pr.
1917 2697 1948 2723 de

1087 2731 1088 2737 ¹
1109 2734 1162 2760 fide
1182 2735 1246 2762 cath.
1267 2736 1298 2762 cf.
1318 2736 1387 2762 XVI.
1408 2738 1431 2761 5.
1452 2746 1472 2761 c.
1493 2738 1515 2762 6.
1536 2737 1557 2769 5.
1577 2738 1601 2762 2.
1622 2736 1654 2763 de
1673 2737 1769 2765 haeret.

1144 2778 1362 2811 splendere.
1401 2780 1617 2812 Conspicuam
1641 2791 1712 2808 esse.
1737 2784 1947 2809 Praeeellere.

1109 2820 1152 2847 III.
1173 2820 1239 2849 Gn.
1268 2820 1420 2848 Praetorum
1450 2822 1597 2858 insignibus
1621 2823 1768 2861 splendere.
1797 2825 1947 2852 Honoribus
