2197 3121
1021 153 1115 184 ΓΒΑ.

202 247 226 271 4.
244 245 286 271 39.
308 260 337 264 —
358 245 389 278 §.
411 245 450 270 4.
477 243 679 279 [afirmat-e,
705 239 903 272 Reprimere.
941 235 1000 269 (Cf.
1020 245 1047 262 v.

202 287 320 314 Fructus.
341 287 364 320 5.
384 287 422 318 3.)
459 285 503 312 III.
530 285 595 312 (5²1.
631 280 828 308 Liberalitatem
848 280 992 316 captiosam
1010 279 1048 304 in-

202 330 357 366 terpretatio
377 328 546 366 prudentium
565 326 649 362 fregit.
670 324 700 351 fr.
720 326 744 350 5.
765 323 797 349 de
816 327 939 349 transact.
958 324 982 348 2.
995 323 1034 347 15.

238 373 390 399 Frater.
436 372 603 405 Cognatas
628 369 794 394 masc-ulus
817 367 949 392 secundi
969 374 1047 399 gra·

202 417 272 446 dus,
291 425 327 441 ex
347 416 459 440 iisdem
476 412 673 446 parentibus
690 414 885 444 prognatus.
906 407 948 433 III.
981 408 1047 434 Gn.

203 457 272 484 Sunt
296 462 381 483 autem
406 455 525 491 adgnati,
546 471 575 474 —
597 453 670 479 velut
693 452 773 478 frater
796 450 889 477 eodem
913 454 987 487 patre
1007 459 1049 475 na-

203 505 259 531 tus,
279 499 367 526 fratris
387 498 475 529 filius,
495 506 613 534 neposve
633 506 665 522 ex
685 504 724 521 eo.
745 493 801 520 Gai.
821 492 839 519 I.
861 493 918 518 156.
938 492 968 518 II.
990 493 1046 517 119.

203 542 248 568 ΙΙΙ,
278 544 317 568 10.
343 541 374 568 cf.
402 540 463 577 le.
487 539 533 566 XI.
559 540 582 565 4.
620 538 712 564 Frater
735 535 823 563 eadem
842 539 932 567 matre,
953 549 984 553 —-
1004 534 1046 560 Fr.
1069 533 1071 551 l

204 596 237 612 ex
256 584 305 611 alia
325 589 409 611 matre
428 583 548 616 (natus.)
574 581 603 608 fr.
626 583 665 607 ll.
685 580 718 606 de
737 578 816 606 Carb.
841 578 918 604 edict.
943 578 984 603 37.
1008 579 1047 603 10,

204 628 234 654 fr.
255 629 278 654 4.
299 627 367 654 unde
387 636 460 662 cogn.
487 626 530 651 38.
553 626 576 651 8.
615 623 644 650 Si
668 623 748 649 frater
772 621 981 657 consanguineus
1005 620 1048 646 de-

203 670 287 697 functi
306 669 402 697 credat.
430 668 460 694 fr.
483 669 505 693 1.
535 668 557 701 5.
580 668 601 694 l.
626 666 658 692 de
681 667 728 692 iur.
753 669 779 690 et
804 663 866 690 facti
892 664 942 699 ign.
962 665 1004 688 22.
1024 664 1048 689 6.

204 713 319 743 Fratres,
339 711 381 737 vel
401 721 518 742 sorores,
537 710 640 736 uterini.
660 719 681 734 c.
701 709 743 733 27.
763 706 796 733 dc
815 706 887 732 inoff.
907 711 1009 732 testam.
1023 707 1048 732 3,

203 756 246 782 28.
282 754 352 781 Frat.
373 753 508 791 patruelis,
529 755 543 779 i.
565 763 586 779 e.
606 752 691 789 patrui
711 750 790 776 filius.
811 749 883 775 Paul.
899 748 942 775 IV.
966 751 1005 775 11.
1025 749 1047 782 5.
1069 755 1071 777 ἵ

203 800 227 824 5.
264 797 360 829 Amita.
382 802 407 823 et
427 796 516 823 fratris
536 795 598 822 filia.
619 794 674 820 Gai.
695 793 737 819 Ill.
760 794 799 819 14.
820 791 881 829 le.
896 791 927 818 V.
941 793 965 818 6.
998 791 1049 818 Co·
1069 780 1071 823 ζ

203 841 274 877 gnati
293 841 409 877 proprii,
435 840 480 875 qui
505 843 566 865 sunt
589 836 656 864 ultra
682 836 795 862 fratrem.
821 835 851 861 fr.
874 837 895 861 1.
920 834 953 861 de
976 834 1048 861 inoff.

202 887 307 910 testam.
326 885 350 909 5.
370 884 395 908 2.
432 882 494 908 Duo
515 881 622 911 fratres,
648 880 692 915 qui
717 879 743 904 in
764 877 881 904 eiusdem
900 878 983 915 patris
1003 887 1049 914 po-
1070 899 1071 905 ,

203 930 301 952 testate
321 929 390 951 sunt.
416 923 481 961 le.
499 923 558 950 XX.
578 924 601 948 6.
634 921 691 948 Gai.
711 921 741 947 11.
763 922 820 947 106.
858 920 941 947 Maior
960 920 1048 946 frater.
1070 910 1071 962 ζ

204 985 236 989 -
256 968 299 994 Fr.
319 969 404 994 minor
423 966 531 1000 (annis.)
551 965 581 992 fr.
600 967 642 991 27.
663 974 702 1001 pr.
723 963 755 990 de
774 963 805 989 N.
827 963 858 990 G.
883 966 907 990 3.
927 965 951 990 5.
989 963 1050 989 Fra-

203 1010 290 1037 tribus
310 1010 437 1037 adversus
457 1009 563 1035 fratrem
583 1008 628 1041 (an
649 1007 775 1044 competit
794 1007 890 1039 actio?)
910 1006 940 1032 fr.
953 1008 995 1032 35.
1016 1005 1049 1032 de

203 1058 272 1091 pact.
292 1055 316 1080 2.
338 1054 377 1079 14.
399 1052 430 1079 cf.
450 1052 480 1078 fr.
502 1053 524 1078 l.
545 1052 566 1085 5.
589 1053 629 1076 10.
650 1049 682 1076 de
702 1050 847 1086 quaestion.
859 1050 900 1076 48.
917 1051 956 1075 18.
987 1048 1048 1075 Fra·
1070 1052 1071 1078 ἰ

203 1101 259 1123 tres
278 1095 461 1133 Imperatores
481 1093 545 1120 Divi
565 1093 667 1120 fratres.
686 1092 771 1119 Vatic.
791 1092 828 1126 55.
840 1094 899 1118 220.
918 1094 978 1118 224.
988 1093 1047 1118 240.
1070 1083 1071 1095 ³

204 1139 235 1166 fr.
254 1139 296 1165 38.
316 1138 338 1172 5.
358 1139 382 1164 4.
403 1136 436 1163 ad
454 1135 484 1162 L.
500 1135 546 1163 Iul.
567 1135 600 1162 de
619 1135 700 1162 adult.
720 1137 761 1162 48.
775 1138 799 1162 5.
819 1135 850 1161 fr.
863 1137 904 1162 33.
925 1135 958 1161 de
971 1145 1048 1172 poen.

205 1183 246 1208 48.
267 1182 306 1207 19.
344 1180 415 1207 Inter
434 1179 540 1206 fratrem
561 1183 586 1205 et
605 1189 724 1205 sororem
740 1178 902 1215 (prohibitae
920 1178 1047 1215 nuptiae.)

205 1224 262 1251 Gai.
282 1224 300 1250 1.
320 1224 361 1249 61.
400 1222 430 1249 Si
450 1223 508 1258 quis
529 1221 621 1253 filium,
642 1221 768 1253 filiamve,
788 1226 832 1247 aut.
851 1221 956 1247 fratrem
976 1231 1049 1248 soro·
1069 1211 1071 1245 1

203 1276 291 1294 remve
311 1265 455 1292 naturalem
475 1264 673 1298 (manumittat.)
704 1264 741 1290 lb.
761 1263 779 1290 I.
801 1266 841 1291 19.
863 1264 894 1290 cf.
913 1264 944 1290 fr.
965 1266 1005 1290 71.
1025 1264 1046 1298 5.
1069 1270 1070 1279 ¹

203 1311 228 1337 3.
248 1309 281 1335 de
300 1308 376 1345 legat.
396 1307 414 1334 Ι.
430 1308 497 1341 (30.)
534 1306 643 1336 Parens.
662 1312 801 1344 patronuS,
821 1322 854 1326 —
873 1306 983 1334 liberive
997 1308 1047 1337 sni,
1069 1335 1071 1341 .

203 1352 292 1384 frater,
313 1361 397 1383 soror,
417 1360 492 1381 uxor,
512 1360 588 1376 socer
608 1355 656 1377 etc.
676 1350 706 1376 fr.
729 1351 750 1376 l.
772 1350 793 1383 5.
816 1351 856 1376 11.
876 1350 907 1376 cf.
928 1351 965 1384 55.
987 1352 1008 1376 1.
1024 1352 1047 1376 7.
1069 1354 1071 1372 Γ

205 1405 244 1431 sq.
266 1394 296 1421 fr.
316 1397 340 1420 2.
361 1404 420 1430 sqq.
441 1393 473 1420 de
492 1392 591 1430 postnl.
610 1394 635 1419 3.
657 1395 678 1419 l.
706 1392 736 1419 fr.
755 1393 797 1418 35.
823 1403 862 1430 pr.
887 1392 919 1419 de
942 1403 1047 1429 procur.

204 1439 229 1464 3.
248 1438 272 1463 3.
293 1452 325 1456 ——
345 1437 376 1470 ἓ.
391 1438 426 1462 2.
448 1436 576 1462 Blanda
596 1437 780 1469 adpellatio
800 1438 904 1462 (nuit-i.
925 1435 967 1461 III.
982 1437 1048 1463 Cn.
1070 1448 1071 1458 ι

205 1480 259 1516 Qui
279 1479 358 1506 frater
378 1489 430 1505 non
452 1484 500 1511 est,
521 1479 543 1504 si
564 1478 676 1504 fraterna
703 1479 810 1504 caritate
834 1478 959 1515 diligitur,
978 1483 1049 1505 recte
1069 1475 1071 1503 ⁴]

205 1533 264 1549 cum
284 1523 388 1548 nomine
408 1532 470 1553 suo,
496 1521 545 1547 snb
566 1520 743 1558 adpellationc
762 1520 896 1553 „fratris“,
915 1521 992 1548 heres
1012 1522 1049 1547 in-
1070 1536 1071 1550 ι

206 1566 333 1592 stituitur.
354 1565 384 1591 fr.
406 1566 446 1590 58.
468 1564 533 1597 5.1.
555 1563 587 1590 de
606 1563 694 1590 hered.
715 1564 776 1590 inst.
795 1565 837 1590 28.
857 1567 880 1590 5.

242 1608 497 1635 Fraternitas.
534 1607 565 1639 §-
596 1607 630 1632 1·
660 1608 814 1633 Fratrum
846 1609 1071 1655 coniunctium

206 1650 224 1676 Ι.
245 1652 306 1684 sy.
326 1649 503 1676 Necessitudo
523 1650 765 1683 consanguinitatis.
791 1649 811 1676 ό.
833 1652 872 1676 13.
893 1650 926 1677 de
944 1650 1047 1687 probat.

206 1695 230 1719 4.
252 1694 292 1719 19.
329 1693 371 1719 111.
392 1694 457 1720 Cn.
482 1691 532 1718 Per
556 1691 724 1729 adoptionem
750 1694 867 1728 quaesita
891 1693 1048 1720 fraternitas
1070 1720 1071 1723 ,

207 1735 238 1761 fr.
260 1737 299 1761 17.
320 1745 358 1771 pr.
378 1735 411 1761 de
429 1735 460 1760 R.
475 1733 506 1761 N.
526 1737 570 1761 23.
588 1738 612 1760 2.
650 1734 717 1761 Cum
737 1736 850 1761 societas
871 1737 912 1762 ius
926 1736 1049 1772 quodam-

207 1777 285 1805 modo
307 1777 475 1803 fraternitatis
496 1778 521 1803 in
541 1787 570 1803 se
589 1776 689 1803 habeat.
705 1777 735 1804 fr.
756 1779 796 1804 63.
817 1789 856 1815 pr.
870 1789 918 1815 pro
939 1781 1048 1805 soc.17.

206 1823 231 1847 2.
250 1834 284 1839 -
304 1820 334 1853 §-
361 1821 397 1846 2.
427 1822 583 1846 Fratrum
600 1830 764 1853 personae.
802 1820 819 1847 I.
846 1822 908 1855 Sy.
934 1821 1047 1848 Fratres.

208 1863 276 1890 Tota
302 1863 457 1888 fraternitas.
484 1872 504 1887 c.
527 1863 566 1887 13.
588 1862 608 1895 5.
629 1864 653 1888 2.
674 1862 706 1889 de
725 1862 794 1899 legit.
815 1863 904 1890 hered.
924 1865 947 1890 6.
968 1865 1008 1890 58.

243 1907 465 1932 Fraternus.
505 1904 635 1937 (Adiect.)
674 1907 720 1931 Ad
737 1907 870 1941 fratres
889 1914 1049 1940 spectares.
1071 1912 1072 1940 1

207 1948 226 1975 Ι.
255 1949 317 1983 Sy.
338 1947 452 1974 Fratris.
472 1946 596 1973 Fraterna
621 1947 779 1980 (hereditas.
804 1958 828 1974 v.
848 1949 938 1983 bona.)
958 1949 988 1976 fr.
1010 1951 1048 1975 12.

207 1991 240 2018 de
259 1990 330 2026 vulg.
352 1995 377 2016 et
396 1999 458 2027 pup.
478 1991 520 2016 28.
540 1991 563 2016 6.
584 1990 614 2016 fr.
634 1992 658 2016 3.
678 1991 700 2023 5.
721 1993 743 2017 7.
764 1990 796 2017 de
811 1990 890 2018 Carb.
911 1991 987 2019 edict.
1007 1994 1049 2018 37.

209 2036 249 2060 10.
287 2033 328 2059 111.
354 2034 420 2060 Cn.
440 2032 556 2059 Caritate
581 2032 692 2059 fraterna
713 2033 794 2069 diligi.
819 2033 850 2060 fr.
871 2036 912 2061 58.
932 2036 954 2069 5.
975 2037 997 2061 1.
1018 2034 1050 2062 de
1071 2034 1073 2046 '

208 2076 297 2103 hered.
316 2077 377 2102 inst.
397 2076 438 2101 28.
459 2077 483 2101 5.
521 2074 645 2102 Adfectio
671 2076 792 2102 fraterna.
818 2087 839 2103 c.
865 2079 888 2104 4.
914 2077 947 2104 de
972 2083 1049 2104 castr.

212 2119 298 2155 pecul.
320 2121 360 2144 12.
380 2120 422 2144 37.

244 2162 454 2188 Fraudare.
492 2162 523 2195 §-
545 2163 580 2187 l.
602 2163 862 2194 Circumvenire,
885 2164 1049 2197 Decipere.

211 2203 229 2228 Ι.
253 2204 313 2236 Sy.
344 2203 455 2230 Fallere.
493 2203 534 2230 Cf.
555 2204 579 2230 h.
599 2215 622 2230 v.
644 2204 665 2237 5.
685 2206 709 2230 3.
746 2204 774 2230 1n
794 2205 911 2231 fraudem
930 2205 1050 2238 alicuius,

212 2245 358 2272 fraudandi
377 2248 433 2273 eius
454 2257 530 2273 causa
550 2247 653 2280 (facere
673 2247 739 2280 etc.)
765 2247 821 2274 Gai.
842 2248 859 2274 1.
880 2250 921 2274 37.
948 2250 989 2275 46.
1010 2259 1049 2285 sq.

211 2287 242 2314 fr.
265 2289 290 2313 3.
316 2298 353 2323 pr.
378 2289 428 2323 Qu.
454 2291 479 2315 in
504 2289 533 2316 fr.
559 2289 628 2315 cred.
652 2292 693 2316 42.
713 2291 736 2316 8.
773 2290 815 2316 Ill.
836 2292 902 2318 Cn.
940 2291 969 2318 Si
989 2291 1050 2318 dolo
1072 2286 1074 2328 ᾖ

212 2330 289 2360 malo,
309 2334 352 2356 aut
371 2330 506 2358 fraudandi
526 2343 603 2358 causa
623 2334 704 2365 (coita
726 2334 761 2358 sit
780 2334 914 2366 societas.)
935 2334 964 2360 fr.
984 2336 1008 2360 3.
1028 2335 1050 2368 5.

211 2375 235 2399 3.
256 2382 303 2409 pro
324 2382 377 2398 soc.
400 2374 438 2399 17.
457 2377 481 2400 2.
519 2375 547 2401 Si
568 2375 631 2411 qnid
655 2381 790 2412 praeterea
815 2376 838 2402 d.
858 2386 891 2403 m.
910 2378 994 2414 patris
1014 2388 1052 2404 ca—

212 2420 255 2452 pta
276 2414 445 2451 fraudataque
465 2421 504 2442 est
521 2418 622 2444 mulier.
644 2418 674 2445 fr.
693 2420 735 2445 36.
756 2419 788 2445 de
807 2419 892 2456 pecul.
914 2421 954 2445 15.
972 2422 993 2446 1.
1023 2420 1051 2446 Si

214 2457 352 2483 eonsilium
378 2462 403 2483 et
427 2463 534 2485 eventus
558 2460 636 2486 fuerit
661 2461 864 2488 fraudandorum
884 2461 1050 2489 creditorum.

214 2500 244 2526 fr.
264 2502 288 2525 4.
307 2500 330 2532 5.
351 2501 390 2525 19.
411 2499 443 2525 de
462 2499 546 2527 fideie.
565 2502 629 2529 libb.
649 2505 690 2530 40.
710 2506 732 2530 5.
753 2504 783 2530 fr.
805 2506 845 2531 14.
870 2504 900 2531 fr.
921 2506 961 2531 17.
986 2506 1007 2539 5.
1029 2507 1051 2532 l.

214 2543 265 2578 Qu.
286 2543 312 2567 in
332 2541 362 2567 fr.
383 2542 451 2568 cred.
471 2544 512 2568 42.
532 2544 556 2569 8.
592 2544 739 2573 Fraudandi
764 2548 849 2573 animo
875 2547 1051 2585 (decerpere.)

214 2585 243 2611 fr.
263 2586 304 2610 25.
326 2584 346 2617 5.
365 2586 388 2609 2.
416 2584 448 2610 de.
472 2585 532 2611 furt.
559 2587 600 2612 47.
619 2590 643 2613 2.
685 2589 874 2616 fraudatorum
894 2590 1052 2618 creditorum

214 2628 343 2664 exceptio.
370 2626 399 2652 fr.
420 2628 443 2652 9.
469 2628 490 2660 5.
515 2629 539 2653 5.
565 2628 597 2654 de
621 2630 724 2658 iureiur.
751 2635 790 2659 12.
814 2635 838 2659 2.
881 2633 1006 2660 Fraudari
1026 2635 1052 2660 in

214 2671 357 2707 (pensione
376 2669 567 2706 percipienda.)
588 2670 617 2696 fr.
638 2673 679 2698 39.
704 2675 724 2707 5
744 2677 768 2701 2,
789 2675 821 2701 (1(-
841 2675 924 2702 damn⁴
944 2677 988 2703 inf,
1009 2678 1049 2703 39,

213 2714 238 2739 2,
274 2711 329 2738 Nec
355 2713 421 2737 enim
445 2712 549 2738 videtur
573 2713 691 2740 voluisse
715 2715 833 2744 fraudare
856 2718 983 2751 edictum,
1008 2721 1052 2756 qui

215 2760 263 2781 etc.
283 2754 313 2780 fr.
334 2757 374 2780 42.
395 2765 433 2791 pr.
455 2754 486 2780 de
505 2754 536 2781 A.
550 2765 573 2782 V.
590 2756 621 2782 Ο.
643 2756 674 2783 H.
693 2759 735 2784 29.
754 2761 778 2785 2.
816 2760 844 2786 Si
864 2771 992 2788 annonam
1007 2773 1052 2799 pn—
1073 2760 1075 2773 '

215 2797 310 2824 bHcam
329 2797 464 2823 fraudasse
488 2797 556 2824 dicat
581 2798 722 2826 dominum.
747 2800 777 2827 fr.
798 2803 820 2828 l.
846 2803 878 2830 de
902 2803 930 2830 L.
952 2804 998 2831 lul.
1019 2805 1051 2832 de
1073 2818 1074 2823 ¹

1870 146 1934 177 389

1091 244 1185 261 annon.
1209 235 1250 260 48.
1277 234 1316 259 12.
1354 232 1477 259 fraudati
1500 230 1636 267 vectigalis
1661 231 1765 256 crimen.
1791 228 1821 254 fr.
1845 228 1870 253 8.
1892 237 1931 263 pr.

1092 278 1124 305 de
1143 277 1275 315 publican.
1294 277 1335 302 34.
1356 278 1379 302 9.
1412 291 1443 295 —
1475 276 1506 308 §.
1533 276 1568 301 2.
1596 275 1764 308 Spoliare.
1785 273 1930 298 Priuare.

1092 321 1109 347 I.
1134 323 1195 355 Sy.
1232 319 1370 346 Ademtam
1393 317 1462 344 velle
1482 319 1640 354 portionem.
1678 314 1810 341 fraudare
1830 311 1932 339 heredi—

1092 369 1152 390 tate.
1172 364 1202 390 tr.
1222 365 1246 388 2.
1266 362 1298 388 de
1318 361 1342 387 h.
1368 371 1410 396 qu.
1437 362 1462 386 in
1483 366 1584 387 testam.
1605 359 1656 386 del.
1675 360 1717 384 28.
1738 359 1761 383 4.
1799 356 1840 382 Ill.
1864 356 1931 382 Cn.

1092 406 1185 443 Neque
1204 406 1309 432 omnino
1329 403 1480 430 rescindere
1499 403 1624 429 debemus
1644 400 1829 430 venditionem,
1842 415 1871 418 —
1884 407 1932 423 nec

1093 449 1242 476 fraudemus
1260 448 1346 485 pretio
1367 450 1498 472 eintorem.
1525 446 1554 472 fr.
1582 447 1603 471 1.
1629 445 1650 478 5.
1678 446 1718 470 12.
1743 444 1765 469 si
1793 451 1834 478 qu.
1855 439 1930 466 infr.

1092 497 1159 530 patr.
1179 493 1220 518 38.
1240 494 1264 517 5.
1301 489 1341 516 Ne
1360 490 1434 526 pueri
1457 490 1615 524 ingenuitate
1635 487 1764 513 destinata
1784 483 1932 510 fraudaren-

1094 540 1142 562 tur.
1163 535 1192 562 fr.
1212 536 1253 560 26.
1273 534 1294 567 5.
1314 534 1338 559 2.
1358 532 1390 558 de
1410 531 1496 558 fideic.
1522 531 1585 558 libb.
1610 534 1651 557 40.
1672 532 1695 556 5.
1733 528 1878 563 Indignum.
1899 541 1931 544 —

1092 579 1198 615 inipune
1217 587 1272 603 eam
1292 576 1411 602 maritum
1436 574 1527 601 liberis
1552 573 1694 600 fraudasse.
1719 572 1748 598 fr.
1769 572 1792 596 4.
1814 570 1846 596 de
1865 573 1931 595 extr.

1069 628 1071 644 ⁴.
1093 622 1164 647 crim.
1185 622 1225 646 47.
1248 621 1287 645 11.

1128 662 1350 691 lvx-audatio.
1388 660 1641 688 Circumventio.
1666 657 1684 683 1.
1710 658 1771 691 Sy.
1792 655 1881 682 Fraus.
1900 652 1932 679 fr.

1094 709 1115 732 1.
1136 716 1175 744 pr.
1196 706 1232 740 55.
1254 707 1276 731 l.
1297 715 1329 741 sq
1359 704 1409 740 Qu.
1430 705 1456 730 in
1475 703 1505 730 fr.
1526 702 1596 729 cred.
1616 702 1656 726 42.
1677 701 1700 726 8.
1732 699 1774 725 111.
1793 700 1859 726 Gn·
1879 696 1934 732 Qui

1093 749 1265 776 fraudationis
1286 758 1362 774 causa
1382 747 1493 773 latitant.
1514 745 1570 772 Gai.
1590 744 1632 770 111.
1653 744 1693 769 78.
1714 741 1743 768 fr.
1764 743 1786 767 7.
1807 740 1844 774 55.
1862 741 1932 775 l.sq.

1093 794 1116 818 5.
1142 794 1165 818 7.
1204 792 1255 827 Qu.
1281 801 1313 817 ex
1337 800 1358 816 c.
1383 791 1410 816 in
1433 799 1505 826 poss.
1529 791 1569 814 42⁴
1596 789 1620 813 4.
1663 786 1738 821 Quae
1761 782 1933 810 fraudationis

1093 845 1170 861 causa
1189 839 1261 870 gesta
1281 838 1357 860 erunt
1376 834 1446 865 (cnm
1466 842 1511 863 eo,
1532 832 1575 868 qui
1595 829 1711 856 fraudem
1730 837 1782 853 non
1802 827 1934 861 ignorave-

1093 879 1148 910 rit.)
1169 876 1199 903 fr.
1222 879 1243 903 l.
1263 886 1302 913 pr.
1323 876 1353 902 fr.
1373 877 1396 901 3.
1417 876 1438 909 5.
1460 877 1482 901 1.
1504 875 1555 910 Qu.
1576 874 1602 899 in
1621 872 1651 899 fr.
1672 870 1741 898 cred.
1761 871 1802 895 42.
1822 871 1846 894 ὅ.

1129 920 1359 948 Fraudator.
1399 919 1628 954 Quifraudem
1647 919 1779 941 exercet.
1804 910 1846 937 III.
1867 911 1933 937 (711.

1094 964 1157 999 Qui,
1177 961 1405 989 consentientibus
1425 960 1614 991 creditoribus,
1635 955 1734 993 aliquid
1753 966 1765 982 a
1786 953 1935 981 fraudatore

1070 1022 1071 1037 ;
1093 1006 1136 1033 vel
1155 1007 1225 1037 emit,
1245 1004 1287 1031 vel
1307 1004 1449 1041 stipulatus
1469 1008 1516 1029 est.
1537 1002 1566 1028 fr.
1581 1003 1604 1028 6.
1624 1001 1645 1035 5
1657 1002 1680 1027 9.
1701 999 1753 1034 Qu.
1774 999 1799 1024 in
1819 996 1848 1023 fr.
1864 994 1934 1022 cred.

1093 1051 1134 1076 42.
1149 1050 1172 1075 8.
1210 1048 1239 1075 Si
1258 1047 1393 1074 fraudator
1410 1056 1459 1084 pro
1472 1046 1526 1072 filia
1540 1056 1586 1072 sua
1600 1044 1688 1070 dotem
1702 1041 1828 1071 dedisset,
1841 1038 1936 1065 scienti

1093 1092 1207 1119 fraudari
1228 1090 1381 1118 creditores.
1401 1089 1432 1116 fr.
1453 1090 1493 1115 14.
1518 1088 1550 1115 cf.
1574 1088 1603 1114 fr.
1622 1089 1664 1112 25.
1688 1095 1728 1122 pr.
1752 1083 1774 1117 5.
1796 1085 1817 1109 l.
1837 1082 1872 1109 ib.
1891 1082 1933 1106 42.

1093 1137 1117 1162 8.
1167 1134 1223 1161 Nec
1243 1133 1369 1160 eludendi
1396 1132 1529 1159 licentiam
1554 1129 1657 1157 callidis
1674 1125 1868 1155 fraudatoribus
1895 1133 1935 1150 re-

1092 1178 1183 1204 laxari.
1204 1176 1254 1203 Th.
1275 1176 1306 1203 C.
1325 1175 1372 1202 XI.
1391 1177 1433 1202 36.
1454 1185 1475 1201 c.
1495 1176 1520 1201 8.
1557 1174 1641 1209 Quor.
1661 1181 1719 1208 app.
1739 1180 1763 1196 n.
1783 1179 1834 1195 rec.

1128 1219 1417 1247 Fraudatorius.
1448 1217 1577 1251 (Adiect.)
1615 1215 1831 1250 delfi-audem
1849 1219 1932 1237 com-

1091 1265 1282 1298 pest-endam
1302 1267 1522 1296 comparatus.
1558 1259 1600 1285 III.
1616 1260 1682 1286 Gn..
1706 1253 1878 1282 Frandatorio
1898 1253 1934 1278 in-

1093 1306 1205 1333 terdicto
1230 1309 1400 1342 prospectum
1426 1313 1485 1330 esse
1509 1301 1663 1329 minoribus.
1691 1299 1728 1325 Ib.
1752 1297 1783 1324 II.
1809 1297 1848 1322 16.
1868 1305 1890 1321 c.
1911 1296 1933 1320 1.

1093 1350 1125 1376 de
1144 1350 1238 1385 integri
1257 1349 1341 1374 restit.
1365 1347 1396 1373 cf.
1417 1347 1447 1373 fr.
1467 1348 1507 1373 96.
1527 1356 1566 1383 pr.
1587 1345 1620 1371 de
1638 1342 1718 1370 solut.
1737 1342 1779 1367 46.
1798 1342 1822 1366 3.
1860 1337 1935 1364 Citra

1070 1407 1071 1414 ι
1093 1391 1239 1430 periculum
1259 1390 1393 1418 interdicti
1416 1389 1570 1416 fraudatorii
1593 1386 1766 1413 hereditatem
1785 1386 1935 1419 suspectam

1093 1435 1186 1462 adibis.
1207 1434 1238 1461 fr.
1257 1436 1299 1460 67.
1319 1433 1356 1467 55.
1378 1435 1401 1459 l.
1421 1443 1460 1469 sq.
1481 1431 1513 1458 ad
1533 1431 1560 1458 S.
1581 1430 1612 1457 C.
1632 1429 1713 1456 Treb.
1732 1429 1773 1454 36.
1795 1427 1817 1452 l.

1128 1478 1423 1506 Fra-mulcator.
1444 1474 1557 1508 (Advb.)
1584 1473 1786 1501 Fallaciter‚
1810 1469 1934 1494 Dolose.

1092 1521 1110 1548 1.
1126 1523 1188 1556 Sy.
1208 1520 1325 1547 Fraudes
1345 1519 1490 1545 admittere.
1528 1515 1650 1543 Frandul.
1670 1513 1779 1540 versari.
1801 1511 1832 1537 fr.
1851 1512 1875 1536 3.
1896 1509 1934 1543 55.

1069 1565 1071 1598 ξ
1094 1566 1134 1591 ll.
1156 1566 1195 1590 13.
1220 1563 1252 1590 de
1276 1573 1349 1599 susp.
1374 1566 1422 1588 tut.
1445 1562 1488 1586 26.
1514 1562 1555 1586 10.
1591 1558 1623 1585 11.
1650 1559 1716 1591 ΟΡ.
1740 1555 1863 1590 Segniter
1881 1554 1935 1588 (ge-

1068 1599 1071 1611 l
1093 1608 1172 1639 rerc.)
1193 1617 1214 1633 c.
1235 1608 1258 1632 5.
1279 1605 1337 1632 eod.
1357 1607 1381 1631 5.
1401 1606 1442 1630 43.
1463 1603 1494 1630 cf.
1514 1602 1544 1629 fr.
1565 1604 1605 1628 14.
1625 1601 1646 1634 5.
1666 1603 1690 1626 2.
1711 1598 1743 1624 dc
1762 1602 1828 1624 cust.
1849 1601 1874 1622 et
1893 1605 1935 1621 ex-

1093 1650 1146 1677 hib.
1166 1651 1208 1676 48.
1227 1650 1252 1675 3.
1289 1647 1332 1674 ΠΙ.
1345 1649 1410 1675 Gn.
1431 1647 1460 1673 Si
1480 1645 1543 1683 quid
1562 1655 1615 1671 non
1629 1639 1827 1670 administrandi
1840 1639 1935 1669 animo,

1093 1692 1141 1719 sed
1166 1691 1279 1718 fraudul.
1305 1690 1460 1721 alienasset,
1486 1688 1529 1715 vel
1556 1686 1714 1714 mandasset.
1744 1684 1774 1710 sr.
1799 1684 1839 1709 60.
1864 1682 1885 1715 5.
1910 1683 1934 1706 4.

1093 1735 1177 1762 mand.
1200 1736 1239 1760 17.
1261 1735 1284 1760 1.
1322 1733 1351 1759 Si
1370 1748 1402 1752 —
1422 1732 1533 1759 idoneus
1556 1740 1610 1757 non
1628 1730 1663 1755 sit
1682 1727 1713 1754 ad
1733 1725 1936 1753 administratio-

1094 1788 1161 1809 nem,
1181 1787 1229 1803 nec
1248 1781 1334 1802 tamen
1358 1775 1470 1803 fraudul¹
1494 1774 1598 1810 negotia
1623 1772 1795 1798 administret.
1819 1769 1841 1802 5.
1867 1769 1891 1793 5.
1914 1765 1934 1792 I.

1071 1836 1072 1857 ;
1094 1821 1127 1847 de
1146 1825 1227 1846 curat.
1248 1821 1270 1845 1.
1289 1820 1331 1845 23.
1374 1818 1449 1854 Quae
1473 1822 1563 1844 exacta
1587 1820 1660 1846 sunt,
1686 1829 1717 1833 —
1742 1822 1827 1848 neque
1851 1809 1935 1837 calen-

1071 1882 1072 1887 =
1094 1863 1166 1890 dario
1186 1862 1258 1889 illata
1277 1866 1347 1893 sunt,
1366 1866 1410 1887 aut
1427 1860 1539 1887 fraudul.
1559 1864 1624 1886 acta.
1643 1858 1673 1884 fr.
1692 1858 1734 1882 40.
1753 1856 1775 1889 5.
1790 1856 1813 1881 4.
1833 1853 1866 1880 de
1885 1858 1936 1879 sta-

1094 1906 1169 1933 tulib.
1194 1907 1235 1932 40.
1262 1907 1285 1931 7.
1327 1904 1468 1931 Revocatis
1493 1901 1709 1931 alienationibus,
1733 1908 1798 1936 quas
1822 1895 1934 1923 fraudul.

1071 1945 1072 1977 i
1094 1949 1217 1976 fecerant.
1238 1947 1268 1974 fr.
1287 1949 1329 1974 39.
1349 1947 1414 1981 5.1.
1435 1946 1468 1973 de
1487 1947 1543 1972 iure
1562 1945 1628 1972 fisci.
1648 1945 1689 1970 49.
1710 1943 1750 1968 14.

1129 1991 1426 2018 Fraudulentus.
1456 1989 1585 2023 (Adiect.)
1614 1988 1814 2016 Insidz'omaes,
1835 1983 1933 2009 Dolo-

1093 2045 1154 2070 sus.
1190 2033 1221 2060 II.
1255 2034 1322 2067 ⁰11.
1358 2032 1388 2059 Si
1412 2032 1490 2059 dolus
1514 2037 1539 2058 et
1565 2030 1694 2058 calliditas
1718 2027 1876 2055 intercessit.
1901 2040 1933 2044 —-

1096 2076 1153 2103 Non
1173 2075 1367 2103 Fraudulentum
1391 2074 1538 2102 consilium.
1562 2074 1592 2101 fr.
1617 2075 1657 2100 47.
1683 2082 1721 2109 pr.
1747 2070 1779 2097 de
1803 2069 1834 2096 R.
1854 2068 1872 2095 I.
1892 2070 1933 2093 50.

1097 2122 1136 2146 17.
1157 2118 1188 2146 cf.
1209 2119 1239 2145 fr.
1261 2121 1300 2145 12.
1320 2129 1360 2156 pr.
1381 2118 1413 2145 de
1433 2118 1504 2145 inoff.
1525 2123 1627 2144 testam.
1651 2119 1675 2142 5.
1694 2117 1719 2141 2.
1755 2113 1798 2140 III.
1820 2113 1885 2140 Gn.
1905 2110 1935 2137 Si

1095 2162 1200 2200 quidem
1219 2167 1333 2188 tutorem
1352 2172 1405 2188 non
1423 2161 1575 2192 facultates,
1599 2159 1646 2186 sed
1666 2156 1830 2185 fraudulenta
1850 2156 1876 2180 in
1896 2164 1934 2179 re-

1094 2206 1144 2232 bus
1157 2204 1341 2243 pupillaribuS,
1355 2205 1402 2231 sed
1416 2204 1509 2231 callida
1523 2203 1688 2230 conversatio
1702 2204 1854 2237 suspectum
1867 2206 1934 2223 eom-

1095 2248 1207 2275 mendet.
1228 2247 1258 2274 fr.
1271 2249 1313 2274 31.
1334 2249 1392 2282 5.1.
1413 2248 1445 2274 de
1460 2247 1514 2273 reb.
1535 2251 1600 2272 auct.
1614 2245 1719 2272 ἰιι(1.42.
1740 2245 1763 2269 5.
1801 2240 1889 2267 Vorax
1908 2243 1934 2264 et

1096 2291 1290 2318 fraudulentum
1309 2292 1476 2328 propositum
1495 2288 1736 2323 (numerariorum.)
1756 2285 1805 2311 Th.
1820 2283 1850 2310 C.
1864 2281 1932 2307 ΥΙΙΙ.

1097 2337 1119 2361 l.
1140 2344 1160 2360 c.
1182 2335 1205 2360 4.
1226 2333 1259 2360 de
1277 2344 1405 2360 numerar.
1427 2333 1457 2360 cf.
1478 2333 1510 2359 X.
1532 2335 1554 2358 1.
1575 2342 1596 2358 c.
1617 2333 1640 2358 7.
1660 2331 1693 2357 de
1711 2331 1767 2356 iure
1786 2327 1851 2353 fisci.

1131 2378 1402 2404 Fraudulosus.
1439 2375 1566 2409 (Adiect.)
1602 2374 1680 2401 Idem.
1716 2372 1758 2398 Ill.
1779 2371 1844 2397 Cn.
1864 2367 1933 2394 Con-

1096 2421 1217 2446 trectatio
1238 2420 1275 2445 rei
1295 2418 1455 2452 fraudulosa,
1475 2418 1542 2445 lucri
1560 2417 1672 2445 faciendi
1691 2415 1770 2451 gratia
1790 2416 1838 2437 etc.
1857 2410 1888 2437 fr.
1909 2411 1931 2436 1.

1098 2463 1119 2497 5.
1139 2464 1163 2489 3.
1184 2462 1217 2489 dc
1235 2462 1296 2488 furt.
1315 2464 1357 2488 47.
1376 2464 1400 2488 2.

1132 2507 1266 2533 Fraus·
1303 2505 1334 2538 §0
1356 2506 1390 2532 l·
1415 2507 1624 2539 Propositum
1643 2502 1834 2534 malignum.
1855 2498 1934 2522 Αηί-

1096 2558 1162 2575 mus
1176 2549 1342 2584 fallendi,
1362 2549 1410 2574 vel
1427 2547 1639 2582 delinquendi.
1660 2543 1677 2569 I.
1694 2543 1755 2576 Sy·
1774 2540 1870 2567 Dolus.
1890 2538 1932 2565 Cf.

1096 2591 1121 2618 h.
1142 2601 1167 2617 v.
1203 2590 1234 2616 Π.
1255 2592 1322 2624 Op.
1348 2590 1445 2627 Culpa,
1465 2589 1634 2626 Negligentia.
1658 2584 1730 2612 Paul.
1751 2583 1780 2610 Il.
1802 2584 1841 2609 16.
1867 2583 1932 2616 5.1.

1097 2634 1127 2660 fr.
1148 2635 1188 2659 63.
1209 2633 1241 2659 de
1260 2632 1291 2659 R.
1311 2632 1343 2659 V.
1363 2634 1386 2659 6.
1410 2635 1430 2659 1.
1451 2633 1481 2659 fr.
1502 2635 1523 2658 7.
1544 2632 1565 2664 5.
1587 2633 1608 2656 l.
1629 2629 1660 2655 de
1680 2637 1751 2664 susp.
1771 2631 1818 2653 tut.
1838 2626 1931 2651 2610,

1097 2677 1191 2703 Casus.
1212 2675 1282 2702 Coll.
1302 2675 1355 2702 LL.
1375 2676 1408 2702 M.
1428 2676 1446 2701 Ι.
1467 2677 1489 2701 9.
1526 2673 1569 2699 III.
1590 2674 1655 2700 Gn.
1680 2671 1752 2703 Doli,
1771 2672 1813 2699 vel
1833 2672 1932 2699 fraudis

1098 2719 1207 2753 (habere
1225 2720 1405 2751 mentionem.)
1430 2718 1460 2743 fr.
1479 2719 1502 2742 5.
1529 2716 1561 2742 de
1581 2715 1689 2751 obsequ.
1709 2721 1809 2753 parent.
1829 2718 1870 2742 37.
1893 2717 1930 2741 15.

1097 2762 1128 2789 cf.
1150 2762 1180 2788 fr.
1200 2763 1223 2788 8.
1244 2762 1265 2795 5
1286 2764 1307 2787 6.
1329 2761 1361 2787 de
1380 2761 1481 2786 liberat.
1502 2758 1550 2795 leg.
1570 2760 1612 2786 34.
1625 2760 1649 2784 3.
1685 2757 1735 2785 Vel
1755 2759 1885 2787 consulto.
1900 2774 1930 2778 -

1096 2805 1139 2832 vel
1159 2804 1275 2832 evidenti
1294 2803 1391 2830 fraude.
1412 2802 1441 2828 fr.
1464 2804 1484 2828 l.
1505 2802 1526 2836 5.
1548 2804 1571 2828 7.
1592 2801 1624 2828 de
1643 2801 1685 2828 off.
1706 2801 1758 2828 Prf.
1780 2802 1824 2828 Vr.
1846 2804 1867 2828 l.
1892 2803 1921 2827 12
