<?xml version="1.0" encoding="UTF-8"?>
<!DOCTYPE html PUBLIC "-//W3C//DTD XHTML 1.0 Transitional//EN"
    "http://www.w3.org/TR/xhtml1/DTD/xhtml1-transitional.dtd">
<html xmlns="http://www.w3.org/1999/xhtml" xml:lang="en" lang="en">
 <head>
  <title>
</title>
<meta http-equiv="Content-Type" content="text/html;charset=utf-8" />
  <meta name='ocr-system' content='tesseract 3.04.00' />
  <meta name='ocr-capabilities' content='ocr_page ocr_carea ocr_par ocr_line ocrx_word'/>
</head>
<body>
  <div class='ocr_page' id='page_1' title='image "./manualelatinitat00dirk_0494.png"; bbox 0 0 2197 3121; ppageno 0'>
   <div class='ocr_carea' id='block_1_1' title="bbox 275 177 338 209">
    <p class='ocr_par' dir='ltr' id='par_1_1' title="bbox 275 177 338 209">
     <span class='ocr_line' id='line_1_1' title="bbox 275 177 338 209; baseline -0.032 0"><span class='ocrx_word' id='word_1_1' title='bbox 275 177 338 209; x_wconf 72' lang='lat'>480</span> 
     </span>
    </p>
   </div>
   <div class='ocr_carea' id='block_1_2' title="bbox 274 255 1139 2396">
    <p class='ocr_par' dir='ltr' id='par_1_2' title="bbox 275 255 1139 338">
     <span class='ocr_line' id='line_1_2' title="bbox 275 255 1139 286; baseline -0.006 0"><span class='ocrx_word' id='word_1_2' title='bbox 275 259 408 286; x_wconf 83' lang='lat' dir='ltr'>doctrinae</span> <span class='ocrx_word' id='word_1_3' title='bbox 431 258 608 284; x_wconf 78' lang='lat' dir='ltr'>insinuatione</span> <span class='ocrx_word' id='word_1_4' title='bbox 630 256 808 283; x_wconf 78' lang='lat' dir='ltr'>moderantur.</span> <span class='ocrx_word' id='word_1_5' title='bbox 838 255 876 282; x_wconf 92' lang='lat' dir='ltr'>Ib.</span> <span class='ocrx_word' id='word_1_6' title='bbox 896 255 941 282; x_wconf 84' lang='lat' dir='ltr'>IX.</span> <span class='ocrx_word' id='word_1_7' title='bbox 965 256 1007 282; x_wconf 75' lang='lat'>40.</span> <span class='ocrx_word' id='word_1_8' title='bbox 1033 265 1055 282; x_wconf 85' lang='lat' dir='ltr'>c.</span> <span class='ocrx_word' id='word_1_9' title='bbox 1075 256 1116 282; x_wconf 85' lang='lat'>16.</span> <span class='ocrx_word' id='word_1_10' title='bbox 1138 256 1139 260; x_wconf 76' lang='grc'>’</span> 
     </span>
     <span class='ocr_line' id='line_1_3' title="bbox 275 302 486 338; baseline -0.014 -9"><span class='ocrx_word' id='word_1_11' title='bbox 275 304 297 337; x_wconf 82' lang='lat'>§.</span> <span class='ocrx_word' id='word_1_12' title='bbox 316 305 340 329; x_wconf 82' lang='grc'>2.</span> <span class='ocrx_word' id='word_1_13' title='bbox 360 302 391 328; x_wconf 83' lang='lat' dir='ltr'>de</span> <span class='ocrx_word' id='word_1_14' title='bbox 410 310 486 338; x_wconf 82' lang='lat' dir='ltr'>poen.</span> 
     </span>
    </p>

    <p class='ocr_par' dir='ltr' id='par_1_3' title="bbox 276 341 1117 459">
     <span class='ocr_line' id='line_1_4' title="bbox 312 341 1117 372; baseline -0.005 -1"><span class='ocrx_word' id='word_1_15' title='bbox 312 344 544 372; x_wconf 67' lang='lat' dir='ltr'>nnsinuator.</span> <span class='ocrx_word' id='word_1_16' title='bbox 581 345 728 370; x_wconf 75' lang='lat' dir='ltr'>Gerulus.</span> <span class='ocrx_word' id='word_1_17' title='bbox 770 341 813 368; x_wconf 90' lang='lat'>111.</span> <span class='ocrx_word' id='word_1_18' title='bbox 840 343 906 370; x_wconf 76' lang='lat' dir='ltr'>Gn.</span> <span class='ocrx_word' id='word_1_19' title='bbox 938 341 1117 367; x_wconf 86' lang='lat' dir='ltr'>Insinuatores</span> 
     </span>
     <span class='ocr_line' id='line_1_5' title="bbox 277 382 1116 421; baseline -0.006 -6"><span class='ocrx_word' id='word_1_20' title='bbox 277 387 499 417; x_wconf 69' lang='lat' dir='ltr'>constitutionum,</span> <span class='ocrx_word' id='word_1_21' title='bbox 520 390 543 412; x_wconf 86' lang='lat' dir='ltr'>ct</span> <span class='ocrx_word' id='word_1_22' title='bbox 564 385 672 413; x_wconf 82' lang='lat' dir='ltr'>aliarum</span> <span class='ocrx_word' id='word_1_23' title='bbox 692 386 719 413; x_wconf 88' lang='lat' dir='ltr'>S.</span> <span class='ocrx_word' id='word_1_24' title='bbox 739 384 894 412; x_wconf 89' lang='lat' dir='ltr'>litterarum.</span> <span class='ocrx_word' id='word_1_25' title='bbox 923 383 976 410; x_wconf 86' lang='lat' dir='ltr'>Tit.</span> <span class='ocrx_word' id='word_1_26' title='bbox 993 382 1024 410; x_wconf 92' lang='lat' dir='ltr'>C.</span> <span class='ocrx_word' id='word_1_27' title='bbox 1043 383 1116 421; x_wconf 84' lang='lat' dir='ltr'>publ.</span> 
     </span>
     <span class='ocr_line' id='line_1_6' title="bbox 276 430 471 459; baseline -0.026 0"><span class='ocrx_word' id='word_1_28' title='bbox 276 432 355 459; x_wconf 68' lang='lat' dir='ltr'>laetit.</span> <span class='ocrx_word' id='word_1_29' title='bbox 377 431 415 455; x_wconf 77' lang='lat'>12.</span> <span class='ocrx_word' id='word_1_30' title='bbox 429 430 471 455; x_wconf 67' lang='grc'>64.</span> 
     </span>
    </p>

    <p class='ocr_par' dir='ltr' id='par_1_4' title="bbox 274 468 1124 1024">
     <span class='ocr_line' id='line_1_7' title="bbox 311 468 1117 505; baseline -0.004 -6"><span class='ocrx_word' id='word_1_31' title='bbox 311 472 505 500; x_wconf 78' lang='lat' dir='ltr'>lusistere.</span> <span class='ocrx_word' id='word_1_32' title='bbox 542 471 573 505; x_wconf 83' lang='lat'>§.</span> <span class='ocrx_word' id='word_1_33' title='bbox 592 473 628 499; x_wconf 91' lang='lat'>1.</span> <span class='ocrx_word' id='word_1_34' title='bbox 649 473 850 502; x_wconf 75' lang='lat' dir='ltr'>consistere,</span> <span class='ocrx_word' id='word_1_35' title='bbox 871 473 975 498; x_wconf 81' lang='lat' dir='ltr'>Stare.</span> <span class='ocrx_word' id='word_1_36' title='bbox 999 468 1117 497; x_wconf 75' lang='lat' dir='ltr'>Iucu.</span> 
     </span>
     <span class='ocr_line' id='line_1_8' title="bbox 276 513 1119 552; baseline -0.005 -9"><span class='ocrx_word' id='word_1_37' title='bbox 276 515 400 543; x_wconf 75' lang='lat' dir='ltr'>Conserta</span> <span class='ocrx_word' id='word_1_38' title='bbox 430 513 523 552; x_wconf 90' lang='lat' dir='ltr'>populi</span> <span class='ocrx_word' id='word_1_39' title='bbox 554 514 719 551; x_wconf 78' lang='lat' dir='ltr'>frequentia,</span> <span class='ocrx_word' id='word_1_40' title='bbox 752 517 778 541; x_wconf 89' lang='lat' dir='ltr'>et</span> <span class='ocrx_word' id='word_1_41' title='bbox 805 514 913 540; x_wconf 77' lang='lat' dir='ltr'>maxima</span> <span class='ocrx_word' id='word_1_42' title='bbox 941 513 1119 540; x_wconf 79' lang='lat' dir='ltr'>insistentium</span> 
     </span>
     <span class='ocr_line' id='line_1_9' title="bbox 275 554 1118 593; baseline -0.004 -8"><span class='ocrx_word' id='word_1_43' title='bbox 275 559 398 585; x_wconf 74' lang='lat' dir='ltr'>densitas.</span> <span class='ocrx_word' id='word_1_44' title='bbox 429 557 478 584; x_wconf 88' lang='lat' dir='ltr'>Th.</span> <span class='ocrx_word' id='word_1_45' title='bbox 499 556 530 584; x_wconf 90' lang='lat' dir='ltr'>C.</span> <span class='ocrx_word' id='word_1_46' title='bbox 554 557 599 585; x_wconf 84' lang='lat' dir='ltr'>IX.</span> <span class='ocrx_word' id='word_1_47' title='bbox 626 560 664 585; x_wconf 95' lang='lat'>17.</span> <span class='ocrx_word' id='word_1_48' title='bbox 690 568 711 585; x_wconf 92' lang='lat' dir='ltr'>c.</span> <span class='ocrx_word' id='word_1_49' title='bbox 731 559 755 584; x_wconf 84' lang='lat'>5.</span> <span class='ocrx_word' id='word_1_50' title='bbox 782 557 804 591; x_wconf 57' lang='grc' dir='ltr'>ᾖ.</span> <span class='ocrx_word' id='word_1_51' title='bbox 825 558 847 582; x_wconf 93' lang='lat' dir='ltr'>l.</span> <span class='ocrx_word' id='word_1_52' title='bbox 873 555 906 583; x_wconf 86' lang='lat' dir='ltr'>de</span> <span class='ocrx_word' id='word_1_53' title='bbox 930 555 1030 593; x_wconf 80' lang='lat' dir='ltr'>sepulc.</span> <span class='ocrx_word' id='word_1_54' title='bbox 1054 554 1118 582; x_wconf 84' lang='lat' dir='ltr'>viol.</span> 
     </span>
     <span class='ocr_line' id='line_1_10' title="bbox 275 599 1119 638; baseline -0.005 -9"><span class='ocrx_word' id='word_1_55' title='bbox 275 601 434 629; x_wconf 69' lang='lat' dir='ltr'>Naturaliter</span> <span class='ocrx_word' id='word_1_56' title='bbox 453 605 558 627; x_wconf 85' lang='lat' dir='ltr'>tenetur</span> <span class='ocrx_word' id='word_1_57' title='bbox 576 601 608 627; x_wconf 88' lang='lat' dir='ltr'>ab</span> <span class='ocrx_word' id='word_1_58' title='bbox 628 611 671 633; x_wconf 88' lang='lat' dir='ltr'>eo,</span> <span class='ocrx_word' id='word_1_59' title='bbox 699 602 744 638; x_wconf 88' lang='lat' dir='ltr'>qui</span> <span class='ocrx_word' id='word_1_60' title='bbox 764 601 786 626; x_wconf 85' lang='lat' dir='ltr'>ei</span> <span class='ocrx_word' id='word_1_61' title='bbox 806 600 860 633; x_wconf 89' lang='lat' dir='ltr'>(sc.</span> <span class='ocrx_word' id='word_1_62' title='bbox 879 599 1062 636; x_wconf 80' lang='lat' dir='ltr'>possessioni)</span> <span class='ocrx_word' id='word_1_63' title='bbox 1082 600 1119 625; x_wconf 92' lang='lat' dir='ltr'>in-</span> 
     </span>
     <span class='ocr_line' id='line_1_11' title="bbox 275 642 1119 680; baseline -0.004 -8"><span class='ocrx_word' id='word_1_64' title='bbox 275 646 354 672; x_wconf 86' lang='lat' dir='ltr'>sistit.</span> <span class='ocrx_word' id='word_1_65' title='bbox 374 644 406 670; x_wconf 85' lang='lat' dir='ltr'>fr.</span> <span class='ocrx_word' id='word_1_66' title='bbox 426 645 450 670; x_wconf 94' lang='lat'>1.</span> <span class='ocrx_word' id='word_1_67' title='bbox 473 653 514 680; x_wconf 91' lang='lat' dir='ltr'>pr.</span> <span class='ocrx_word' id='word_1_68' title='bbox 540 643 573 670; x_wconf 85' lang='lat' dir='ltr'>de</span> <span class='ocrx_word' id='word_1_69' title='bbox 591 644 623 671; x_wconf 87' lang='lat' dir='ltr'>A.</span> <span class='ocrx_word' id='word_1_70' title='bbox 644 654 667 670; x_wconf 89' lang='lat' dir='ltr'>v.</span> <span class='ocrx_word' id='word_1_71' title='bbox 687 644 719 670; x_wconf 82' lang='grc' dir='ltr'>Α.</span> <span class='ocrx_word' id='word_1_72' title='bbox 738 642 767 669; x_wconf 88' lang='lat' dir='ltr'>P.</span> <span class='ocrx_word' id='word_1_73' title='bbox 787 644 830 668; x_wconf 74' lang='lat'>41.</span> <span class='ocrx_word' id='word_1_74' title='bbox 849 644 875 669; x_wconf 85' lang='lat'>2.</span> <span class='ocrx_word' id='word_1_75' title='bbox 896 659 926 662; x_wconf 97' lang='lat'><strong>—</strong></span> <span class='ocrx_word' id='word_1_76' title='bbox 952 643 983 676; x_wconf 61' lang='grc' dir='ltr'>ξ.</span> <span class='ocrx_word' id='word_1_77' title='bbox 1003 643 1039 669; x_wconf 65' lang='grc' dir='ltr'>Β.</span> <span class='ocrx_word' id='word_1_78' title='bbox 1063 643 1119 669; x_wconf 82' lang='lat' dir='ltr'>In-</span> 
     </span>
     <span class='ocr_line' id='line_1_12' title="bbox 274 684 1121 720; baseline -0.005 -6"><span class='ocrx_word' id='word_1_79' title='bbox 274 690 421 719; x_wconf 77' lang='lat' dir='ltr'>haerere,</span> <span class='ocrx_word' id='word_1_80' title='bbox 442 688 614 714; x_wconf 80' lang='lat' dir='ltr'>Instanter</span> <span class='ocrx_word' id='word_1_81' title='bbox 632 696 755 713; x_wconf 77' lang='lat' dir='ltr'>curare.</span> <span class='ocrx_word' id='word_1_82' title='bbox 793 685 812 711; x_wconf 93' lang='lat'>1.</span> <span class='ocrx_word' id='word_1_83' title='bbox 831 686 893 720; x_wconf 74' lang='lat' dir='ltr'>Sy.</span> <span class='ocrx_word' id='word_1_84' title='bbox 913 684 1059 716; x_wconf 80' lang='lat' dir='ltr'>Imminere,</span> <span class='ocrx_word' id='word_1_85' title='bbox 1079 684 1121 711; x_wconf 91' lang='lat' dir='ltr'>In-</span> 
     </span>
     <span class='ocr_line' id='line_1_13' title="bbox 277 727 1121 763; baseline -0.004 -6"><span class='ocrx_word' id='word_1_86' title='bbox 277 730 399 757; x_wconf 88' lang='lat' dir='ltr'>cumbere</span> <span class='ocrx_word' id='word_1_87' title='bbox 418 729 594 763; x_wconf 85' lang='lat' dir='ltr'>(iudicibus.)</span> <span class='ocrx_word' id='word_1_88' title='bbox 619 729 668 756; x_wconf 93' lang='lat' dir='ltr'>Th.</span> <span class='ocrx_word' id='word_1_89' title='bbox 689 729 720 756; x_wconf 87' lang='lat' dir='ltr'>C.</span> <span class='ocrx_word' id='word_1_90' title='bbox 740 728 759 755; x_wconf 92' lang='lat' dir='ltr'>I.</span> <span class='ocrx_word' id='word_1_91' title='bbox 780 730 820 754; x_wconf 91' lang='grc'>10.</span> <span class='ocrx_word' id='word_1_92' title='bbox 841 738 862 754; x_wconf 92' lang='lat' dir='ltr'>c.</span> <span class='ocrx_word' id='word_1_93' title='bbox 880 730 905 754; x_wconf 82' lang='lat'>6.</span> <span class='ocrx_word' id='word_1_94' title='bbox 925 738 946 755; x_wconf 89' lang='lat' dir='ltr'>c.</span> <span class='ocrx_word' id='word_1_95' title='bbox 963 729 987 754; x_wconf 84' lang='lat'>8.</span> <span class='ocrx_word' id='word_1_96' title='bbox 1008 727 1121 761; x_wconf 82' lang='lat' dir='ltr'>(ch.)</span> 
     </span>
     <span class='ocr_line' id='line_1_14' title="bbox 275 771 1122 808; baseline -0.004 -8"><span class='ocrx_word' id='word_1_97' title='bbox 275 774 307 800; x_wconf 85' lang='lat' dir='ltr'>de.</span> <span class='ocrx_word' id='word_1_98' title='bbox 331 773 375 799; x_wconf 78' lang='lat' dir='ltr'>off.</span> <span class='ocrx_word' id='word_1_99' title='bbox 401 782 466 799; x_wconf 91' lang='lat' dir='ltr'>com.</span> <span class='ocrx_word' id='word_1_100' title='bbox 492 772 519 799; x_wconf 89' lang='lat' dir='ltr'>S.</span> <span class='ocrx_word' id='word_1_101' title='bbox 545 772 624 808; x_wconf 76' lang='lat' dir='ltr'>largg.</span> <span class='ocrx_word' id='word_1_102' title='bbox 643 771 688 798; x_wconf 84' lang='lat' dir='ltr'>XI.</span> <span class='ocrx_word' id='word_1_103' title='bbox 713 773 736 798; x_wconf 85' lang='lat'>7.</span> <span class='ocrx_word' id='word_1_104' title='bbox 762 781 783 798; x_wconf 89' lang='lat' dir='ltr'>c.</span> <span class='ocrx_word' id='word_1_105' title='bbox 810 772 849 798; x_wconf 85' lang='lat'>16.</span> <span class='ocrx_word' id='word_1_106' title='bbox 873 781 913 807; x_wconf 87' lang='lat' dir='ltr'>sq.</span> <span class='ocrx_word' id='word_1_107' title='bbox 938 771 971 798; x_wconf 91' lang='lat' dir='ltr'>de</span> <span class='ocrx_word' id='word_1_108' title='bbox 994 772 1122 798; x_wconf 81' lang='lat' dir='ltr'>exaction.</span> 
     </span>
     <span class='ocr_line' id='line_1_15' title="bbox 274 813 1123 852; baseline -0.004 -9"><span class='ocrx_word' id='word_1_109' title='bbox 274 816 317 843; x_wconf 84' lang='lat'>111.</span> <span class='ocrx_word' id='word_1_110' title='bbox 329 817 395 844; x_wconf 78' lang='lat' dir='ltr'>Gn.</span> <span class='ocrx_word' id='word_1_111' title='bbox 415 815 464 842; x_wconf 83' lang='lat' dir='ltr'>Illo</span> <span class='ocrx_word' id='word_1_112' title='bbox 485 816 633 846; x_wconf 71' lang='lat' dir='ltr'>insistente,</span> <span class='ocrx_word' id='word_1_113' title='bbox 655 814 827 852; x_wconf 78' lang='lat' dir='ltr'>disponente,</span> <span class='ocrx_word' id='word_1_114' title='bbox 848 818 926 850; x_wconf 84' lang='lat' dir='ltr'>atque</span> <span class='ocrx_word' id='word_1_115' title='bbox 945 813 1123 851; x_wconf 79' lang='lat' dir='ltr'>adgnoscente</span> 
     </span>
     <span class='ocr_line' id='line_1_16' title="bbox 275 856 1123 896; baseline -0.002 -11"><span class='ocrx_word' id='word_1_116' title='bbox 275 869 323 885; x_wconf 87' lang='lat' dir='ltr'>suo</span> <span class='ocrx_word' id='word_1_117' title='bbox 342 858 462 896; x_wconf 82' lang='lat' dir='ltr'>periculo</span> <span class='ocrx_word' id='word_1_118' title='bbox 482 868 536 884; x_wconf 81' lang='lat' dir='ltr'>rem</span> <span class='ocrx_word' id='word_1_119' title='bbox 556 858 730 895; x_wconf 79' lang='lat' dir='ltr'>peragendam</span> <span class='ocrx_word' id='word_1_120' title='bbox 747 862 795 884; x_wconf 80' lang='lat' dir='ltr'>etc.</span> <span class='ocrx_word' id='word_1_121' title='bbox 820 857 858 884; x_wconf 91' lang='lat' dir='ltr'>Ib.</span> <span class='ocrx_word' id='word_1_122' title='bbox 872 856 941 884; x_wconf 64' lang='lat' dir='ltr'>VIII.</span> <span class='ocrx_word' id='word_1_123' title='bbox 960 858 984 884; x_wconf 65' lang='lat'>8.</span> <span class='ocrx_word' id='word_1_124' title='bbox 1005 867 1027 883; x_wconf 89' lang='lat' dir='ltr'>c.</span> <span class='ocrx_word' id='word_1_125' title='bbox 1047 858 1071 883; x_wconf 86' lang='lat'>6.</span> <span class='ocrx_word' id='word_1_126' title='bbox 1090 856 1123 883; x_wconf 86' lang='lat' dir='ltr'>de</span> 
     </span>
     <span class='ocr_line' id='line_1_17' title="bbox 275 899 1121 938; baseline -0.004 -9"><span class='ocrx_word' id='word_1_127' title='bbox 275 912 362 929; x_wconf 80' lang='lat' dir='ltr'>exsec.</span> <span class='ocrx_word' id='word_1_128' title='bbox 383 906 408 927; x_wconf 88' lang='lat' dir='ltr'>et</span> <span class='ocrx_word' id='word_1_129' title='bbox 428 905 509 928; x_wconf 78' lang='lat' dir='ltr'>exact.</span> <span class='ocrx_word' id='word_1_130' title='bbox 547 900 604 927; x_wconf 90' lang='lat' dir='ltr'>Tua</span> <span class='ocrx_word' id='word_1_131' title='bbox 624 901 764 927; x_wconf 83' lang='lat' dir='ltr'>insistente</span> <span class='ocrx_word' id='word_1_132' title='bbox 788 900 937 938; x_wconf 87' lang='lat' dir='ltr'>prudentia.</span> <span class='ocrx_word' id='word_1_133' title='bbox 966 899 1002 926; x_wconf 92' lang='lat' dir='ltr'>lb.</span> <span class='ocrx_word' id='word_1_134' title='bbox 1022 899 1079 927; x_wconf 87' lang='lat' dir='ltr'>XII.</span> <span class='ocrx_word' id='word_1_135' title='bbox 1099 901 1121 926; x_wconf 95' lang='lat' dir='ltr'>l.</span> 
     </span>
     <span class='ocr_line' id='line_1_18' title="bbox 277 942 1124 980; baseline -0.002 -9"><span class='ocrx_word' id='word_1_136' title='bbox 277 956 298 971; x_wconf 89' lang='lat' dir='ltr'>c.</span> <span class='ocrx_word' id='word_1_137' title='bbox 319 947 361 971; x_wconf 69' lang='lat'>38.</span> <span class='ocrx_word' id='word_1_138' title='bbox 386 944 418 970; x_wconf 87' lang='lat' dir='ltr'>de</span> <span class='ocrx_word' id='word_1_139' title='bbox 438 943 571 970; x_wconf 86' lang='lat' dir='ltr'>decurion.</span> <span class='ocrx_word' id='word_1_140' title='bbox 601 943 728 970; x_wconf 76' lang='lat' dir='ltr'>insistere</span> <span class='ocrx_word' id='word_1_141' title='bbox 750 948 824 970; x_wconf 91' lang='lat' dir='ltr'>motu</span> <span class='ocrx_word' id='word_1_142' title='bbox 842 942 983 980; x_wconf 78' lang='lat' dir='ltr'>pestiferae</span> <span class='ocrx_word' id='word_1_143' title='bbox 1002 953 1124 980; x_wconf 81' lang='lat' dir='ltr'>perseve-</span> 
     </span>
     <span class='ocr_line' id='line_1_19' title="bbox 278 985 1026 1024; baseline -0.001 -10"><span class='ocrx_word' id='word_1_144' title='bbox 278 989 397 1015; x_wconf 77' lang='lat' dir='ltr'>rationis,</span> <span class='ocrx_word' id='word_1_145' title='bbox 435 986 472 1013; x_wconf 87' lang='lat' dir='ltr'>lb.</span> <span class='ocrx_word' id='word_1_146' title='bbox 492 985 563 1013; x_wconf 80' lang='lat' dir='ltr'>XVI.</span> <span class='ocrx_word' id='word_1_147' title='bbox 583 988 607 1013; x_wconf 71' lang='lat'>4.</span> <span class='ocrx_word' id='word_1_148' title='bbox 628 997 649 1013; x_wconf 88' lang='lat' dir='ltr'>c.</span> <span class='ocrx_word' id='word_1_149' title='bbox 669 989 693 1013; x_wconf 86' lang='grc'>2.</span> <span class='ocrx_word' id='word_1_150' title='bbox 714 986 746 1013; x_wconf 88' lang='lat' dir='ltr'>de</span> <span class='ocrx_word' id='word_1_151' title='bbox 766 986 791 1014; x_wconf 91' lang='lat' dir='ltr'>h.</span> <span class='ocrx_word' id='word_1_152' title='bbox 812 996 855 1022; x_wconf 87' lang='lat' dir='ltr'>qu.</span> <span class='ocrx_word' id='word_1_153' title='bbox 876 996 934 1024; x_wconf 89' lang='lat' dir='ltr'>sup.</span> <span class='ocrx_word' id='word_1_154' title='bbox 953 986 1026 1023; x_wconf 80' lang='lat' dir='ltr'>relig.</span> 
     </span>
    </p>

    <p class='ocr_par' dir='ltr' id='par_1_5' title="bbox 276 1028 1123 1196">
     <span class='ocr_line' id='line_1_20' title="bbox 312 1028 1123 1065; baseline -0.002 -8"><span class='ocrx_word' id='word_1_155' title='bbox 312 1030 461 1058; x_wconf 75' lang='lat' dir='ltr'>Insitio.</span> <span class='ocrx_word' id='word_1_156' title='bbox 499 1031 740 1065; x_wconf 69' lang='lat' dir='ltr'>Empltyteusis.</span> <span class='ocrx_word' id='word_1_157' title='bbox 777 1028 820 1055; x_wconf 91' lang='lat'>111.</span> <span class='ocrx_word' id='word_1_158' title='bbox 847 1030 913 1056; x_wconf 76' lang='lat' dir='ltr'>Cn-</span> <span class='ocrx_word' id='word_1_159' title='bbox 951 1028 1059 1056; x_wconf 86' lang='lat' dir='ltr'>Praedia</span> <span class='ocrx_word' id='word_1_160' title='bbox 1085 1030 1123 1056; x_wconf 90' lang='lat' dir='ltr'>iu-</span> 
     </span>
     <span class='ocr_line' id='line_1_21' title="bbox 277 1071 1122 1110; baseline -0.004 -10"><span class='ocrx_word' id='word_1_161' title='bbox 277 1075 313 1100; x_wconf 89' lang='lat' dir='ltr'>ris</span> <span class='ocrx_word' id='word_1_162' title='bbox 333 1072 524 1110; x_wconf 66' lang='lat' dir='ltr'>emphyteutici</span> <span class='ocrx_word' id='word_1_163' title='bbox 544 1089 577 1092; x_wconf 96' lang='lat'><strong>—</strong></span> <span class='ocrx_word' id='word_1_164' title='bbox 597 1072 647 1099; x_wconf 90' lang='lat' dir='ltr'>sub</span> <span class='ocrx_word' id='word_1_165' title='bbox 668 1082 698 1098; x_wconf 90' lang='lat' dir='ltr'>eo</span> <span class='ocrx_word' id='word_1_166' title='bbox 718 1072 852 1098; x_wconf 83' lang='lat' dir='ltr'>insitionis</span> <span class='ocrx_word' id='word_1_167' title='bbox 878 1071 927 1105; x_wconf 82' lang='lat' dir='ltr'>[al.</span> <span class='ocrx_word' id='word_1_168' title='bbox 947 1072 1122 1106; x_wconf 88' lang='lat' dir='ltr'>insitationis]</span> 
     </span>
     <span class='ocr_line' id='line_1_22' title="bbox 276 1114 1123 1152; baseline -0.002 -9"><span class='ocrx_word' id='word_1_169' title='bbox 276 1115 363 1147; x_wconf 79' lang='lat' dir='ltr'>modo,</span> <span class='ocrx_word' id='word_1_170' title='bbox 387 1126 438 1152; x_wconf 89' lang='lat' dir='ltr'>quo</span> <span class='ocrx_word' id='word_1_171' title='bbox 458 1125 528 1142; x_wconf 92' lang='lat' dir='ltr'>nunc</span> <span class='ocrx_word' id='word_1_172' title='bbox 547 1120 681 1147; x_wconf 78' lang='lat' dir='ltr'>tenentur,</span> <span class='ocrx_word' id='word_1_173' title='bbox 702 1130 737 1141; x_wconf 61' lang='lat'>—=</span> <span class='ocrx_word' id='word_1_174' title='bbox 754 1114 888 1141; x_wconf 87' lang='lat' dir='ltr'>collocari.</span> <span class='ocrx_word' id='word_1_175' title='bbox 916 1114 983 1142; x_wconf 72' lang='lat' dir='ltr'>Nov.</span> <span class='ocrx_word' id='word_1_176' title='bbox 1004 1114 1061 1142; x_wconf 73' lang='lat' dir='ltr'>val.</span> <span class='ocrx_word' id='word_1_177' title='bbox 1082 1114 1123 1141; x_wconf 90' lang='lat' dir='ltr'>lll.</span> 
     </span>
     <span class='ocr_line' id='line_1_23' title="bbox 276 1158 818 1196; baseline -0.006 -10"><span class='ocrx_word' id='word_1_178' title='bbox 276 1159 308 1186; x_wconf 88' lang='lat' dir='ltr'>de</span> <span class='ocrx_word' id='word_1_179' title='bbox 328 1158 419 1196; x_wconf 86' lang='lat' dir='ltr'>praed.</span> <span class='ocrx_word' id='word_1_180' title='bbox 440 1159 533 1195; x_wconf 90' lang='lat' dir='ltr'>pistor.</span> <span class='ocrx_word' id='word_1_181' title='bbox 552 1158 583 1186; x_wconf 95' lang='lat' dir='ltr'>II.</span> <span class='ocrx_word' id='word_1_182' title='bbox 602 1160 645 1185; x_wconf 69' lang='lat'>34.</span> <span class='ocrx_word' id='word_1_183' title='bbox 665 1168 687 1184; x_wconf 86' lang='lat' dir='ltr'>c.</span> <span class='ocrx_word' id='word_1_184' title='bbox 709 1159 732 1184; x_wconf 92' lang='lat' dir='ltr'>l.</span> <span class='ocrx_word' id='word_1_185' title='bbox 752 1158 774 1191; x_wconf 68' lang='grc' dir='ltr'>ξ.</span> <span class='ocrx_word' id='word_1_186' title='bbox 794 1159 818 1183; x_wconf 86' lang='grc'>3.</span> 
     </span>
    </p>

    <p class='ocr_par' dir='ltr' id='par_1_6' title="bbox 276 1200 1126 1581">
     <span class='ocr_line' id='line_1_24' title="bbox 312 1200 1125 1235; baseline -0.002 -6"><span class='ocrx_word' id='word_1_187' title='bbox 312 1202 470 1229; x_wconf 76' lang='lat' dir='ltr'>Insitus.</span> <span class='ocrx_word' id='word_1_188' title='bbox 490 1200 620 1235; x_wconf 88' lang='lat' dir='ltr'>(Partic.)</span> <span class='ocrx_word' id='word_1_189' title='bbox 639 1201 670 1234; x_wconf 61' lang='grc' dir='ltr'>ξ.</span> <span class='ocrx_word' id='word_1_190' title='bbox 690 1201 724 1227; x_wconf 90' lang='grc'>1.</span> <span class='ocrx_word' id='word_1_191' title='bbox 745 1202 901 1227; x_wconf 73' lang='lat' dir='ltr'>Insertus.</span> <span class='ocrx_word' id='word_1_192' title='bbox 930 1200 948 1227; x_wconf 93' lang='lat' dir='ltr'>I.</span> <span class='ocrx_word' id='word_1_193' title='bbox 968 1202 1030 1235; x_wconf 76' lang='lat' dir='ltr'>Sy.</span> <span class='ocrx_word' id='word_1_194' title='bbox 1049 1200 1125 1227; x_wconf 80' lang='lat' dir='ltr'>Prae—</span> 
     </span>
     <span class='ocr_line' id='line_1_25' title="bbox 278 1242 1124 1282; baseline -0.001 -11"><span class='ocrx_word' id='word_1_195' title='bbox 278 1246 377 1282; x_wconf 87' lang='lat' dir='ltr'>posita,</span> <span class='ocrx_word' id='word_1_196' title='bbox 407 1244 487 1271; x_wconf 89' lang='lat' dir='ltr'>Insita</span> <span class='ocrx_word' id='word_1_197' title='bbox 512 1243 659 1277; x_wconf 80' lang='lat' dir='ltr'>(libertati,</span> <span class='ocrx_word' id='word_1_198' title='bbox 686 1253 709 1269; x_wconf 90' lang='lat' dir='ltr'>v.</span> <span class='ocrx_word' id='word_1_199' title='bbox 734 1242 833 1279; x_wconf 76' lang='lat' dir='ltr'>legato,</span> <span class='ocrx_word' id='word_1_200' title='bbox 859 1253 896 1270; x_wconf 93' lang='lat' dir='ltr'>sc.</span> <span class='ocrx_word' id='word_1_201' title='bbox 921 1244 1065 1277; x_wconf 88' lang='lat' dir='ltr'>conditio.)</span> <span class='ocrx_word' id='word_1_202' title='bbox 1092 1244 1124 1270; x_wconf 90' lang='lat' dir='ltr'>fr.</span> 
     </span>
     <span class='ocr_line' id='line_1_26' title="bbox 276 1285 1124 1323; baseline -0.001 -9"><span class='ocrx_word' id='word_1_203' title='bbox 276 1290 318 1315; x_wconf 69' lang='lat'>²52.</span> <span class='ocrx_word' id='word_1_204' title='bbox 339 1287 371 1314; x_wconf 86' lang='lat' dir='ltr'>de</span> <span class='ocrx_word' id='word_1_205' title='bbox 395 1286 471 1313; x_wconf 87' lang='lat' dir='ltr'>cond.</span> <span class='ocrx_word' id='word_1_206' title='bbox 492 1291 518 1313; x_wconf 87' lang='lat' dir='ltr'>et</span> <span class='ocrx_word' id='word_1_207' title='bbox 541 1287 608 1313; x_wconf 90' lang='lat' dir='ltr'>dem.</span> <span class='ocrx_word' id='word_1_208' title='bbox 627 1288 670 1313; x_wconf 81' lang='lat'>35.</span> <span class='ocrx_word' id='word_1_209' title='bbox 691 1287 713 1312; x_wconf 92' lang='lat' dir='ltr'>l.</span> <span class='ocrx_word' id='word_1_210' title='bbox 751 1285 793 1312; x_wconf 91' lang='lat' dir='ltr'>Ill.</span> <span class='ocrx_word' id='word_1_211' title='bbox 815 1288 881 1314; x_wconf 77' lang='lat' dir='ltr'>Gn.</span> <span class='ocrx_word' id='word_1_212' title='bbox 910 1287 986 1323; x_wconf 75' lang='lat' dir='ltr'>Quae</span> <span class='ocrx_word' id='word_1_213' title='bbox 1005 1292 1067 1313; x_wconf 90' lang='lat' dir='ltr'>sunt</span> <span class='ocrx_word' id='word_1_214' title='bbox 1086 1287 1124 1314; x_wconf 86' lang='lat' dir='ltr'>in-</span> 
     </span>
     <span class='ocr_line' id='line_1_27' title="bbox 278 1329 1125 1366; baseline 0 -10"><span class='ocrx_word' id='word_1_215' title='bbox 278 1332 344 1357; x_wconf 88' lang='lat' dir='ltr'>sitae</span> <span class='ocrx_word' id='word_1_216' title='bbox 364 1330 418 1363; x_wconf 88' lang='lat' dir='ltr'>(sc.</span> <span class='ocrx_word' id='word_1_217' title='bbox 438 1330 620 1362; x_wconf 81' lang='lat' dir='ltr'>vestimentis)</span> <span class='ocrx_word' id='word_1_218' title='bbox 639 1330 771 1366; x_wconf 75' lang='lat' dir='ltr'>picturae,</span> <span class='ocrx_word' id='word_1_219' title='bbox 800 1329 920 1366; x_wconf 82' lang='lat' dir='ltr'>clavique</span> <span class='ocrx_word' id='word_1_220' title='bbox 939 1331 983 1366; x_wconf 92' lang='lat' dir='ltr'>qui</span> <span class='ocrx_word' id='word_1_221' title='bbox 1004 1329 1125 1357; x_wconf 87' lang='lat' dir='ltr'>vestibus</span> 
     </span>
     <span class='ocr_line' id='line_1_28' title="bbox 280 1372 1123 1409; baseline 0.001 -10"><span class='ocrx_word' id='word_1_222' title='bbox 280 1375 429 1400; x_wconf 82' lang='lat' dir='ltr'>insuuntur.</span> <span class='ocrx_word' id='word_1_223' title='bbox 454 1372 485 1399; x_wconf 85' lang='lat' dir='ltr'>fr.</span> <span class='ocrx_word' id='word_1_224' title='bbox 504 1374 546 1398; x_wconf 83' lang='grc'>23.</span> <span class='ocrx_word' id='word_1_225' title='bbox 571 1373 591 1406; x_wconf 70' lang='grc' dir='ltr'>ς’.</span> <span class='ocrx_word' id='word_1_226' title='bbox 614 1374 636 1399; x_wconf 90' lang='grc'>1.</span> <span class='ocrx_word' id='word_1_227' title='bbox 662 1372 695 1399; x_wconf 85' lang='lat' dir='ltr'>de</span> <span class='ocrx_word' id='word_1_228' title='bbox 714 1382 776 1398; x_wconf 88' lang='lat' dir='ltr'>auro</span> <span class='ocrx_word' id='word_1_229' title='bbox 796 1382 847 1409; x_wconf 74' lang='lat' dir='ltr'>arg.</span> <span class='ocrx_word' id='word_1_230' title='bbox 867 1375 909 1400; x_wconf 74' lang='lat'>34.</span> <span class='ocrx_word' id='word_1_231' title='bbox 928 1375 954 1399; x_wconf 90' lang='grc'>2.</span> <span class='ocrx_word' id='word_1_232' title='bbox 974 1389 1007 1393; x_wconf 86' lang='lat'>—-</span> <span class='ocrx_word' id='word_1_233' title='bbox 1036 1373 1066 1406; x_wconf 83' lang='lat'>§.</span> <span class='ocrx_word' id='word_1_234' title='bbox 1087 1375 1123 1400; x_wconf 69' lang='lat'>⁴2.</span> 
     </span>
     <span class='ocr_line' id='line_1_29' title="bbox 277 1414 1124 1451; baseline -0.001 -9"><span class='ocrx_word' id='word_1_235' title='bbox 277 1418 464 1451; x_wconf 72' lang='lat' dir='ltr'>Ingenitus.</span> <span class='ocrx_word' id='word_1_236' title='bbox 502 1415 545 1441; x_wconf 93' lang='lat' dir='ltr'>III.</span> <span class='ocrx_word' id='word_1_237' title='bbox 572 1417 638 1443; x_wconf 75' lang='lat'>011.</span> <span class='ocrx_word' id='word_1_238' title='bbox 669 1415 780 1442; x_wconf 88' lang='lat' dir='ltr'>Iusitum</span> <span class='ocrx_word' id='word_1_239' title='bbox 799 1416 880 1442; x_wconf 90' lang='lat' dir='ltr'>robur</span> <span class='ocrx_word' id='word_1_240' title='bbox 900 1415 1048 1443; x_wconf 80' lang='lat' dir='ltr'>ostendere.</span> <span class='ocrx_word' id='word_1_241' title='bbox 1075 1414 1124 1442; x_wconf 87' lang='lat' dir='ltr'>Th.</span> 
     </span>
     <span class='ocr_line' id='line_1_30' title="bbox 278 1457 1126 1486; baseline 0 -1"><span class='ocrx_word' id='word_1_242' title='bbox 278 1459 310 1486; x_wconf 87' lang='lat' dir='ltr'>C.</span> <span class='ocrx_word' id='word_1_243' title='bbox 331 1459 386 1485; x_wconf 68' lang='lat' dir='ltr'>Vll.</span> <span class='ocrx_word' id='word_1_244' title='bbox 411 1460 453 1484; x_wconf 71' lang='lat'>22.</span> <span class='ocrx_word' id='word_1_245' title='bbox 483 1468 504 1485; x_wconf 96' lang='lat' dir='ltr'>c.</span> <span class='ocrx_word' id='word_1_246' title='bbox 524 1460 548 1484; x_wconf 99' lang='lat'>9.</span> <span class='ocrx_word' id='word_1_247' title='bbox 578 1457 610 1484; x_wconf 87' lang='lat' dir='ltr'>dc</span> <span class='ocrx_word' id='word_1_248' title='bbox 635 1458 672 1484; x_wconf 87' lang='lat' dir='ltr'>fil.</span> <span class='ocrx_word' id='word_1_249' title='bbox 697 1458 802 1485; x_wconf 88' lang='lat' dir='ltr'>militar.</span> <span class='ocrx_word' id='word_1_250' title='bbox 835 1458 920 1485; x_wconf 86' lang='lat' dir='ltr'>Habet</span> <span class='ocrx_word' id='word_1_251' title='bbox 944 1459 995 1485; x_wconf 89' lang='lat' dir='ltr'>hoc</span> <span class='ocrx_word' id='word_1_252' title='bbox 1018 1459 1126 1485; x_wconf 83' lang='lat' dir='ltr'>insitum</span> 
     </span>
     <span class='ocr_line' id='line_1_31' title="bbox 277 1501 1126 1537; baseline 0.001 -10"><span class='ocrx_word' id='word_1_253' title='bbox 277 1501 410 1535; x_wconf 87' lang='lat' dir='ltr'>(sollicita</span> <span class='ocrx_word' id='word_1_254' title='bbox 437 1501 576 1537; x_wconf 86' lang='lat' dir='ltr'>aequitatis</span> <span class='ocrx_word' id='word_1_255' title='bbox 596 1502 782 1535; x_wconf 80' lang='lat' dir='ltr'>examinatio.)</span> <span class='ocrx_word' id='word_1_256' title='bbox 806 1501 873 1529; x_wconf 69' lang='grc' dir='ltr'>Νῦν,</span> <span class='ocrx_word' id='word_1_257' title='bbox 893 1501 951 1528; x_wconf 77' lang='lat' dir='ltr'>Val.</span> <span class='ocrx_word' id='word_1_258' title='bbox 970 1501 1012 1529; x_wconf 88' lang='lat' dir='ltr'>III.</span> <span class='ocrx_word' id='word_1_259' title='bbox 1037 1501 1070 1528; x_wconf 89' lang='lat' dir='ltr'>de</span> <span class='ocrx_word' id='word_1_260' title='bbox 1088 1502 1126 1528; x_wconf 91' lang='lat' dir='ltr'>in-</span> 
     </span>
     <span class='ocr_line' id='line_1_32' title="bbox 282 1543 610 1581; baseline 0 -11"><span class='ocrx_word' id='word_1_261' title='bbox 282 1554 367 1571; x_wconf 74' lang='lat' dir='ltr'>vasor.</span> <span class='ocrx_word' id='word_1_262' title='bbox 388 1543 418 1570; x_wconf 92' lang='lat' dir='ltr'>II.</span> <span class='ocrx_word' id='word_1_263' title='bbox 438 1545 462 1571; x_wconf 84' lang='lat'>8.</span> <span class='ocrx_word' id='word_1_264' title='bbox 483 1554 504 1570; x_wconf 89' lang='lat' dir='ltr'>c.</span> <span class='ocrx_word' id='word_1_265' title='bbox 524 1546 548 1570; x_wconf 78' lang='lat'>2.</span> <span class='ocrx_word' id='word_1_266' title='bbox 568 1553 610 1581; x_wconf 87' lang='lat' dir='ltr'>pr.</span> 
     </span>
    </p>

    <p class='ocr_par' dir='ltr' id='par_1_7' title="bbox 277 1586 1130 1924">
     <span class='ocr_line' id='line_1_33' title="bbox 314 1586 1126 1621; baseline 0.001 -8"><span class='ocrx_word' id='word_1_267' title='bbox 314 1589 502 1614; x_wconf 81' lang='lat' dir='ltr'>lusolens.</span> <span class='ocrx_word' id='word_1_268' title='bbox 523 1586 619 1620; x_wconf 78' lang='lat' dir='ltr'>(Adi.)</span> <span class='ocrx_word' id='word_1_269' title='bbox 655 1588 687 1621; x_wconf 69' lang='lat'>§0</span> <span class='ocrx_word' id='word_1_270' title='bbox 710 1588 746 1614; x_wconf 91' lang='grc'>1.</span> <span class='ocrx_word' id='word_1_271' title='bbox 764 1589 944 1619; x_wconf 68' lang='lat' dir='ltr'>Insolitna,</span> <span class='ocrx_word' id='word_1_272' title='bbox 964 1589 1126 1614; x_wconf 73' lang='lat' dir='ltr'>Iniustas.</span> 
     </span>
     <span class='ocr_line' id='line_1_34' title="bbox 277 1626 1126 1657; baseline 0 -1"><span class='ocrx_word' id='word_1_273' title='bbox 277 1629 319 1656; x_wconf 75' lang='lat' dir='ltr'>III.</span> <span class='ocrx_word' id='word_1_274' title='bbox 342 1631 408 1657; x_wconf 76' lang='lat' dir='ltr'>Cn·</span> <span class='ocrx_word' id='word_1_275' title='bbox 427 1628 581 1656; x_wconf 77' lang='lat' dir='ltr'>Relationes</span> <span class='ocrx_word' id='word_1_276' title='bbox 600 1639 652 1656; x_wconf 91' lang='lat' dir='ltr'>non</span> <span class='ocrx_word' id='word_1_277' title='bbox 673 1631 838 1656; x_wconf 82' lang='lat' dir='ltr'>necessariae</span> <span class='ocrx_word' id='word_1_278' title='bbox 857 1635 883 1657; x_wconf 84' lang='lat' dir='ltr'>ct</span> <span class='ocrx_word' id='word_1_279' title='bbox 901 1626 1056 1657; x_wconf 82' lang='lat' dir='ltr'>insolentes.</span> <span class='ocrx_word' id='word_1_280' title='bbox 1076 1629 1126 1656; x_wconf 88' lang='lat' dir='ltr'>Th.</span> 
     </span>
     <span class='ocr_line' id='line_1_35' title="bbox 280 1671 1128 1710; baseline -0.001 -10"><span class='ocrx_word' id='word_1_281' title='bbox 280 1673 311 1700; x_wconf 79' lang='lat' dir='ltr'>C.</span> <span class='ocrx_word' id='word_1_282' title='bbox 331 1672 376 1698; x_wconf 70' lang='lat' dir='ltr'>XI.</span> <span class='ocrx_word' id='word_1_283' title='bbox 395 1673 437 1698; x_wconf 87' lang='lat'>30.</span> <span class='ocrx_word' id='word_1_284' title='bbox 463 1682 485 1698; x_wconf 93' lang='lat' dir='ltr'>c.</span> <span class='ocrx_word' id='word_1_285' title='bbox 506 1674 545 1698; x_wconf 88' lang='lat'>13.</span> <span class='ocrx_word' id='word_1_286' title='bbox 571 1671 603 1698; x_wconf 89' lang='lat' dir='ltr'>de</span> <span class='ocrx_word' id='word_1_287' title='bbox 627 1682 686 1710; x_wconf 84' lang='lat' dir='ltr'>app.</span> <span class='ocrx_word' id='word_1_288' title='bbox 712 1677 738 1699; x_wconf 79' lang='lat' dir='ltr'>et</span> <span class='ocrx_word' id='word_1_289' title='bbox 760 1683 838 1710; x_wconf 89' lang='lat' dir='ltr'>poen.</span> <span class='ocrx_word' id='word_1_290' title='bbox 874 1672 1017 1699; x_wconf 83' lang='lat' dir='ltr'>Insolentis</span> <span class='ocrx_word' id='word_1_291' title='bbox 1042 1672 1128 1699; x_wconf 87' lang='lat' dir='ltr'>divor-</span> 
     </span>
     <span class='ocr_line' id='line_1_36' title="bbox 279 1714 1127 1753; baseline 0.001 -12"><span class='ocrx_word' id='word_1_292' title='bbox 279 1716 308 1742; x_wconf 88' lang='lat' dir='ltr'>tii</span> <span class='ocrx_word' id='word_1_293' title='bbox 333 1724 425 1752; x_wconf 84' lang='lat' dir='ltr'>poena.</span> <span class='ocrx_word' id='word_1_294' title='bbox 454 1714 491 1741; x_wconf 85' lang='lat' dir='ltr'>lb.</span> <span class='ocrx_word' id='word_1_295' title='bbox 512 1715 553 1741; x_wconf 94' lang='lat' dir='ltr'>llI.</span> <span class='ocrx_word' id='word_1_296' title='bbox 576 1716 614 1741; x_wconf 84' lang='lat'>16.</span> <span class='ocrx_word' id='word_1_297' title='bbox 636 1725 656 1742; x_wconf 81' lang='lat' dir='ltr'>c.</span> <span class='ocrx_word' id='word_1_298' title='bbox 676 1717 700 1742; x_wconf 79' lang='lat'>2.</span> <span class='ocrx_word' id='word_1_299' title='bbox 720 1716 742 1749; x_wconf 85' lang='lat'>§.</span> <span class='ocrx_word' id='word_1_300' title='bbox 763 1718 786 1742; x_wconf 95' lang='lat'>1.</span> <span class='ocrx_word' id='word_1_301' title='bbox 806 1715 839 1742; x_wconf 88' lang='lat' dir='ltr'>de</span> <span class='ocrx_word' id='word_1_302' title='bbox 858 1715 950 1753; x_wconf 80' lang='lat' dir='ltr'>repud.</span> <span class='ocrx_word' id='word_1_303' title='bbox 971 1732 1001 1736; x_wconf 93' lang='lat'>—</span> <span class='ocrx_word' id='word_1_304' title='bbox 1040 1716 1071 1749; x_wconf 62' lang='grc' dir='ltr'>ἓ.</span> <span class='ocrx_word' id='word_1_305' title='bbox 1092 1717 1127 1742; x_wconf 74' lang='lat'>2.</span> 
     </span>
     <span class='ocr_line' id='line_1_37' title="bbox 279 1758 1130 1796; baseline 0.001 -12"><span class='ocrx_word' id='word_1_306' title='bbox 279 1760 518 1792; x_wconf 72' lang='lat' dir='ltr'>Intemperans,</span> <span class='ocrx_word' id='word_1_307' title='bbox 545 1760 717 1792; x_wconf 74' lang='lat' dir='ltr'>Superbus.</span> <span class='ocrx_word' id='word_1_308' title='bbox 749 1758 791 1784; x_wconf 90' lang='grc' dir='ltr'>ΙΙΙ.</span> <span class='ocrx_word' id='word_1_309' title='bbox 813 1759 879 1786; x_wconf 78' lang='lat' dir='ltr'>Gn.</span> <span class='ocrx_word' id='word_1_310' title='bbox 910 1758 939 1785; x_wconf 85' lang='lat' dir='ltr'>Si</span> <span class='ocrx_word' id='word_1_311' title='bbox 959 1760 1018 1795; x_wconf 88' lang='lat' dir='ltr'>quis</span> <span class='ocrx_word' id='word_1_312' title='bbox 1038 1764 1130 1796; x_wconf 86' lang='lat' dir='ltr'>poten-</span> 
     </span>
     <span class='ocr_line' id='line_1_38' title="bbox 280 1800 1129 1835; baseline 0.002 -9"><span class='ocrx_word' id='word_1_313' title='bbox 280 1802 374 1827; x_wconf 85' lang='lat' dir='ltr'>tiorum</span> <span class='ocrx_word' id='word_1_314' title='bbox 399 1802 532 1827; x_wconf 74' lang='lat' dir='ltr'>exstIterit</span> <span class='ocrx_word' id='word_1_315' title='bbox 555 1801 720 1828; x_wconf 86' lang='lat' dir='ltr'>insolentior.</span> <span class='ocrx_word' id='word_1_316' title='bbox 751 1801 789 1827; x_wconf 93' lang='lat' dir='ltr'>Ib.</span> <span class='ocrx_word' id='word_1_317' title='bbox 815 1800 832 1828; x_wconf 94' lang='lat'>1.</span> <span class='ocrx_word' id='word_1_318' title='bbox 858 1803 898 1828; x_wconf 97' lang='lat'>16.</span> <span class='ocrx_word' id='word_1_319' title='bbox 921 1812 941 1828; x_wconf 88' lang='lat' dir='ltr'>c.</span> <span class='ocrx_word' id='word_1_320' title='bbox 966 1804 991 1828; x_wconf 86' lang='grc'>4.</span> <span class='ocrx_word' id='word_1_321' title='bbox 1016 1801 1129 1835; x_wconf 85' lang='lat' dir='ltr'>(Wek.)</span> 
     </span>
     <span class='ocr_line' id='line_1_39' title="bbox 281 1843 1129 1881; baseline 0.001 -11"><span class='ocrx_word' id='word_1_322' title='bbox 281 1844 314 1870; x_wconf 85' lang='lat' dir='ltr'>de</span> <span class='ocrx_word' id='word_1_323' title='bbox 333 1844 376 1870; x_wconf 77' lang='lat' dir='ltr'>off.</span> <span class='ocrx_word' id='word_1_324' title='bbox 397 1843 471 1870; x_wconf 80' lang='lat' dir='ltr'>Rect.</span> <span class='ocrx_word' id='word_1_325' title='bbox 492 1843 547 1879; x_wconf 73' lang='lat' dir='ltr'>Pr,</span> <span class='ocrx_word' id='word_1_326' title='bbox 556 1843 742 1881; x_wconf 88' lang='lat' dir='ltr'>Improbitates</span> <span class='ocrx_word' id='word_1_327' title='bbox 762 1844 930 1871; x_wconf 87' lang='lat' dir='ltr'>insolentum.</span> <span class='ocrx_word' id='word_1_328' title='bbox 958 1844 1025 1871; x_wconf 60' lang='grc' dir='ltr'>Νῦν.</span> <span class='ocrx_word' id='word_1_329' title='bbox 1038 1844 1129 1871; x_wconf 81' lang='lat' dir='ltr'>Maior.</span> 
     </span>
     <span class='ocr_line' id='line_1_40' title="bbox 282 1886 811 1924; baseline 0.002 -12"><span class='ocrx_word' id='word_1_330' title='bbox 282 1886 315 1912; x_wconf 90' lang='lat' dir='ltr'>de</span> <span class='ocrx_word' id='word_1_331' title='bbox 336 1886 466 1912; x_wconf 77' lang='lat' dir='ltr'>defensor.</span> <span class='ocrx_word' id='word_1_332' title='bbox 486 1887 557 1913; x_wconf 80' lang='lat' dir='ltr'>civit.</span> <span class='ocrx_word' id='word_1_333' title='bbox 577 1886 621 1913; x_wconf 80' lang='lat' dir='ltr'>IV.</span> <span class='ocrx_word' id='word_1_334' title='bbox 641 1890 665 1913; x_wconf 76' lang='lat'>2.</span> <span class='ocrx_word' id='word_1_335' title='bbox 686 1897 706 1913; x_wconf 91' lang='lat' dir='ltr'>c.</span> <span class='ocrx_word' id='word_1_336' title='bbox 729 1889 750 1914; x_wconf 94' lang='lat' dir='ltr'>l.</span> <span class='ocrx_word' id='word_1_337' title='bbox 771 1897 811 1924; x_wconf 77' lang='lat' dir='ltr'>pr.</span> 
     </span>
    </p>

    <p class='ocr_par' dir='ltr' id='par_1_8' title="bbox 282 1930 1131 2224">
     <span class='ocr_line' id='line_1_41' title="bbox 318 1930 1128 1963; baseline 0 -7"><span class='ocrx_word' id='word_1_338' title='bbox 318 1931 548 1956; x_wconf 77' lang='lat' dir='ltr'>Insolenter.</span> <span class='ocrx_word' id='word_1_339' title='bbox 568 1930 682 1963; x_wconf 90' lang='lat' dir='ltr'>(Advb.)</span> <span class='ocrx_word' id='word_1_340' title='bbox 702 1932 840 1957; x_wconf 82' lang='lat' dir='ltr'>Praeter</span> <span class='ocrx_word' id='word_1_341' title='bbox 853 1932 1128 1962; x_wconf 70' lang='lat' dir='ltr'>consuetudinem,</span> 
     </span>
     <span class='ocr_line' id='line_1_42' title="bbox 282 1972 1131 2010; baseline -0.001 -10"><span class='ocrx_word' id='word_1_342' title='bbox 282 1974 420 2000; x_wconf 74' lang='lat' dir='ltr'>Iniuste.</span> <span class='ocrx_word' id='word_1_343' title='bbox 457 1972 500 1998; x_wconf 92' lang='lat' dir='ltr'>III.</span> <span class='ocrx_word' id='word_1_344' title='bbox 525 1974 591 2000; x_wconf 76' lang='lat' dir='ltr'>Gn.</span> <span class='ocrx_word' id='word_1_345' title='bbox 624 1972 697 2008; x_wconf 86' lang='lat' dir='ltr'>Quid</span> <span class='ocrx_word' id='word_1_346' title='bbox 716 1974 899 2010; x_wconf 86' lang='lat' dir='ltr'>unusquisque</span> <span class='ocrx_word' id='word_1_347' title='bbox 923 1973 1075 2010; x_wconf 91' lang='lat' dir='ltr'>compulsor</span> <span class='ocrx_word' id='word_1_348' title='bbox 1094 1974 1131 1999; x_wconf 94' lang='lat' dir='ltr'>in-</span> 
     </span>
     <span class='ocr_line' id='line_1_43' title="bbox 283 2015 1129 2053; baseline 0 -11"><span class='ocrx_word' id='word_1_349' title='bbox 283 2015 401 2042; x_wconf 86' lang='lat' dir='ltr'>solenter</span> <span class='ocrx_word' id='word_1_350' title='bbox 420 2015 525 2051; x_wconf 71' lang='lat' dir='ltr'>egissct.</span> <span class='ocrx_word' id='word_1_351' title='bbox 546 2020 589 2042; x_wconf 88' lang='lat' dir='ltr'>aut</span> <span class='ocrx_word' id='word_1_352' title='bbox 608 2015 711 2053; x_wconf 86' lang='lat' dir='ltr'>cupide.</span> <span class='ocrx_word' id='word_1_353' title='bbox 744 2015 793 2042; x_wconf 87' lang='lat' dir='ltr'>Th.</span> <span class='ocrx_word' id='word_1_354' title='bbox 813 2016 844 2042; x_wconf 87' lang='lat' dir='ltr'>C.</span> <span class='ocrx_word' id='word_1_355' title='bbox 863 2016 881 2042; x_wconf 92' lang='lat' dir='ltr'>I.</span> <span class='ocrx_word' id='word_1_356' title='bbox 902 2017 924 2042; x_wconf 86' lang='lat'>7.</span> <span class='ocrx_word' id='word_1_357' title='bbox 950 2026 972 2042; x_wconf 91' lang='lat' dir='ltr'>c.</span> <span class='ocrx_word' id='word_1_358' title='bbox 991 2017 1014 2042; x_wconf 91' lang='lat'>6.</span> <span class='ocrx_word' id='word_1_359' title='bbox 1035 2015 1067 2043; x_wconf 89' lang='lat' dir='ltr'>de</span> <span class='ocrx_word' id='word_1_360' title='bbox 1087 2016 1129 2043; x_wconf 79' lang='lat' dir='ltr'>oss.</span> 
     </span>
     <span class='ocr_line' id='line_1_44' title="bbox 282 2057 1129 2096; baseline 0.001 -12"><span class='ocrx_word' id='word_1_361' title='bbox 282 2058 356 2085; x_wconf 74' lang='lat' dir='ltr'>lieet.</span> <span class='ocrx_word' id='word_1_362' title='bbox 377 2057 419 2084; x_wconf 89' lang='lat' dir='ltr'>Pr.</span> <span class='ocrx_word' id='word_1_363' title='bbox 456 2057 576 2085; x_wconf 79' lang='lat' dir='ltr'>Iudebite</span> <span class='ocrx_word' id='word_1_364' title='bbox 595 2063 621 2085; x_wconf 87' lang='lat' dir='ltr'>et</span> <span class='ocrx_word' id='word_1_365' title='bbox 639 2058 785 2085; x_wconf 85' lang='lat' dir='ltr'>insolenter</span> <span class='ocrx_word' id='word_1_366' title='bbox 804 2059 976 2096; x_wconf 91' lang='lat' dir='ltr'>(usurpare.)</span> <span class='ocrx_word' id='word_1_367' title='bbox 1003 2059 1040 2085; x_wconf 90' lang='lat' dir='ltr'>lb.</span> <span class='ocrx_word' id='word_1_368' title='bbox 1060 2059 1129 2085; x_wconf 84' lang='lat' dir='ltr'>XIII.</span> 
     </span>
     <span class='ocr_line' id='line_1_45' title="bbox 282 2100 1130 2139; baseline 0.001 -12"><span class='ocrx_word' id='word_1_369' title='bbox 282 2102 307 2127; x_wconf 85' lang='lat'>3.</span> <span class='ocrx_word' id='word_1_370' title='bbox 329 2112 349 2127; x_wconf 91' lang='lat' dir='ltr'>c.</span> <span class='ocrx_word' id='word_1_371' title='bbox 371 2102 394 2127; x_wconf 90' lang='lat'>7.</span> <span class='ocrx_word' id='word_1_372' title='bbox 415 2100 447 2127; x_wconf 83' lang='lat' dir='ltr'>de</span> <span class='ocrx_word' id='word_1_373' title='bbox 467 2101 559 2127; x_wconf 90' lang='lat' dir='ltr'>medic.</span> <span class='ocrx_word' id='word_1_374' title='bbox 574 2107 600 2128; x_wconf 81' lang='lat' dir='ltr'>et</span> <span class='ocrx_word' id='word_1_375' title='bbox 613 2102 678 2139; x_wconf 88' lang='lat' dir='ltr'>prof.</span> <span class='ocrx_word' id='word_1_376' title='bbox 706 2101 875 2134; x_wconf 82' lang='lat' dir='ltr'>Insolentius,</span> <span class='ocrx_word' id='word_1_377' title='bbox 896 2112 973 2138; x_wconf 86' lang='lat' dir='ltr'>quam</span> <span class='ocrx_word' id='word_1_378' title='bbox 985 2101 1130 2128; x_wconf 87' lang='lat' dir='ltr'>moderatio</span> 
     </span>
     <span class='ocr_line' id='line_1_46' title="bbox 285 2144 1131 2181; baseline 0.004 -12"><span class='ocrx_word' id='word_1_379' title='bbox 285 2145 395 2181; x_wconf 72' lang='lat' dir='ltr'>patitur,</span> <span class='ocrx_word' id='word_1_380' title='bbox 415 2154 435 2170; x_wconf 82' lang='lat' dir='ltr'>S.</span> <span class='ocrx_word' id='word_1_381' title='bbox 457 2153 534 2180; x_wconf 91' lang='lat' dir='ltr'>quam</span> <span class='ocrx_word' id='word_1_382' title='bbox 554 2145 685 2171; x_wconf 85' lang='lat' dir='ltr'>convenit.</span> <span class='ocrx_word' id='word_1_383' title='bbox 723 2144 760 2171; x_wconf 88' lang='lat' dir='ltr'>lb.</span> <span class='ocrx_word' id='word_1_384' title='bbox 781 2144 825 2171; x_wconf 83' lang='lat' dir='ltr'>VI.</span> <span class='ocrx_word' id='word_1_385' title='bbox 846 2146 869 2171; x_wconf 76' lang='grc'>4.</span> <span class='ocrx_word' id='word_1_386' title='bbox 900 2155 920 2171; x_wconf 94' lang='lat' dir='ltr'>c.</span> <span class='ocrx_word' id='word_1_387' title='bbox 940 2147 982 2171; x_wconf 74' lang='lat'>22.</span> <span class='ocrx_word' id='word_1_388' title='bbox 1011 2145 1033 2179; x_wconf 56' lang='grc' dir='ltr'>ᾗ.</span> <span class='ocrx_word' id='word_1_389' title='bbox 1053 2148 1078 2172; x_wconf 83' lang='grc'>4.</span> <span class='ocrx_word' id='word_1_390' title='bbox 1098 2145 1131 2172; x_wconf 85' lang='lat' dir='ltr'>de</span> 
     </span>
     <span class='ocr_line' id='line_1_47' title="bbox 286 2186 922 2224; baseline 0.002 -12"><span class='ocrx_word' id='word_1_391' title='bbox 286 2186 371 2213; x_wconf 75' lang='lat' dir='ltr'>Praei..</span> <span class='ocrx_word' id='word_1_392' title='bbox 392 2191 418 2212; x_wconf 79' lang='lat' dir='ltr'>et</span> <span class='ocrx_word' id='word_1_393' title='bbox 437 2186 489 2222; x_wconf 81' lang='lat' dir='ltr'>Qu.</span> <span class='ocrx_word' id='word_1_394' title='bbox 510 2186 565 2213; x_wconf 69' lang='lat' dir='ltr'>VII.</span> <span class='ocrx_word' id='word_1_395' title='bbox 587 2189 627 2213; x_wconf 80' lang='lat'>13.</span> <span class='ocrx_word' id='word_1_396' title='bbox 649 2198 669 2214; x_wconf 81' lang='lat' dir='ltr'>c.</span> <span class='ocrx_word' id='word_1_397' title='bbox 691 2189 713 2214; x_wconf 87' lang='lat'>7.</span> <span class='ocrx_word' id='word_1_398' title='bbox 733 2198 772 2224; x_wconf 85' lang='lat' dir='ltr'>pr.</span> <span class='ocrx_word' id='word_1_399' title='bbox 792 2187 825 2213; x_wconf 83' lang='lat' dir='ltr'>de</span> <span class='ocrx_word' id='word_1_400' title='bbox 846 2189 922 2214; x_wconf 91' lang='lat' dir='ltr'>tiron.</span> 
     </span>
    </p>

    <p class='ocr_par' dir='ltr' id='par_1_9' title="bbox 289 2229 1132 2396">
     <span class='ocr_line' id='line_1_48' title="bbox 322 2229 1132 2265; baseline 0.004 -10"><span class='ocrx_word' id='word_1_401' title='bbox 322 2229 546 2256; x_wconf 73' lang='lat' dir='ltr'>Insolenfia.</span> <span class='ocrx_word' id='word_1_402' title='bbox 567 2231 848 2265; x_wconf 75' lang='lat' dir='ltr'>Intemperantia,</span> <span class='ocrx_word' id='word_1_403' title='bbox 869 2232 991 2257; x_wconf 78' lang='lat' dir='ltr'>Libido.</span> <span class='ocrx_word' id='word_1_404' title='bbox 1019 2230 1050 2257; x_wconf 92' lang='lat'>11.</span> <span class='ocrx_word' id='word_1_405' title='bbox 1065 2232 1132 2265; x_wconf 75' lang='lat' dir='ltr'>Op.</span> 
     </span>
     <span class='ocr_line' id='line_1_49' title="bbox 290 2271 1132 2308; baseline 0.005 -11"><span class='ocrx_word' id='word_1_406' title='bbox 290 2272 463 2308; x_wconf 84' lang='lat' dir='ltr'>Obsequium.</span> <span class='ocrx_word' id='word_1_407' title='bbox 484 2271 566 2298; x_wconf 69' lang='lat' dir='ltr'>Vatic.</span> <span class='ocrx_word' id='word_1_408' title='bbox 587 2273 608 2306; x_wconf 65' lang='grc' dir='ltr'>ξ.</span> <span class='ocrx_word' id='word_1_409' title='bbox 628 2274 693 2299; x_wconf 57' lang='grc'>272.</span> <span class='ocrx_word' id='word_1_410' title='bbox 726 2272 769 2299; x_wconf 91' lang='lat' dir='ltr'>III.</span> <span class='ocrx_word' id='word_1_411' title='bbox 791 2275 856 2301; x_wconf 73' lang='lat' dir='ltr'>Cn.</span> <span class='ocrx_word' id='word_1_412' title='bbox 877 2273 948 2299; x_wconf 82' lang='lat' dir='ltr'>Inter</span> <span class='ocrx_word' id='word_1_413' title='bbox 966 2273 1132 2301; x_wconf 81' lang='lat' dir='ltr'>insolentiam</span> 
     </span>
     <span class='ocr_line' id='line_1_50' title="bbox 290 2315 1132 2351; baseline 0.001 -10"><span class='ocrx_word' id='word_1_414' title='bbox 290 2316 461 2342; x_wconf 82' lang='lat' dir='ltr'>incuriosam.</span> <span class='ocrx_word' id='word_1_415' title='bbox 491 2320 516 2340; x_wconf 84' lang='lat' dir='ltr'>et</span> <span class='ocrx_word' id='word_1_416' title='bbox 540 2315 701 2351; x_wconf 73' lang='lat' dir='ltr'>diligentiam</span> <span class='ocrx_word' id='word_1_417' title='bbox 725 2326 777 2342; x_wconf 89' lang='lat' dir='ltr'>non</span> <span class='ocrx_word' id='word_1_418' title='bbox 802 2316 981 2348; x_wconf 84' lang='lat' dir='ltr'>ambitiosam,</span> <span class='ocrx_word' id='word_1_419' title='bbox 1006 2316 1132 2349; x_wconf 90' lang='lat' dir='ltr'>(multum</span> 
     </span>
     <span class='ocr_line' id='line_1_51' title="bbox 289 2356 1132 2396; baseline -0.001 -10"><span class='ocrx_word' id='word_1_420' title='bbox 289 2358 425 2391; x_wconf 68' lang='lat' dir='ltr'>interest.)</span> <span class='ocrx_word' id='word_1_421' title='bbox 458 2356 488 2383; x_wconf 76' lang='lat' dir='ltr'>fr.</span> <span class='ocrx_word' id='word_1_422' title='bbox 507 2359 548 2383; x_wconf 76' lang='lat'>33.</span> <span class='ocrx_word' id='word_1_423' title='bbox 572 2369 610 2394; x_wconf 92' lang='lat' dir='ltr'>pr.</span> <span class='ocrx_word' id='word_1_424' title='bbox 631 2358 663 2385; x_wconf 70' lang='lat' dir='ltr'>dc·</span> <span class='ocrx_word' id='word_1_425' title='bbox 683 2369 753 2386; x_wconf 91' lang='lat' dir='ltr'>usur.</span> <span class='ocrx_word' id='word_1_426' title='bbox 772 2362 814 2386; x_wconf 75' lang='lat'>22.</span> <span class='ocrx_word' id='word_1_427' title='bbox 836 2361 856 2386; x_wconf 93' lang='lat' dir='ltr'>l.</span> <span class='ocrx_word' id='word_1_428' title='bbox 887 2359 929 2385; x_wconf 82' lang='lat' dir='ltr'>Ab</span> <span class='ocrx_word' id='word_1_429' title='bbox 948 2360 1018 2385; x_wconf 89' lang='lat' dir='ltr'>omni</span> <span class='ocrx_word' id='word_1_430' title='bbox 1038 2361 1132 2396; x_wconf 82' lang='lat' dir='ltr'>impro-</span> 
     </span>
    </p>
   </div>
   <div class='ocr_carea' id='block_1_3' title="bbox 288 2394 1156 2481">
    <p class='ocr_par' dir='ltr' id='par_1_10' title="bbox 288 2394 1156 2481">
     <span class='ocr_line' id='line_1_52' title="bbox 288 2394 1155 2435; baseline 0 -7"><span class='ocrx_word' id='word_1_431' title='bbox 288 2402 381 2428; x_wconf 88' lang='lat' dir='ltr'>borum</span> <span class='ocrx_word' id='word_1_432' title='bbox 406 2399 546 2427; x_wconf 81' lang='lat' dir='ltr'>insolentia</span> <span class='ocrx_word' id='word_1_433' title='bbox 571 2406 595 2426; x_wconf 77' lang='lat' dir='ltr'>ct</span> <span class='ocrx_word' id='word_1_434' title='bbox 620 2403 764 2428; x_wconf 71' lang='lat' dir='ltr'>temeritate</span> <span class='ocrx_word' id='word_1_435' title='bbox 789 2402 900 2435; x_wconf 81' lang='lat' dir='ltr'>(tueri.)</span> <span class='ocrx_word' id='word_1_436' title='bbox 931 2401 982 2428; x_wconf 83' lang='lat' dir='ltr'>Th.</span> <span class='ocrx_word' id='word_1_437' title='bbox 1003 2402 1033 2428; x_wconf 82' lang='lat' dir='ltr'>C.</span> <span class='ocrx_word' id='word_1_438' title='bbox 1053 2402 1071 2429; x_wconf 92' lang='lat' dir='ltr'>I.</span> <span class='ocrx_word' id='word_1_439' title='bbox 1093 2404 1132 2428; x_wconf 70' lang='lat' dir='ltr'>ll.</span> <span class='ocrx_word' id='word_1_440' title='bbox 1154 2394 1155 2411; x_wconf 47' lang='lat'><strong>³</strong></span> 
     </span>
     <span class='ocr_line' id='line_1_53' title="bbox 289 2442 1156 2481; baseline 0.001 -11"><span class='ocrx_word' id='word_1_441' title='bbox 289 2455 310 2470; x_wconf 79' lang='lat' dir='ltr'>c.</span> <span class='ocrx_word' id='word_1_442' title='bbox 333 2446 358 2470; x_wconf 73' lang='grc'>2.</span> <span class='ocrx_word' id='word_1_443' title='bbox 384 2443 415 2470; x_wconf 83' lang='lat' dir='ltr'>de</span> <span class='ocrx_word' id='word_1_444' title='bbox 440 2442 540 2469; x_wconf 68' lang='lat' dir='ltr'>desem.</span> <span class='ocrx_word' id='word_1_445' title='bbox 565 2444 635 2469; x_wconf 70' lang='lat' dir='ltr'>civit..</span> <span class='ocrx_word' id='word_1_446' title='bbox 675 2445 739 2471; x_wconf 66' lang='lat' dir='ltr'>Nov.</span> <span class='ocrx_word' id='word_1_447' title='bbox 767 2445 850 2471; x_wconf 80' lang='lat' dir='ltr'>Maior</span> <span class='ocrx_word' id='word_1_448' title='bbox 875 2444 933 2471; x_wconf 81' lang='lat' dir='ltr'>eod.</span> <span class='ocrx_word' id='word_1_449' title='bbox 953 2444 996 2472; x_wconf 81' lang='lat' dir='ltr'>IV.</span> <span class='ocrx_word' id='word_1_450' title='bbox 1020 2446 1044 2471; x_wconf 80' lang='lat'>2.</span> <span class='ocrx_word' id='word_1_451' title='bbox 1068 2456 1089 2471; x_wconf 84' lang='lat' dir='ltr'>c.</span> <span class='ocrx_word' id='word_1_452' title='bbox 1110 2447 1132 2471; x_wconf 90' lang='lat' dir='ltr'>l.</span> <span class='ocrx_word' id='word_1_453' title='bbox 1155 2472 1156 2481; x_wconf 18' lang='grc' dir='ltr'>ἵ</span> 
     </span>
    </p>
   </div>
   <div class='ocr_carea' id='block_1_4' title="bbox 290 2485 1136 2822">
    <p class='ocr_par' dir='ltr' id='par_1_11' title="bbox 290 2485 1134 2640">
     <span class='ocr_line' id='line_1_54' title="bbox 290 2485 1132 2524; baseline 0.001 -11"><span class='ocrx_word' id='word_1_454' title='bbox 290 2486 451 2513; x_wconf 73' lang='lat' dir='ltr'>Ot&#39;licinlium</span> <span class='ocrx_word' id='word_1_455' title='bbox 472 2485 621 2512; x_wconf 75' lang='lat' dir='ltr'>insolentia.</span> <span class='ocrx_word' id='word_1_456' title='bbox 642 2492 665 2511; x_wconf 76' lang='lat' dir='ltr'>et</span> <span class='ocrx_word' id='word_1_457' title='bbox 687 2488 801 2514; x_wconf 89' lang='lat' dir='ltr'>iudicum</span> <span class='ocrx_word' id='word_1_458' title='bbox 820 2489 975 2524; x_wconf 84' lang='lat' dir='ltr'>procacitas.</span> <span class='ocrx_word' id='word_1_459' title='bbox 997 2498 1017 2514; x_wconf 87' lang='lat' dir='ltr'>c.</span> <span class='ocrx_word' id='word_1_460' title='bbox 1033 2489 1055 2514; x_wconf 67' lang='grc'>4.</span> <span class='ocrx_word' id='word_1_461' title='bbox 1076 2487 1132 2514; x_wconf 77' lang='lat' dir='ltr'>eod.</span> 
     </span>
     <span class='ocr_line' id='line_1_55' title="bbox 291 2528 1134 2563; baseline 0.001 -7"><span class='ocrx_word' id='word_1_462' title='bbox 291 2531 329 2556; x_wconf 87' lang='lat' dir='ltr'>tit.</span> <span class='ocrx_word' id='word_1_463' title='bbox 353 2532 373 2556; x_wconf 93' lang='grc'>1.</span> <span class='ocrx_word' id='word_1_464' title='bbox 393 2531 434 2555; x_wconf 82' lang='lat'>55.</span> <span class='ocrx_word' id='word_1_465' title='bbox 467 2529 507 2555; x_wconf 75' lang='lat' dir='ltr'>Cf.</span> <span class='ocrx_word' id='word_1_466' title='bbox 529 2528 578 2554; x_wconf 89' lang='lat' dir='ltr'>Th.</span> <span class='ocrx_word' id='word_1_467' title='bbox 600 2528 630 2555; x_wconf 84' lang='lat' dir='ltr'>C.</span> <span class='ocrx_word' id='word_1_468' title='bbox 653 2529 681 2555; x_wconf 70' lang='lat' dir='ltr'>v.</span> <span class='ocrx_word' id='word_1_469' title='bbox 704 2532 742 2556; x_wconf 75' lang='lat'>155.</span> <span class='ocrx_word' id='word_1_470' title='bbox 763 2541 783 2556; x_wconf 87' lang='lat' dir='ltr'>c.</span> <span class='ocrx_word' id='word_1_471' title='bbox 803 2532 845 2556; x_wconf 96' lang='grc'>20.</span> <span class='ocrx_word' id='word_1_472' title='bbox 866 2530 971 2563; x_wconf 73' lang='lat' dir='ltr'>(ch.)</span> <span class='ocrx_word' id='word_1_473' title='bbox 1002 2530 1044 2557; x_wconf 86' lang='lat' dir='ltr'>Ab</span> <span class='ocrx_word' id='word_1_474' title='bbox 1065 2532 1134 2557; x_wconf 84' lang='lat' dir='ltr'>inso-</span> 
     </span>
     <span class='ocr_line' id='line_1_56' title="bbox 290 2571 1134 2609; baseline 0.002 -11"><span class='ocrx_word' id='word_1_475' title='bbox 290 2572 369 2598; x_wconf 82' lang='lat' dir='ltr'>lentia</span> <span class='ocrx_word' id='word_1_476' title='bbox 390 2571 505 2598; x_wconf 84' lang='lat' dir='ltr'>iudicum</span> <span class='ocrx_word' id='word_1_477' title='bbox 524 2576 627 2608; x_wconf 86' lang='lat' dir='ltr'>reperta</span> <span class='ocrx_word' id='word_1_478' title='bbox 647 2572 820 2609; x_wconf 82' lang='lat' dir='ltr'>(supplicia.)</span> <span class='ocrx_word' id='word_1_479' title='bbox 849 2573 886 2599; x_wconf 91' lang='lat' dir='ltr'>lb.</span> <span class='ocrx_word' id='word_1_480' title='bbox 905 2573 950 2600; x_wconf 76' lang='lat' dir='ltr'>XI.</span> <span class='ocrx_word' id='word_1_481' title='bbox 971 2575 994 2600; x_wconf 92' lang='lat'>7.</span> <span class='ocrx_word' id='word_1_482' title='bbox 1016 2584 1036 2600; x_wconf 90' lang='lat' dir='ltr'>c.</span> <span class='ocrx_word' id='word_1_483' title='bbox 1056 2575 1080 2600; x_wconf 84' lang='lat'>3.</span> <span class='ocrx_word' id='word_1_484' title='bbox 1101 2573 1134 2600; x_wconf 80' lang='lat' dir='ltr'>dc</span> 
     </span>
     <span class='ocr_line' id='line_1_57' title="bbox 293 2615 422 2640; baseline 0 0"><span class='ocrx_word' id='word_1_485' title='bbox 293 2615 422 2640; x_wconf 70' lang='lat' dir='ltr'>exactiori.</span> 
     </span>
    </p>

    <p class='ocr_par' dir='ltr' id='par_1_12' title="bbox 293 2657 1136 2822">
     <span class='ocr_line' id='line_1_58' title="bbox 327 2657 1135 2695; baseline 0.002 -12"><span class='ocrx_word' id='word_1_486' title='bbox 327 2659 575 2684; x_wconf 72' lang='lat' dir='ltr'>liisolcscere.</span> <span class='ocrx_word' id='word_1_487' title='bbox 602 2658 788 2691; x_wconf 75' lang='lat' dir='ltr'>Superbire.</span> <span class='ocrx_word' id='word_1_488' title='bbox 819 2657 859 2684; x_wconf 88' lang='lat' dir='ltr'>Ill.</span> <span class='ocrx_word' id='word_1_489' title='bbox 882 2660 948 2686; x_wconf 73' lang='lat' dir='ltr'>Cn.</span> <span class='ocrx_word' id='word_1_490' title='bbox 974 2658 1010 2685; x_wconf 77' lang='lat' dir='ltr'>Ita</span> <span class='ocrx_word' id='word_1_491' title='bbox 1034 2668 1082 2695; x_wconf 84' lang='lat' dir='ltr'>per</span> <span class='ocrx_word' id='word_1_492' title='bbox 1102 2659 1135 2685; x_wconf 86' lang='lat' dir='ltr'>ia-</span> 
     </span>
     <span class='ocr_line' id='line_1_59' title="bbox 293 2699 1134 2736; baseline 0 -11"><span class='ocrx_word' id='word_1_493' title='bbox 293 2701 414 2725; x_wconf 84' lang='lat' dir='ltr'>ctantiam</span> <span class='ocrx_word' id='word_1_494' title='bbox 434 2700 604 2732; x_wconf 73' lang='lat' dir='ltr'>insolescere,</span> <span class='ocrx_word' id='word_1_495' title='bbox 624 2705 652 2726; x_wconf 86' lang='lat' dir='ltr'>ut</span> <span class='ocrx_word' id='word_1_496' title='bbox 672 2699 833 2736; x_wconf 82' lang='lat' dir='ltr'>despiciatur</span> <span class='ocrx_word' id='word_1_497' title='bbox 853 2706 900 2726; x_wconf 70' lang='lat' dir='ltr'>etc.</span> <span class='ocrx_word' id='word_1_498' title='bbox 926 2701 1019 2728; x_wconf 78' lang='lat' dir='ltr'>T11,C,</span> <span class='ocrx_word' id='word_1_499' title='bbox 1033 2701 1134 2728; x_wconf 73' lang='grc' dir='ltr'>Χ1,30,</span> 
     </span>
     <span class='ocr_line' id='line_1_60' title="bbox 293 2741 1136 2779; baseline 0.004 -12"><span class='ocrx_word' id='word_1_500' title='bbox 293 2752 314 2767; x_wconf 91' lang='lat' dir='ltr'>c.</span> <span class='ocrx_word' id='word_1_501' title='bbox 338 2743 375 2767; x_wconf 75' lang='lat' dir='ltr'>ll.</span> <span class='ocrx_word' id='word_1_502' title='bbox 396 2742 417 2774; x_wconf 62' lang='grc' dir='ltr'>ξ.</span> <span class='ocrx_word' id='word_1_503' title='bbox 440 2745 459 2768; x_wconf 95' lang='lat' dir='ltr'>l.</span> <span class='ocrx_word' id='word_1_504' title='bbox 485 2742 517 2769; x_wconf 77' lang='lat' dir='ltr'>dc</span> <span class='ocrx_word' id='word_1_505' title='bbox 537 2753 596 2779; x_wconf 89' lang='lat' dir='ltr'>app.</span> <span class='ocrx_word' id='word_1_506' title='bbox 617 2748 643 2769; x_wconf 83' lang='lat' dir='ltr'>et</span> <span class='ocrx_word' id='word_1_507' title='bbox 662 2752 738 2779; x_wconf 81' lang='lat' dir='ltr'>poen.</span> <span class='ocrx_word' id='word_1_508' title='bbox 776 2741 816 2768; x_wconf 66' lang='lat' dir='ltr'>Ne</span> <span class='ocrx_word' id='word_1_509' title='bbox 835 2757 867 2761; x_wconf 91' lang='lat'>—-</span> <span class='ocrx_word' id='word_1_510' title='bbox 888 2744 1062 2775; x_wconf 79' lang='lat' dir='ltr'>insolescant,</span> <span class='ocrx_word' id='word_1_511' title='bbox 1086 2743 1136 2770; x_wconf 90' lang='lat' dir='ltr'>ela-</span> 
     </span>
     <span class='ocr_line' id='line_1_61' title="bbox 294 2785 1135 2822; baseline 0.005 -13"><span class='ocrx_word' id='word_1_512' title='bbox 294 2785 365 2820; x_wconf 82' lang='lat' dir='ltr'>tique</span> <span class='ocrx_word' id='word_1_513' title='bbox 390 2785 430 2809; x_wconf 74' lang='lat' dir='ltr'>sui</span> <span class='ocrx_word' id='word_1_514' title='bbox 454 2786 594 2811; x_wconf 75' lang='lat' dir='ltr'>securitate</span> <span class='ocrx_word' id='word_1_515' title='bbox 620 2785 763 2822; x_wconf 88' lang='lat' dir='ltr'>quidquam</span> <span class='ocrx_word' id='word_1_516' title='bbox 786 2795 912 2822; x_wconf 76' lang='lat' dir='ltr'>praeceps</span> <span class='ocrx_word' id='word_1_517' title='bbox 937 2802 967 2806; x_wconf 91' lang='lat'><em>-</em></span> <span class='ocrx_word' id='word_1_518' title='bbox 992 2786 1135 2813; x_wconf 83' lang='lat' dir='ltr'>admittant.</span> 
     </span>
    </p>
   </div>
   <div class='ocr_carea' id='block_1_5' title="bbox 294 2825 694 2855">
    <p class='ocr_par' dir='ltr' id='par_1_13' title="bbox 294 2825 694 2855">
     <span class='ocr_line' id='line_1_62' title="bbox 294 2825 694 2855; baseline 0.008 -3"><span class='ocrx_word' id='word_1_519' title='bbox 294 2826 330 2853; x_wconf 88' lang='lat' dir='ltr'>Ib.</span> <span class='ocrx_word' id='word_1_520' title='bbox 350 2825 420 2852; x_wconf 70' lang='grc' dir='ltr'>ΧΠ.</span> <span class='ocrx_word' id='word_1_521' title='bbox 441 2829 464 2852; x_wconf 68' lang='grc' dir='ltr'>ὅ.</span> <span class='ocrx_word' id='word_1_522' title='bbox 486 2838 506 2853; x_wconf 83' lang='lat' dir='ltr'>c.</span> <span class='ocrx_word' id='word_1_523' title='bbox 525 2830 567 2854; x_wconf 75' lang='lat'>21.</span> <span class='ocrx_word' id='word_1_524' title='bbox 588 2828 621 2855; x_wconf 77' lang='lat' dir='ltr'>de</span> <span class='ocrx_word' id='word_1_525' title='bbox 639 2828 694 2855; x_wconf 87' lang='lat' dir='ltr'>Iud.</span> 
     </span>
    </p>
   </div>
   <div class='ocr_carea' id='block_1_6' title="bbox 1140 275 1161 2883">
    <p class='ocr_par' dir='ltr' id='par_1_14' title="bbox 1140 275 1161 2883">
     <span class='ocr_line' id='line_1_63' title="bbox 1140 275 1161 2883; baseline 0 0"><span class='ocrx_word' id='word_1_526' title='bbox 1140 275 1161 2883; x_wconf 95' lang='lat' dir='ltr'> </span> 
     </span>
    </p>
   </div>
   <div class='ocr_carea' id='block_1_7' title="bbox 1098 171 1178 203">
    <p class='ocr_par' dir='ltr' id='par_1_15' title="bbox 1098 171 1178 203">
     <span class='ocr_line' id='line_1_64' title="bbox 1098 171 1178 203; baseline 0.013 -1"><span class='ocrx_word' id='word_1_527' title='bbox 1098 171 1178 203; x_wconf 80' lang='lat' dir='ltr'>INS.</span> 
     </span>
    </p>
   </div>
   <div class='ocr_carea' id='block_1_8' title="bbox 1162 253 2020 2900">
    <p class='ocr_par' dir='ltr' id='par_1_16' title="bbox 1162 253 2007 464">
     <span class='ocr_line' id='line_1_65' title="bbox 1198 253 2006 292; baseline 0.006 -12"><span class='ocrx_word' id='word_1_528' title='bbox 1198 253 1393 281; x_wconf 77' lang='lat' dir='ltr'>Insolitus.</span> <span class='ocrx_word' id='word_1_529' title='bbox 1413 254 1553 290; x_wconf 76' lang='lat' dir='ltr'>(Adiect.)</span> <span class='ocrx_word' id='word_1_530' title='bbox 1580 258 1742 283; x_wconf 73' lang='lat' dir='ltr'>Insuetus.</span> <span class='ocrx_word' id='word_1_531' title='bbox 1779 256 1799 283; x_wconf 91' lang='lat' dir='ltr'>I.</span> <span class='ocrx_word' id='word_1_532' title='bbox 1813 258 1875 292; x_wconf 73' lang='lat' dir='ltr'>Sy.</span> <span class='ocrx_word' id='word_1_533' title='bbox 1896 257 2006 285; x_wconf 89' lang='lat' dir='ltr'>Inusita-</span> 
     </span>
     <span class='ocr_line' id='line_1_66' title="bbox 1162 296 2006 337; baseline 0.006 -14"><span class='ocrx_word' id='word_1_534' title='bbox 1162 302 1213 324; x_wconf 85' lang='lat' dir='ltr'>tus.</span> <span class='ocrx_word' id='word_1_535' title='bbox 1235 308 1256 324; x_wconf 90' lang='lat' dir='ltr'>c.</span> <span class='ocrx_word' id='word_1_536' title='bbox 1278 298 1318 323; x_wconf 73' lang='lat'>14.</span> <span class='ocrx_word' id='word_1_537' title='bbox 1339 296 1371 323; x_wconf 90' lang='lat' dir='ltr'>de</span> <span class='ocrx_word' id='word_1_538' title='bbox 1389 297 1468 325; x_wconf 85' lang='lat' dir='ltr'>indic.</span> <span class='ocrx_word' id='word_1_539' title='bbox 1487 300 1512 325; x_wconf 88' lang='lat'>3.</span> <span class='ocrx_word' id='word_1_540' title='bbox 1534 301 1556 326; x_wconf 91' lang='lat' dir='ltr'>l.</span> <span class='ocrx_word' id='word_1_541' title='bbox 1584 299 1627 325; x_wconf 80' lang='lat' dir='ltr'>III.</span> <span class='ocrx_word' id='word_1_542' title='bbox 1646 300 1712 327; x_wconf 73' lang='grc' dir='ltr'>οη.</span> <span class='ocrx_word' id='word_1_543' title='bbox 1740 298 1953 337; x_wconf 85' lang='lat' dir='ltr'>Rescripserunt,</span> <span class='ocrx_word' id='word_1_544' title='bbox 1973 317 2006 321; x_wconf 96' lang='lat'><strong>—</strong></span> 
     </span>
     <span class='ocr_line' id='line_1_67' title="bbox 1162 341 2006 381; baseline 0.005 -15"><span class='ocrx_word' id='word_1_545' title='bbox 1162 341 1292 367; x_wconf 84' lang='lat' dir='ltr'>neminem</span> <span class='ocrx_word' id='word_1_546' title='bbox 1311 349 1405 377; x_wconf 84' lang='lat' dir='ltr'>posse,</span> <span class='ocrx_word' id='word_1_547' title='bbox 1429 341 1510 378; x_wconf 88' lang='lat' dir='ltr'>idque</span> <span class='ocrx_word' id='word_1_548' title='bbox 1532 341 1669 369; x_wconf 86' lang='lat' dir='ltr'>insolitum</span> <span class='ocrx_word' id='word_1_549' title='bbox 1687 352 1747 368; x_wconf 83' lang='lat' dir='ltr'>esse</span> <span class='ocrx_word' id='word_1_550' title='bbox 1766 342 1832 369; x_wconf 86' lang='lat' dir='ltr'>fieri.</span> <span class='ocrx_word' id='word_1_551' title='bbox 1855 343 1886 370; x_wconf 81' lang='lat' dir='ltr'>fr.</span> <span class='ocrx_word' id='word_1_552' title='bbox 1905 346 1946 371; x_wconf 81' lang='lat'>27.</span> <span class='ocrx_word' id='word_1_553' title='bbox 1966 354 2006 381; x_wconf 91' lang='lat' dir='ltr'>pr.</span> 
     </span>
     <span class='ocr_line' id='line_1_68' title="bbox 1162 383 2007 420; baseline 0.005 -11"><span class='ocrx_word' id='word_1_554' title='bbox 1162 383 1195 409; x_wconf 87' lang='lat' dir='ltr'>de</span> <span class='ocrx_word' id='word_1_555' title='bbox 1213 393 1290 420; x_wconf 87' lang='lat' dir='ltr'>poen.</span> <span class='ocrx_word' id='word_1_556' title='bbox 1303 385 1345 409; x_wconf 68' lang='lat'>48.</span> <span class='ocrx_word' id='word_1_557' title='bbox 1362 384 1401 410; x_wconf 86' lang='lat'>19.</span> <span class='ocrx_word' id='word_1_558' title='bbox 1421 383 1454 410; x_wconf 79' lang='lat' dir='ltr'>cf.</span> <span class='ocrx_word' id='word_1_559' title='bbox 1474 383 1504 411; x_wconf 82' lang='lat' dir='ltr'>sr.</span> <span class='ocrx_word' id='word_1_560' title='bbox 1521 386 1561 411; x_wconf 86' lang='lat'>18.</span> <span class='ocrx_word' id='word_1_561' title='bbox 1582 385 1604 418; x_wconf 84' lang='lat'>§.</span> <span class='ocrx_word' id='word_1_562' title='bbox 1617 385 1641 411; x_wconf 88' lang='lat'>3.</span> <span class='ocrx_word' id='word_1_563' title='bbox 1662 384 1695 411; x_wconf 89' lang='lat' dir='ltr'>de</span> <span class='ocrx_word' id='word_1_564' title='bbox 1714 386 1806 412; x_wconf 87' lang='lat' dir='ltr'>minor.</span> <span class='ocrx_word' id='word_1_565' title='bbox 1825 386 1849 412; x_wconf 76' lang='lat'>4.</span> <span class='ocrx_word' id='word_1_566' title='bbox 1863 387 1886 413; x_wconf 76' lang='lat'>4.</span> <span class='ocrx_word' id='word_1_567' title='bbox 1914 386 2007 414; x_wconf 91' lang='lat' dir='ltr'>Insoli-</span> 
     </span>
     <span class='ocr_line' id='line_1_69' title="bbox 1162 427 1984 464; baseline 0.005 -12"><span class='ocrx_word' id='word_1_568' title='bbox 1162 430 1217 452; x_wconf 90' lang='lat' dir='ltr'>tum</span> <span class='ocrx_word' id='word_1_569' title='bbox 1237 431 1286 458; x_wconf 85' lang='lat' dir='ltr'>est,</span> <span class='ocrx_word' id='word_1_570' title='bbox 1305 430 1331 452; x_wconf 82' lang='lat' dir='ltr'>et</span> <span class='ocrx_word' id='word_1_571' title='bbox 1349 436 1428 462; x_wconf 77' lang='lat' dir='ltr'>grave</span> <span class='ocrx_word' id='word_1_572' title='bbox 1447 427 1575 464; x_wconf 84' lang='lat' dir='ltr'>exemplo.</span> <span class='ocrx_word' id='word_1_573' title='bbox 1596 437 1617 454; x_wconf 82' lang='lat' dir='ltr'>c.</span> <span class='ocrx_word' id='word_1_574' title='bbox 1636 429 1661 453; x_wconf 81' lang='lat'>2.</span> <span class='ocrx_word' id='word_1_575' title='bbox 1682 427 1714 454; x_wconf 89' lang='lat' dir='ltr'>de</span> <span class='ocrx_word' id='word_1_576' title='bbox 1734 429 1881 464; x_wconf 84' lang='lat' dir='ltr'>quaestion.</span> <span class='ocrx_word' id='word_1_577' title='bbox 1899 430 1923 456; x_wconf 85' lang='lat'>9.</span> <span class='ocrx_word' id='word_1_578' title='bbox 1942 431 1984 456; x_wconf 78' lang='lat'>41.</span> 
     </span>
    </p>

    <p class='ocr_par' dir='ltr' id='par_1_17' title="bbox 1164 469 2009 677">
     <span class='ocr_line' id='line_1_70' title="bbox 1198 469 2007 505; baseline 0.005 -10"><span class='ocrx_word' id='word_1_579' title='bbox 1198 470 1350 496; x_wconf 76' lang='lat' dir='ltr'>Insons.</span> <span class='ocrx_word' id='word_1_580' title='bbox 1379 469 1411 502; x_wconf 65' lang='grc' dir='ltr'>ἓ.</span> <span class='ocrx_word' id='word_1_581' title='bbox 1434 470 1468 496; x_wconf 91' lang='grc'>1.</span> <span class='ocrx_word' id='word_1_582' title='bbox 1499 471 1603 505; x_wconf 80' lang='lat' dir='ltr'>Culpa</span> <span class='ocrx_word' id='word_1_583' title='bbox 1622 480 1744 498; x_wconf 78' lang='lat' dir='ltr'>carens.</span> <span class='ocrx_word' id='word_1_584' title='bbox 1774 470 1806 498; x_wconf 89' lang='lat' dir='ltr'>II.</span> <span class='ocrx_word' id='word_1_585' title='bbox 1831 472 1899 505; x_wconf 76' lang='lat' dir='ltr'>Op.</span> <span class='ocrx_word' id='word_1_586' title='bbox 1925 471 2007 504; x_wconf 91' lang='lat' dir='ltr'>Reus,</span> 
     </span>
     <span class='ocr_line' id='line_1_71' title="bbox 1164 511 2008 541; baseline 0.004 -3"><span class='ocrx_word' id='word_1_587' title='bbox 1164 511 1276 539; x_wconf 80' lang='lat' dir='ltr'>Noxius.</span> <span class='ocrx_word' id='word_1_588' title='bbox 1296 511 1345 538; x_wconf 91' lang='lat' dir='ltr'>Th.</span> <span class='ocrx_word' id='word_1_589' title='bbox 1361 512 1392 538; x_wconf 88' lang='lat' dir='ltr'>C.</span> <span class='ocrx_word' id='word_1_590' title='bbox 1412 511 1456 539; x_wconf 81' lang='lat' dir='ltr'>VI.</span> <span class='ocrx_word' id='word_1_591' title='bbox 1475 513 1517 539; x_wconf 78' lang='lat'>29.</span> <span class='ocrx_word' id='word_1_592' title='bbox 1537 522 1558 539; x_wconf 89' lang='lat' dir='ltr'>c.</span> <span class='ocrx_word' id='word_1_593' title='bbox 1579 515 1603 540; x_wconf 91' lang='lat'>1.</span> <span class='ocrx_word' id='word_1_594' title='bbox 1622 513 1655 540; x_wconf 86' lang='lat' dir='ltr'>de</span> <span class='ocrx_word' id='word_1_595' title='bbox 1674 514 1770 540; x_wconf 86' lang='lat' dir='ltr'>curios.</span> <span class='ocrx_word' id='word_1_596' title='bbox 1789 513 1835 541; x_wconf 90' lang='lat' dir='ltr'>XI.</span> <span class='ocrx_word' id='word_1_597' title='bbox 1852 516 1875 541; x_wconf 91' lang='lat'>7.</span> <span class='ocrx_word' id='word_1_598' title='bbox 1896 524 1917 541; x_wconf 90' lang='lat' dir='ltr'>c.</span> <span class='ocrx_word' id='word_1_599' title='bbox 1932 516 1956 541; x_wconf 89' lang='lat'>7.</span> <span class='ocrx_word' id='word_1_600' title='bbox 1975 514 2008 541; x_wconf 87' lang='lat' dir='ltr'>de</span> 
     </span>
     <span class='ocr_line' id='line_1_72' title="bbox 1164 555 2009 588; baseline 0.004 -7"><span class='ocrx_word' id='word_1_601' title='bbox 1164 555 1294 581; x_wconf 79' lang='lat' dir='ltr'>exactiori.</span> <span class='ocrx_word' id='word_1_602' title='bbox 1314 571 1346 575; x_wconf 91' lang='lat'>—</span> <span class='ocrx_word' id='word_1_603' title='bbox 1375 555 1405 588; x_wconf 64' lang='grc' dir='ltr'>ξ.</span> <span class='ocrx_word' id='word_1_604' title='bbox 1424 556 1461 582; x_wconf 69' lang='lat'>2.</span> <span class='ocrx_word' id='word_1_605' title='bbox 1490 556 1662 583; x_wconf 81' lang='lat' dir='ltr'>Innocuus.</span> <span class='ocrx_word' id='word_1_606' title='bbox 1700 555 1744 582; x_wconf 84' lang='lat' dir='ltr'>III.</span> <span class='ocrx_word' id='word_1_607' title='bbox 1769 557 1835 584; x_wconf 71' lang='lat' dir='ltr'>Gn.</span> <span class='ocrx_word' id='word_1_608' title='bbox 1868 556 1953 584; x_wconf 72' lang='lat' dir='ltr'>Nemo</span> <span class='ocrx_word' id='word_1_609' title='bbox 1971 558 2009 584; x_wconf 89' lang='lat' dir='ltr'>in-</span> 
     </span>
     <span class='ocr_line' id='line_1_73' title="bbox 1164 597 2008 638; baseline 0.004 -14"><span class='ocrx_word' id='word_1_610' title='bbox 1164 602 1267 624; x_wconf 85' lang='lat' dir='ltr'>sontem</span> <span class='ocrx_word' id='word_1_611' title='bbox 1285 598 1417 625; x_wconf 85' lang='lat' dir='ltr'>victimam</span> <span class='ocrx_word' id='word_1_612' title='bbox 1436 597 1534 624; x_wconf 79' lang='lat' dir='ltr'>caedat.</span> <span class='ocrx_word' id='word_1_613' title='bbox 1552 597 1590 625; x_wconf 88' lang='lat' dir='ltr'>Ib.</span> <span class='ocrx_word' id='word_1_614' title='bbox 1609 598 1680 625; x_wconf 80' lang='lat' dir='ltr'>XVI.</span> <span class='ocrx_word' id='word_1_615' title='bbox 1702 601 1741 625; x_wconf 93' lang='grc'>10.</span> <span class='ocrx_word' id='word_1_616' title='bbox 1761 609 1783 626; x_wconf 91' lang='lat' dir='ltr'>c.</span> <span class='ocrx_word' id='word_1_617' title='bbox 1805 601 1845 626; x_wconf 89' lang='lat'>10.</span> <span class='ocrx_word' id='word_1_618' title='bbox 1865 610 1887 627; x_wconf 88' lang='lat' dir='ltr'>c.</span> <span class='ocrx_word' id='word_1_619' title='bbox 1908 601 1949 627; x_wconf 84' lang='lat'>12.</span> <span class='ocrx_word' id='word_1_620' title='bbox 1967 610 2008 638; x_wconf 87' lang='lat' dir='ltr'>pr.</span> 
     </span>
     <span class='ocr_line' id='line_1_74' title="bbox 1165 640 1307 677; baseline -0.007 -10"><span class='ocrx_word' id='word_1_621' title='bbox 1165 640 1198 667; x_wconf 89' lang='lat' dir='ltr'>de</span> <span class='ocrx_word' id='word_1_622' title='bbox 1217 650 1307 677; x_wconf 82' lang='lat' dir='ltr'>pagan.</span> 
     </span>
    </p>

    <p class='ocr_par' dir='ltr' id='par_1_18' title="bbox 1166 684 2012 882">
     <span class='ocr_line' id='line_1_75' title="bbox 1200 684 2010 720; baseline 0.002 -10"><span class='ocrx_word' id='word_1_623' title='bbox 1200 685 1437 717; x_wconf 78' lang='lat' dir='ltr'>Inspectare.</span> <span class='ocrx_word' id='word_1_624' title='bbox 1463 685 1644 718; x_wconf 74' lang='lat' dir='ltr'>Inspicere,</span> <span class='ocrx_word' id='word_1_625' title='bbox 1665 687 1831 719; x_wconf 79' lang='lat' dir='ltr'>Spectare.</span> <span class='ocrx_word' id='word_1_626' title='bbox 1850 684 1869 712; x_wconf 96' lang='lat' dir='ltr'>I.</span> <span class='ocrx_word' id='word_1_627' title='bbox 1887 686 1950 720; x_wconf 77' lang='lat' dir='ltr'>Sy.</span> <span class='ocrx_word' id='word_1_628' title='bbox 1968 685 2010 712; x_wconf 93' lang='lat' dir='ltr'>In-</span> 
     </span>
     <span class='ocr_line' id='line_1_76' title="bbox 1166 726 2012 765; baseline 0.002 -12"><span class='ocrx_word' id='word_1_629' title='bbox 1166 727 1276 764; x_wconf 83' lang='lat' dir='ltr'>spicere.</span> <span class='ocrx_word' id='word_1_630' title='bbox 1304 736 1325 753; x_wconf 88' lang='lat' dir='ltr'>c.</span> <span class='ocrx_word' id='word_1_631' title='bbox 1346 728 1387 753; x_wconf 94' lang='lat'>11.</span> <span class='ocrx_word' id='word_1_632' title='bbox 1412 726 1445 753; x_wconf 87' lang='lat' dir='ltr'>de</span> <span class='ocrx_word' id='word_1_633' title='bbox 1464 731 1548 753; x_wconf 85' lang='lat' dir='ltr'>natur.</span> <span class='ocrx_word' id='word_1_634' title='bbox 1569 726 1614 753; x_wconf 91' lang='lat' dir='ltr'>lib.</span> <span class='ocrx_word' id='word_1_635' title='bbox 1634 729 1658 754; x_wconf 86' lang='lat'>5.</span> <span class='ocrx_word' id='word_1_636' title='bbox 1675 729 1718 755; x_wconf 83' lang='lat'>27.</span> <span class='ocrx_word' id='word_1_637' title='bbox 1755 728 1800 755; x_wconf 89' lang='lat' dir='ltr'>III.</span> <span class='ocrx_word' id='word_1_638' title='bbox 1819 729 1886 756; x_wconf 72' lang='grc' dir='ltr'>οη.</span> <span class='ocrx_word' id='word_1_639' title='bbox 1908 727 1945 754; x_wconf 72' lang='lat' dir='ltr'>Vt:</span> <span class='ocrx_word' id='word_1_640' title='bbox 1963 738 2012 765; x_wconf 87' lang='lat' dir='ltr'>per</span> 
     </span>
     <span class='ocr_line' id='line_1_77' title="bbox 1166 769 2012 808; baseline 0.002 -12"><span class='ocrx_word' id='word_1_641' title='bbox 1166 769 1283 806; x_wconf 83' lang='lat' dir='ltr'>singulas</span> <span class='ocrx_word' id='word_1_642' title='bbox 1307 770 1449 807; x_wconf 82' lang='lat' dir='ltr'>pensiones</span> <span class='ocrx_word' id='word_1_643' title='bbox 1474 769 1590 796; x_wconf 90' lang='lat' dir='ltr'>conditio</span> <span class='ocrx_word' id='word_1_644' title='bbox 1615 771 1808 808; x_wconf 84' lang='lat' dir='ltr'>inspectaretur</span> <span class='ocrx_word' id='word_1_645' title='bbox 1835 771 1883 805; x_wconf 71' lang='lat' dir='ltr'>[al.</span> <span class='ocrx_word' id='word_1_646' title='bbox 1909 776 2012 808; x_wconf 86' lang='lat' dir='ltr'>specta-</span> 
     </span>
     <span class='ocr_line' id='line_1_78' title="bbox 1166 812 2010 849; baseline 0.002 -10"><span class='ocrx_word' id='word_1_647' title='bbox 1166 817 1253 845; x_wconf 86' lang='lat' dir='ltr'>retur,</span> <span class='ocrx_word' id='word_1_648' title='bbox 1281 823 1305 839; x_wconf 91' lang='lat' dir='ltr'>v.</span> <span class='ocrx_word' id='word_1_649' title='bbox 1332 812 1548 849; x_wconf 80' lang='lat' dir='ltr'>exspectaretur]</span> <span class='ocrx_word' id='word_1_650' title='bbox 1577 822 1630 839; x_wconf 90' lang='lat' dir='ltr'>non</span> <span class='ocrx_word' id='word_1_651' title='bbox 1653 812 1784 840; x_wconf 87' lang='lat' dir='ltr'>illatarum</span> <span class='ocrx_word' id='word_1_652' title='bbox 1806 828 1840 832; x_wconf 97' lang='lat'><strong>—</strong></span> <span class='ocrx_word' id='word_1_653' title='bbox 1863 823 2010 841; x_wconf 86' lang='lat' dir='ltr'>usurarum.</span> 
     </span>
     <span class='ocr_line' id='line_1_79' title="bbox 1168 855 1508 882; baseline -0.003 0"><span class='ocrx_word' id='word_1_654' title='bbox 1168 855 1198 882; x_wconf 81' lang='lat' dir='ltr'>I&#39;r.</span> <span class='ocrx_word' id='word_1_655' title='bbox 1219 857 1259 882; x_wconf 79' lang='lat'>12.</span> <span class='ocrx_word' id='word_1_656' title='bbox 1279 855 1312 882; x_wconf 91' lang='lat' dir='ltr'>de</span> <span class='ocrx_word' id='word_1_657' title='bbox 1331 864 1403 881; x_wconf 92' lang='lat' dir='ltr'>usur.</span> <span class='ocrx_word' id='word_1_658' title='bbox 1422 858 1465 882; x_wconf 81' lang='grc'>22.</span> <span class='ocrx_word' id='word_1_659' title='bbox 1485 857 1508 882; x_wconf 92' lang='grc'>1.</span> 
     </span>
    </p>

    <p class='ocr_par' dir='ltr' id='par_1_19' title="bbox 1166 898 2012 1022">
     <span class='ocr_line' id='line_1_80' title="bbox 1202 898 2012 933; baseline 0.001 -8"><span class='ocrx_word' id='word_1_660' title='bbox 1202 898 1450 931; x_wconf 76' lang='lat' dir='ltr'>Inspectntio.</span> <span class='ocrx_word' id='word_1_661' title='bbox 1488 900 1662 933; x_wconf 76' lang='lat' dir='ltr'>Inspectio.</span> <span class='ocrx_word' id='word_1_662' title='bbox 1699 898 1743 926; x_wconf 88' lang='lat' dir='ltr'>III.</span> <span class='ocrx_word' id='word_1_663' title='bbox 1769 900 1836 927; x_wconf 74' lang='lat' dir='ltr'>Gn.</span> <span class='ocrx_word' id='word_1_664' title='bbox 1873 899 1931 926; x_wconf 90' lang='lat' dir='ltr'>Hoc</span> <span class='ocrx_word' id='word_1_665' title='bbox 1958 909 2012 926; x_wconf 91' lang='lat' dir='ltr'>non</span> 
     </span>
     <span class='ocr_line' id='line_1_81' title="bbox 1166 940 2012 980; baseline 0.001 -12"><span class='ocrx_word' id='word_1_666' title='bbox 1166 940 1277 968; x_wconf 90' lang='lat' dir='ltr'>multum</span> <span class='ocrx_word' id='word_1_667' title='bbox 1301 945 1393 967; x_wconf 84' lang='lat' dir='ltr'>onerat</span> <span class='ocrx_word' id='word_1_668' title='bbox 1416 946 1582 978; x_wconf 83' lang='lat' dir='ltr'>praesentem</span> <span class='ocrx_word' id='word_1_669' title='bbox 1609 942 1828 978; x_wconf 77' lang='lat' dir='ltr'>inspectationem</span> <span class='ocrx_word' id='word_1_670' title='bbox 1853 942 1901 976; x_wconf 87' lang='lat' dir='ltr'>[al.</span> <span class='ocrx_word' id='word_1_671' title='bbox 1925 943 2012 980; x_wconf 83' lang='lat' dir='ltr'>inspe-</span> 
     </span>
     <span class='ocr_line' id='line_1_82' title="bbox 1168 983 1935 1022; baseline 0.001 -12"><span class='ocrx_word' id='word_1_672' title='bbox 1168 984 1301 1017; x_wconf 73' lang='lat' dir='ltr'>ctionem]</span> <span class='ocrx_word' id='word_1_673' title='bbox 1321 983 1351 1011; x_wconf 77' lang='lat' dir='ltr'>t&#39;r.</span> <span class='ocrx_word' id='word_1_674' title='bbox 1374 985 1414 1010; x_wconf 79' lang='lat'>12.</span> <span class='ocrx_word' id='word_1_675' title='bbox 1433 984 1455 1018; x_wconf 56' lang='grc' dir='ltr'>ᾗ.</span> <span class='ocrx_word' id='word_1_676' title='bbox 1475 985 1499 1010; x_wconf 87' lang='grc'>9.</span> <span class='ocrx_word' id='word_1_677' title='bbox 1519 983 1552 1010; x_wconf 90' lang='lat' dir='ltr'>de</span> <span class='ocrx_word' id='word_1_678' title='bbox 1571 985 1667 1021; x_wconf 81' lang='lat' dir='ltr'>captiv.</span> <span class='ocrx_word' id='word_1_679' title='bbox 1688 989 1714 1011; x_wconf 85' lang='lat' dir='ltr'>ct</span> <span class='ocrx_word' id='word_1_680' title='bbox 1732 984 1813 1022; x_wconf 88' lang='lat' dir='ltr'>postl.</span> <span class='ocrx_word' id='word_1_681' title='bbox 1832 986 1874 1011; x_wconf 75' lang='lat'>49.</span> <span class='ocrx_word' id='word_1_682' title='bbox 1895 987 1935 1012; x_wconf 84' lang='lat'>15.</span> 
     </span>
    </p>

    <p class='ocr_par' dir='ltr' id='par_1_20' title="bbox 1167 1026 2019 1919">
     <span class='ocr_line' id='line_1_83' title="bbox 1203 1026 2013 1063; baseline 0.001 -9"><span class='ocrx_word' id='word_1_683' title='bbox 1203 1026 1410 1060; x_wconf 78' lang='lat' dir='ltr'>Inspectio.</span> <span class='ocrx_word' id='word_1_684' title='bbox 1449 1027 1479 1060; x_wconf 61' lang='grc' dir='ltr'>ἓ.</span> <span class='ocrx_word' id='word_1_685' title='bbox 1500 1027 1535 1053; x_wconf 87' lang='lat' dir='ltr'>l.</span> <span class='ocrx_word' id='word_1_686' title='bbox 1564 1029 1664 1054; x_wconf 69' lang='lat' dir='ltr'>Actus</span> <span class='ocrx_word' id='word_1_687' title='bbox 1690 1029 1890 1062; x_wconf 76' lang='lat' dir='ltr'>inspiciendi</span> <span class='ocrx_word' id='word_1_688' title='bbox 1916 1034 2013 1063; x_wconf 76' lang='lat' dir='ltr'>atque</span> 
     </span>
     <span class='ocr_line' id='line_1_84' title="bbox 1167 1068 2014 1107; baseline 0.002 -11"><span class='ocrx_word' id='word_1_689' title='bbox 1167 1071 1386 1096; x_wconf 74' lang='lat' dir='ltr'>examinandi.</span> <span class='ocrx_word' id='word_1_690' title='bbox 1424 1068 1466 1095; x_wconf 91' lang='lat'>111.</span> <span class='ocrx_word' id='word_1_691' title='bbox 1495 1071 1561 1097; x_wconf 76' lang='lat' dir='ltr'>Gn.</span> <span class='ocrx_word' id='word_1_692' title='bbox 1601 1069 1734 1107; x_wconf 74' lang='lat' dir='ltr'>inspectio</span> <span class='ocrx_word' id='word_1_693' title='bbox 1761 1069 1909 1097; x_wconf 86' lang='lat' dir='ltr'>tabularum</span> <span class='ocrx_word' id='word_1_694' title='bbox 1937 1071 2014 1098; x_wconf 85' lang='lat' dir='ltr'>etiam</span> 
     </span>
     <span class='ocr_line' id='line_1_85' title="bbox 1168 1111 2014 1150; baseline 0.002 -12"><span class='ocrx_word' id='word_1_695' title='bbox 1168 1112 1310 1139; x_wconf 82' lang='lat' dir='ltr'>lectionem</span> <span class='ocrx_word' id='word_1_696' title='bbox 1334 1122 1421 1138; x_wconf 86' lang='lat' dir='ltr'>earum</span> <span class='ocrx_word' id='word_1_697' title='bbox 1445 1111 1551 1139; x_wconf 84' lang='lat' dir='ltr'>indicat.</span> <span class='ocrx_word' id='word_1_698' title='bbox 1576 1112 1606 1139; x_wconf 83' lang='lat' dir='ltr'>fr.</span> <span class='ocrx_word' id='word_1_699' title='bbox 1626 1115 1650 1139; x_wconf 89' lang='grc'>2.</span> <span class='ocrx_word' id='word_1_700' title='bbox 1675 1113 1696 1147; x_wconf 86' lang='lat'>§.</span> <span class='ocrx_word' id='word_1_701' title='bbox 1717 1115 1740 1139; x_wconf 85' lang='lat'>5.</span> <span class='ocrx_word' id='word_1_702' title='bbox 1765 1118 1868 1140; x_wconf 73' lang='lat' dir='ltr'>testam.</span> <span class='ocrx_word' id='word_1_703' title='bbox 1893 1113 2014 1150; x_wconf 88' lang='lat' dir='ltr'>quemad.</span> 
     </span>
     <span class='ocr_line' id='line_1_86' title="bbox 1169 1154 2014 1194; baseline 0.004 -14"><span class='ocrx_word' id='word_1_704' title='bbox 1169 1165 1239 1192; x_wconf 89' lang='lat' dir='ltr'>aper.</span> <span class='ocrx_word' id='word_1_705' title='bbox 1258 1156 1300 1181; x_wconf 83' lang='grc'>29.</span> <span class='ocrx_word' id='word_1_706' title='bbox 1319 1156 1344 1182; x_wconf 86' lang='lat'>3.</span> <span class='ocrx_word' id='word_1_707' title='bbox 1381 1154 1411 1181; x_wconf 87' lang='lat' dir='ltr'>Si</span> <span class='ocrx_word' id='word_1_708' title='bbox 1431 1154 1536 1191; x_wconf 89' lang='lat' dir='ltr'>quando</span> <span class='ocrx_word' id='word_1_709' title='bbox 1549 1171 1582 1175; x_wconf 92' lang='lat'>—</span> <span class='ocrx_word' id='word_1_710' title='bbox 1601 1155 1725 1182; x_wconf 84' lang='lat' dir='ltr'>valetudo</span> <span class='ocrx_word' id='word_1_711' title='bbox 1745 1155 1906 1188; x_wconf 81' lang='lat' dir='ltr'>adfirmetur,</span> <span class='ocrx_word' id='word_1_712' title='bbox 1926 1157 2014 1194; x_wconf 83' lang='lat' dir='ltr'>inspe-</span> 
     </span>
     <span class='ocr_line' id='line_1_87' title="bbox 1169 1197 2015 1235; baseline 0.002 -11"><span class='ocrx_word' id='word_1_713' title='bbox 1169 1199 1222 1225; x_wconf 87' lang='lat' dir='ltr'>ctio</span> <span class='ocrx_word' id='word_1_714' title='bbox 1242 1197 1375 1228; x_wconf 72' lang='lat' dir='ltr'>l’raetouis</span> <span class='ocrx_word' id='word_1_715' title='bbox 1394 1199 1542 1224; x_wconf 83' lang='lat' dir='ltr'>necessaria</span> <span class='ocrx_word' id='word_1_716' title='bbox 1562 1202 1610 1224; x_wconf 86' lang='lat' dir='ltr'>est.</span> <span class='ocrx_word' id='word_1_717' title='bbox 1647 1197 1731 1225; x_wconf 83' lang='lat' dir='ltr'>Vatic.</span> <span class='ocrx_word' id='word_1_718' title='bbox 1751 1199 1772 1232; x_wconf 67' lang='grc' dir='ltr'>ς’.</span> <span class='ocrx_word' id='word_1_719' title='bbox 1794 1200 1852 1225; x_wconf 84' lang='grc'>130.</span> <span class='ocrx_word' id='word_1_720' title='bbox 1879 1199 2015 1235; x_wconf 79' lang='lat' dir='ltr'>Agrimen-</span> 
     </span>
     <span class='ocr_line' id='line_1_88' title="bbox 1169 1240 2015 1279; baseline 0 -11"><span class='ocrx_word' id='word_1_721' title='bbox 1169 1251 1215 1268; x_wconf 91' lang='lat' dir='ltr'>sor</span> <span class='ocrx_word' id='word_1_722' title='bbox 1233 1241 1360 1277; x_wconf 83' lang='lat' dir='ltr'>dirigatur</span> <span class='ocrx_word' id='word_1_723' title='bbox 1378 1240 1411 1266; x_wconf 85' lang='lat' dir='ltr'>ad</span> <span class='ocrx_word' id='word_1_724' title='bbox 1430 1240 1496 1273; x_wconf 86' lang='lat' dir='ltr'>loca,</span> <span class='ocrx_word' id='word_1_725' title='bbox 1516 1245 1553 1273; x_wconf 83' lang='lat' dir='ltr'>ut,</span> <span class='ocrx_word' id='word_1_726' title='bbox 1573 1241 1596 1267; x_wconf 86' lang='lat' dir='ltr'>si</span> <span class='ocrx_word' id='word_1_727' title='bbox 1614 1240 1702 1267; x_wconf 82' lang='lat' dir='ltr'>fidelis</span> <span class='ocrx_word' id='word_1_728' title='bbox 1722 1242 1852 1278; x_wconf 87' lang='lat' dir='ltr'>inspectio</span> <span class='ocrx_word' id='word_1_729' title='bbox 1869 1258 1902 1261; x_wconf 97' lang='lat'><strong>—</strong></span> <span class='ocrx_word' id='word_1_730' title='bbox 1921 1242 2015 1279; x_wconf 84' lang='lat' dir='ltr'>proba-</span> 
     </span>
     <span class='ocr_line' id='line_1_89' title="bbox 1169 1282 2015 1321; baseline 0.001 -11"><span class='ocrx_word' id='word_1_731' title='bbox 1169 1284 1237 1311; x_wconf 88' lang='lat' dir='ltr'>verit</span> <span class='ocrx_word' id='word_1_732' title='bbox 1250 1288 1298 1310; x_wconf 86' lang='lat' dir='ltr'>etc.</span> <span class='ocrx_word' id='word_1_733' title='bbox 1328 1282 1378 1310; x_wconf 90' lang='lat' dir='ltr'>Th.</span> <span class='ocrx_word' id='word_1_734' title='bbox 1399 1282 1429 1310; x_wconf 88' lang='lat' dir='ltr'>C.</span> <span class='ocrx_word' id='word_1_735' title='bbox 1449 1283 1479 1310; x_wconf 92' lang='lat' dir='ltr'>ll.</span> <span class='ocrx_word' id='word_1_736' title='bbox 1498 1285 1540 1310; x_wconf 86' lang='grc'>26.</span> <span class='ocrx_word' id='word_1_737' title='bbox 1561 1294 1582 1310; x_wconf 88' lang='lat' dir='ltr'>c.</span> <span class='ocrx_word' id='word_1_738' title='bbox 1604 1285 1626 1310; x_wconf 95' lang='lat' dir='ltr'>l.</span> <span class='ocrx_word' id='word_1_739' title='bbox 1647 1283 1751 1318; x_wconf 80' lang='lat' dir='ltr'>(ch.)</span> <span class='ocrx_word' id='word_1_740' title='bbox 1770 1285 1816 1311; x_wconf 89' lang='lat' dir='ltr'>fin.</span> <span class='ocrx_word' id='word_1_741' title='bbox 1836 1284 1944 1321; x_wconf 81' lang='lat' dir='ltr'>regund.</span> <span class='ocrx_word' id='word_1_742' title='bbox 1973 1284 2015 1311; x_wconf 89' lang='lat' dir='ltr'>ln-</span> 
     </span>
     <span class='ocr_line' id='line_1_90' title="bbox 1169 1326 2015 1364; baseline 0.001 -11"><span class='ocrx_word' id='word_1_743' title='bbox 1169 1327 1271 1364; x_wconf 88' lang='lat' dir='ltr'>spectio</span> <span class='ocrx_word' id='word_1_744' title='bbox 1296 1327 1404 1358; x_wconf 85' lang='lat' dir='ltr'>iecoris,</span> <span class='ocrx_word' id='word_1_745' title='bbox 1429 1331 1601 1363; x_wconf 81' lang='lat' dir='ltr'>extorumque</span> <span class='ocrx_word' id='word_1_746' title='bbox 1624 1328 1795 1364; x_wconf 82' lang='lat' dir='ltr'>praesagium.</span> <span class='ocrx_word' id='word_1_747' title='bbox 1825 1327 1862 1354; x_wconf 90' lang='lat' dir='ltr'>Ib.</span> <span class='ocrx_word' id='word_1_748' title='bbox 1881 1326 1953 1354; x_wconf 85' lang='lat' dir='ltr'>XVI.</span> <span class='ocrx_word' id='word_1_749' title='bbox 1974 1329 2015 1355; x_wconf 88' lang='grc'>10.</span> 
     </span>
     <span class='ocr_line' id='line_1_91' title="bbox 1170 1369 2016 1407; baseline 0 -10"><span class='ocrx_word' id='word_1_750' title='bbox 1170 1380 1190 1397; x_wconf 90' lang='lat' dir='ltr'>c.</span> <span class='ocrx_word' id='word_1_751' title='bbox 1210 1372 1234 1397; x_wconf 91' lang='lat'>9.</span> <span class='ocrx_word' id='word_1_752' title='bbox 1255 1369 1288 1396; x_wconf 90' lang='lat' dir='ltr'>de</span> <span class='ocrx_word' id='word_1_753' title='bbox 1306 1379 1398 1407; x_wconf 85' lang='lat' dir='ltr'>pagan.</span> <span class='ocrx_word' id='word_1_754' title='bbox 1420 1386 1450 1390; x_wconf 87' lang='lat'>-—-</span> <span class='ocrx_word' id='word_1_755' title='bbox 1476 1370 1506 1402; x_wconf 67' lang='grc' dir='ltr'>ἓ.</span> <span class='ocrx_word' id='word_1_756' title='bbox 1528 1370 1563 1396; x_wconf 71' lang='grc'>2.</span> <span class='ocrx_word' id='word_1_757' title='bbox 1589 1371 1849 1404; x_wconf 76' lang='lat' dir='ltr'>Contemplatio,</span> <span class='ocrx_word' id='word_1_758' title='bbox 1873 1372 2016 1397; x_wconf 83' lang='lat' dir='ltr'>Tracta—</span> 
     </span>
     <span class='ocr_line' id='line_1_92' title="bbox 1170 1411 2017 1447; baseline -0.001 -7"><span class='ocrx_word' id='word_1_759' title='bbox 1170 1415 1224 1440; x_wconf 87' lang='lat' dir='ltr'>tio.</span> <span class='ocrx_word' id='word_1_760' title='bbox 1262 1412 1281 1439; x_wconf 86' lang='lat'>1.</span> <span class='ocrx_word' id='word_1_761' title='bbox 1306 1414 1368 1447; x_wconf 75' lang='lat' dir='ltr'>Sy.</span> <span class='ocrx_word' id='word_1_762' title='bbox 1396 1412 1481 1439; x_wconf 75' lang='lat' dir='ltr'>Visio.</span> <span class='ocrx_word' id='word_1_763' title='bbox 1506 1411 1547 1438; x_wconf 73' lang='lat' dir='ltr'>CF.</span> <span class='ocrx_word' id='word_1_764' title='bbox 1568 1411 1593 1438; x_wconf 92' lang='lat' dir='ltr'>h.</span> <span class='ocrx_word' id='word_1_765' title='bbox 1613 1422 1636 1439; x_wconf 89' lang='lat' dir='ltr'>v.</span> <span class='ocrx_word' id='word_1_766' title='bbox 1673 1412 1717 1439; x_wconf 91' lang='lat'>111.</span> <span class='ocrx_word' id='word_1_767' title='bbox 1742 1414 1808 1440; x_wconf 77' lang='lat' dir='ltr'>Cn.</span> <span class='ocrx_word' id='word_1_768' title='bbox 1835 1412 1912 1440; x_wconf 87' lang='lat' dir='ltr'>Nunc</span> <span class='ocrx_word' id='word_1_769' title='bbox 1931 1412 2017 1440; x_wconf 82' lang='lat' dir='ltr'>videa-</span> 
     </span>
     <span class='ocr_line' id='line_1_93' title="bbox 1169 1454 2018 1493; baseline 0 -11"><span class='ocrx_word' id='word_1_770' title='bbox 1169 1465 1236 1482; x_wconf 88' lang='lat' dir='ltr'>mus.</span> <span class='ocrx_word' id='word_1_771' title='bbox 1255 1469 1290 1474; x_wconf 90' lang='lat'>—</span> <span class='ocrx_word' id='word_1_772' title='bbox 1321 1456 1396 1491; x_wconf 77' lang='lat' dir='ltr'>Quae</span> <span class='ocrx_word' id='word_1_773' title='bbox 1420 1456 1550 1492; x_wconf 83' lang='lat' dir='ltr'>inspectio</span> <span class='ocrx_word' id='word_1_774' title='bbox 1575 1454 1674 1492; x_wconf 83' lang='lat' dir='ltr'>duplex</span> <span class='ocrx_word' id='word_1_775' title='bbox 1698 1460 1751 1486; x_wconf 65' lang='grc' dir='ltr'>θεὶς</span> <span class='ocrx_word' id='word_1_776' title='bbox 1780 1460 1808 1482; x_wconf 85' lang='lat' dir='ltr'>ut</span> <span class='ocrx_word' id='word_1_777' title='bbox 1830 1457 1916 1493; x_wconf 88' lang='lat' dir='ltr'>primo</span> <span class='ocrx_word' id='word_1_778' title='bbox 1939 1466 2018 1493; x_wconf 86' lang='lat' dir='ltr'>quae-</span> 
     </span>
     <span class='ocr_line' id='line_1_94' title="bbox 1171 1497 2018 1533; baseline 0 -8"><span class='ocrx_word' id='word_1_779' title='bbox 1171 1508 1259 1525; x_wconf 89' lang='lat' dir='ltr'>ramus</span> <span class='ocrx_word' id='word_1_780' title='bbox 1278 1503 1327 1525; x_wconf 86' lang='lat' dir='ltr'>etc.</span> <span class='ocrx_word' id='word_1_781' title='bbox 1352 1498 1382 1525; x_wconf 79' lang='lat' dir='ltr'>fr.</span> <span class='ocrx_word' id='word_1_782' title='bbox 1402 1500 1444 1525; x_wconf 87' lang='lat'>91.</span> <span class='ocrx_word' id='word_1_783' title='bbox 1469 1499 1491 1533; x_wconf 83' lang='lat'>§.</span> <span class='ocrx_word' id='word_1_784' title='bbox 1512 1502 1537 1526; x_wconf 77' lang='lat'>4.</span> <span class='ocrx_word' id='word_1_785' title='bbox 1561 1498 1594 1525; x_wconf 89' lang='lat' dir='ltr'>de</span> <span class='ocrx_word' id='word_1_786' title='bbox 1613 1497 1645 1525; x_wconf 89' lang='lat' dir='ltr'>V.</span> <span class='ocrx_word' id='word_1_787' title='bbox 1665 1498 1699 1525; x_wconf 91' lang='lat' dir='ltr'>O.</span> <span class='ocrx_word' id='word_1_788' title='bbox 1722 1499 1763 1524; x_wconf 85' lang='lat'>45.</span> <span class='ocrx_word' id='word_1_789' title='bbox 1784 1500 1808 1525; x_wconf 93' lang='lat'>1.</span> <span class='ocrx_word' id='word_1_790' title='bbox 1846 1498 1923 1525; x_wconf 89' lang='lat' dir='ltr'>Circa</span> <span class='ocrx_word' id='word_1_791' title='bbox 1948 1498 2018 1526; x_wconf 88' lang='lat' dir='ltr'>diem</span> 
     </span>
     <span class='ocr_line' id='line_1_95' title="bbox 1171 1541 2016 1579; baseline 0 -11"><span class='ocrx_word' id='word_1_792' title='bbox 1171 1541 1271 1579; x_wconf 80' lang='lat' dir='ltr'>duplex</span> <span class='ocrx_word' id='word_1_793' title='bbox 1290 1542 1420 1579; x_wconf 88' lang='lat' dir='ltr'>inspectio</span> <span class='ocrx_word' id='word_1_794' title='bbox 1441 1547 1482 1568; x_wconf 88' lang='lat' dir='ltr'>est</span> <span class='ocrx_word' id='word_1_795' title='bbox 1501 1547 1549 1569; x_wconf 82' lang='lat' dir='ltr'>etc.</span> <span class='ocrx_word' id='word_1_796' title='bbox 1575 1541 1605 1568; x_wconf 77' lang='lat' dir='ltr'>fr.</span> <span class='ocrx_word' id='word_1_797' title='bbox 1625 1542 1667 1567; x_wconf 71' lang='lat'>44.</span> <span class='ocrx_word' id='word_1_798' title='bbox 1686 1541 1709 1575; x_wconf 67' lang='grc' dir='ltr'>ξ.</span> <span class='ocrx_word' id='word_1_799' title='bbox 1730 1542 1752 1568; x_wconf 87' lang='lat'>1.</span> <span class='ocrx_word' id='word_1_800' title='bbox 1773 1541 1806 1568; x_wconf 89' lang='lat' dir='ltr'>de</span> <span class='ocrx_word' id='word_1_801' title='bbox 1824 1541 1857 1568; x_wconf 92' lang='grc'>0.</span> <span class='ocrx_word' id='word_1_802' title='bbox 1878 1546 1904 1568; x_wconf 87' lang='lat' dir='ltr'>et</span> <span class='ocrx_word' id='word_1_803' title='bbox 1922 1541 1954 1568; x_wconf 89' lang='lat' dir='ltr'>A.</span> <span class='ocrx_word' id='word_1_804' title='bbox 1973 1542 2016 1568; x_wconf 70' lang='lat'>44.</span> 
     </span>
     <span class='ocr_line' id='line_1_96' title="bbox 1172 1583 2018 1622; baseline -0.001 -11"><span class='ocrx_word' id='word_1_805' title='bbox 1172 1587 1195 1611; x_wconf 92' lang='lat'>7.</span> <span class='ocrx_word' id='word_1_806' title='bbox 1224 1585 1267 1611; x_wconf 84' lang='lat' dir='ltr'>An</span> <span class='ocrx_word' id='word_1_807' title='bbox 1286 1589 1370 1611; x_wconf 89' lang='lat' dir='ltr'>totum</span> <span class='ocrx_word' id='word_1_808' title='bbox 1390 1584 1462 1611; x_wconf 83' lang='lat' dir='ltr'>illius</span> <span class='ocrx_word' id='word_1_809' title='bbox 1482 1585 1534 1611; x_wconf 76' lang='lat' dir='ltr'>sit?</span> <span class='ocrx_word' id='word_1_810' title='bbox 1555 1601 1585 1605; x_wconf 87' lang='lat'>—</span> <span class='ocrx_word' id='word_1_811' title='bbox 1605 1584 1739 1622; x_wconf 83' lang='lat' dir='ltr'>Inspectio</span> <span class='ocrx_word' id='word_1_812' title='bbox 1763 1584 1791 1610; x_wconf 90' lang='lat' dir='ltr'>in</span> <span class='ocrx_word' id='word_1_813' title='bbox 1809 1583 1856 1610; x_wconf 92' lang='lat' dir='ltr'>illo</span> <span class='ocrx_word' id='word_1_814' title='bbox 1876 1589 1930 1616; x_wconf 87' lang='lat' dir='ltr'>est,</span> <span class='ocrx_word' id='word_1_815' title='bbox 1955 1594 2018 1612; x_wconf 89' lang='lat' dir='ltr'>num</span> 
     </span>
     <span class='ocr_line' id='line_1_97' title="bbox 1172 1627 2017 1661; baseline 0 -7"><span class='ocrx_word' id='word_1_816' title='bbox 1172 1633 1221 1654; x_wconf 86' lang='lat' dir='ltr'>etc.</span> <span class='ocrx_word' id='word_1_817' title='bbox 1241 1627 1271 1654; x_wconf 86' lang='lat' dir='ltr'>fr.</span> <span class='ocrx_word' id='word_1_818' title='bbox 1291 1629 1332 1654; x_wconf 85' lang='lat'>63.</span> <span class='ocrx_word' id='word_1_819' title='bbox 1354 1628 1375 1661; x_wconf 65' lang='grc' dir='ltr'>ξ.</span> <span class='ocrx_word' id='word_1_820' title='bbox 1395 1629 1419 1654; x_wconf 88' lang='grc'>3.</span> <span class='ocrx_word' id='word_1_821' title='bbox 1440 1627 1473 1654; x_wconf 83' lang='lat' dir='ltr'>de</span> <span class='ocrx_word' id='word_1_822' title='bbox 1491 1628 1523 1654; x_wconf 87' lang='lat' dir='ltr'>A.</span> <span class='ocrx_word' id='word_1_823' title='bbox 1543 1627 1574 1654; x_wconf 86' lang='lat' dir='ltr'>R.</span> <span class='ocrx_word' id='word_1_824' title='bbox 1589 1627 1623 1654; x_wconf 95' lang='lat' dir='ltr'>D.</span> <span class='ocrx_word' id='word_1_825' title='bbox 1637 1629 1679 1653; x_wconf 75' lang='lat'>41.</span> <span class='ocrx_word' id='word_1_826' title='bbox 1700 1629 1722 1653; x_wconf 93' lang='grc'>1.</span> <span class='ocrx_word' id='word_1_827' title='bbox 1745 1643 1775 1647; x_wconf 96' lang='grc'><strong>-</strong></span> <span class='ocrx_word' id='word_1_828' title='bbox 1796 1627 1826 1660; x_wconf 68' lang='grc' dir='ltr'>ἓ.</span> <span class='ocrx_word' id='word_1_829' title='bbox 1843 1628 1880 1654; x_wconf 81' lang='grc'>3.</span> <span class='ocrx_word' id='word_1_830' title='bbox 1900 1629 2017 1654; x_wconf 77' lang='lat' dir='ltr'>Perae-</span> 
     </span>
     <span class='ocr_line' id='line_1_98' title="bbox 1177 1669 2018 1705; baseline -0.001 -8"><span class='ocrx_word' id='word_1_831' title='bbox 1177 1672 1305 1705; x_wconf 77' lang='lat' dir='ltr'>quatio,</span> <span class='ocrx_word' id='word_1_832' title='bbox 1330 1672 1448 1697; x_wconf 78' lang='lat' dir='ltr'>Munus</span> <span class='ocrx_word' id='word_1_833' title='bbox 1468 1672 1674 1704; x_wconf 72' lang='lat' dir='ltr'>inspectoris.</span> <span class='ocrx_word' id='word_1_834' title='bbox 1713 1669 1756 1696; x_wconf 88' lang='lat' dir='ltr'>III.</span> <span class='ocrx_word' id='word_1_835' title='bbox 1771 1671 1837 1698; x_wconf 73' lang='lat' dir='ltr'>Gn·</span> <span class='ocrx_word' id='word_1_836' title='bbox 1864 1669 2018 1696; x_wconf 89' lang='lat' dir='ltr'>Discussio-</span> 
     </span>
     <span class='ocr_line' id='line_1_99' title="bbox 1172 1711 2018 1750; baseline 0.001 -11"><span class='ocrx_word' id='word_1_837' title='bbox 1172 1723 1219 1740; x_wconf 92' lang='lat' dir='ltr'>nes</span> <span class='ocrx_word' id='word_1_838' title='bbox 1248 1714 1494 1750; x_wconf 85' lang='lat' dir='ltr'>inspectionesque,</span> <span class='ocrx_word' id='word_1_839' title='bbox 1524 1717 1568 1739; x_wconf 87' lang='lat' dir='ltr'>aut</span> <span class='ocrx_word' id='word_1_840' title='bbox 1595 1712 1695 1749; x_wconf 86' lang='lat' dir='ltr'>aliquid</span> <span class='ocrx_word' id='word_1_841' title='bbox 1722 1712 1808 1740; x_wconf 76' lang='lat' dir='ltr'>simile</span> <span class='ocrx_word' id='word_1_842' title='bbox 1831 1713 1930 1749; x_wconf 81' lang='lat' dir='ltr'>agitari.</span> <span class='ocrx_word' id='word_1_843' title='bbox 1967 1711 2018 1740; x_wconf 87' lang='lat' dir='ltr'>Th.</span> 
     </span>
     <span class='ocr_line' id='line_1_100' title="bbox 1174 1755 2019 1793; baseline -0.001 -10"><span class='ocrx_word' id='word_1_844' title='bbox 1174 1756 1205 1783; x_wconf 89' lang='lat' dir='ltr'>C.</span> <span class='ocrx_word' id='word_1_845' title='bbox 1224 1756 1294 1783; x_wconf 81' lang='lat' dir='ltr'>XIII.</span> <span class='ocrx_word' id='word_1_846' title='bbox 1315 1758 1355 1783; x_wconf 95' lang='lat' dir='ltr'>ll.</span> <span class='ocrx_word' id='word_1_847' title='bbox 1376 1767 1398 1783; x_wconf 86' lang='lat' dir='ltr'>c.</span> <span class='ocrx_word' id='word_1_848' title='bbox 1420 1758 1460 1783; x_wconf 96' lang='lat' dir='ltr'>ll.</span> <span class='ocrx_word' id='word_1_849' title='bbox 1485 1755 1517 1782; x_wconf 87' lang='lat' dir='ltr'>de</span> <span class='ocrx_word' id='word_1_850' title='bbox 1537 1757 1660 1782; x_wconf 85' lang='lat' dir='ltr'>censitor.</span> <span class='ocrx_word' id='word_1_851' title='bbox 1681 1765 1803 1793; x_wconf 85' lang='lat' dir='ltr'>peraequ.</span> <span class='ocrx_word' id='word_1_852' title='bbox 1824 1755 1902 1782; x_wconf 69' lang='lat' dir='ltr'>Nulla</span> <span class='ocrx_word' id='word_1_853' title='bbox 1922 1756 2019 1791; x_wconf 83' lang='lat' dir='ltr'>togatis</span> 
     </span>
     <span class='ocr_line' id='line_1_101' title="bbox 1174 1797 2018 1837; baseline -0.001 -11"><span class='ocrx_word' id='word_1_854' title='bbox 1174 1800 1318 1837; x_wconf 88' lang='lat' dir='ltr'>inspectio,</span> <span class='ocrx_word' id='word_1_855' title='bbox 1342 1798 1414 1825; x_wconf 89' lang='lat' dir='ltr'>nulla</span> <span class='ocrx_word' id='word_1_856' title='bbox 1432 1800 1603 1836; x_wconf 85' lang='lat' dir='ltr'>peraequatio</span> <span class='ocrx_word' id='word_1_857' title='bbox 1622 1800 1763 1835; x_wconf 84' lang='lat' dir='ltr'>ingeratur.</span> <span class='ocrx_word' id='word_1_858' title='bbox 1789 1809 1810 1826; x_wconf 91' lang='lat' dir='ltr'>c.</span> <span class='ocrx_word' id='word_1_859' title='bbox 1830 1800 1853 1826; x_wconf 88' lang='lat'>6.</span> <span class='ocrx_word' id='word_1_860' title='bbox 1874 1797 1907 1825; x_wconf 83' lang='lat' dir='ltr'>de</span> <span class='ocrx_word' id='word_1_861' title='bbox 1925 1798 2018 1825; x_wconf 83' lang='lat' dir='ltr'>advoc.</span> 
     </span>
     <span class='ocr_line' id='line_1_102' title="bbox 1174 1841 2017 1880; baseline -0.001 -12"><span class='ocrx_word' id='word_1_862' title='bbox 1174 1842 1226 1868; x_wconf 84' lang='lat' dir='ltr'>div.</span> <span class='ocrx_word' id='word_1_863' title='bbox 1246 1841 1366 1868; x_wconf 81' lang='lat' dir='ltr'>iudicior.</span> <span class='ocrx_word' id='word_1_864' title='bbox 1393 1843 1417 1868; x_wconf 79' lang='lat'>2.</span> <span class='ocrx_word' id='word_1_865' title='bbox 1438 1843 1461 1868; x_wconf 81' lang='lat'>7.</span> <span class='ocrx_word' id='word_1_866' title='bbox 1486 1842 1518 1869; x_wconf 80' lang='lat' dir='ltr'>cl&#39;.</span> <span class='ocrx_word' id='word_1_867' title='bbox 1544 1842 1611 1868; x_wconf 51' lang='grc' dir='ltr'>ἕλον.</span> <span class='ocrx_word' id='word_1_868' title='bbox 1632 1841 1681 1869; x_wconf 89' lang='lat' dir='ltr'>Th.</span> <span class='ocrx_word' id='word_1_869' title='bbox 1701 1841 1731 1868; x_wconf 91' lang='lat'>11.</span> <span class='ocrx_word' id='word_1_870' title='bbox 1756 1841 1789 1869; x_wconf 86' lang='lat' dir='ltr'>de</span> <span class='ocrx_word' id='word_1_871' title='bbox 1814 1841 1913 1880; x_wconf 86' lang='lat' dir='ltr'>postul.</span> <span class='ocrx_word' id='word_1_872' title='bbox 1937 1841 1957 1868; x_wconf 92' lang='lat' dir='ltr'>I.</span> <span class='ocrx_word' id='word_1_873' title='bbox 1977 1843 2017 1868; x_wconf 92' lang='grc'>10.</span> 
     </span>
     <span class='ocr_line' id='line_1_103' title="bbox 1175 1885 1322 1919; baseline 0 -8"><span class='ocrx_word' id='word_1_874' title='bbox 1175 1896 1196 1911; x_wconf 88' lang='lat' dir='ltr'>c.</span> <span class='ocrx_word' id='word_1_875' title='bbox 1212 1886 1235 1911; x_wconf 93' lang='lat' dir='ltr'>l.</span> <span class='ocrx_word' id='word_1_876' title='bbox 1255 1885 1277 1919; x_wconf 86' lang='lat'>§.</span> <span class='ocrx_word' id='word_1_877' title='bbox 1297 1886 1322 1911; x_wconf 83' lang='grc'>4.</span> 
     </span>
    </p>

    <p class='ocr_par' dir='ltr' id='par_1_21' title="bbox 1174 1928 2020 2426">
     <span class='ocr_line' id='line_1_104' title="bbox 1210 1928 2018 1962; baseline -0.002 -7"><span class='ocrx_word' id='word_1_878' title='bbox 1210 1928 1424 1962; x_wconf 70' lang='grc' dir='ltr'>Ιηερθθῐοῐ.</span> <span class='ocrx_word' id='word_1_879' title='bbox 1463 1928 1494 1961; x_wconf 66' lang='grc' dir='ltr'>ξ.</span> <span class='ocrx_word' id='word_1_880' title='bbox 1514 1929 1549 1954; x_wconf 90' lang='lat' dir='ltr'>l.</span> <span class='ocrx_word' id='word_1_881' title='bbox 1578 1929 1640 1960; x_wconf 77' lang='lat' dir='ltr'>Qui</span> <span class='ocrx_word' id='word_1_882' title='bbox 1659 1928 1798 1961; x_wconf 77' lang='lat' dir='ltr'>inspicit</span> <span class='ocrx_word' id='word_1_883' title='bbox 1817 1936 1879 1954; x_wconf 88' lang='lat' dir='ltr'>rem</span> <span class='ocrx_word' id='word_1_884' title='bbox 1897 1932 1926 1953; x_wconf 87' lang='lat' dir='ltr'>et</span> <span class='ocrx_word' id='word_1_885' title='bbox 1943 1936 2018 1953; x_wconf 75' lang='lat' dir='ltr'>exa-</span> 
     </span>
     <span class='ocr_line' id='line_1_105' title="bbox 1174 1968 2020 2007; baseline -0.002 -10"><span class='ocrx_word' id='word_1_886' title='bbox 1174 1973 1286 1998; x_wconf 81' lang='lat' dir='ltr'>minat.</span> <span class='ocrx_word' id='word_1_887' title='bbox 1323 1969 1366 1997; x_wconf 91' lang='lat' dir='ltr'>Ill.</span> <span class='ocrx_word' id='word_1_888' title='bbox 1393 1971 1459 1998; x_wconf 76' lang='lat' dir='ltr'>Cn.</span> <span class='ocrx_word' id='word_1_889' title='bbox 1493 1970 1523 1997; x_wconf 89' lang='lat' dir='ltr'>Si</span> <span class='ocrx_word' id='word_1_890' title='bbox 1551 1980 1607 1997; x_wconf 80' lang='lat' dir='ltr'>rein</span> <span class='ocrx_word' id='word_1_891' title='bbox 1631 1970 1776 2007; x_wconf 87' lang='lat' dir='ltr'>inspectori</span> <span class='ocrx_word' id='word_1_892' title='bbox 1799 1968 1877 2002; x_wconf 83' lang='lat' dir='ltr'>dedi,</span> <span class='ocrx_word' id='word_1_893' title='bbox 1902 1985 1932 1990; x_wconf 93' lang='lat'>—-</span> <span class='ocrx_word' id='word_1_894' title='bbox 1957 1968 2020 1996; x_wconf 87' lang='lat' dir='ltr'>dum</span> 
     </span>
     <span class='ocr_line' id='line_1_106' title="bbox 1174 2011 2018 2051; baseline -0.004 -11"><span class='ocrx_word' id='word_1_895' title='bbox 1174 2014 1235 2041; x_wconf 83' lang='lat' dir='ltr'>volo</span> <span class='ocrx_word' id='word_1_896' title='bbox 1255 2014 1369 2051; x_wconf 87' lang='lat' dir='ltr'>pretium</span> <span class='ocrx_word' id='word_1_897' title='bbox 1393 2014 1540 2050; x_wconf 76' lang='lat' dir='ltr'>exquirere.</span> <span class='ocrx_word' id='word_1_898' title='bbox 1568 2013 1599 2040; x_wconf 77' lang='lat' dir='ltr'>fr.</span> <span class='ocrx_word' id='word_1_899' title='bbox 1621 2015 1661 2040; x_wconf 83' lang='grc'>10.</span> <span class='ocrx_word' id='word_1_900' title='bbox 1691 2013 1713 2047; x_wconf 84' lang='lat'>§.</span> <span class='ocrx_word' id='word_1_901' title='bbox 1734 2014 1757 2039; x_wconf 93' lang='lat' dir='ltr'>l.</span> <span class='ocrx_word' id='word_1_902' title='bbox 1785 2011 1914 2038; x_wconf 84' lang='lat' dir='ltr'>commod.</span> <span class='ocrx_word' id='word_1_903' title='bbox 1934 2013 1974 2038; x_wconf 89' lang='lat'>13.</span> <span class='ocrx_word' id='word_1_904' title='bbox 1994 2012 2018 2038; x_wconf 84' lang='lat'>6.</span> 
     </span>
     <span class='ocr_line' id='line_1_107' title="bbox 1175 2055 2020 2093; baseline -0.004 -10"><span class='ocrx_word' id='word_1_905' title='bbox 1175 2057 1205 2084; x_wconf 90' lang='lat' dir='ltr'>I&#39;r.</span> <span class='ocrx_word' id='word_1_906' title='bbox 1226 2059 1266 2083; x_wconf 92' lang='lat'>17.</span> <span class='ocrx_word' id='word_1_907' title='bbox 1295 2057 1317 2090; x_wconf 59' lang='grc' dir='ltr'>ξ.</span> <span class='ocrx_word' id='word_1_908' title='bbox 1337 2058 1361 2082; x_wconf 84' lang='lat'>2.</span> <span class='ocrx_word' id='word_1_909' title='bbox 1386 2055 1419 2082; x_wconf 81' lang='lat' dir='ltr'>de</span> <span class='ocrx_word' id='word_1_910' title='bbox 1442 2066 1557 2093; x_wconf 83' lang='lat' dir='ltr'>praescr.</span> <span class='ocrx_word' id='word_1_911' title='bbox 1576 2066 1618 2083; x_wconf 87' lang='lat' dir='ltr'>vv.</span> <span class='ocrx_word' id='word_1_912' title='bbox 1641 2057 1680 2082; x_wconf 91' lang='lat'>19.</span> <span class='ocrx_word' id='word_1_913' title='bbox 1700 2057 1724 2081; x_wconf 85' lang='lat'>5.</span> <span class='ocrx_word' id='word_1_914' title='bbox 1746 2071 1776 2075; x_wconf 97' lang='lat'><strong>—</strong></span> <span class='ocrx_word' id='word_1_915' title='bbox 1805 2055 1836 2088; x_wconf 58' lang='grc' dir='ltr'>ᾗ.</span> <span class='ocrx_word' id='word_1_916' title='bbox 1857 2055 1892 2081; x_wconf 68' lang='grc'>2.</span> <span class='ocrx_word' id='word_1_917' title='bbox 1921 2056 2020 2081; x_wconf 79' lang='lat' dir='ltr'>Prae-</span> 
     </span>
     <span class='ocr_line' id='line_1_108' title="bbox 1175 2096 2019 2131; baseline -0.004 -5"><span class='ocrx_word' id='word_1_918' title='bbox 1175 2102 1299 2126; x_wconf 80' lang='lat' dir='ltr'>diorum</span> <span class='ocrx_word' id='word_1_919' title='bbox 1319 2100 1501 2126; x_wconf 74' lang='lat' dir='ltr'>censitioni</span> <span class='ocrx_word' id='word_1_920' title='bbox 1519 2100 1734 2125; x_wconf 74' lang='lat' dir='ltr'>obnoxiorum</span> <span class='ocrx_word' id='word_1_921' title='bbox 1751 2096 2019 2131; x_wconf 50' lang='lat' dir='ltr'>explorator..lll.</span> 
     </span>
     <span class='ocr_line' id='line_1_109' title="bbox 1176 2140 2020 2178; baseline -0.004 -9"><span class='ocrx_word' id='word_1_922' title='bbox 1176 2144 1242 2170; x_wconf 72' lang='lat' dir='ltr'>Gn·</span> <span class='ocrx_word' id='word_1_923' title='bbox 1279 2141 1354 2168; x_wconf 84' lang='lat' dir='ltr'>quta</span> <span class='ocrx_word' id='word_1_924' title='bbox 1379 2142 1558 2178; x_wconf 80' lang='lat' dir='ltr'>inspectorum</span> <span class='ocrx_word' id='word_1_925' title='bbox 1583 2140 1750 2172; x_wconf 82' lang='lat' dir='ltr'>relationem,</span> <span class='ocrx_word' id='word_1_926' title='bbox 1778 2144 1804 2166; x_wconf 86' lang='lat' dir='ltr'>et</span> <span class='ocrx_word' id='word_1_927' title='bbox 1828 2144 1945 2167; x_wconf 87' lang='lat' dir='ltr'>veterum</span> <span class='ocrx_word' id='word_1_928' title='bbox 1967 2149 2020 2166; x_wconf 90' lang='lat' dir='ltr'>mo-</span> 
     </span>
     <span class='ocr_line' id='line_1_110' title="bbox 1177 2182 2019 2219; baseline -0.001 -8"><span class='ocrx_word' id='word_1_929' title='bbox 1177 2189 1299 2212; x_wconf 85' lang='lat' dir='ltr'>numenta</span> <span class='ocrx_word' id='word_1_930' title='bbox 1325 2184 1479 2210; x_wconf 86' lang='lat' dir='ltr'>chartarum.</span> <span class='ocrx_word' id='word_1_931' title='bbox 1514 2183 1563 2210; x_wconf 90' lang='lat' dir='ltr'>Th.</span> <span class='ocrx_word' id='word_1_932' title='bbox 1584 2184 1614 2211; x_wconf 87' lang='lat' dir='ltr'>C.</span> <span class='ocrx_word' id='word_1_933' title='bbox 1634 2183 1679 2210; x_wconf 88' lang='lat' dir='ltr'>XI.</span> <span class='ocrx_word' id='word_1_934' title='bbox 1704 2184 1745 2209; x_wconf 88' lang='lat'>28.</span> <span class='ocrx_word' id='word_1_935' title='bbox 1772 2193 1794 2209; x_wconf 92' lang='lat' dir='ltr'>c.</span> <span class='ocrx_word' id='word_1_936' title='bbox 1813 2185 1838 2209; x_wconf 80' lang='lat'>2.</span> <span class='ocrx_word' id='word_1_937' title='bbox 1863 2183 1896 2209; x_wconf 90' lang='lat' dir='ltr'>de</span> <span class='ocrx_word' id='word_1_938' title='bbox 1920 2182 2019 2219; x_wconf 87' lang='lat' dir='ltr'>indulg.</span> 
     </span>
     <span class='ocr_line' id='line_1_111' title="bbox 1177 2225 2020 2264; baseline -0.004 -9"><span class='ocrx_word' id='word_1_939' title='bbox 1177 2228 1257 2255; x_wconf 77' lang='lat' dir='ltr'>debit.</span> <span class='ocrx_word' id='word_1_940' title='bbox 1294 2227 1402 2254; x_wconf 79' lang='lat' dir='ltr'>Electus</span> <span class='ocrx_word' id='word_1_941' title='bbox 1427 2228 1592 2264; x_wconf 80' lang='lat' dir='ltr'>inspectores</span> <span class='ocrx_word' id='word_1_942' title='bbox 1612 2242 1644 2246; x_wconf 92' lang='lat'>—-</span> <span class='ocrx_word' id='word_1_943' title='bbox 1664 2235 1723 2252; x_wconf 85' lang='lat' dir='ltr'>esse</span> <span class='ocrx_word' id='word_1_944' title='bbox 1748 2225 1906 2257; x_wconf 87' lang='lat' dir='ltr'>mittendos,</span> <span class='ocrx_word' id='word_1_945' title='bbox 1930 2230 1959 2252; x_wconf 86' lang='lat' dir='ltr'>ut</span> <span class='ocrx_word' id='word_1_946' title='bbox 1978 2235 2020 2252; x_wconf 90' lang='lat' dir='ltr'>eo-</span> 
     </span>
     <span class='ocr_line' id='line_1_112' title="bbox 1176 2268 2019 2298; baseline -0.004 0"><span class='ocrx_word' id='word_1_947' title='bbox 1176 2281 1233 2298; x_wconf 91' lang='lat' dir='ltr'>rum</span> <span class='ocrx_word' id='word_1_948' title='bbox 1252 2270 1380 2297; x_wconf 82' lang='lat' dir='ltr'>relatione</span> <span class='ocrx_word' id='word_1_949' title='bbox 1392 2284 1424 2289; x_wconf 94' lang='lat'>—</span> <span class='ocrx_word' id='word_1_950' title='bbox 1437 2271 1590 2297; x_wconf 86' lang='lat' dir='ltr'>aestimetur</span> <span class='ocrx_word' id='word_1_951' title='bbox 1608 2274 1657 2296; x_wconf 86' lang='lat' dir='ltr'>etc.</span> <span class='ocrx_word' id='word_1_952' title='bbox 1682 2268 1719 2294; x_wconf 88' lang='lat' dir='ltr'>lb.</span> <span class='ocrx_word' id='word_1_953' title='bbox 1733 2269 1778 2295; x_wconf 78' lang='lat' dir='ltr'>XI.</span> <span class='ocrx_word' id='word_1_954' title='bbox 1795 2271 1816 2295; x_wconf 94' lang='grc'>1.</span> <span class='ocrx_word' id='word_1_955' title='bbox 1838 2280 1859 2295; x_wconf 92' lang='lat' dir='ltr'>c.</span> <span class='ocrx_word' id='word_1_956' title='bbox 1878 2270 1920 2295; x_wconf 87' lang='lat'>31.</span> <span class='ocrx_word' id='word_1_957' title='bbox 1941 2278 1962 2295; x_wconf 90' lang='lat' dir='ltr'>c.</span> <span class='ocrx_word' id='word_1_958' title='bbox 1976 2269 2019 2295; x_wconf 87' lang='lat'>33.</span> 
     </span>
     <span class='ocr_line' id='line_1_113' title="bbox 1177 2311 2020 2346; baseline -0.002 -6"><span class='ocrx_word' id='word_1_959' title='bbox 1177 2314 1209 2341; x_wconf 87' lang='lat' dir='ltr'>de</span> <span class='ocrx_word' id='word_1_960' title='bbox 1228 2324 1285 2340; x_wconf 87' lang='lat' dir='ltr'>ann.</span> <span class='ocrx_word' id='word_1_961' title='bbox 1307 2318 1333 2340; x_wconf 84' lang='lat' dir='ltr'>et</span> <span class='ocrx_word' id='word_1_962' title='bbox 1351 2313 1441 2339; x_wconf 86' lang='lat' dir='ltr'>tribut.</span> <span class='ocrx_word' id='word_1_963' title='bbox 1467 2313 1498 2339; x_wconf 82' lang='lat' dir='ltr'>cf.</span> <span class='ocrx_word' id='word_1_964' title='bbox 1520 2312 1574 2339; x_wconf 85' lang='lat' dir='ltr'>Vll.</span> <span class='ocrx_word' id='word_1_965' title='bbox 1595 2314 1635 2339; x_wconf 66' lang='lat'>19.</span> <span class='ocrx_word' id='word_1_966' title='bbox 1655 2322 1676 2338; x_wconf 90' lang='lat' dir='ltr'>c.</span> <span class='ocrx_word' id='word_1_967' title='bbox 1698 2314 1719 2338; x_wconf 94' lang='lat'>1.</span> <span class='ocrx_word' id='word_1_968' title='bbox 1746 2313 1767 2346; x_wconf 62' lang='grc' dir='ltr'>ς’.</span> <span class='ocrx_word' id='word_1_969' title='bbox 1787 2314 1810 2338; x_wconf 77' lang='grc'>2.</span> <span class='ocrx_word' id='word_1_970' title='bbox 1836 2311 1868 2338; x_wconf 90' lang='lat' dir='ltr'>de</span> <span class='ocrx_word' id='word_1_971' title='bbox 1887 2311 2020 2338; x_wconf 83' lang='lat' dir='ltr'>Saturian.</span> 
     </span>
     <span class='ocr_line' id='line_1_114' title="bbox 1178 2354 2020 2393; baseline -0.004 -10"><span class='ocrx_word' id='word_1_972' title='bbox 1178 2356 1258 2392; x_wconf 76' lang='lat' dir='ltr'>Quod</span> <span class='ocrx_word' id='word_1_973' title='bbox 1281 2356 1398 2383; x_wconf 79' lang='lat' dir='ltr'>detectae</span> <span class='ocrx_word' id='word_1_974' title='bbox 1422 2356 1587 2393; x_wconf 86' lang='lat' dir='ltr'>possessioni</span> <span class='ocrx_word' id='word_1_975' title='bbox 1610 2356 1770 2392; x_wconf 85' lang='lat' dir='ltr'>inspectoris</span> <span class='ocrx_word' id='word_1_976' title='bbox 1795 2354 1903 2381; x_wconf 86' lang='lat' dir='ltr'>arbitrio</span> <span class='ocrx_word' id='word_1_977' title='bbox 1924 2354 2020 2381; x_wconf 84' lang='lat' dir='ltr'>adscri-</span> 
     </span>
     <span class='ocr_line' id='line_1_115' title="bbox 1178 2397 1910 2426; baseline -0.003 0"><span class='ocrx_word' id='word_1_978' title='bbox 1178 2400 1255 2426; x_wconf 87' lang='lat' dir='ltr'>bitur.</span> <span class='ocrx_word' id='word_1_979' title='bbox 1287 2399 1324 2426; x_wconf 87' lang='lat' dir='ltr'>lb.</span> <span class='ocrx_word' id='word_1_980' title='bbox 1343 2399 1412 2426; x_wconf 83' lang='lat' dir='ltr'>XIII.</span> <span class='ocrx_word' id='word_1_981' title='bbox 1434 2401 1473 2425; x_wconf 93' lang='lat'>11.</span> <span class='ocrx_word' id='word_1_982' title='bbox 1495 2408 1515 2424; x_wconf 92' lang='lat' dir='ltr'>c.</span> <span class='ocrx_word' id='word_1_983' title='bbox 1537 2400 1575 2424; x_wconf 77' lang='lat'>12.</span> <span class='ocrx_word' id='word_1_984' title='bbox 1597 2398 1627 2424; x_wconf 82' lang='lat' dir='ltr'>ci&#39;.</span> <span class='ocrx_word' id='word_1_985' title='bbox 1649 2409 1670 2424; x_wconf 90' lang='lat' dir='ltr'>c.</span> <span class='ocrx_word' id='word_1_986' title='bbox 1690 2400 1713 2424; x_wconf 92' lang='lat'>9.</span> <span class='ocrx_word' id='word_1_987' title='bbox 1734 2397 1766 2424; x_wconf 78' lang='lat' dir='ltr'>de</span> <span class='ocrx_word' id='word_1_988' title='bbox 1787 2399 1910 2424; x_wconf 87' lang='lat' dir='ltr'>censitor.</span> 
     </span>
    </p>

    <p class='ocr_par' dir='ltr' id='par_1_22' title="bbox 1179 2439 2020 2564">
     <span class='ocr_line' id='line_1_116' title="bbox 1213 2439 2018 2476; baseline -0.005 -6"><span class='ocrx_word' id='word_1_989' title='bbox 1213 2444 1448 2476; x_wconf 63' lang='lat' dir='ltr'>lnfiperatus.</span> <span class='ocrx_word' id='word_1_990' title='bbox 1474 2440 1604 2474; x_wconf 67' lang='lat' dir='ltr'>(Adiect.)</span> <span class='ocrx_word' id='word_1_991' title='bbox 1633 2443 1700 2467; x_wconf 74' lang='lat' dir='ltr'>Non</span> <span class='ocrx_word' id='word_1_992' title='bbox 1718 2447 1938 2475; x_wconf 69' lang='lat' dir='ltr'>exspectatus.</span> <span class='ocrx_word' id='word_1_993' title='bbox 1976 2439 2018 2466; x_wconf 92' lang='lat' dir='ltr'>III.</span> 
     </span>
     <span class='ocr_line' id='line_1_117' title="bbox 1181 2483 2020 2522; baseline -0.005 -9"><span class='ocrx_word' id='word_1_994' title='bbox 1181 2488 1246 2514; x_wconf 78' lang='lat' dir='ltr'>Gn.</span> <span class='ocrx_word' id='word_1_995' title='bbox 1271 2486 1406 2522; x_wconf 83' lang='lat' dir='ltr'>Insperato</span> <span class='ocrx_word' id='word_1_996' title='bbox 1426 2483 1562 2511; x_wconf 88' lang='lat' dir='ltr'>commodo</span> <span class='ocrx_word' id='word_1_997' title='bbox 1582 2483 1689 2519; x_wconf 68' lang='lat' dir='ltr'>(legati.</span> <span class='ocrx_word' id='word_1_998' title='bbox 1710 2483 1751 2510; x_wconf 81' lang='lat' dir='ltr'>vel</span> <span class='ocrx_word' id='word_1_999' title='bbox 1771 2483 1942 2517; x_wconf 84' lang='lat' dir='ltr'>hereditatis)</span> <span class='ocrx_word' id='word_1_1000' title='bbox 1961 2492 2020 2518; x_wconf 80' lang='lat' dir='ltr'>gau-</span> 
     </span>
     <span class='ocr_line' id='line_1_118' title="bbox 1179 2527 1811 2564; baseline -0.005 -8"><span class='ocrx_word' id='word_1_1001' title='bbox 1179 2530 1248 2556; x_wconf 86' lang='lat' dir='ltr'>dere.</span> <span class='ocrx_word' id='word_1_1002' title='bbox 1270 2540 1291 2555; x_wconf 90' lang='lat' dir='ltr'>c.</span> <span class='ocrx_word' id='word_1_1003' title='bbox 1313 2531 1334 2554; x_wconf 95' lang='lat' dir='ltr'>l.</span> <span class='ocrx_word' id='word_1_1004' title='bbox 1355 2527 1387 2554; x_wconf 87' lang='lat' dir='ltr'>de</span> <span class='ocrx_word' id='word_1_1005' title='bbox 1406 2527 1430 2553; x_wconf 92' lang='lat' dir='ltr'>h.</span> <span class='ocrx_word' id='word_1_1006' title='bbox 1451 2537 1494 2563; x_wconf 89' lang='lat' dir='ltr'>qu.</span> <span class='ocrx_word' id='word_1_1007' title='bbox 1515 2531 1573 2552; x_wconf 83' lang='lat' dir='ltr'>ante</span> <span class='ocrx_word' id='word_1_1008' title='bbox 1593 2537 1632 2564; x_wconf 89' lang='lat' dir='ltr'>ap.</span> <span class='ocrx_word' id='word_1_1009' title='bbox 1654 2527 1706 2554; x_wconf 85' lang='lat' dir='ltr'>tab.</span> <span class='ocrx_word' id='word_1_1010' title='bbox 1725 2529 1748 2553; x_wconf 87' lang='lat'>6.</span> <span class='ocrx_word' id='word_1_1011' title='bbox 1768 2529 1811 2553; x_wconf 72' lang='lat'>52.</span> 
     </span>
    </p>

    <p class='ocr_par' dir='ltr' id='par_1_23' title="bbox 1179 2565 2020 2863">
     <span class='ocr_line' id='line_1_119' title="bbox 1215 2565 2017 2605; baseline -0.009 -6"><span class='ocrx_word' id='word_1_1012' title='bbox 1215 2571 1425 2605; x_wconf 78' lang='lat' dir='ltr'>Inspicere.</span> <span class='ocrx_word' id='word_1_1013' title='bbox 1463 2570 1494 2602; x_wconf 57' lang='grc' dir='ltr'>ᾗ.</span> <span class='ocrx_word' id='word_1_1014' title='bbox 1518 2571 1552 2596; x_wconf 84' lang='lat' dir='ltr'>l.</span> <span class='ocrx_word' id='word_1_1015' title='bbox 1588 2572 1731 2602; x_wconf 69' lang='lat' dir='ltr'>Intueri.</span> <span class='ocrx_word' id='word_1_1016' title='bbox 1757 2571 1940 2603; x_wconf 77' lang='lat' dir='ltr'>Adspicere.</span> <span class='ocrx_word' id='word_1_1017' title='bbox 1975 2565 2017 2593; x_wconf 92' lang='lat'>111.</span> 
     </span>
     <span class='ocr_line' id='line_1_120' title="bbox 1181 2609 2019 2649; baseline -0.01 -6"><span class='ocrx_word' id='word_1_1018' title='bbox 1181 2617 1246 2643; x_wconf 77' lang='lat' dir='ltr'>Gn.</span> <span class='ocrx_word' id='word_1_1019' title='bbox 1271 2614 1391 2644; x_wconf 75' lang='lat' dir='ltr'>Messeni,</span> <span class='ocrx_word' id='word_1_1020' title='bbox 1412 2613 1568 2649; x_wconf 73' lang='lat' dir='ltr'>inspiciente</span> <span class='ocrx_word' id='word_1_1021' title='bbox 1588 2612 1695 2644; x_wconf 77' lang='lat' dir='ltr'>colono,</span> <span class='ocrx_word' id='word_1_1022' title='bbox 1717 2628 1746 2631; x_wconf 97' lang='lat'><strong>—</strong></span> <span class='ocrx_word' id='word_1_1023' title='bbox 1767 2611 1908 2638; x_wconf 87' lang='lat' dir='ltr'>sustulisti.</span> <span class='ocrx_word' id='word_1_1024' title='bbox 1928 2609 1958 2637; x_wconf 81' lang='lat' dir='ltr'>fr.</span> <span class='ocrx_word' id='word_1_1025' title='bbox 1977 2610 2019 2635; x_wconf 79' lang='lat'>60.</span> 
     </span>
     <span class='ocr_line' id='line_1_121' title="bbox 1179 2655 2019 2692; baseline -0.005 -7"><span class='ocrx_word' id='word_1_1026' title='bbox 1179 2659 1200 2692; x_wconf 64' lang='grc' dir='ltr'>ξ,</span> <span class='ocrx_word' id='word_1_1027' title='bbox 1221 2661 1244 2684; x_wconf 88' lang='lat'>5.</span> <span class='ocrx_word' id='word_1_1028' title='bbox 1264 2657 1339 2683; x_wconf 86' lang='lat' dir='ltr'>locat.</span> <span class='ocrx_word' id='word_1_1029' title='bbox 1362 2657 1400 2682; x_wconf 88' lang='lat'>19.</span> <span class='ocrx_word' id='word_1_1030' title='bbox 1419 2658 1443 2682; x_wconf 74' lang='grc'>2,</span> <span class='ocrx_word' id='word_1_1031' title='bbox 1468 2655 1527 2692; x_wconf 85' lang='lat' dir='ltr'>Ipsa</span> <span class='ocrx_word' id='word_1_1032' title='bbox 1547 2658 1596 2689; x_wconf 84' lang='lat' dir='ltr'>(sc.</span> <span class='ocrx_word' id='word_1_1033' title='bbox 1617 2656 1711 2688; x_wconf 79' lang='lat' dir='ltr'>uxore)</span> <span class='ocrx_word' id='word_1_1034' title='bbox 1731 2656 1895 2692; x_wconf 81' lang='lat' dir='ltr'>inspiciente,</span> <span class='ocrx_word' id='word_1_1035' title='bbox 1913 2669 1941 2674; x_wconf 89' lang='lat'>·-</span> <span class='ocrx_word' id='word_1_1036' title='bbox 1963 2662 2019 2678; x_wconf 73' lang='lat' dir='ltr'>eoe-</span> 
     </span>
     <span class='ocr_line' id='line_1_122' title="bbox 1182 2695 2018 2732; baseline -0.006 -5"><span class='ocrx_word' id='word_1_1037' title='bbox 1182 2706 1236 2727; x_wconf 88' lang='lat' dir='ltr'>tum</span> <span class='ocrx_word' id='word_1_1038' title='bbox 1258 2701 1390 2726; x_wconf 68' lang='lat' dir='ltr'>ineuntem</span> <span class='ocrx_word' id='word_1_1039' title='bbox 1414 2699 1551 2731; x_wconf 77' lang='lat' dir='ltr'>(iiiaritum</span> <span class='ocrx_word' id='word_1_1040' title='bbox 1571 2700 1637 2731; x_wconf 82' lang='lat' dir='ltr'>etc.)</span> <span class='ocrx_word' id='word_1_1041' title='bbox 1663 2708 1684 2724; x_wconf 79' lang='lat' dir='ltr'>c.</span> <span class='ocrx_word' id='word_1_1042' title='bbox 1705 2700 1728 2724; x_wconf 71' lang='grc' dir='ltr'>ὅ.</span> <span class='ocrx_word' id='word_1_1043' title='bbox 1749 2698 1770 2732; x_wconf 81' lang='lat'>§.</span> <span class='ocrx_word' id='word_1_1044' title='bbox 1790 2699 1813 2724; x_wconf 75' lang='lat'>2.</span> <span class='ocrx_word' id='word_1_1045' title='bbox 1834 2697 1866 2724; x_wconf 87' lang='lat' dir='ltr'>de</span> <span class='ocrx_word' id='word_1_1046' title='bbox 1884 2695 1974 2732; x_wconf 80' lang='lat' dir='ltr'>repud.</span> <span class='ocrx_word' id='word_1_1047' title='bbox 1994 2697 2018 2721; x_wconf 82' lang='lat'>5.</span> 
     </span>
     <span class='ocr_line' id='line_1_123' title="bbox 1182 2737 2018 2776; baseline -0.006 -7"><span class='ocrx_word' id='word_1_1048' title='bbox 1182 2746 1220 2770; x_wconf 91' lang='lat'>17.</span> <span class='ocrx_word' id='word_1_1049' title='bbox 1240 2757 1274 2762; x_wconf 95' lang='lat'>—</span> <span class='ocrx_word' id='word_1_1050' title='bbox 1299 2743 1329 2775; x_wconf 61' lang='grc' dir='ltr'>ξ.</span> <span class='ocrx_word' id='word_1_1051' title='bbox 1351 2743 1386 2768; x_wconf 72' lang='lat'>2.</span> <span class='ocrx_word' id='word_1_1052' title='bbox 1414 2743 1614 2776; x_wconf 61' lang='lat' dir='ltr'>Explorare,</span> <span class='ocrx_word' id='word_1_1053' title='bbox 1643 2743 1852 2767; x_wconf 66' lang='lat' dir='ltr'>Examinare.</span> <span class='ocrx_word' id='word_1_1054' title='bbox 1887 2737 1930 2764; x_wconf 92' lang='lat'>111.</span> <span class='ocrx_word' id='word_1_1055' title='bbox 1953 2739 2018 2765; x_wconf 78' lang='lat' dir='ltr'>Cn.</span> 
     </span>
     <span class='ocr_line' id='line_1_124' title="bbox 1181 2780 2018 2823; baseline -0.006 -12"><span class='ocrx_word' id='word_1_1056' title='bbox 1181 2787 1269 2823; x_wconf 87' lang='lat' dir='ltr'>Opera</span> <span class='ocrx_word' id='word_1_1057' title='bbox 1289 2784 1393 2822; x_wconf 90' lang='lat' dir='ltr'>publica</span> <span class='ocrx_word' id='word_1_1058' title='bbox 1413 2785 1562 2816; x_wconf 77' lang='lat' dir='ltr'>circumire,</span> <span class='ocrx_word' id='word_1_1059' title='bbox 1586 2783 1745 2820; x_wconf 88' lang='lat' dir='ltr'>inspiciendi</span> <span class='ocrx_word' id='word_1_1060' title='bbox 1768 2783 1848 2819; x_wconf 82' lang='lat' dir='ltr'>gratia</span> <span class='ocrx_word' id='word_1_1061' title='bbox 1866 2785 1915 2807; x_wconf 81' lang='lat' dir='ltr'>etc.</span> <span class='ocrx_word' id='word_1_1062' title='bbox 1945 2780 1974 2807; x_wconf 87' lang='lat' dir='ltr'>sr.</span> <span class='ocrx_word' id='word_1_1063' title='bbox 1996 2782 2018 2807; x_wconf 89' lang='lat'>7.</span> 
     </span>
     <span class='ocr_line' id='line_1_125' title="bbox 1182 2824 2020 2863; baseline -0.006 -9"><span class='ocrx_word' id='word_1_1064' title='bbox 1182 2829 1204 2862; x_wconf 83' lang='lat'>§.</span> <span class='ocrx_word' id='word_1_1065' title='bbox 1220 2830 1242 2854; x_wconf 92' lang='lat'>1.</span> <span class='ocrx_word' id='word_1_1066' title='bbox 1263 2828 1295 2854; x_wconf 87' lang='lat' dir='ltr'>de</span> <span class='ocrx_word' id='word_1_1067' title='bbox 1315 2828 1358 2854; x_wconf 77' lang='lat' dir='ltr'>olI&#39;.</span> <span class='ocrx_word' id='word_1_1068' title='bbox 1379 2827 1453 2854; x_wconf 80' lang='lat' dir='ltr'>Proc.</span> <span class='ocrx_word' id='word_1_1069' title='bbox 1475 2832 1499 2854; x_wconf 79' lang='lat' dir='ltr'>et</span> <span class='ocrx_word' id='word_1_1070' title='bbox 1512 2826 1574 2863; x_wconf 78' lang='lat' dir='ltr'>ch.</span> <span class='ocrx_word' id='word_1_1071' title='bbox 1590 2829 1611 2853; x_wconf 96' lang='lat'>1.</span> <span class='ocrx_word' id='word_1_1072' title='bbox 1628 2828 1666 2854; x_wconf 88' lang='lat'>16.</span> <span class='ocrx_word' id='word_1_1073' title='bbox 1700 2825 1836 2863; x_wconf 88' lang='lat' dir='ltr'>Inspectis,</span> <span class='ocrx_word' id='word_1_1074' title='bbox 1855 2824 2020 2860; x_wconf 77' lang='lat' dir='ltr'>cognItisquc</span> 
     </span>
    </p>

    <p class='ocr_par' dir='ltr' id='par_1_24' title="bbox 1951 2868 2019 2900">
     <span class='ocr_line' id='line_1_126' title="bbox 1951 2868 2019 2900; baseline 0.015 -8"><span class='ocrx_word' id='word_1_1075' title='bbox 1951 2868 2019 2900; x_wconf 86' lang='lat' dir='ltr'>(vcr-</span> 
     </span>
    </p>
   </div>
  </div>
 </body>
</html>
