2197 3121
245 182 310 213 878

247 268 276 290 ut
296 263 344 299 leg.
363 273 433 289 serv.
460 272 482 289 c.
501 263 543 288 36.
562 262 586 287 3.
624 259 667 286 111.
685 260 751 287 Cn.
776 258 834 285 Dos
858 258 957 285 sentire
980 257 1031 284 boc
1055 267 1099 283 aes

247 306 361 333 alienum
381 305 466 332 debet.
488 305 518 331 fr.
540 305 578 330 19.
601 302 633 330 de
652 302 724 339 relig.
751 303 791 328 ll.
812 303 834 328 7.
872 301 946 328 Hanc
965 302 1015 333 (sc.
1034 300 1100 326 iniu-

249 350 325 379 riam)
351 353 376 375 et
399 358 503 374 servum
529 347 628 373 sentire
652 345 738 383 palam
763 349 811 371 est.
836 344 867 371 fr.
894 346 933 371 15.
958 344 980 378 5.
999 345 1041 370 35.
1067 342 1100 369 de

249 393 325 418 iniur.
345 393 385 417 47.
407 393 446 417 10.
485 390 513 416 Si
532 389 631 416 nullam
652 389 796 415 laesionem
816 398 848 414 ex
868 387 919 413 hoc
938 388 1036 413 sentiet
1056 396 1099 423 pa-

248 440 350 462 tronus.
373 434 401 460 fr.
421 435 462 459 45.
483 432 516 459 (18
535 442 608 470 oper.
629 431 715 458 libert.
735 432 777 457 38.
794 432 816 457 1.
855 430 895 457 Ne
914 429 978 467 quid
998 430 1100 466 pericn-
1121 432 1123 453 ἶ

251 477 316 504 lum.
336 476 377 502 vel
397 475 531 507 damnum,
551 486 583 502 ex
603 485 631 501 ea
651 485 679 501 re
699 473 842 511 stipulator
861 474 980 500 sentiret.
1006 472 1036 499 sr.
1057 473 1098 498 71.

250 521 272 554 5.
295 522 315 546 l.
336 519 368 545 de
388 518 418 545 V.
433 518 460 545 S.
479 521 520 545 50.
537 520 576 544 16.
614 517 695 554 Quod
714 526 807 544 servus
827 517 853 542 in
872 525 993 553 corpore,
1012 514 1055 541 vel
1074 516 1100 541 in

251 564 345 591 animo.
366 562 453 589 damni
473 563 592 587 senserit.
613 560 643 587 fr.
658 563 683 592 9,
703 560 726 594 5.
739 561 764 585 3.
785 559 817 585 de
831 568 909 585 servo
929 569 996 585 corr.
1019 559 1059 584 ll.
1073 559 1097 584 3.

251 605 326 632 Sicut
346 604 481 631 commoda
502 605 639 636 sentimus,
660 620 692 623 —
712 605 746 629 ita
767 607 792 628 et
812 601 978 628 incommoda
998 601 1098 627 sentire

251 648 386 675 debemus.
412 647 484 674 Paul.
505 647 535 674 ll.
555 650 578 675 8.
603 647 668 681 5.1.
689 646 719 673 fr.
740 648 762 671 1.
788 644 820 671 de
840 645 923 670 instit.
944 649 992 670 act.
1014 645 1053 670 14.
1074 645 1098 670 3.
1123 639 1124 647 ¹

251 691 284 718 cf.
305 691 334 718 fr.
355 693 378 717 6.
399 701 437 728 pr.
458 690 490 716 de
514 690 558 717 aff.
577 690 665 716 Praes.
689 691 710 715 l.
731 691 771 714 1⁸.
792 687 915 713 Sentiant
934 686 1101 714 commodum

251 735 410 760 testamenti.
430 733 460 759 sr.
480 735 521 760 71.
541 733 573 760 ad
593 732 612 759 S
628 732 659 759 C.
680 731 760 758 Treb.
779 732 821 757 36.
843 732 865 756 l.

286 777 475 803 Seorsum.
500 776 613 810 (Advb.)
638 776 836 810 Separatim.
875 773 905 799 11.
928 775 995 807 Op.
1016 772 1103 810 Prope
1124 799 1125 811 ἶ

251 819 273 853 5.
294 819 349 846 5.1.
365 819 396 846 de
410 819 439 846 L.
454 819 521 856 Aqu.
536 820 559 845 4.
573 821 597 845 3.
635 817 664 844 In
684 817 774 844 eadem
793 817 937 854 provincia.
959 832 991 836 —
1012 815 1102 842 Seors.
1124 827 1125 834 ¹

252 863 279 889 in
299 862 412 889 diversis
431 863 584 899 provinciis
609 871 630 888 c.
650 862 691 887 36.
716 861 737 894 5.
757 862 781 885 2.
806 858 838 886 de.
861 859 934 885 inoff.
955 864 1057 885 testam.
1077 860 1101 885 3.
1125 852 1126 887 1

252 907 294 931 28.
331 905 374 932 111.
395 907 462 933 Cn.
487 904 515 931 Si
539 904 571 931 de
591 904 710 930 aedificio
731 902 832 939 tegulas
852 901 998 929 sustulerit.
1019 917 1051 921 -—
1072 901 1102 928 Si
1124 894 1126 926 l

253 958 306 975 non
326 948 359 975 de
378 948 507 979 aedilicia,
527 947 575 973 sed
594 957 677 973 seors.
703 947 814 984 positas
840 945 871 971 fr.
891 947 915 971 9.
940 955 978 982 pr.
1005 945 1056 980 Qu.
1076 946 1102 971 vi
1125 965 1126 968 ,

253 996 298 1018 aut
317 991 349 1017 cl.
364 993 404 1017 453.
418 994 460 1017 24.
499 989 583 1017 Cuius
597 999 690 1016 servus
710 998 793 1015 seors.
815 999 828 1014 a
848 988 955 1014 domino
976 989 1103 1014 rationem
1125 985 1127 1011 ἒ

255 1034 383 1061 habuerit.
402 1034 432 1060 fr.
447 1036 471 1060 4.
487 1043 525 1070 pr.
541 1034 561 1067 5.
577 1034 599 1060 6.
621 1033 654 1059 de
667 1031 752 1070 pecul.
775 1033 814 1057 15.
832 1034 852 1058 1.
874 1031 952 1058 Coss.
973 1036 999 1057 et
1018 1040 1102 1057 seors.
1126 1031 1127 1053 1

255 1077 351 1113 singuli
371 1078 564 1103 manumittunt.
585 1075 614 1103 fr.
637 1078 658 1102 1.
679 1076 700 1109 5.
722 1077 744 1101 1.
765 1074 797 1101 (18
817 1075 860 1101 off.
882 1074 960 1101 Coss.
982 1076 1002 1100 1.
1026 1076 1065 1100 10.

292 1122 495 1153 §epau-are.
525 1120 556 1153 §.
567 1120 602 1146 1.
624 1121 804 1150 Secernwe,
826 1118 990 1144 Dividere.
1011 1116 1030 1143 1.
1043 1118 1105 1151 Sy.
1128 1112 1129 1140 1

255 1164 402 1200 Separatim
413 1163 537 1189 scribere.
550 1163 606 1189 Gai.
620 1162 650 1188 11.
665 1163 722 1188 181.
733 1161 864 1187 Dii-imore
878 1160 1106 1193 (matrimonium.)

255 1206 286 1233 fr.
309 1209 347 1232 11.
368 1217 406 1243 pr.
421 1207 441 1240 5.
455 1208 479 1232 2.
495 1206 527 1232 de
541 1205 636 1232 divort.
650 1207 692 1231 24.
706 1206 729 1230 2.
768 1203 873 1230 Partiri.
888 1202 1015 1229 Dividere
1028 1203 1105 1235 (res.)

255 1248 328 1275 Paul.
349 1248 366 1275 1.
388 1251 427 1274 18.
448 1249 469 1283 5.
489 1251 513 1275 5.
534 1248 565 1275 cf.
585 1249 623 1282 55.
645 1250 667 1274 l.
687 1256 745 1283 sqq.
782 1246 824 1272 III.
848 1247 914 1273 Gn.
941 1246 970 1271 Si
990 1244 1053 1282 quid
1074 1260 1105 1264 ——
1129 1247 1130 1250 ’

256 1289 291 1319 ita
312 1291 450 1318 confusum
469 1296 510 1317 est
529 1296 606 1328 atque
627 1291 804 1317 commixtum.
826 1294 853 1315 ut
873 1289 968 1315 deduci
989 1293 1014 1314 et
1034 1297 1108 1325 sepa·
1128 1299 1129 1302 ¹

255 1336 308 1362 rari
329 1345 381 1361 non
401 1335 496 1372 possit.
522 1333 552 1360 fr.
571 1336 595 1360 3.
621 1334 641 1367 5.
662 1335 686 1360 2.
711 1332 742 1359 de
768 1331 798 1358 11.
824 1331 855 1358 V.
875 1333 899 1358 6.
922 1334 943 1358 l.
973 1330 1107 1366 Quamdiu
1128 1337 1129 1347 ¹

257 1377 399 1404 cohaerent
418 1387 473 1409 res⁷
495 1393 525 1397 —
546 1376 578 1403 ad
598 1375 775 1402 exhibendum
796 1385 871 1411 agere
890 1379 992 1411 potest.
1020 1379 1048 1400 ut
1067 1384 1107 1400 se-

256 1425 382 1459 parentur
401 1425 426 1446 et
445 1425 508 1446 tunc
527 1419 702 1446 vindicentur.
724 1419 754 1445 fr.
774 1420 815 1444 253.
836 1419 856 1452 5.
871 1420 895 1444 5.
916 1417 950 1444 ib.
965 1419 988 1443 6.
1006 1419 1027 1444 1.
1064 1417 1106 1443 An

257 1464 345 1501 possit
363 1463 524 1489 substitutus
544 1472 666 1499 separare
680 1461 857 1488 hereditates?
877 1460 908 1487 fr.
930 1463 968 1487 10.
989 1461 1010 1494 5.
1031 1462 1054 1486 ⁶2.
1075 1460 1108 1486 de
1129 1474 1130 1479 =

257 1506 327 1543 vulg.
348 1511 373 1532 et
397 1516 458 1543 pup.
480 1507 521 1531 28.
541 1506 565 1531 6.
604 1504 684 1540 Quod
709 1505 830 1531 dominus
855 1505 912 1541 ipse
936 1505 1107 1541 separaverit.

258 1559 357 1576 summa
377 1550 447 1575 servi
466 1549 593 1574 rationem
617 1547 779 1574 discernens.
806 1547 836 1573 fr.
856 1550 880 1573 4.
903 1557 942 1584 pr.
969 1547 1001 1573 de.
1021 1546 1107 1584 pecul.

261 1595 299 1619 15.
322 1594 342 1618 1.
380 1591 419 1618 Ne
439 1601 561 1628 separare
580 1590 695 1627 quidem,
710 1601 753 1617 aes
778 1590 890 1616 alienum
911 1591 994 1627 patris
1015 1595 1040 1616 et
1061 1590 1108 1616 lilii

260 1636 366 1673 poterit.
387 1635 417 1661 fr.
436 1637 480 1661 25.
502 1634 534 1660 de
554 1634 607 1660 reb.
629 1639 695 1660 auct.
716 1633 768 1660 iud.
789 1635 829 1659 42.
848 1635 870 1658 5.
910 1633 982 1659 Bene
1002 1643 1110 1659 concor·
1131 1635 1132 1645 ¹

262 1678 327 1705 dans
346 1678 539 1704 matrimonium
559 1677 675 1714 separari
696 1687 708 1702 a
725 1681 800 1713 patre
814 1675 984 1713 (probibuit.)
999 1675 1063 1702 Paul
1079 1675 1108 1702 V.

259 1723 283 1748 6.
304 1722 385 1755 §.15.
406 1721 623 1757 Emancipatioue
637 1719 748 1745 solemni
769 1729 892 1756 separare
912 1730 925 1745 a
945 1718 1042 1745 familia
1063 1729 1109 1745 sua

261 1768 315 1798 (sc.
336 1763 515 1800 adoptatum.)
541 1773 562 1789 c.
586 1764 610 1790 9.
636 1762 668 1789 de
692 1762 779 1799 adopt.
800 1765 823 1788 ὃ.
843 1763 884 1787 47.
906 1777 938 1781 —
976 1762 1006 1795 §.
1027 1762 1109 1788 LA.

262 1810 425 1839 ,iniat-ere,
451 1809 574 1833 Arc-ere.
613 1805 656 1832 111.
676 1807 742 1833 Cn.
766 1804 962 1842 Supervacuam
987 1804 1110 1831 disseren-

261 1853 322 1877 tiam
343 1867 374 1871 —
395 1860 406 1876 a
427 1855 516 1876 nostra
535 1849 626 1886 repub.
648 1853 810 1886 separantes,
830 1849 970 1874 sancimus.
992 1858 1013 1874 c.
1029 1849 1050 1873 7.
1071 1857 1109 1884 pr.

263 1893 295 1920 de
315 1899 392 1930 temp.
414 1892 431 1919 1.
446 1892 552 1919 tRuis.
572 1895 595 1918 2.
615 1894 657 1918 53.
678 1907 710 1911 —-
730 1892 760 1925 ξ.
776 1893 810 1918 2.
832 1893 995 1922 Eximere,
1015 1892 1110 1917 Exei-

260 1946 341 1971 pere.
379 1935 409 1961 ll.
427 1937 495 1969 Op.
515 1935 597 1972 Sequi
617 1934 736 1971 aliquem.
758 1950 787 1954 —
809 1933 940 1970 Separat-i.
960 1933 990 1960 fr.
1012 1935 1052 1959 19.
1072 1934 1108 1967 55

262 1983 287 2006 2.
308 1981 332 2005 4.
355 1988 412 2015 sqq.
432 1977 465 2004 de
484 1988 546 2004 auro
567 1988 618 2014 arg.
638 1979 680 2004 34.
700 1979 724 2003 2.
762 1976 804 2003 111.
825 1978 891 2004 Cn.
911 1976 969 2003 Nisi
989 1976 1053 2002 alias
1073 1986 1111 2002 se—

262 2026 377 2059 paretur,
397 2020 483 2056 legato
504 2020 581 2047 cedit.
606 2020 679 2047 Paul.
698 2020 738 2046 111.
759 2022 782 2046 6.
803 2019 825 2053 5.
845 2021 886 2045 57.
925 2019 1002 2045 Facta
1028 2019 1106 2045 dona·
1132 2024 1133 2036 ¹

263 2066 300 2091 tio
314 2069 459 2101 separatur,
479 2073 536 2089 cum
551 2065 619 2089 inter
632 2063 681 2089 hos
695 2063 836 2089 divortium
852 2062 1003 2088 intercedat.
1025 2062 1054 2088 fr.
1068 2064 1109 2088 62.

264 2107 285 2141 5.
308 2108 328 2133 l.
349 2106 381 2133 de
401 2106 461 2133 don.
481 2107 526 2132 int.
547 2106 578 2132 V.
597 2108 639 2132 24.
663 2108 683 2131 1.
705 2122 735 2125 -
773 2106 804 2139 §.
825 2107 862 2132 3.
883 2106 1108 2140 Distinguere.

266 2149 295 2176 11.
316 2151 383 2183 01).
404 2149 572 2185 Coniungere
591 2148 621 2175 fr.
641 2150 682 2174 53,
703 2150 768 2182 5.1.
789 2148 820 2174 de
840 2147 872 2174 V.
893 2148 920 2174 S.
940 2149 981 2174 50.
1007 2150 1043 2174 16.
1066 2147 1109 2174 111.

267 2194 334 2220 Cn.
353 2193 474 2229 Aequum
493 2191 525 2217 ab
545 2193 634 2228 iniquo
655 2196 821 2228 separantes.
846 2190 946 2216 licitum
967 2191 997 2216 ab
1018 2190 1110 2217 illicito

267 2235 456 2262 discernentes.
481 2234 510 2260 fr.
533 2236 553 2260 1.
575 2235 596 2268 5.
620 2237 640 2260 1.
661 2234 693 2260 de
712 2234 729 2260 1,
751 2239 774 2260 et
796 2233 839 2259 l.l.
858 2235 878 2259 1.
904 2234 979 2268 Quae
1002 2235 1111 2271 proprio

267 2279 372 2304 nomine
385 2282 546 2315 separantur.
568 2277 638 2304 Paul.
659 2277 701 2303 111.
722 2278 745 2303 6.
760 2277 781 2310 5.
796 2279 838 2302 55.
858 2276 958 2313 Opinio
979 2281 1067 2302 nostra
1088 2281 1112 2303 et

268 2322 422 2347 constitutio
443 2325 547 2357 separat
571 2320 675 2353 (lucum
695 2331 708 2346 a
728 2319 836 2352 fundo.)
858 2319 886 2345 fr.
907 2320 948 2345 60.
969 2329 1008 2356 pr.
1029 2319 1061 2345 de
1081 2319 1111 2345 V.

267 2364 294 2391 S.
315 2366 355 2390 50.
380 2366 417 2390 16.

303 2407 530 2439 separatim.
560 2406 673 2439 (Advb.)
703 2407 860 2437 Dirisim,
888 2408 1044 2432 Seorsum.
1082 2404 1137 2432 lt.‹

269 2451 336 2483 01).
357 2449 546 2475 Communiter.
571 2449 613 2475 Cf.
638 2449 662 2475 h.
687 2459 709 2475 v.
736 2449 758 2482 5.
777 2451 801 2475 3.
823 2448 1000 2475 Coniunctim.
1027 2446 1067 2473 Cf.
1089 2446 1112 2473 h.

268 2502 293 2520 v.
313 2491 406 2518 Simul.
427 2492 468 2518 Cf.
488 2492 512 2518 b.
532 2502 555 2517 v.
576 2492 627 2518 Pro
647 2491 769 2518 indiviso.
791 2502 810 2517 c.
825 2494 848 2517 2.
870 2492 931 2527 Quo
952 2491 1036 2527 quisq.
1057 2489 1112 2516 ord.

271 2537 310 2561 11.
329 2536 371 2561 35.
410 2534 452 2560 111.
473 2536 539 2562 Gn.
559 2534 621 2572 Sep.
642 2536 667 2560 in
688 2534 856 2560 inferioribus
872 2533 968 2559 tabulis
989 2533 1113 2563 scribere.
1136 2529 1138 2560 l

271 2588 367 2613 easque
387 2577 489 2604 tabulas
504 2579 611 2614 proprio
627 2577 680 2603 lino
701 2594 730 2597 —
753 2578 914 2611 consignare.
935 2576 992 2603 Gai.
1007 2576 1036 2602 11.
1058 2578 1112 2602 181.
1136 2573 1138 2613 l

272 2619 425 2647 (Ji-editores
447 2637 476 2639 —
497 2620 678 2646 desiderantes
698 2621 889 2656 separationem
915 2619 1011 2651 audiri,
1036 2620 1115 2656 impe-

272 2667 393 2698 trarequc
414 2668 440 2689 ut
459 2673 515 2700 sep.
538 2680 566 2684 -—-
588 2668 744 2700 praestetur.
766 2662 795 2688 fr.
818 2664 839 2688 1.
859 2662 924 2695 5.1.
952 2662 983 2688 de
1003 2666 1114 2699 separat.

272 2706 314 2730 42.
333 2706 356 2730 6.
394 2705 461 2731 Cum
481 2707 506 2732 in
528 2716 576 2732 una
596 2716 672 2732 causa
693 2716 749 2743 sep.
770 2704 867 2742 duplex
883 2706 1012 2731 sententia
1033 2705 1116 2731 divisa

273 2747 356 2774 datur.
379 2747 407 2773 fr.
430 2750 468 2774 17.
488 2759 527 2786 pr.
548 2748 580 2775 cf.
601 2748 631 2775 fr.
654 2751 692 2774 10.
713 2759 751 2785 pr.
772 2748 805 2775 (lc
825 2747 883 2784 adp.
904 2752 928 2773 et
949 2747 1022 2774 relat.
1036 2749 1078 2774 49.
1093 2749 1115 2773 l.

274 2789 353 2859 ¹Villis
373 2789 414 2815 vel
435 2793 501 2824 agris
521 2801 576 2828 sep.
601 2791 702 2827 legatis,
722 2791 832 2817 alterum
853 2790 927 2817 alteri
948 2790 1024 2817 cedit.
1045 2789 1116 2817 Paul.

288 2833 317 2859 11.
337 2834 358 2859 6.
380 2833 400 2866 5.
421 2834 462 2858 68.

1001 175 1085 207 SEO
1101 193 1140 198 —
1155 174 1241 206 SEP.

1179 256 1391 289 separatio.
1412 257 1444 291 §.
1457 259 1492 284 1.
1514 259 1697 290 seiunctio,
1713 258 1854 284 Divisio.
1873 257 1904 285 u.
1921 259 1989 292 Op.

1121 311 1122 333 3
1143 299 1288 326 Indivisum
1302 300 1523 336 (patrimonium.)
1540 315 1571 319 —
1586 300 1647 338 Sep.
1660 301 1912 338 (patrimoniorum.)
1924 300 1954 327 fr.
1964 302 1989 327 3.

1121 352 1122 386 ξ
1145 341 1177 369 de
1196 347 1323 368 excusatt.
1342 344 1384 368 27.
1406 344 1428 368 l.
1448 342 1491 369 ΙΠ.
1506 345 1572 371 Cn.
1592 342 1649 369 Nisi
1664 344 1698 369 ita
1712 344 1868 370 coniunctae
1886 353 1993 381 posses-

1144 386 1233 411 siones
1252 385 1314 416 siut,
1334 389 1361 411 et
1380 386 1525 422 permixtae
1545 387 1670 423 [ποίη-115,
1690 391 1719 413 ut
1738 386 1932 424 impossibilem
1952 396 1992 413 se-

1145 428 1304 465 parationem
1325 428 1468 454 effecerint.
1489 429 1518 456 fr.
1541 431 1562 455 l.
1582 430 1604 463 5
1626 431 1665 455 12.
1685 429 1718 456 de
1737 439 1822 467 separ.
1842 431 1883 456 42.
1898 430 1922 455 6.
1943 428 1992 455 Ha-

1145 471 1206 497 bere
1226 470 1354 497 bonorum
1373 481 1482 498 suorum
1501 473 1702 509 separationem.
1724 489 1754 493 --
1775 473 1905 499 Amittere
1919 482 1994 509 sepa—

1144 515 1254 541 rationis
1278 513 1451 541 commodum.
1476 514 1506 541 fr.
1527 517 1550 541 7.
1574 516 1596 549 5.
1616 517 1640 542 5.
1666 515 1698 542 de
1717 517 1810 542 minor.
1830 517 1855 541 4.
1874 517 1897 541 4.
1918 514 1948 541 fr.
1969 516 1993 541 l.

1144 558 1166 592 5.
1188 559 1228 584 10.
1248 557 1280 583 de
1299 567 1384 595 separ.
1403 559 1445 584 42.
1465 559 1489 584 6.
1527 557 1717 584 Desiderantes
1731 560 1922 595 separationem
1942 560 1992 591 (sc.

1123 602 1124 621 1
1146 600 1311 634 creditores.)
1332 600 1362 627 fr.
1383 602 1405 627 1.
1425 600 1506 634 551.
1527 602 1549 627 6.
1570 600 1604 626 ib.
1619 603 1660 627 42.
1680 602 1703 627 6.
1724 600 1828 627 Vsusfr.
1849 612 1862 627 a
1875 601 1994 638 proprie·

1147 648 1200 670 tate
1225 645 1417 680 separationem
1441 644 1543 680 recipit.
1572 644 1593 677 5.
1616 645 1637 670 l.
1662 643 1680 670 1.
1710 643 1743 670 (18
1766 643 1849 670 usust.
1872 646 1895 670 2.
1917 645 1940 669 4.
1960 658 1993 663 —

1124 688 1178 721 .§.
1199 688 1234 713 2.
1256 688 1463 714 Dissociatio
1485 688 1732 717 (matrimonii.)
1771 687 1789 713 I.
1810 688 1872 721 Sy.
1892 686 1994 713 Distra-

1124 734 1125 738 ’
1148 735 1217 756 ctum
1236 731 1438 756 matrimonium.
1459 729 1488 755 fr.
1509 730 1532 755 9.
1553 729 1574 763 5
1594 730 1618 755 3.
1639 728 1671 755 de
1690 730 1746 756 iure
1766 729 1819 756 dot.
1839 730 1880 755 23.
1900 731 1924 756 3.

1182 774 1400 806 separatus.
1421 772 1545 805 (Partic.)
1567 771 1609 798 Cf.
1629 781 1653 798 v.
1674 770 1810 809 Separare.
1847 773 1878 806 §.
1893 774 1927 799 1.
1949 773 1995 798 Se-

1147 819 1294 848 iunctus,
1316 817 1535 843 Dissociatns.
1572 814 1603 841 11.
1624 816 1692 848 Op.
1713 814 1886 842 Coniunctus.
1907 814 1948 842 Cf.
1969 813 1994 840 h.

1147 869 1171 886 v.
1191 859 1228 893 55.
1248 860 1272 885 ⁶2.
1292 861 1316 885 3.
1336 859 1452 885 Iunctus,
1474 858 1514 885 Cf.
1535 858 1559 884 h.
1580 868 1604 884 V.
1617 857 1781 884 Communis.
1795 858 1824 884 fr.
1841 860 1880 884 15.
1901 857 1933 884 de
1952 867 1996 894 pe-

1148 902 1198 928 cul.
1224 904 1264 928 15.
1291 903 1312 928 1.
1338 901 1434 938 Nupta.
1459 917 1490 921 -—
1515 900 1641 938 Separata
1665 911 1678 927 a
1701 901 1758 927 viro
1777 902 1831 934 (sc.
1852 900 1994 933 divortio.)

1147 945 1178 972 fr.
1196 946 1220 972 8.
1241 944 1272 971 de
1292 944 1380 971 Senat.
1402 946 1424 970 1.
1444 945 1468 970 9.
1489 943 1518 970 fr.
1538 946 1579 970 22.
1604 954 1643 980 pr.
1665 943 1696 970 ad
1717 942 1782 970 S.C.
1809 942 1888 970 Treb.
1908 944 1950 969 36.
1972 944 1995 969 l.

1148 1005 1180 1008 —
1200 989 1231 1022 ᾗ.
1252 989 1287 1014 2.
1309 989 1479 1019 Dicet-³212,
1500 988 1635 1021 Dispnr.
1672 986 1715 1013 111.
1731 988 1797 1014 Cn.
1816 986 1942 1024 Separata
1956 990 1997 1012 est

1153 1041 1230 1058 causa
1255 1031 1454 1068 (possessionis
1479 1034 1505 1056 et
1529 1030 1725 1066 usucapionis.)
1750 1029 1780 1056 fr.
1804 1031 1828 1056 2.
1853 1030 1875 1063 5.
1901 1031 1924 1056 l.
1947 1039 1997 1066 pro

1127 1080 1129 1107 ξ
1151 1079 1211 1100 emt.
1230 1075 1310 1100 41.-1.
1332 1073 1487 1110 Separatum
1511 1077 1552 1098 est
1576 1072 1719 1098 calumniae
1739 1073 1837 1099 crimen
1861 1083 1873 1099 a
1894 1072 1997 1099 damno.

1151 1117 1181 1143 fr.
1202 1119 1225 1142 9.
1246 1116 1279 1143 de
1303 1115 1413 1142 calumn.
1433 1117 1456 1142 3.
1477 1116 1500 1141 6.
1527 1114 1668 1152 Separatae
1688 1121 1749 1141 sunt
1769 1116 1997 1141 manumissiones.

1152 1159 1182 1186 fr.
1203 1162 1225 1186 1.
1251 1160 1316 1194 5.1.
1340 1159 1373 1185 de
1397 1158 1440 1185 off.
1466 1157 1529 1185 Cos.
1551 1160 1573 1184 1.
1596 1160 1634 1184 10.
1655 1175 1685 1179 —-
1711 1159 1742 1192 §.
1763 1160 1800 1185 3.
1827 1160 1997 1189 Exemtus,

1153 1204 1256 1229 Liber.
1293 1201 1336 1229 III.
1357 1203 1422 1229 Cn.
1442 1201 1574 1227 Immunes
1593 1210 1698 1238 semper
1716 1212 1729 1227 a
1749 1201 1886 1228 censibus.
1912 1206 1937 1227 et
1957 1210 1997 1227 se-

1152 1246 1234 1282 parati
1265 1245 1296 1271 ab
1325 1244 1475 1271 huiusmodi
1504 1244 1658 1270 muneribus
1686 1249 1864 1281 perseverent.
1890 1243 1940 1270 Th.
1965 1242 1996 1270 C.

1152 1287 1222 1315 XVI.
1242 1290 1265 1314 2.
1287 1299 1307 1314 c.
1329 1290 1368 1315 14.
1389 1288 1410 1322 5.
1431 1289 1454 1313 ⁴.
1475 1287 1507 1313 de
1526 1288 1607 1324 episc.
1628 1286 1692 1313 eccl.

1186 1331 1370 1365 sepelire.
1408 1331 1438 1364 ξ.
1453 1331 1488 1356 l.
1512 1331 1631 1357 Terrae
1644 1332 1802 1357 mandare.
1817 1327 1998 1357 Hnmare.1.

1152 1376 1214 1409 Sy.
1235 1373 1392 1411 Sepulturae
1409 1372 1520 1399 tradere.
1541 1372 1572 1400 fr.
1593 1375 1615 1399 1.
1635 1383 1674 1410 sq.
1695 1372 1727 1399 de
1746 1372 1834 1399 cadav.
1853 1372 1936 1410 punit.
1957 1372 1998 1397 48.

1151 1420 1192 1444 22.
1230 1417 1272 1443 111.
1293 1418 1359 1445 Cn.
1380 1416 1519 1443 Hominem
1538 1421 1670 1442 mortuum
1689 1417 1715 1442 in
1739 1416 1803 1442 urbe
1826 1425 1859 1442 ne
1878 1413 1999 1452 sepelim,

1153 1471 1219 1488 neve
1240 1461 1317 1487 urito.
1339 1459 1369 1486 L.
1383 1460 1433 1487 XII
1452 1459 1535 1486 Tabb.
1556 1459 1589 1486 X.
1610 1461 1632 1486 l.
1647 1461 1672 1486 9.
1692 1459 1723 1486 cf.
1739 1458 1768 1486 fr.
1783 1460 1807 1485 3.
1827 1459 1850 1493 5.
1863 1460 1887 1485 5.
1908 1457 1940 1484 de
1959 1467 1999 1484 se—

1153 1504 1206 1542 pul.
1227 1503 1288 1530 viol.
1302 1505 1396 1529 4112.
1416 1502 1551 1534 Funerari,
1571 1502 1726 1539 sepelireve.
1746 1501 1875 1539 Sepelire,
1895 1505 1921 1527 et
1933 1510 2000 1527 mor-

1130 1566 1132 1578 .
1154 1553 1225 1574 tuum
1246 1546 1350 1573 inferre.
1370 1545 1443 1572 Paul.
1468 1545 1500 1572 V.
1519 1547 1561 1572 26.
1581 1546 1603 1579 5.
1622 1546 1646 1571 3.
1667 1544 1696 1572 fr.
1716 1546 1740 1571 8.
1766 1544 1782 1571 l.
1801 1544 1818 1571 1.
1838 1546 1880 1571 47.
1902 1545 1941 1570 12.
1966 1542 1999 1570 cf.

1155 1591 1184 1617 fr.
1204 1592 1227 1617 6.
1247 1600 1287 1627 pr.
1308 1589 1340 1616 de
1358 1589 1431 1625 relig.
1454 1591 1492 1615 ll.
1514 1591 1536 1615 7.
1558 1605 1588 1608 —
1609 1588 1640 1621 ὃ.
1657 1589 1692 1615 2.
1713 1589 1839 1619 Delere,
1863 1589 1998 1614 Tollere.

1154 1633 1197 1660 111.
1219 1635 1285 1661 οη.
1305 1632 1481 1658 Fraudulenta
1500 1631 1618 1658 venditio
1632 1632 1738 1668 penitus
1752 1630 1854 1668 sepulta
1868 1629 1999 1667 depereat.

1155 1677 1204 1703 Th.
1225 1676 1256 1702 C.
1276 1675 1318 1702 111.
1342 1677 1363 1701 1.
1383 1685 1404 1701 c.
1423 1677 1448 1701 2.
1469 1675 1490 1709 5.
1510 1678 1534 1701 2.
1555 1674 1588 1700 de
1607 1679 1690 1700 contr.
1710 1678 1769 1700 emt.

1189 1720 1393 1752 seponere.
1413 1718 1443 1751 §-
1458 1719 1492 1744 1.
1514 1720 1662 1744 Seorsum
1680 1727 1809 1751 ponere,
1830 1718 1999 1750 Reponere.

1155 1762 1172 1789 l.
1191 1764 1254 1797 Sy.
1279 1761 1430 1788 Semovere.
1455 1760 1497 1787 Cf.
1517 1760 1541 1786 h.
1562 1770 1586 1786 v.
1611 1761 1632 1794 5.
1655 1762 1676 1786 1.
1701 1759 1849 1796 Reponere.
1869 1759 1910 1785 Cf.
1932 1758 1955 1785 b.
1975 1768 1999 1785 v.

1132 1797 1176 1840 ¹5.
1199 1808 1223 1832 2.
1249 1821 1281 1824 —
1319 1805 1349 1838 ξ.
1373 1806 1408 1831 2.
1434 1806 1610 1838 Excipere,
1635 1804 1826 1829 Excludere.
1863 1801 1906 1828 111.
1932 1803 1999 1829 οη.

1156 1847 1306 1885 Quidquid,
1331 1848 1450 1885 seposito
1469 1846 1614 1884 quadrante
1632 1845 1775 1876 bonorum,
1796 1846 1851 1871 eius
1871 1844 1999 1881 quadran-

1155 1893 1189 1917 tis
1209 1890 1338 1917 fructibus
1355 1895 1508 1928 perceptum
1522 1894 1569 1916 est.
1585 1888 1614 1915 fr.
1628 1891 1670 1915 27.
1685 1889 1707 1922 5
1729 1890 1768 1914 16.
1789 1887 1820 1914 ad
1839 1887 1906 1915 S.C.
1921 1887 1998 1914 Treb.

1155 1936 1197 1960 36.
1219 1936 1240 1960 l.
1276 1934 1311 1960 Et
1330 1939 1371 1960 est
1389 1933 1440 1959 hoc
1458 1933 1640 1964 verissimum,
1664 1932 1784 1969 seposito
1809 1941 1838 1957 eo
1859 1930 1931 1967 quod
1950 1935 1998 1957 etc.

1156 1978 1185 2004 fr.
1207 1979 1246 2003 15.
1271 1977 1292 2011 5.
1312 1979 1354 2004 33.
1379 1975 1412 2003 de
1431 1975 1516 2002 damn.
1535 1975 1580 2001 inf.
1600 1976 1642 2002 39.
1661 1976 1685 2001 2.
1711 1974 1742 2001 cf.
1764 1974 1794 2001 fr.
1814 1975 1855 2000 84.
1881 1974 1902 2007 5.
1924 1975 1946 2000 l.
1966 1972 1999 1999 de

1156 2020 1244 2047 liet-cd.
1265 2021 1326 2047 inst.
1345 2020 1386 2045 28.
1406 2021 1430 2045 5.

1191 2062 1390 2096 sepositio.
1429 2063 1611 2096 Separatio.
1649 2060 1666 2087 Ι.
1687 2062 1749 2095 Sy.
1773 2059 1927 2096 Priusquam
1947 2057 2000 2085 fue-

1155 2108 1189 2134 rit
1208 2110 1327 2143 separata
1346 2106 1400 2139 (sc.
1420 2105 1546 2137 decima.)
1570 2104 1640 2130 Ante
1659 2104 1856 2141 sepositionem.
1883 2101 1912 2128 fr.
1932 2103 1956 2127 2.
1976 2101 1997 2135 5.

1154 2152 1178 2176 2.
1199 2149 1230 2176 de
1249 2148 1360 2186 pollicit.
1381 2149 1422 2173 50.
1444 2149 1483 2173 12.

1191 2193 1318 2225 Septa.
1340 2190 1393 2223 (Cf.
1409 2200 1431 2216 v.
1447 2190 1579 2227 Septum.)
1591 2191 1694 2216 Locus
1707 2191 1737 2215 in
1751 2193 1894 2214 extrema
1909 2189 1999 2223 Afri-

1157 2246 1210 2262 eae
1231 2245 1303 2265 ora,
1324 2235 1525 2267 Hispaniam
1546 2242 1662 2259 versus.
1699 2231 1740 2257 111.
1754 2231 1819 2257 Gn.
1839 2229 1866 2256 In
1881 2231 2000 2262 traiectu,

1158 2280 1203 2315 qui
1223 2282 1263 2304 est
1282 2281 1372 2302 contra
1392 2275 1553 2312 Hispaniam,
1573 2276 1617 2312 qui
1631 2274 1711 2311 Septa
1730 2272 1833 2299 dicitur.
1855 2283 1875 2299 c.
1895 2274 1918 2299 2.
1939 2273 1960 2307 5.
1974 2275 1999 2299 2.

1135 2317 1136 2324 ¹
1159 2322 1190 2348 de
1210 2321 1254 2347 off.
1274 2319 1326 2345 Prt‘.
1348 2318 1388 2345 Pr.
1410 2318 1465 2345 At'r.
1487 2321 1508 2344 1.
1528 2319 1570 2344 27.

1193 2364 1356 2396 Septem.
1382 2361 1497 2395 (Nomen
1521 2358 1653 2387 numerale.
1678 2357 1830 2391 cardinale.)
1866 2357 1910 2384 III.
1933 2358 2000 2385 011.

1158 2406 1187 2433 1η
1207 2406 1255 2432 Vll
1273 2410 1361 2443 partes
1382 2415 1427 2431 eos
1448 2406 1496 2437 (sc.
1510 2402 1697 2429 Pandectarnm
1713 2401 1808 2433 libros)
1828 2400 2000 2437 digessimus3

1159 2459 1211 2475 nnn
1230 2458 1367 2486 perperam
1387 2457 1471 2484 neque
1494 2447 1551 2472 sine
1575 2446 1688 2473 ratione.
1713 2444 1760 2470 sed
1783 2445 1809 2470 in
1834 2453 2001 2470 numerorum

1160 2497 1276 2518 naturam
1296 2496 1322 2517 et
1341 2495 1421 2517 artem
1446 2489 1625 2525 respicientes.
1647 2497 1667 2513 c.
1686 2489 1709 2512 2.
1730 2487 1752 2520 5.
1774 2488 1795 2513 l.
1816 2486 1848 2513 de
1873 2491 1923 2512 vet.
1944 2487 2001 2513 iure

1160 2534 1243 2560 rnucl.
1266 2537 1287 2560 l.
1309 2536 1348 2560 17.
1385 2532 1444 2559 Non
1463 2532 1548 2557 minus
1568 2540 1643 2567 qnam
1665 2529 1710 2556 1'11
1729 2530 1835 2556 testium
1855 2530 1949 2555 civium
1967 2529 2000 2555 R.

1160 2579 1241 2610 siguis
1262 2578 1403 2613 (signatum
1423 2575 1628 2605 testamentum.)
1648 2572 1709 2610 t‘lp.
1723 2571 1843 2599 XXVIII.
1857 2573 1880 2598 6.
1896 2572 1927 2598 cf.
1942 2572 1999 2598 Gai.

1136 2615 1138 2643 ‘i
1160 2620 1190 2646 11.
1213 2621 1268 2646 119.
1291 2621 1348 2645 147.
1368 2618 1503 2644 Annorum
1524 2616 1570 2642 111
1591 2626 1684 2653 operas
1704 2615 1773 2642 dare.
1793 2614 1840 2641 Vll
1854 2616 1929 2641 annis
1948 2625 2001 2641 ser-

1161 2663 1223 2688 vire.
1245 2662 1275 2689 fr.
1296 2663 1335 2687 14.
1355 2660 1421 2693 5.1.
1441 2659 1472 2685 (18
1492 2659 1607 2685 statulib.
1628 2660 1668 2684 40.
1690 2660 1712 2684 7.

1196 2705 1428 2738 September.
1458 2702 1595 2735 (Adit-ct.)
1626 2703 1673 2728 Ad
1691 2710 1820 2727 mensem
1840 2701 1920 2727 anni
1937 2709 1999 2733 spe-

1161 2754 1264 2778 ctans,
1289 2746 1350 2782 (qui
1376 2750 1415 2771 est
1439 2746 1567 2782 septimus
1590 2755 1604 2770 a
1624 2744 1742 2776 Martio.)
1778 2743 1822 2769 Ill.
1842 2744 1907 2770 Gn.
1930 2741 2000 2768 Intra

1161 2789 1222 2816 Idus
1243 2788 1425 2826 Septembres.
1451 2798 1516 2824 quae
1540 2793 1601 2814 tunc
1625 2787 1760 2824 proximae
1784 2785 1885 2812 futurae
1904 2788 2000 2811 essent.

1163 2832 1193 2859 fr.
1215 2834 1271 2858 122.
1291 2832 1356 2865 5.1.
1376 2831 1408 2857 de
1428 2830 1458 2857 V.
1479 2830 1511 2857 Ο.
1531 2832 1572 2856 45.
1595 2831 1616 2856 1.
1636 2829 1705 2856 lutra
1724 2828 1772 2856 Cal
1792 2828 1864 2865 Sept.
1900 2826 1939 2853 Ex
1959 2826 2001 2853 die
