2197 3121
263 167 324 197 130

259 247 347 274 hered.
368 252 420 284 pet.
445 249 470 273 5.
489 248 513 273 3.
551 247 664 274 Senatus
689 247 722 272 ita
749 245 864 277 censuit,
890 255 922 271 ex
946 244 1101 271 auctoritate

259 290 306 324 (D.
328 290 451 317 lladriani
471 290 547 323 etu).
583 289 640 316 Gai.
661 288 678 314 I.
700 289 740 314 47.
763 289 819 314 177.
842 289 898 313 182.
923 287 953 313 11.
973 288 1032 313 254.
1057 285 1100 312 III.

259 336 301 360 63.
332 333 392 370 ΠΙ).
413 333 458 359 XI.
478 336 519 359 20,
539 334 581 359 23.
600 330 686 358 XXV.
708 332 747 357 17.
767 346 799 350 —
820 330 851 363 δ.
871 331 908 357 3.
933 331 1102 360 Tractare,

260 378 421 404 tudicare.
460 375 501 402 III.
522 377 587 403 sn.
616 374 673 405 lus,
698 375 772 400 cuius
796 374 891 410 peritia
911 373 1013 399 censeri
1032 371 1104 398 vide-
1124 379 1125 397 ῐ

260 429 317 446 mus
337 418 492 451 (animalia).
515 419 543 444 I'r.
561 420 582 443 I.
603 417 625 450 ᾗ.
639 418 663 442 3.
684 416 717 443 de
736 415 754 442 l.
776 421 801 443 et
821 416 839 442 I.
861 418 883 442 l.
905 417 927 442 l.
965 415 1104 441 Manumis-
1124 410 1125 413 ¹

260 463 328 488 soris
348 463 404 488 iure
425 461 526 486 censeri
547 459 703 494 (libertos).
732 459 762 485 l'r.
782 463 806 485 ὅ.
833 458 865 486 de
891 458 991 493 ailsign.
1015 457 1102 484 libert.

259 506 301 530 38.
320 506 344 530 4.
381 503 480 539 Legum
494 503 650 528 auctoritate
665 513 716 528 uon
736 503 838 528 censeri
859 502 1034 538 (priuatorum
1047 510 1104 527 cau-

261 547 379 579 tionem).
401 546 431 572 t'r.
449 547 486 571 lli.
508 544 540 571 dc
560 546 616 571 suis
636 550 661 571 et
682 545 751 581 legit.
770 548 812 571 35.
830 547 868 570 16.
894 555 915 570 c.
930 547 954 570 δ.
975 543 1007 570 de
1021 548 1104 570 traus-

260 594 309 615 act.
328 591 352 615 2.
367 592 390 615 4.
429 587 585 614 Huiusmodi
600 589 740 614 conventio
755 598 806 614 non
826 586 889 613 nudi
909 587 979 623 pacti
998 587 1104 612 nomine

260 636 406 663 censeatur,
426 630 473 657 sed
487 631 565 657 rebus
579 632 696 668 propriis
711 631 795 657 dietae
810 630 874 665 legis
889 630 1036 656 substantia
1050 640 1103 656 mu-
1125 663 1126 669 1

260 676 352 701 niatur.
367 684 388 700 c.
399 678 422 700 ὅ.
438 673 471 700 de
485 684 534 700 rer.
548 679 659 710 permut.
675 675 698 699 4.
713 675 754 699 64.
771 689 803 693 —
824 675 853 706 ς’.
871 675 910 699 4.
931 675 1102 704 Exercet-e,
1125 676 1126 679 ’

261 719 448 749 Celebrrne,
467 727 601 743 censam.
627 716 644 742 Ι.
657 720 718 750 Sy.
736 716 853 742 Censum
868 726 951 752 agere.
966 726 986 741 s.
999 717 1103 751 agitare.

259 759 324 786 Tab.
340 758 441 786 Ilcracl.
456 759 501 786 lin.
514 761 553 786 70.
566 769 624 795 sqq.
640 769 690 785 aer.
704 758 786 796 Neap.
807 759 856 786 Th.
869 759 900 785 C.
913 758 982 785 XIII.
995 760 1035 784 10.
1047 768 1067 784 c.
1079 761 1103 784 5.

260 802 292 829 de
312 812 382 828 cens.
403 812 423 829 s.
444 802 570 839 adseript.
600 803 653 837 Qui
668 802 742 828 libris
757 801 925 828 censualibus
945 801 1103 828 detinentur.

259 846 336 880 Quos
351 855 446 872 censos
460 855 519 871 esse
533 845 672 871 constabit.
698 844 734 871 Ib.
754 844 800 871 XI.
822 847 843 871 1.
859 855 880 871 c.
893 846 932 871 14.
954 844 986 870 de.
1006 854 1064 870 anu.
1079 849 1104 870 et
1125 872 1126 876 Ἰ

260 888 318 914 trib.
339 888 381 914 III.
397 890 462 916 Cn.
476 887 578 919 Mulier.
594 898 659 924 quae
674 888 705 914 ab
720 898 759 919 eo.
774 888 819 924 qui
830 892 933 913 centum
943 886 1024 913 millia
1036 888 1103 913 aeris

259 941 354 957 census
369 936 417 958 est.
432 942 478 968 per
490 931 571 966 Iegem
582 930 727 957 Voconiam
738 930 814 957 heres
826 931 929 956 institui
940 940 992 956 uon
1005 934 1102 967 potest.
1126 956 1127 959 ,

259 974 317 1000 Gai.
330 974 359 1000 II.
370 976 429 1000 274.
457 974 577 1000 Aetatem
588 975 614 1000 in
625 973 758 1000 censendo
769 974 918 1009 significare
932 983 1041 1000 necesse
1055 978 1102 999 cst.

259 1017 339 1043 Aetas
359 1022 443 1043 autem
463 1022 598 1054 spectatur
617 1016 741 1043 censendi
761 1021 888 1053 tempore.
914 1015 944 1042 fr.
964 1018 988 1042 3.
1008 1026 1048 1053 pr.
1069 1015 1103 1042 dc

260 1060 358 1086 censib.
379 1062 420 1086 50.
437 1062 476 1086 15.
515 1059 570 1086 Nee
589 1070 618 1086 ea
638 1060 743 1096 quidem
763 1075 795 1078 ——
815 1059 858 1085 vel
871 1059 958 1086 vendi.
979 1058 1022 1085 vel
1039 1060 1102 1096 peti7
1124 1068 1126 1089 ς

259 1102 301 1129 vel
320 1103 395 1139 quasi
415 1102 510 1129 fertilia
523 1104 664 1139 separatim
678 1103 788 1134 censeri.
810 1102 852 1128 vel
866 1102 1015 1128 functiones
1035 1102 1103 1138 exigi

260 1145 436 1171 concedimus.
457 1156 478 1171 c.
497 1147 522 1172 3.
543 1145 575 1171 de
594 1144 718 1171 alluviou.
740 1147 762 1172 7.
782 1147 824 1172 4l.
861 1145 903 1171 Ad
923 1145 1046 1181 antIquos
1061 1155 1104 1181 pe-

259 1193 341 1220 nates.
362 1188 406 1214 ubi
420 1189 522 1221 censiti7
542 1193 620 1225 atque
635 1188 746 1220 educati,
766 1190 873 1225 natique
886 1193 956 1219 sunt.
971 1204 1003 1207 —
1016 1187 1103 1214 redire

259 1231 427 1268 compellant.
448 1241 469 1257 c.
490 1233 514 1257 6.
535 1231 566 1257 de
587 1231 692 1267 agric-ol.
714 1233 753 1257 ll.
773 1233 814 1257 47.

295 1275 442 1301 censio·
480 1275 511 1308 §.
537 1275 570 1300 1.
611 1276 738 1301 Census.
780 1274 823 1301 III.
849 1276 915 1302 Cn.
948 1274 1042 1311 Neque
1060 1275 1102 1300 sui

259 1317 353 1354 capitis
377 1318 515 1348 censione,
542 1327 626 1353 neque
651 1327 762 1343 uxorum
786 1322 830 1343 aut
856 1319 934 1344 etiam
958 1317 1102 1344 liberorum

258 1360 376 1391 nomine,
402 1360 508 1386 tributis
529 1371 587 1387 esse
606 1361 754 1386 munificos.
785 1360 834 1387 Th.
857 1361 887 1387 C.
907 1361 976 1387 XIII.
996 1363 1020 1387 4.
1042 1371 1063 1387 c.
1077 1362 1101 1387 4.

259 1402 294 1429 de
313 1413 402 1429 excus.
417 1403 484 1429 artis.
504 1420 536 1423 -—
555 1404 586 1437 ξ.
602 1405 637 1430 2.
662 1405 926 1436 Animadversio,
947 1405 1102 1430 Censura.

259 1445 301 1472 [II.
323 1447 388 1473 Cn.
421 1446 583 1473 Ductoribus
613 1448 685 1483 gravi
704 1448 829 1473 censione
848 1447 964 1473 multatis
985 1451 1033 1473 etc.
1064 1446 1101 1473 lb.
1123 1452 1125 1468 ἱ

258 1488 329 1515 XXI.
349 1491 372 1515 5.
394 1500 415 1515 c.
434 1491 458 1516 3.
479 1489 511 1516 de
531 1489 628 1516 haeret.

295 1532 479 1559 Censitor.
511 1535 715 1560 Aestimator
731 1535 961 1568 praediorum,
980 1534 1103 1559 tributi
1123 1550 1125 1563 ,ν

258 1576 461 1602 describendi
481 1578 608 1611 gratia.
644 1576 686 1603 III.
707 1578 772 1604 Gn.
801 1575 919 1602 Flumina
940 1577 1102 1602 censitorum

226 1613 227 1616 ¹
258 1618 316 1643 vice
335 1617 485 1653 funguntur,
507 1623 534 1644 ut
548 1629 579 1645 ex
598 1620 702 1656 privato
716 1620 741 1645 in
755 1618 891 1656 publicum
909 1618 1033 1644 addicant
1051 1623 1100 1645 etc.

260 1660 290 1687 [ι’.
308 1663 350 1687 30.
371 1661 392 1695 ξ.
411 1662 436 1687 3.
457 1660 489 1687 de
508 1661 540 1687 A.
561 1661 592 1688 R.
613 1662 646 1688 D.
667 1664 707 1688 41.
731 1664 752 1688 1.
789 1661 863 1688 Illam
882 1662 1039 1697 aequitatem
1059 1661 1102 1688 de-

260 1703 304 1730 bet
322 1703 460 1730 admittere
480 1706 603 1737 censitor,
623 1710 652 1731 ut
671 1706 761 1731 ot'licio
781 1706 837 1731 cius
851 1710 977 1741 congruat
990 1704 1102 1731 relevari

259 1757 326 1778 eum,
346 1748 390 1783 qui
410 1748 435 1773 iu
455 1747 570 1784 publicis
591 1748 687 1774 tabulis
707 1747 794 1773 delato
813 1747 891 1773 modo
910 1748 961 1774 frui
975 1749 1055 1774 certis
1069 1758 1101 1775 cx

260 1791 346 1816 causis
366 1800 417 1816 non
438 1791 532 1827 possit.
562 1790 592 1816 fr.
613 1792 637 1817 4.
662 1791 683 1824 ξ.
705 1793 728 1817 1.
752 1791 785 1817 de
808 1791 906 1817 censib.
931 1793 972 1817 50.
994 1793 1034 1817 15.
1072 1791 1101 1817 Si

260 1834 330 1859 curia
350 1833 401 1859 sibi
426 1835 597 1865 censum—em,
622 1833 664 1860 vel
687 1839 904 1871 peraequatorem
923 1833 1037 1860 volucrit
1055 1844 1101 1871 po-

260 1875 365 1902 stulare.
403 1876 452 1902 Th.
468 1877 498 1903 C.
522 1876 562 1903 t‘l.
582 1878 606 1903 3.
627 1888 648 1903 c.
663 1880 687 1903 2.
708 1887 747 1913 sq.
767 1877 800 1903 de
818 1877 907 1914 praed.
927 1877 1047 1903 Senator.
1068 1877 1099 1904 cf.

259 1918 328 1945 XIII.
350 1921 390 1944 10.
411 1929 431 1945 e.
451 1923 474 1945 ὅ.
495 1920 516 1953 ξ.
538 1921 560 1945 1.
581 1919 613 1946 de
633 1930 712 1946 censu
732 1930 752 1946 S.
773 1920 857 1946 adser.

295 1962 480 1989 sensitus.
511 1961 641 1996 (Partic.)
685 1965 802 1990 Glcbae
825 1965 992 1995 addin-tas,
1024 1965 1100 1990 Ceu-

260 2006 348 2031 sibus
379 2007 578 2040 adscriptus.
625 2005 643 2032 l.
668 2007 729 2040 Sy.
766 2005 975 2042 Adscripticius,
1005 2006 1101 2043 Capite

261 2049 385 2074 censitus.
413 2048 505 2074 Iuliani
526 2050 587 2086 cpit.
606 2059 666 2075 nov.
688 2059 708 2075 c.
728 2051 770 2075 21.
790 2049 812 2082 ξ.
827 2050 867 2075 79.
905 2049 1039 2075 censibus
1058 2049 1101 2076 ad-

260 2091 375 2127 scriptus
396 2091 541 2125 (colonus).
561 2103 582 2119 c.
597 2094 620 2118 6.
641 2092 673 2118 dn·
693 2091 798 2127 ειμι-1601.
819 2094 858 2118 11.
879 2093 920 2118 47.
940 2102 961 2118 c.
974 2094 999 2118 2.
1019 2093 1099 2129 inqu.

261 2143 282 2159 c.
309 2133 404 2160 coloni.
432 2136 471 2161 Il.
492 2137 532 2161 48.
574 2135 616 2161 111.
640 2137 705 2162 (711.
739 2135 967 2171 Quemadmodum
991 2136 1100 2171 origina-

260 2177 314 2202 rios
334 2177 433 2213 absque
452 2183 528 2211 terra.
550 2180 584 2205 ita
603 2179 717 2205 rusticos
732 2179 901 2215 censitosque
915 2188 1007 2205 servos
1021 2178 1100 2204 vendi

260 2219 423 2246 omnifariam
442 2230 494 2246 non
515 2221 612 2247 licebit.
634 2232 655 2247 e.
671 2223 693 2247 7.
714 2221 746 2247 (lc
765 2223 841 2257 agric.
866 2224 904 2248 ll.
923 2223 965 2247 47.
1003 2221 1100 2248 Coloni

261 2262 414 2299 originales.
441 2273 507 2299 quos
531 2265 556 2290 in
582 2264 647 2290 locis
667 2264 766 2291 eisdem
785 2266 901 2291 censitos
921 2274 980 2291 esse
998 2269 1101 2291 consta·

261 2306 306 2332 bit.
327 2317 348 2332 e.
368 2307 391 2332 4.
412 2306 443 2332 cs.
465 2316 486 2332 c.
505 2308 529 2333 (i.
551 2307 584 2333 ib.
606 2309 646 2333 ll.
666 2309 707 2334 47.

296 2350 450 2376 Censor.
488 2350 518 2383 §.
541 2351 574 2376 1.
613 2352 858 2385 Magistratus,
890 2352 946 2384 qni
973 2360 1099 2377 censum

259 2394 374 2426 populi
392 2394 516 2427 agebat.
546 2392 587 2418 III.
605 2394 670 2420 (Ἦ.
699 2393 780 2425 Tum,
800 2403 857 2418 cum
877 2403 979 2425 censor⁷
999 2393 1099 2419 aliusve

261 2436 320 2471 quis
344 2436 522 2469 magistratus,
552 2435 649 2461 Romae
675 2436 766 2472 pupuli
796 2446 902 2462 censum
930 2441 994 2471 aget.
1033 2436 1098 2462 Tab.

261 2477 362 2504 Ilei-ael.
382 2477 427 2504 lin.
446 2480 487 2505 69.
508 2488 547 2514 sq.
568 2479 608 2504 73.
634 2489 684 2504 aer.
705 2478 785 2515 Scap.
823 2479 878 2512 (Λ)
900 2479 979 2505 Ceus.
1001 2478 1099 2506 redem-

262 2525 315 2546 tum
336 2521 443 2553 habent,
471 2520 603 2547 Censores
630 2522 795 2557 queieunque
814 2522 925 2558 posthac
944 2522 1004 2548 sacti
1024 2527 1100 2548 eruut

262 2568 310 2589 etc.
340 2563 380 2589 Fr.
400 2564 465 2598 legis
485 2563 606 2590 Thoriae.
650 2564 717 2589 Cum
737 2575 831 2590 census
852 2566 900 2591 iam
920 2566 1017 2591 maiore
1037 2570 1100 2591 tem-

262 2616 326 2642 pore
346 2607 460 2641 agendus
480 2612 564 2633 esset.
589 2622 622 2626 —-
648 2606 780 2633 Censores
806 2609 949 2634 constituti.
982 2608 1011 2634 Ir.
1031 2611 1055 2634 2.
1076 2609 1097 2642 ξ.

265 2651 302 2675 17.
323 2648 355 2674 ‹le
375 2650 407 2674 0.
428 2649 444 2675 I.
469 2652 488 2675 1.
508 2653 532 2676 2.
554 2650 583 2676 fr.
605 2651 662 2676 lll.
682 2650 714 2676 ‹Ie
735 2649 764 2676 Υ.
785 2650 812 2676 S.
832 2652 872 2676 5⁰.
896 2653 933 2677 1⁴5.
955 2667 984 2670 —
1012 2652 1042 2684 ξ.
1062 2653 1097 2678 2·

263 2693 420 2718 Ccuxitor.
463 2692 480 2718 I.
501 2695 558 2727 ..fl-11.
588 2692 720 2719 Censitor.
754 2692 803 2719 Th.
823 2693 853 2719 (ἶ
873 2693 942 2720 XIII.
968 2696 1007 2720 10.
1033 2704 1053 2720 c.
1073 2697 1097 2720 ὅ.
1119 2682 1121 2698 ⁴

262 2745 300 2772 pr.
321 2735 341 2768 ᾖ.
359 2736 379 2760 l.
400 2734 432 2759 de
451 2745 531 2762 ceusu
550 2746 570 2762 s.
586 2735 670 2763 adscr.
708 2736 750 2762 III.
765 2738 830 2764 Cn·
855 2736 988 2762 Censores
1003 2742 1027 2762 et
1040 2747 1098 2774 per·
1119 2746 1120 2749 ¹

261 2782 423 2813 aequatores.
452 2777 488 2803 lb.
509 2778 524 2804 l.
544 2779 559 2805 I.
579 2790 600 2805 c.
620 2782 643 2805 8.
664 2789 703 2816 pr.

297 2820 510 2847 Censorius.
539 2821 676 2855 (Adit—et.)
715 2824 762 2849 Aa
779 2823 974 2849 locationem
999 2824 1096 2849 recti-

1125 974 1126 978 ’
1149 972 1268 998 sualibus
1286 974 1389 1009 paginis
1413 972 1540 999 adnotari.

1078 161 1176 192 CEN.

1143 245 1275 279 galiam
1292 245 1511 277 publicorum,
1536 254 1552 271 α
1573 245 1710 271 Censore
1731 250 1988 279 procurandam,

1146 293 1305 321 spectans.
1348 285 1366 311 I.
1390 286 1452 320 Sy.
1485 285 1641 323 Vectigalis.
1669 286 1799 314 censoria
1824 289 1910 323 (Iex).
1948 290 1990 316 Fr.

1147 329 1179 355 de
1200 328 1217 355 I.
1238 328 1265 355 F.
1286 329 1307 362 ξ.
1330 330 1370 354 18.
1399 328 1456 355 Gai.
1476 328 1520 356 IV.
1540 332 1582 356 25.
1602 330 1632 356 sr.
1648 331 1685 356 15.
1706 330 1738 356 de
1757 330 1888 367 publican.
1907 334 1949 359 39.
1964 335 1988 359 4.

1148 371 1178 398 sr.
1190 374 1213 397 2.
1229 372 1250 405 ξ.
1264 374 1306 398 20.
1326 372 1351 397 vi
1367 371 1426 397 bon.
1441 376 1506 408 rapt.
1521 375 1563 399 47.
1577 374 1601 399 8.
1617 372 1646 398 fr.
1660 374 1719 399 203.
1740 373 1772 399 de
1787 373 1817 400 V.
1832 374 1859 400 S.
1873 377 1919 402 50.
1933 377 1973 402 16.

1185 414 1394 441 censuali&
1420 414 1537 448 (Subst.)
1571 417 1771 442 Tabularum
1790 420 1991 445 eeaxaaliam

1147 464 1307 491 carc-epten
1345 457 1388 483 lll.
1405 458 1470 484 (111.
1497 457 1668 484 Tributorum
1689 464 1803 491 exactor,
1824 459 1866 486 vel
1887 470 1992 486 censua-

1147 500 1194 526 lis.
1215 499 1257 526 vel
1278 499 1445 537 logograpbi,
1470 500 1512 527 vel
1537 500 1580 527 alii
1604 503 1648 538 qui
1672 501 1786 538 publicis
1810 502 1992 530 functionibus

1125 577 1126 582 1
1148 543 1292 568 ministeria
1312 543 1447 579 praebent.
1476 543 1569 570 Iuliani
1588 545 1650 581 cpit.
1671 555 1692 570 e.
1715 547 1771 571 124.
1792 545 1814 579 ξ.
1828 547 1886 571 553.
1924 545 1993 572 Sub-

1148 585 1334 618 scribendarii,
1355 586 1488 618 tabularii.
1509 586 1642 614 diurnarii.
1663 587 1825 624 logographi.
1845 587 1990 625 censuales.

1149 628 1198 654 Th.
1214 628 1245 655 C.
1266 628 1334 655 VIII.
1353 630 1377 655 4.
1403 640 1423 655 c.
1444 632 1467 656 8.
1488 630 1509 663 ξ
1531 631 1553 656 1.
1579 629 1611 656 de
1631 630 1757 656 cohortal.
1784 630 1855 657 XIV.
1877 634 1898 658 1.
1924 642 1945 658 c.
1968 633 1990 658 1.

1149 671 1181 698 de
1200 671 1288 698 decur.
1309 672 1365 698 urb.
1384 672 1460 699 Rom.
1498 672 1658 705 censuales,
1683 673 1779 710 quibus
1804 683 1916 700 onerosa
1939 674 1991 711 gle-

1149 714 1197 741 bae.
1216 714 1370 742 adfirmatur
1389 717 1500 742 exactio.
1533 715 1571 742 Ib.
1598 715 1642 742 YI.
1667 718 1691 742 2.
1717 727 1737 743 c.
1758 718 1781 742 6.
1810 716 1842 743 es.
1867 727 1888 743 c.
1907 719 1932 743 ὃ.
1959 716 1991 743 de

1148 758 1268 784 Senator.
1287 758 1321 784 X.
1341 760 1383 784 25.
1403 769 1424 785 c.
1446 761 1469 785 1.
1495 758 1527 785 de
1546 758 1633 796 privil.
1653 758 1721 785 dom.
1741 760 1807 795 Aug.

1185 801 1394 828 Censualis.
1424 801 1553 835 (Adiect.)
1591 802 1622 834 ξ.
1644 802 1678 828 1.
1707 804 1755 828 Aa
1775 812 1902 829 censum
1921 812 1991 837 per-

1148 845 1262 870 tinens.
1295 843 1338 869 III.
1359 845 1425 871 Cn.
1454 844 1547 870 Forma
1567 844 1684 871 censuali
1703 850 1817 878 cavetur,
1837 850 1863 871 ut
1885 846 1939 881 agri
1952 846 1991 872 sic

1149 887 1175 912 iu
1195 896 1302 913 censum
1322 886 1468 927 reserantur
1488 892 1536 913 etc.
1561 886 1592 913 fr.
1612 890 1636 913 4.
1657 897 1696 924 pr.
1717 887 1749 913 de
1769 888 1866 914 censib.
1886 890 1928 914 50.
1950 890 1990 914 15.

1149 928 1163 955 1
1174 929 1270 955 incnlis
1290 928 1458 956 censualibus
1479 931 1569 956 teneri.
1589 930 1620 956 fr.
1635 931 1658 955 4.
1673 930 1694 964 ξ.
1706 931 1730 956 δ.
1750 930 1785 957 ib.
1798 933 1840 958 50.
1856 933 1894 958 15.
1923 931 1992 958 Cen-

1582 972 1798 999 Prol'essiouibus
1822 974 1991 1001 censualibus

1148 1016 1238 1041 inseri.
1268 1015 1318 1042 Th.
1345 1015 1376 1042 C.
1397 1015 1440 1042 Vl.
1459 1017 1501 1042 35.
1522 1026 1543 1042 c.
1562 1017 1587 1042 3.
1607 1016 1628 1049 ς’.
1651 1017 1673 1042 1.
1694 1015 1727 1041 de
1746 1017 1813 1053 priv.
1835 1026 1887 1043 eor.
1908 1027 1950 1054 qu.
1963 1018 1991 1044 in

1149 1058 1176 1084 S.
1196 1057 1275 1095 palat.
1294 1058 1341 1085 XI.
1359 1060 1384 1085 3.
1405 1069 1425 1085 c.
1440 1060 1464 1085 5.
1484 1059 1542 1084 sine
1561 1068 1641 1085 censu
1661 1063 1685 1084 et
1699 1058 1797 1095 reliqu.'
1829 1059 1935 1095 Quibus
1948 1059 1991 1086 vel

1148 1100 1324 1127 discussionis
1349 1101 1456 1137 indago,
1481 1101 1523 1128 vel
1550 1102 1682 1138 negotium
1702 1101 1825 1128 censuale
1844 1102 1991 1129 mandatur.

1147 1143 1184 1170 lb.
1204 1142 1273 1169 XIII.
1295 1145 1335 1170 15.
1356 1154 1377 1170 c.
1397 1146 1421 1170 5.
1441 1144 1462 1177 ξ.
1484 1146 1506 1170 l.
1527 1144 1560 1171 de.
1578 1146 1610 1171 iis
1631 1154 1673 1180 qu.
1695 1144 1840 1172 administr.
1878 1146 1932 1181 Qui
1950 1156 1991 1173 ac—

1148 1186 1300 1223 ceptandis,
1331 1187 1388 1213 sive
1415 1187 1594 1224 suscipiendis
1622 1187 1789 1214 censualibus
1820 1188 1991 1224 professioni-

1147 1229 1197 1256 bus
1217 1229 1391 1256 destinantur.
1421 1229 1451 1256 sr.
1473 1231 1513 1256 123.
1534 1231 1555 1264 ξ.
1578 1232 1616 1257 16.
1637 1230 1669 1257 de
1687 1240 1757 1257 mun.
1778 1235 1803 1257 et
1822 1230 1883 1257 hon.
1903 1233 1944 1257 50.
1964 1233 1990 1258 4.

1147 1272 1310 1299 functiones
1330 1272 1477 1299 censuales.
1507 1273 1556 1299 Th.
1571 1273 1602 1300 C.
1615 1273 1661 1300 XI.
1680 1275 1722 1299 28.
1743 1283 1764 1300 c.
1780 1275 1820 1300 12.
1840 1273 1872 1299 de
1890 1273 1989 1310 indulg.

1147 1315 1259 1342 debitor.
1279 1331 1312 1335 —
1332 1316 1362 1349 §0
1377 1317 1412 1342 2.
1433 1318 1481 1343 Ad
1494 1317 1669 1343 Ceusnales
1688 1322 1846 1350 spectares.
1866 1316 1990 1344 111.th-

1147 1360 1306 1396 Quicunque
1329 1369 1357 1385 se
1381 1374 1414 1378 ——
1439 1358 1556 1385 censuali
1579 1359 1725 1385 ministerio
1751 1360 1913 1396 manciparit.
1950 1359 1989 1386 lb.

1146 1402 1214 1429 vul.
1233 1404 1258 1428 2.
1285 1412 1306 1428 c.
1329 1403 1353 1428 4.
1383 1401 1415 1428 de
1439 1401 1519 1428 tabul.
1544 1401 1643 1437 logogr.
1685 1401 1827 1428 censualis
1850 1402 1989 1440 adparitio.

1147 1445 1272 1471 Officium
1292 1444 1422 1471 censuale.
1452 1444 1489 1470 lb.
1503 1443 1547 1470 IV.
1561 1446 1585 1471 4.
1606 1455 1627 1471 e.
1642 1446 1665 1470 4.
1686 1444 1718 1471 de
1737 1450 1839 1471 testam.
1860 1450 1886 1472 et
1905 1445 1989 1473 codic.

1147 1488 1190 1515 VI.
1210 1490 1233 1515 4.
1260 1499 1280 1514 c.
1300 1489 1342 1514 26.
1363 1498 1403 1524 sq.
1436 1487 1468 1514 de
1492 1486 1577 1514 Praet.
1602 1492 1627 1514 et
1651 1488 1702 1523 Qu.
1731 1487 1802 1514 XIV.
1822 1489 1846 1514 9.
1871 1498 1892 1515 c.
1913 1490 1937 1515 l.
1957 1487 1991 1515 de

1147 1531 1216 1558 stud.
1237 1530 1337 1557 liberal.
1358 1531 1415 1557 urb.
1435 1530 1466 1557 li.

1183 1573 1424 1601 Censuarius.
1463 1572 1504 1600 Cf.
1524 1583 1548 1600 v.
1569 1572 1702 1600 Casarius.

1182 1617 1364 1644 Censura·
1384 1617 1415 1650 §.
1427 1617 1461 1643 1.
1481 1618 1650 1648 Recensio,
1670 1618 1844 1651 Inspectio.
1864 1616 1906 1643 IH.
1922 1618 1988 1645 Gn.

1147 1659 1246 1686 Omnes
1267 1660 1373 1686 omnino
1393 1659 1507 1691 iudices,
1527 1664 1587 1686 tuae
1606 1669 1731 1685 censurae
1750 1659 1882 1692 subditos,
1901 1659 1989 1686 admo-

1146 1703 1229 1729 nebis.
1257 1702 1294 1728 Ib.
1318 1702 1375 1729 XII.
1402 1705 1424 1728 1.
1450 1713 1471 1728 c.
1493 1704 1550 1728 los.
1575 1702 1608 1728 de
1633 1701 1768 1729 decurion.
1806 1702 1926 1729 Censura
1944 1707 1989 1730 tua

1145 1746 1211 1772 hauc
1230 1745 1363 1772 iudicibus
1383 1745 1516 1772 licentiam
1535 1746 1642 1782 penitus
1661 1745 1814 1782 amputabit.
1835 1756 1867 1772 ne
1887 1745 1989 1782 aliquid

1146 1788 1280 1815 novellum
1299 1788 1465 1825 adgrediatur
1485 1798 1560 1825 opuS.
1590 1787 1627 1814 Ib.
1647 1787 1705 1814 XV.
1727 1790 1749 1814 1.
1770 1798 1791 1814 c.
1813 1790 1852 1814 16.
1873 1788 1906 1815 de
1925 1798 1987 1826 opp.

1145 1832 1206 1869 pub.
1232 1847 1265 1850 —
1295 1832 1326 1865 §·
1347 1833 1382 1858 2.
1405 1833 1656 1867 Magisteriam,
1675 1833 1906 1865 Principatus.
1943 1829 1986 1857 III.

1146 1877 1212 1903 Cn-
1249 1874 1317 1901 Cum
1336 1875 1358 1900 is
1374 1874 1507 1910 Quaestor
1525 1875 1577 1900 iam
1595 1873 1764 1909 gubernatam
1784 1874 1811 1900 S.
1827 1874 1918 1900 serinii
1936 1883 1987 1900 me-

1145 1919 1253 1950 moriae,
1273 1928 1350 1954 quam
1369 1917 1542 1954 epistolarum
1560 1917 1723 1953 gubernabat
1743 1927 1887 1943 censuram.
1916 1915 1984 1942 Νῦν.

1144 1964 1186 1988 35.
1207 1972 1227 1987 c.
1249 1963 1271 1987 1.
1298 1976 1331 1979 —
1355 1961 1385 1993 θ’.
1406 1962 1443 1987 3.
1475 1962 1647 1987 Sententia
1666 1961 1880 1991 recensionis,
1901 1961 1986 1986 Nota

1145 2005 1450 2031 animadversionis.
1492 2003 1510 2029 I.
1533 2004 1594 2036 Sy.
1632 2002 1781 2033 Coei-citio,
1812 2001 1986 2029 Animadver-

1145 2048 1193 2073 sio.
1225 2046 1276 2072 Th.
1296 2046 1326 2072 C.
1346 2045 1417 2072 XYI.
1439 2047 1478 2072 10.
1506 2055 1527 2071 e.
1547 2048 1588 2071 20.
1609 2055 1648 2081 pr.
1674 2044 1706 2071 dc
1726 2054 1816 2081 pagan.
1854 2044 1897 2071 III.
1919 2046 1986 2073 οη.

1146 2090 1259 2121 Placuit,
1288 2094 1340 2114 tam
1364 2097 1482 2114 severam
1506 2088 1730 2114 auimadwrtendi
1755 2098 1814 2114 csse
1839 2097 1985 2120 censuram,

1144 2138 1172 2160 ut
1192 2138 1240 2159 etc.
1269 2131 1305 2158 Ib.
1326 2131 1370 2157 IX.
1390 2132 1431 2156 28.
1452 2141 1473 2156 c.
1489 2132 1510 2156 1.
1531 2130 1563 2157 (le
1582 2132 1653 2157 crim.
1668 2130 1754 2168 pecul.
1791 2130 1903 2166 Dignam
1917 2140 1986 2157 com—

1144 2176 1268 2203 motionis
1290 2175 1380 2201 subire
1399 2184 1543 2200 censuram.
1576 2173 1614 2200 lb.
1634 2173 1652 2200 I.
1675 2176 1714 2200 15.
1735 2184 1756 2200 c.
1776 2174 1800 2200 6.
1822 2172 1926 2207 (Wek.)
1952 2173 1985 2200 de

1145 2220 1188 2246 off.
1209 2218 1294 2245 ticam.
1331 2217 1481 2244 Accelerari
1508 2217 1671 2243 exactionem
1690 2216 1804 2248 iubebit,
1831 2220 1874 2242 aut
1893 2225 1985 2243 censu·

1121 2265 1122 2268 ’
1145 2273 1188 2289 rae
1208 2262 1293 2298 legum
1313 2266 1431 2287 veterum
1450 2260 1606 2286 subiacebit.
1635 2259 1672 2285 lb.
1692 2259 1709 2285 I.
1732 2261 1772 2286 10.
1793 2269 1813 2286 c.
1833 2261 1857 2285 8.
1877 2258 1984 2293 (W'ck.)

1144 2306 1177 2333 dc
1196 2306 1239 2332 oss.
1261 2305 1335 2331 Com.
1357 2304 1384 2330 S.
1405 2303 1485 2340 largg.
1504 2302 1575 2329 XVI.
1595 2304 1618 2328 6.
1639 2312 1660 2328 e.
1680 2304 1704 2328 5.
1725 2312 1757 2328 nc
1776 2301 1803 2328 S.
1823 2301 1894 2339 bapt.
1930 2301 1984 2329 Ad-

1144 2350 1193 2375 erit
1212 2352 1308 2374 armata
1328 2357 1451 2378 censura,
1479 2356 1545 2382 quae
1568 2344 1726 2371 nefariorum
1749 2345 1834 2382 capita
1853 2346 1983 2372 cervices-

1145 2403 1195 2429 que
1215 2391 1360 2417 detruncet.
1389 2390 1426 2416 Ib.
1446 2388 1464 2415 I.
1485 2390 1508 2414 7.
1529 2398 1550 2414 c.
1571 2389 1593 2414 7.
1615 2388 1719 2421 (ch.)
1739 2387 1772 2414 dc
1792 2388 1835 2414 oss.
1849 2388 1923 2415 lieet.
1938 2387 1980 2415 Pr.

1144 2434 1229 2461 Reddi
1250 2434 1359 2461 urbibus
1379 2433 1466 2459 debita
1486 2441 1595 2457 censura
1615 2431 1790 2468 praecipiums
1815 2432 1877 2464 (eos
1901 2432 1983 2458 curia-

1145 2478 1198 2509 lcs.
1219 2479 1262 2514 qui
1283 2477 1354 2510 etc.).
1391 2475 1427 2501 lb.
1447 2474 1505 2501 XII.
1528 2476 1549 2500 l.
1570 2484 1591 2500 c.
1614 2476 1670 2500 170.
1692 2474 1724 2501 de
1743 2473 1876 2500 (lecurion.

1180 2522 1334 2549 Census.
1371 2519 1402 2552 ξ.
1427 2519 1461 2544 l.
1495 2519 1688 2551 Descriptio
1716 2524 1745 2544 et
1774 2519 1980 2549 aestimatio,

1143 2571 1207 2591 tam
1226 2566 1377 2591 bonorum
1397 2570 1489 2595 qnam
1506 2570 1734 2595 personarum,
1758 2562 1945 2586 solemniter
1963 2570 1980 2586 a

1145 2607 1339 2632 Cen-<oribus
1368 2606 1584 2630 instituenda.
1622 2603 1663 2629 III.
1685 2605 1750 2631 Gn.
1780 2602 1848 2628 Cum
1867 2602 1979 2634 Censor,

1143 2649 1243 2675 aliusve
1263 2649 1321 2685 quis
1341 2648 1521 2683 magistratum.
1545 2646 1643 2672 Romae
1668 2645 1759 2683 populi
1783 2656 1890 2672 censum
1913 2650 1978 2681 aget.

1143 2691 1208 2718 Tab.
1228 2691 1330 2718 llerael.
1351 2691 1395 2717 liu.
1410 2692 1450 2716 69.
1472 2700 1511 2726 sq.
1532 2700 1582 2715 aer.
1603 2689 1683 2726 Neap.
1710 2689 1741 2715 ef.
1761 2688 1791 2716 fr.
1804 2691 1828 2715 2.
1848 2689 1870 2722 §.
1886 2690 1924 2714 17.
1946 2687 1979 2714 de

1143 2735 1175 2761 O.
1196 2734 1214 2761 I.
1237 2736 1258 2760 l.
1279 2736 1302 2761 2.
1340 2734 1380 2760 Ex
1401 2733 1511 2760 formula
1531 2744 1639 2764 census.
1665 2743 1730 2769 quae
1750 2732 1848 2759 Romae
1867 2747 1899 2750 —
1919 2741 1978 2768 pro-

1142 2779 1229 2815 posita
1253 2778 1309 2804 erit.
1339 2777 1404 2803 Tab.
1430 2776 1530 2803 Ileracl.
1556 2776 1600 2803 lin.
1627 2778 1665 2802 73.
1694 2776 1728 2802 ib.
1770 2774 1905 2802 Vindicta.
1934 2780 1978 2801 aut

1142 2831 1236 2853 censu⁷
1258 2825 1302 2847 aut
1322 2825 1491 2853 testamento,
1515 2820 1720 2847 manumissione
1739 2818 1850 2845 liberarI.
1881 2817 1937 2844 Gai.
1957 2817 1975 2844 I.
