2197 3121
1026 156 1130 188 CON.

214 241 463 268 condemnationem.
497 240 554 267 Gai.
574 239 617 266 lv.
638 240 696 265 119.
733 238 803 265 Haec
821 238 901 265 verba
920 239 1055 265 testatoris
1077 244 1078 262 1

214 300 246 304 —-
266 284 413 310 subiectum
433 283 546 320 legatum
574 282 616 309 vel
635 281 867 308 fideicommissum
885 291 938 307 non
958 281 1056 308 faciunt
1076 275 1078 301 ⁴.

216 326 401 352 conditionale.
421 326 452 352 sr.
472 328 495 352 3.
517 325 637 361 delegat.
651 324 670 351 I.
685 326 752 357 (30.)
772 324 801 351 l'r.
818 327 859 351 10.
874 335 913 362 pr.
934 324 965 350 de
979 324 1055 350 cond.
1076 332 1077 355 t

214 370 276 395 inst.
300 372 342 395 28.
364 371 386 395 7.
430 368 459 395 Si
484 367 670 395 conditionalis
695 373 844 394 contractus
869 378 928 394 cum
952 367 1054 404 pupillo

214 412 268 438 fiat.
301 411 331 438 fr.
351 415 375 438 ὅ.
401 411 432 437 de
452 416 518 438 auct.
539 415 564 437 et
584 420 656 437 cous.
679 412 721 437 25.
741 414 765 436 ὅ.
808 410 947 436 Debitoris
967 409 1055 435 condi·
1076 424 1077 434 t

213 454 321 480 tioualis
346 453 405 480 loco
431 464 497 480 esse.
532 453 562 480 fr.
582 456 605 481 5.
632 454 653 488 3.
672 456 696 480 2.
722 453 755 480 de
774 453 875 479 liberat.
895 452 945 488 leg.
968 454 1010 479 34.
1029 454 1054 478 3.

214 496 246 523 cf.
267 496 297 523 fr.
318 499 359 523 55.
380 496 412 523 de
431 496 462 523 V.
482 496 509 523 S.
529 499 570 522 50.
592 498 631 523 16.
1076 494 1077 505 ¹

249 540 576 567 Conditionaliter.
606 539 728 572 (Advb.)
767 541 829 565 Sub
852 538 1053 565 co'ndilione.
1076 540 1077 544 ¹

213 583 244 609 Il.
265 585 332 617 Op.
363 582 443 614 Pure⁷
468 582 630 619 Simpliciter
655 581 795 619 (stipulari
814 582 889 614 ete).
922 580 951 607 l'r.
971 584 995 607 ὃ.
1023 580 1055 606 de
1076 577 1077 606 ἶ

214 630 280 652 auct.
301 630 325 651 et
347 635 419 652 cons.
438 626 479 651 28.
500 626 524 651 S.
549 625 579 651 l'r.
600 627 640 651 95.
661 625 682 659 3.
702 627 726 651 5.
747 624 779 650 de
798 623 877 650 solut.
896 625 938 649 46.
958 625 981 650 3.
1011 622 1054 649 III.

214 670 281 696 Cn.
301 668 376 695 Licet
388 678 441 694 non
455 667 668 694 conditionaliter
686 668 871 704 expressisset,
890 666 1055 692 intellexisse

214 716 300 737 tamen
323 711 537 737 manifestissime
561 710 728 747 adprobetur.
762 710 792 736 fr.
812 711 854 736 85.
879 709 911 736 de
934 709 1010 745 legat.
1036 708 1055 735 I.

214 755 281 787 (30.)
319 753 349 780 Si
368 753 444 779 cond.
466 758 604 790 concepta,
624 763 648 779 v.
669 753 813 784 enunciata,
833 753 868 778 sit
887 752 999 785 (causa).
1025 752 1055 778 fr.
1077 750 1078 756 ¹

215 798 254 823 l7.
279 797 300 830 3.
320 797 344 822 3.
369 796 401 823 de
425 796 502 822 cond.
527 800 553 822 et
578 795 644 822 dem.
669 796 711 821 35.
733 797 756 821 1.
786 795 808 828 3.
827 797 869 821 31.
889 795 908 821 Ι.
929 794 961 821 de
979 794 1055 831 legat.
1077 811 1078 834 ἦ

212 842 228 856 ιι

215 857 236 864 ’Δ
251 840 443 901 {limantur-
464 875 647 904 Fundator,
668 874 798 899 Auctor.
817 872 835 899 l.
852 873 914 907 Sy.
934 872 1056 899 Testans.
1078 904 1079 911 ἵ

213 916 346 943 CondItor
365 917 522 942 testamenti.
548 915 597 942 Th.
614 915 644 942 C.
664 914 708 941 IV.
729 917 752 941 4.
773 925 795 941 c.
816 917 838 941 l.
858 926 879 942 c.
899 917 923 942 3.
943 916 964 950 3.
981 918 1003 942 1.
1024 915 1056 942 de
1078 916 1079 925 ¹

214 965 315 985 testam.
331 964 355 985 et
370 959 451 985 codic.
486 957 617 984 Consulti.
637 957 793 989 Prudentes,
812 957 968 995 Iurisperiti,
988 958 1058 985 Con-

213 1002 322 1029 ditores.
342 1002 473 1028 Auctores
498 1002 579 1034 (iuris
604 1002 729 1037 antiqui).
759 1012 780 1028 c.
802 1003 824 1027 1.
844 1012 882 1039 pr.
909 1002 940 1028 de
964 1012 1056 1029 comm.
1078 999 1080 1030 l

447 1046 469 1070 7.
491 1045 513 1070 7.
551 1044 645 1070 Coust.
676 1044 725 1070 Th.
750 1044 780 1070 II.
806 1044 839 1070 de
863 1044 913 1071 Th.
934 1044 965 1071 C.
989 1050 1056 1072 auct.
1078 1046 1079 1051 ¹

213 1055 291 1072 servo
310 1055 420 1072 manum.

213 1088 250 1122 33.
274 1090 295 1113 l.
314 1090 338 1114 3.
368 1086 463 1121 (ch.
488 1097 513 1123 p.
534 1088 557 1113 9.
578 1088 636 1123 sq.)
677 1086 720 1113 III.
741 1088 806 1114 (ἠ.
836 1086 901 1114 Tam
927 1087 1056 1120 conditor.
1078 1099 1080 1118 i

213 1141 291 1167 quam
310 1131 440 1168 interpres
460 1130 553 1166 legum.
575 1141 595 1156 c.
611 1133 651 1156 12.
672 1130 693 1163 3.
714 1131 736 1156 1.
757 1129 789 1156 de
808 1129 860 1156 LL.
883 1132 905 1157 l.
921 1132 961 1157 14.
993 1131 1057 1158 San·

213 1175 329 1200 ctiouum
353 1178 484 1205 veterum,
508 1183 532 1199 v.
557 1172 673 1208 Legum.
700 1172 859 1199 conditores.
893 1173 942 1200 Th.
961 1173 992 1200 C.
1011 1173 1056 1200 IX.
1078 1170 1079 1200 Ῐ

215 1218 237 1242 l.
259 1226 280 1242 c.
302 1218 342 1242 12.
363 1216 395 1243 de
415 1221 528 1242 accusat.
549 1215 611 1242 lust.
633 1216 663 1242 C.
685 1226 706 1242 c.
726 1219 767 1243 26.
788 1216 820 1243 de
839 1216 915 1252 legat.
935 1218 959 1243 6.
972 1219 1014 1244 37.
1034 1228 1055 1243 c.

211 1261 253 1286 36
274 1259 307 1285 ad
325 1258 355 1285 L.
375 1258 423 1285 Iul.
443 1259 475 1285 de
495 1258 575 1285 adult.
599 1260 623 1285 9.
642 1260 666 1285 9.
706 1259 781 1294 Quae
799 1259 865 1295 legis
889 1270 951 1286 suae
976 1260 1056 1286 verba
1078 1275 1079 1283 κ

213 1302 271 1328 aliis
292 1312 398 1339 quoque
417 1303 492 1328 scitis
513 1301 627 1327 clemens
645 1301 767 1328 conditor
780 1302 938 1339 explanavit.
958 1302 1008 1329 Th.
1025 1303 1055 1329 C.
1078 1289 1079 1302 ¹

212 1345 258 1372 XI.
277 1347 318 1371 36.
340 1356 360 1372 c.
376 1346 416 1370 14.
438 1346 520 1380 Quor.
541 1354 599 1381 app.
621 1354 644 1370 n.
665 1355 716 1371 rec.
754 1344 865 1371 Yeteres
886 1346 949 1371 iuris
969 1345 1057 1372 volue-

213 1393 275 1415 runt
295 1388 456 1415 conditores.
490 1387 526 1413 Ib.
552 1387 582 1413 Il.
608 1389 647 1413 12.
678 1398 698 1414 c.
726 1389 748 1414 l.
773 1387 805 1414 de
829 1389 956 1424 cognitor.
994 1388 1055 1415 Sex.
1079 1391 1080 1406 ³

212 1431 315 1463 Aelim,
336 1432 400 1458 iuris
420 1431 520 1467 antiqui
540 1430 669 1456 conditor.
690 1441 711 1456 c.
728 1432 749 1456 l.
764 1440 803 1467 pr.
824 1430 856 1457 de
874 1441 965 1457 comm.
979 1441 1056 1458 servo

213 1485 280 1501 man.
301 1476 323 1500 7.
345 1476 367 1500 7.
1078 1500 1080 1514 Ι

249 1517 471 1545 Conditura.
510 1518 766 1543 condimentum.
801 1516 844 1543 III.
869 1518 935 1545 (711.
963 1517 1080 1544 Defru-¹

213 1565 268 1587 tum
288 1570 341 1586 non
366 1559 544 1586 continebitur
569 1561 623 1593 (sc.
649 1560 711 1585 vino
735 1559 852 1596 legato),
877 1560 948 1597 quod
966 1562 1056 1598 potius

216 1603 369 1630 conditurae
388 1602 447 1629 loco
467 1602 522 1629 fuit.
545 1602 574 1629 fr.
595 1604 619 1629 9.
639 1613 678 1639 pr.
699 1602 731 1629 de
753 1604 804 1629 trit.
824 1604 893 1629 vino.
913 1605 955 1629 33.
976 1605 999 1630 6.

250 1656 443 1683 Conditus.
468 1654 575 1688 (Partic.
595 1655 637 1681 (Ὗ.
657 1665 680 1680 ν.
696 1655 841 1688 Condere.)
879 1658 1056 1690 Sepositus.

215 1697 234 1723 I.
249 1699 310 1732 Sy.
343 1698 417 1733 Quae
437 1699 463 1724 in
483 1698 585 1724 horreis
605 1698 754 1735 (publicis)
775 1698 911 1725 habentur.
948 1698 1057 1725 Horrea-

215 1741 282 1766 ticae
301 1742 412 1777 species.
450 1741 572 1767 Condita.
606 1740 655 1767 Th.
678 1741 709 1767 C.
729 1740 785 1767 Vll.
810 1743 834 1767 4.
855 1752 876 1767 c.
896 1743 919 1767 3.
945 1752 966 1767 c.
986 1744 1009 1768 5.
1035 1752 1055 1768 c.

216 1785 256 1809 11.
278 1793 299 1809 c.
320 1785 359 1809 13.
380 1793 401 1809 c.
423 1785 462 1809 15.
482 1793 540 1820 sqq.
561 1794 582 1810 e.
601 1786 643 1810 32.
663 1784 695 1810 de
715 1794 784 1819 erog.
804 1784 857 1810 mil.
877 1794 935 1810 ann.
955 1784 1000 1811 XI.
1016 1786 1056 1811 14.

216 1836 237 1852 e.
260 1827 281 1851 l.
303 1836 323 1851 c.
343 1827 367 1851 3.
388 1825 420 1851 de.
439 1826 515 1852 cond.
536 1828 562 1852 in
581 1827 643 1863 pub.
663 1827 733 1853 horr.
771 1826 813 1853 III.
836 1828 901 1854 (511.
923 1829 1056 1862 Quaerere
1078 1826 1079 1837 ¹

215 1869 302 1899 debet,
323 1878 354 1894 au
373 1869 508 1905 pecuniam
527 1869 645 1906 pupillus
670 1869 776 1901 habeat,
805 1869 847 1896 vel
867 1871 893 1896 in
912 1875 1056 1901 numerato,

215 1911 259 1938 vel
277 1912 303 1938 in
323 1911 482 1941 nominibus,
503 1922 568 1948 quae
582 1914 717 1938 conveniri
730 1917 852 1949 possunt.
873 1912 915 1938 vel
929 1913 955 1939 in
969 1912 1057 1939 fructi·
1078 1931 1079 1934 κ

215 1955 265 1981 bus
286 1953 399 1980 conditis
421 1959 469 1980 etc.
499 1955 529 1981 l'r.
549 1957 573 1981 5.
598 1956 619 1989 3.
639 1957 663 1982 9.
688 1955 720 1981 de.
744 1955 818 1981 tutel.
844 1960 869 1981 et
894 1960 940 1981 rat.
970 1957 1012 1982 27.
1032 1957 1056 1982 9.
1078 1950 1080 1990 ξ

217 1998 248 2025 cf.
269 1997 318 2024 Th.
335 1997 365 2024 C.
385 1997 442 2024 XII.
463 1999 486 2023 9.
507 2008 528 2023 c.
547 2000 571 2024 2.
592 1997 624 2024 de
644 1998 668 2024 l1.
690 2008 731 2034 qu.
753 2009 784 2025 ex
802 1998 864 2035 pub.
886 1998 945 2024 coll.
982 1999 1058 2035 Quae
1079 1993 1080 1996 ¹

215 2042 243 2068 in
262 2041 368 2068 condito
388 2040 514 2067 habuerat
533 2040 676 2078 paterfam..
697 2041 828 2073 frumenti.
848 2042 911 2073 vini,
931 2046 957 2067 et
976 2046 1058 2068 caete-

216 2095 303 2111 rarum
323 2094 417 2111 rerum.
442 2083 472 2110 fr.
492 2085 533 2110 97.
553 2083 586 2110 de
604 2083 680 2120 legat.
706 2084 748 2110 III.
774 2085 850 2117 (32.)
887 2084 997 2121 Species
1017 2095 1059 2111 an-

217 2129 338 2154 nonarias
367 2127 398 2153 de
424 2127 537 2153 conditis
564 2126 672 2153 arbitrio
696 2137 744 2153 suo
769 2137 918 2164 usurpasse.
951 2127 1000 2154 Th.
1026 2127 1057 2154 C.

217 2169 273 2196 Vll.
292 2172 316 2196 4.
336 2180 357 2196 c.
376 2172 400 2196 3.
438 2169 594 2196 Custodiam
613 2172 794 2206 portuensium
819 2171 947 2207 suscipiat
971 2170 1059 2197 condi·
1079 2169 1081 2188 ‘¹

218 2218 312 2238 torum.
340 2212 377 2239 Ib.
397 2212 468 2239 XIV.
489 2214 512 2239 4,
534 2223 554 2239 c.
575 2214 598 2239 9.
619 2213 651 2239 de
670 2223 738 2239 suar.

255 2248 445 2283 Conditus.
475 2255 605 2289 (Partic.)
643 2257 850 2290 compositus
875 2259 1081 2295 condiendo.¹

220 2298 262 2324 111.
285 2300 350 2326 Gn.
379 2299 407 2325 Si
432 2300 491 2335 quis
515 2300 605 2326 vinum
624 2299 763 2335 legaverit,
788 2315 821 2318 —
846 2300 869 2325 si
892 2299 1005 2325 mulsum
1025 2300 1058 2326 sit

219 2341 323 2367 factum.
353 2357 384 2361 —-
408 2342 481 2377 Quid
505 2342 656 2369 conditum?
688 2342 718 2368 fr.
743 2343 765 2368 9.
791 2351 830 2378 pr.
857 2341 890 2368 de
912 2343 964 2368 trit.
989 2343 1058 2369 vino.

219 2386 261 2410 33.
281 2385 305 2409 fi.

256 2427 493 2454 Condonare.
524 2429 669 2460 Donare,
688 2429 836 2463 Largiri.
866 2427 908 2453 III.
923 2429 988 2455 Gn.
1008 2427 1060 2455 Cu-

222 2474 276 2495 rate
296 2479 371 2504 agros
391 2468 545 2503 adtendere,
570 2476 595 2497 et
620 2472 655 2497 ita
678 2471 725 2497 fiet
749 2475 777 2497 ut
801 2470 872 2497 filius
891 2480 965 2497 meus
988 2470 1059 2497 filios

222 2517 326 2538 vestros
346 2512 422 2538 vobis
443 2512 580 2540 condonet.
605 2513 635 2540 fr.
649 2515 690 2540 68.
710 2515 769 2548 3.1.
789 2513 821 2540 de
839 2513 915 2550 legat.
930 2513 971 2540 III.
991 2514 1058 2548 (32.)

1078 984 1079 998 ἶ
1101 968 1204 995 ducere.
1234 968 1264 994 fr.
1286 970 1325 994 13.
1350 969 1371 1002 3.
1391 970 1416 994 3.
1442 968 1518 995 locat.
1545 971 1584 996 19.
1603 971 1619 985 2

222 2555 262 2581 Ex
287 2559 361 2591 parte
387 2554 493 2580 dimidia
519 2556 709 2589 condonamus,
737 2567 811 2583 arcae
839 2561 939 2583 caetera
964 2556 1082 2583 inferre'

224 2598 407 2634 praecipimus.
440 2596 489 2623 Th.
505 2596 535 2623 C.
554 2598 598 2624 XI.
617 2601 658 2625 28.
679 2609 700 2625 c.
721 2601 760 2626 17.
780 2599 812 2625 de
831 2599 928 2635 iudulg.
948 2599 1059 2627 debitor.

223 2640 271 2667 His
296 2650 400 2676 qnoque
424 2639 549 2666 honorem
574 2650 714 2676 congruum
738 2642 923 2668 condonamus.
958 2641 995 2668 Ib.
1015 2641 1058 2669 Vl.
1082 2654 1083 2678 y

223 2684 265 2709 24.
287 2693 307 2708 c.
322 2684 345 2709 9.
366 2682 398 2708 de
417 2682 527 2709 domest.
548 2687 573 2708 et
592 2687 660 2719 prot.
679 2684 722 2711 VI.
742 2686 783 2711 35.
804 2695 825 2711 c.
839 2686 863 2711 3.
883 2695 921 2722 pr.
942 2685 974 2712 de
992 2686 1059 2722 priv.
1082 2690 1083 2701 ¹

226 2735 279 2751 eor.
300 2735 342 2762 qu.
362 2726 389 2750 in
409 2724 435 2750 S.
454 2724 506 2762 pal.

260 2768 492 2794 conducere.
527 2768 556 2801 §-
582 2769 616 2794 1.
647 2769 825 2804 Colligere.
855 2772 980 2806 Cogere.
1018 2770 1083 2797 III.¹

226 2811 291 2838 Gn.
324 2809 353 2836 Si
373 2820 439 2846 aqua
458 2811 484 2836 in
503 2820 582 2837 unum
602 2810 685 2837 lacum
706 2812 873 2845 conducatur,
892 2818 918 2839 et.
936 2813 996 2840 inde
1014 2823 1062 2850 per

1878 163 1937 193 185

1100 239 1190 276 plures
1210 239 1304 266 ductus
1324 240 1441 267 ducatur.
1471 241 1501 267 fr.
1520 242 1544 267 3.
1565 242 1586 275 3.
1606 242 1630 268 3.
1656 241 1688 268 de
1708 243 1754 268 riv.
1779 244 1819 269 43.
1839 245 1880 269 21.
1905 261 1936 263 -

1100 283 1131 315 §-
1146 284 1180 309 2.
1209 284 1354 310 Mercede
1373 287 1520 311 utendum
1540 287 1702 318 accipere,
1723 296 1743 312 r.
1763 287 1936 320 stipulari.

1099 325 1128 351 11.
1150 327 1217 360 Op.
1245 325 1353 352 Locare.
1387 326 1417 352 l'r.
1439 328 1478 353 19.
1503 328 1524 361 3.
1545 329 1569 353 9.
1594 327 1671 353 locat.
1694 329 1733 354 19.
1753 330 1776 354 2.
1816 328 1936 356 Pru-ario

1099 378 1190 403 rof-rare
1214 369 1258 401 (ut
1286 379 1341 394 eam
1365 379 1419 395 rem
1443 369 1582 406 possidere
1605 369 1722 402 liceret).
1757 370 1813 397 Gai.
1839 371 1868 398 ll.
1895 374 1935 399 60.

1099 411 1141 437 III.
1166 412 1232 439 (¹11.
1262 412 1314 447 Qui
1335 421 1411 448 quem
1431 413 1535 438 armatis
1555 412 1705 439 hominibus
1718 415 1891 450 possessione
1905 431 1937 434 —

1100 453 1238 486 deiecerit,
1266 455 1467 491 expugnaverit,
1495 455 1643 488 obsederit,
1672 455 1794 487 cluserit,
1824 457 1883 483 idve
1910 463 1937 484 ut

1076 497 1175 525 {fieret
1202 497 1322 524 homines
1351 497 1569 527 commodaverit.
1601 498 1740 531 locaverit.
1773 500 1936 527 conduxerit.

1099 539 1171 566 Paul.
1196 539 1227 566 Y.
1252 541 1294 567 26.
1319 540 1341 574 3.
1361 542 1385 566 3.
1423 539 1610 568 Tabernulam.
1635 558 1667 561 —
1691 542 1823 569 officinam
1842 543 1938 570 eondu-

1100 592 1172 613 cere.
1197 582 1285 619 ibique
1309 583 1463 609 distrahere.
1498 584 1527 610 l'r.
1551 585 1589 610 19.
1614 584 1636 617 3
1656 587 1680 611 2.
1711 584 1743 611 de
1762 585 1840 612 iudic.
1870 588 1893 612 5.
1915 588 1936 612 1.

1076 647 1077 657 ,
1099 625 1128 651 Si
1148 624 1256 651 fundum
1275 636 1288 651 a
1307 636 1348 652 me
1366 627 1556 663 proprietarius
1576 627 1740 659 conduxerit.
1760 638 1870 664 eumque
1883 628 1938 655 sun-

1100 667 1161 694 dum
1179 667 1328 695 vendiderit
1347 668 1417 695 Seio.
1438 668 1468 695 fr.
1487 670 1529 695 29.
1550 679 1589 706 pr.
1610 669 1663 705 Qu.
1685 670 1753 697 mod.
1773 671 1855 698 usnsf.
1876 673 1898 698 7.
1914 674 1937 697 4.

1077 728 1078 736 η
1100 710 1129 737 Si
1149 710 1265 742 domum.
1287 722 1310 738 v.
1330 712 1542 748 possessionem,
1563 712 1735 741 conduxeris,
1762 719 1786 740 et
1806 715 1862 740 eins
1881 725 1939 752 par·

1100 759 1152 780 tem
1171 754 1234 780 mihi
1254 754 1390 781 locaveris.
1419 754 1450 781 sr.
1472 757 1512 781 ll.
1536 755 1558 788 3.
1578 757 1602 781 5.
1629 755 1662 782 de
1685 756 1754 792 pign.
1779 762 1827 783 aet.
1854 759 1893 784 13.
1914 759 1936 784 7.

1101 796 1130 823 l'r.
1151 799 1192 823 47.
1216 797 1238 830 3.
1265 800 1287 823 l.
1316 797 1348 823 de.
1372 798 1428 823 iure
1451 798 1517 824 fisci.
1548 799 1590 824 49.
1616 800 1656 824 14.
1703 798 1732 824 Si
1757 800 1815 835 quis
1840 800 1938 827 vitulos

1077 835 1079 854 ¹¹
1100 840 1258 877 pascendo&
1278 839 1320 866 vel
1334 840 1499 867 sarciendum
1513 840 1577 877 quid
1590 841 1784 878 poliendumve.
1805 843 1938 870 conduxit.

1100 882 1131 909 t'r.
1151 884 1175 909 9.
1195 883 1216 916 3.
1236 885 1260 909 5.
1280 882 1357 909 locat.
1379 884 1418 909 19.
1438 886 1462 909 2.
1500 884 1553 919 Qui
1573 884 1730 910 servandum
1755 884 1854 921 aliquid
1880 896 1939 912 con—

1101 925 1207 952 ducunt.
1227 925 1257 951 fr.
1273 927 1312 951 19.
1333 925 1460 952 connnod.
1476 928 1515 953 13.
1530 928 1553 952 6.
1591 926 1702 953 Servum
1721 927 1867 954 docendum
1881 939 1940 955 con-

1605 988 1627 996 ...
1672 970 1700 996 Si
1725 972 1784 1006 quis
1803 981 1939 998 mensuras

1101 1011 1265 1038 conduxerit.
1294 1011 1324 1037 fr.
1346 1013 1385 1037 13.
1407 1012 1428 1046 3.
1450 1013 1473 1038 S.
1494 1012 1527 1039 ib.
1548 1014 1588 1039 19.
1608 1014 1631 1038 2.
1675 1012 1703 1038 Si
1723 1015 1860 1041 aversione
1880 1025 1940 1041 eon-

1102 1055 1179 1081 ducta
1199 1059 1240 1081 est.
1259 1056 1341 1080 naviS.
1371 1054 1400 1081 fr.
1422 1057 1462 1081 10.
1487 1056 1508 1089 3.
1527 1058 1552 1082 2.
1577 1055 1609 1082 de
1631 1054 1660 1082 L.
1681 1055 1766 1082 Rhod.
1793 1058 1840 1083 145
1859 1060 1883 1084 2.
1908 1074 1939 1077 —

1102 1100 1132 1133 §0
1157 1100 1194 1125 3.
1228 1100 1416 1134 1'rofieere,
1449 1099 1534 1124 stile
1563 1108 1635 1124 esse.
1673 1098 1715 1124 III.
1738 1101 1803 1126 011.
1842 1102 1894 1136 Qui
1913 1101 1940 1128 id

1101 1141 1177 1167 vobis
1202 1142 1334 1167 extimatis
1361 1140 1516 1167 conducere.
1551 1140 1601 1167 Th.
1626 1140 1656 1167 C.
1681 1141 1725 1168 IX.
1753 1143 1790 1167 16Δ
1816 1153 1836 1168 c.
1856 1145 1880 1169 2.
1908 1143 1940 1170 de

1078 1204 1079 1211 1
1101 1183 1210 1211 malefic.

1137 1227 1407 1255 conducibilis·
1442 1226 1572 1260 (Adit-ct.)
1611 1229 1798 1259 Salutaris,
1822 1230 1940 1255 Conve-

1102 1273 1200 1297 niens.
1242 1270 1284 1296 Ill.
1313 1271 1378 1297 Gn.
1407 1270 1461 1305 Qui
1485 1286 1516 1289 -
1537 1269 1692 1301 elegissent.
1713 1280 1796 1306 neque
1816 1271 1867 1297 sibi
1887 1273 1941 1308 opi·

1579 1298 1589 1306 n.

1078 1322 1080 1343 ζ
1101 1324 1170 1340 mum
1190 1313 1290 1349 aliquid
1315 1318 1340 1339 et
1364 1312 1531 1339 conducibile
1555 1312 1720 1339 vindicarint.
1749 1313 1784 1339 lb.
1806 1313 1836 1339 Y.
1860 1316 1898 1340 13.
1919 1325 1939 1340 (·.

1078 1371 1080 1386 t
1101 1359 1142 1383 30.
1163 1356 1267 1389 (wok.)
1305 1355 1372 1382 Cum
1392 1355 1558 1382 conducibile
1577 1355 1704 1382 videatur.
1733 1356 1769 1382 Ib.
1784 1356 1828 1382 XI.
1843 1359 1866 1383 5.
1881 1368 1902 1383 c.
1916 1359 1939 1383 3.

1102 1399 1134 1425 de
1153 1399 1289 1425 indiction.
1327 1398 1497 1425 conducibili
1517 1398 1658 1425 devotione
1678 1399 1809 1426 festinare.
1831 1399 1867 1425 lb.
1882 1399 1939 1426 XV.

1078 1469 1080 1481 Α
1100 1445 1125 1469 3.
1145 1453 1166 1469 c.
1186 1445 1210 1468 4.
1231 1441 1263 1468 de
1281 1443 1336 1468 itin.
1356 1452 1425 1468 mun.

1137 1486 1382 1512 Conductela.
1421 1486 1610 1511 Condat-tio.
1652 1484 1670 1510 I.
1692 1486 1753 1518 Sy.
1783 1484 1940 1512 Conductio.

1101 1529 1212 1566 Interpr.
1233 1528 1264 1554 ad
1284 1527 1335 1554 Th.
1355 1526 1385 1554 C.
1406 1526 1450 1554 IV.
1471 1528 1511 1553 12.
1532 1537 1553 1553 c.
1575 1529 1597 1553 1.
1618 1526 1650 1553 de
1669 1528 1761 1563 vectig.
1782 1532 1807 1553 et
1827 1538 1918 1554 comm.

1137 1571 1357 1599 Condat-tio.
1379 1572 1592 1602 Corinaeum,
1611 1572 1646 1596 de
1666 1580 1723 1596 usu
1742 1572 1789 1596 rei
1804 1573 1941 1603 alienae,

1103 1617 1151 1641 rel
1168 1615 1327 1641 commodo
1347 1615 1532 1640 alienarum
1556 1622 1742 1647 operarum,
1763 1615 1870 1647 pretio
1895 1616 1941 1640 in·

1101 1658 1302 1685 terre-Mente
1320 1658 1352 1682 in
1372 1666 1426 1682 1108
1445 1657 1663 1692 conferendis.
1701 1655 1743 1681 III.
1764 1657 1829 1682 Cn.
1854 1656 1941 1682 Eintio

1102 1700 1228 1729 venditio.
1248 1699 1344 1725 locatio
1369 1699 1518 1730 conductio.
1538 1699 1659 1724 societas.
1679 1697 1879 1731 conunodatum,
1899 1699 1941 1726 de-

1102 1745 1232 1781 positum,
1252 1747 1278 1768 et
1298 1743 1392 1768 caeteri
1412 1740 1512 1767 similes
1532 1745 1692 1766 contractus.
1723 1740 1755 1766 fr.
1775 1742 1797 1766 7.
1817 1751 1855 1778 pr.
1876 1742 1897 1775 3.
1918 1743 1939 1768 1.

1102 1786 1133 1813 cl'.
1152 1786 1186 1812 fr.
1206 1787 1228 1811 1.
1248 1785 1270 1818 3.
1289 1787 1314 1810 4.
1334 1784 1364 1810 fr.
1383 1786 1424 1810 58.
1444 1783 1476 1809 de
1494 1788 1562 1820 pact.
1582 1785 1606 1810 2.
1628 1784 1667 1809 14.
1692 1782 1722 1809 fr.
1742 1785 1766 1809 5.
1787 1783 1819 1810 de
1838 1784 1856 1810 I.
1878 1789 1903 1811 et
1921 1784 1939 1811 I.

1104 1832 1125 1855 1.
1147 1831 1170 1855 l.
1195 1828 1254 1854 Gai.
1273 1826 1315 1853 III.
1331 1828 1389 1853 129.
1426 1826 1456 1853 Si
1476 1826 1539 1862 quid
1557 1827 1584 1852 in
1602 1825 1659 1862 lege
1678 1825 1861 1853 conductionis
1882 1838 1941 1854 con-

1102 1872 1181 1898 venit.
1207 1870 1237 1897 fr.
1259 1872 1299 1896 15.
1319 1870 1341 1903 3.
1363 1872 1384 1896 l.
1409 1869 1486 1896 locat.
1507 1870 1547 1895 19.
1566 1871 1590 1895 2.
1621 1868 1651 1895 fr.
1670 1871 1694 1895 2.
1714 1870 1796 1903 313.
1822 1869 1855 1896 de
1874 1870 1939 1897 adm.

1102 1924 1151 1941 rer.
1177 1913 1209 1940 ad
1229 1914 1277 1939 civ.
1302 1914 1343 1939 50.
1363 1915 1386 1938 δ.
1429 1912 1483 1947 Qui
1507 1911 1634 1949 expulsus
1659 1922 1672 1938 a
1697 1911 1885 1941 conductione.
1915 1915 1939 1940 in

1102 1957 1177 1983 aliam
1202 1966 1231 1982 se
1257 1955 1387 1982 coloniam
1413 1954 1538 1983 contulit.
1566 1965 1618 1981 non
1647 1955 1806 1981 suffecturus
1829 1955 1939 1983 duabus.

1102 2001 1132 2026 fr.
1151 2001 1193 2025 24.
1212 1999 1234 2032 3
1254 2001 1278 2025 4.
1299 1999 1330 2025 cs.
1351 1998 1381 2025 fr.
1402 2000 1442 2024 13.
1463 1999 1546 2032 311.
1567 1998 1596 2024 [ι’.
1616 2000 1657 2024 25.
1678 1998 1699 2031 3.
1719 1999 1743 2024 2.
1763 1997 1839 2024 locat.
1862 2000 1900 2025 19.
1914 2001 1939 2025 2.

1103 2043 1157 2078 Qui
1175 2041 1355 2068 fideiusserint
1373 2051 1422 2078 pro
1442 2040 1602 2067 conductore
1621 2040 1768 2076 vectigalis.
1794 2042 1819 2067 in
1839 2043 1941 2069 univer-

1103 2096 1158 2112 sam
1177 2084 1387 2111 conductionem.
1417 2084 1446 2110 sr.
1466 2086 1490 2110 2.
1514 2085 1597 2118 312.
1623 2083 1655 2110 de
1678 2083 1744 2110 adm.
1771 2094 1820 2111 rer.
1839 2085 1871 2111 ad
1891 2086 1939 2111 civ.

1103 2131 1144 2155 50.
1164 2131 1188 2154 8.
1221 2127 1251 2153 fr.
1271 2128 1312 2153 68.
1338 2127 1359 2161 3.
1382 2129 1403 2153 l.
1428 2126 1460 2154 de
1483 2127 1601 2153 fideiuSS.
1625 2127 1666 2152 46.
1692 2128 1714 2152 l.
1754 2125 1939 2154 Licitationum

1103 2173 1157 2198 iura
1182 2169 1436 2206 conductionemque
1461 2172 1513 2204 (sc.
1539 2169 1716 2205 vectigalium,
1747 2175 1853 2205 peracto
1877 2176 1938 2196 tem-

1102 2214 1184 2252 pore)
1204 2214 1316 2240 recreari
1335 2217 1448 2250 oportet.
1478 2212 1527 2239 Th.
1540 2212 1571 2238 C.
1592 2211 1634 2238 IV.
1656 2214 1695 2237 12.
1716 2222 1736 2237 e.
1754 2213 1774 2237 l.
1795 2212 1827 2239 de
1847 2214 1936 2247 vectig,

1104 2263 1129 2284 et
1148 2267 1240 2284 comm.

1140 2300 1367 2327 conductor.
1405 2297 1646 2326 Condat-trix.

1686 2299 1763 2330 Qui,
1791 2309 1810 2324 r.
1838 2299 1936 2330 Quae,

1080 2353 1082 2364 <¹
1103 2344 1345 2370 conductionem
1365 2343 1539 2368 creditoris
1559 2342 1627 2366 inre
1646 2339 1937 2374 coutru.1‘1'!.I.Sy.

1105 2387 1158 2421 Qui
1178 2385 1312 2416 conduxit.
1331 2394 1355 2410 v.
1376 2383 1533 2410 conductum
1552 2383 1637 2409 habet.
1667 2383 1723 2409 Gai.
1738 2382 1779 2408 III.
1795 2383 1850 2408 145.
1869 2382 1898 2408 fr.
1916 2384 1936 2408 l.

1104 2430 1125 2455 si
1145 2438 1182 2465 ag.
1202 2429 1295 2464 vectig.
1315 2429 1339 2454 6.
1359 2429 1382 2453 3.
1411 2426 1441 2453 fr.
1461 2428 1485 2453 6.
1510 2426 1538 2452 fr.
1561 2427 1584 2452 9.
1604 2436 1643 2463 pr.
1663 2426 1684 2460 3
1705 2427 1727 2451 1.
1750 2425 1780 2450 fr.
1802 2426 1840 2450 11.
1860 2424 1936 2451 locat.

1105 2473 1144 2498 19.
1163 2474 1188 2497 2.
1208 2470 1239 2497 fr.
1259 2472 1300 2496 47.
1320 2470 1386 2503 3.1.
1407 2469 1438 2496 de
1457 2471 1513 2496 iure
1532 2470 1596 2496 iisci.
1617 2470 1658 2495 49.
1680 2470 1718 2494 14.
1755 2466 1883 2494 Colonus.
1907 2467 1936 2494 sr.

1105 2517 1144 2541 13,
1164 2515 1186 2548 3.
1207 2515 1247 2540 ll.
1267 2513 1297 2539 fr.
1319 2514 1358 2539 14.
1378 2512 1409 2540 fr.
1431 2514 1469 2539 15.
1489 2514 1511 2547 3.
1530 2515 1553 2539 2.
1574 2512 1659 2538 sr.19.
1679 2512 1699 2544 3.
1719 2512 1742 2536 2.
1763 2509 1839 2536 locat.
1860 2511 1899 2536 19.
1913 2512 1937 2537 2.

1103 2557 1255 2584 Redemtor.
1286 2556 1316 2582 fr.
1336 2558 1360 2582 2.
1385 2556 1483 2590 3311.
1503 2565 1542 2591 sq.
1567 2554 1599 2580 de
1619 2553 1683 2579 adm.
1704 2562 1752 2578 rer.
1773 2552 1804 2579 ad
1824 2553 1873 2579 civ.
1895 2555 1936 2580 50.

1104 2602 1127 2627 8.
1165 2599 1207 2626 III.
1226 2601 1292 2627 Gn·
1321 2598 1350 2625 Si
1373 2599 1535 2628 horrearius,
1563 2601 1606 2622 aut
1629 2594 1773 2621 conductor
1796 2595 1938 2632 apothecae

1105 2641 1218 2679 (aliquid
1237 2642 1387 2675 deiecerit).
1418 2642 1448 2668 fr.
1468 2643 1492 2666 5.
1512 2641 1533 2674 3.
1552 2641 1576 2665 3.
1601 2637 1633 2664 de
1651 2637 1676 2665 h.
1701 2648 1744 2674 qu.
1765 2637 1845 2665 deiec.
1869 2640 1893 2665 9.
1912 2640 1935 2664 3Δ

1105 2685 1185 2721 Quod
1204 2695 1288 2721 neque
1308 2695 1321 2711 a
1340 2683 1544 2711 conductoribus
1562 2680 1737 2718 praediorum,
1756 2691 1841 2718 neque
1860 2692 1874 2707 a
1891 2681 1937 2708 vil-

1105 2728 1163 2755 licis
1182 2729 1326 2765 pensiones
1347 2727 1467 2762 exegerit.
1498 2725 1528 2751 fr.
1548 2725 1590 2750 40.
1614 2723 1636 2757 3.
1655 2726 1679 2750 5.
1705 2723 1736 2750 de
1755 2723 1871 2751 statulib.
1895 2725 1935 2749 40.

1124 2793 1128 2797 .
1170 2770 1226 2797 Nec
1250 2770 1436 2799 conductores,
1465 2777 1512 2793 nec
1539 2766 1625 2793 coloni
1653 2768 1755 2799 (rerum
1778 2768 1936 2804 privatarum

1105 2773 1119 2797 7

1082 2800 1084 2849 ¹1
1106 2814 1274 2845 nostrarum).
1308 2812 1356 2839 Th.
1380 2810 1410 2837 C.
1434 2809 1478 2836 XI.
1504 2810 1544 2835 16.
1573 2820 1593 2836 c.
1618 2811 1641 2835 5.
1670 2809 1702 2836 de
1730 2815 1795 2837 extr.
1820 2819 1840 2835 s.
1865 2808 1925 2835 sord

1461 2854 1494 2878 24
