2197 3121
960 157 1037 187 VIN
1052 176 1090 181 —
1105 158 1194 188 5'10.

207 242 268 269 dum
289 252 354 273 eum,
375 243 418 278 qui
438 242 463 267 in
484 241 635 267 servitutem
654 254 688 258 —
707 240 826 276 petierat,
846 238 953 266 dixisse.
974 238 1003 265 sr.
1023 241 1046 264 2.
1070 262 1071 265 ,

207 286 228 319 5.
248 287 290 311 24.
311 285 343 311 de
363 284 395 311 O.
415 284 433 310 Ι.
455 286 476 310 1.
496 286 520 310 2,
547 283 575 309 Si
595 282 734 309 vindiciam
753 282 843 308 falsam
863 281 929 307 tulit.
950 281 978 307 L.
999 281 1047 307 XII
1069 292 1071 303 ι

206 327 289 354 Tabb.
313 327 413 354 X11.3.
443 342 474 346 —-
506 327 536 359 ξ.
557 327 593 352 3.
624 327 678 352 Ius
708 326 904 351 vindicandi.
942 323 960 350 I.
986 325 1070 364 ›Sy-5

207 370 364 397 Vindicatio.
385 369 434 396 Th.
455 368 486 395 C.
505 368 572 394 XIII.
592 370 616 394 5.
637 379 658 395 e.
672 370 696 394 2.
717 367 749 394 ‹le
768 366 878 393 navicnl.
898 366 966 392 XIII.
981 368 1004 392 6.
1026 377 1047 392 c.

207 414 230 439 5.
251 423 290 449 sq.
310 413 342 438 de
361 411 449 449 praed.
469 412 552 437 navic.
595 411 638 437 III.
660 412 725 438 Cn.
755 410 784 436 Si
808 410 874 435 sorte
900 409 1048 440 maluerint,

207 455 240 481 ob
259 455 387 481 vindicias
411 455 554 492 pistorum,
583 453 743 480 hereditates
763 453 846 479 eidem
866 453 971 489 corpori
991 451 1048 478 red·

207 497 277 525 dere.
297 498 332 524 111.
353 497 421 524 XIII.
441 499 464 523 5.
485 507 506 523 c.
522 498 547 522 2.
568 496 583 522 1.

240 540 447 567 Vindicius.
468 539 510 566 ct.
529 549 552 565 v.
575 538 686 566 Vindex.

240 583 429 609 Vindicta.
457 583 488 616 ᾗ.
508 584 541 609 1.
571 583 667 613 Vltio.
687 583 800 608 Poena.
838 579 856 606 I.
872 581 933 615 Sy.
952 579 1047 606 Poena.

206 625 248 652 Cf.
270 625 294 652 h.
313 635 334 651 v.
355 625 376 659 5.
398 627 420 651 1.
449 624 582 651 Vindicari
604 624 708 651 debere..
746 622 865 649 Vindicta
886 623 991 658 dignun]
1011 624 1048 649 vi-

206 668 269 695 deri.
290 667 319 694 fr.
335 670 374 694 11.
394 668 471 702 §.1:3.
492 667 523 694 ad
543 667 571 694 L.
586 667 633 694 Iul.
654 667 686 693 de
705 665 784 692 adult.
805 668 846 691 48.
866 668 889 691 5.
910 666 940 691 cl'.
961 665 991 691 [ι’.
1006 667 1046 691 33

206 711 239 737 dc
258 711 333 737 iniur.
346 712 386 736 47.
403 713 441 737 10.
462 710 572 748 1115111191·
591 710 687 736 hahere
705 708 854 735 vindictam.
875 707 989 734 Inuitum
1010 718 1048 734 rc-

206 753 335 790 linquere.
356 753 439 779 sr.17.
460 753 492 780 de
512 753 536 779 11.
557 763 599 789 (111.
618 758 646 779 ut
665 751 716 778 ind.
736 753 777 777 31.
798 752 820 777 9.
846 751 876 777 fr.
896 753 935 777 23.
957 761 995 787 pr.
1016 750 1048 777 (19

205 797 261 822 iure
280 801 345 833 patr.
364 797 406 822 37.
428 797 467 822 14.
504 795 535 822 tl.
556 798 623 830 Op.
643 795 795 822 Persecutio
815 795 860 820 rei.
884 793 1048 820 Condemna-

205 840 242 865 tio
261 840 416 876 pecuniaria.
441 838 563 865 Pecunia.
585 838 615 865 fr.
634 840 658 863 5.
678 838 700 863 si
721 847 752 863 ex
772 847 832 863 nox.
853 847 873 863 9.
893 839 917 862 2.
932 838 955 862 9.
976 836 1006 862 sr.
1021 839 1044 862 2.

205 882 227 916 5.
241 884 265 908 4.
284 882 317 908 de
336 881 395 908 coll.
415 882 475 908 bon.
494 883 537 908 37.
550 883 573 908 6.
592 881 622 907 fr⁴
638 882 677 906 10.
698 879 730 906 de
749 879 849 916 sepulc.
868 879 930 905 viul.
951 881 991 905 47.
1008 881 1047 904 12.

205 967 238 993 de
257 967 300 993 off.
321 967 394 994 Proc.
415 972 441 993 et
459 967 520 1003 Leg.
541 968 562 992 l.
578 968 617 992 16.
638 966 669 992 cl'.
690 965 720 992 I'r.
734 968 758 992 5.
779 966 801 991 si
821 975 853 991 ex
872 975 932 991 nox.
948 975 968 991 c.
982 966 1008 990 2.
1022 966 1046 990 9.

205 1009 358 1042 Vindictae,
383 1015 427 1036 aut
445 1009 588 1036 calumniae
606 1009 730 1035 iudicium
750 1008 905 1044 (exspectat
923 1007 1046 1038 crimen.)

206 1052 277 1079 Paul.
298 1052 329 1080 V.
349 1055 372 1079 4.
392 1053 413 1086 5.
430 1054 467 1078 12.
488 1052 529 1078 Ad
549 1052 659 1078 iniuriae
678 1051 819 1077 vindictam
839 1050 964 1076 revocari.
986 1049 1048 1075 Vin-

205 1095 273 1122 dicta
293 1095 512 1122 extraordinariae
532 1094 649 1121 ultionis.
669 1093 704 1120 Id.
719 1094 756 1127 55.
774 1095 811 1119 19.
825 1095 867 1119 21.
882 1092 898 1119 l.
913 1092 929 1118 1.
950 1092 1046 1118 Divina

205 1139 316 1175 primum
340 1138 468 1167 vindicta.
492 1142 553 1174 post
578 1138 655 1163 etiam
680 1142 765 1163 motus
790 1137 874 1162 nostri
895 1152 925 1156 —
947 1135 1047 1161 ultione

205 1180 346 1218 plectendi.
370 1180 419 1207 Th.
441 1180 471 1207 C.
490 1180 561 1206 XVI.
584 1182 605 1206 1.
632 1190 653 1206 c.
673 1182 696 1205 2.
717 1180 782 1213 5.1.
803 1179 836 1205 de
856 1178 908 1205 fide
927 1178 994 1205 cath.
1016 1195 1046 1199 -

204 1225 236 1257 ξ.
257 1225 290 1249 2.
314 1225 469 1259 Vir-gula,
488 1224 566 1259 (quae
586 1222 770 1259 imponebatur
788 1223 825 1248 rei
846 1223 871 1248 in
891 1223 947 1248 iure
965 1220 1048 1247 vindi-

205 1266 314 1297 candae,
338 1267 400 1292 item
420 1276 497 1292 servo
517 1267 543 1292 in
562 1265 710 1292 libertatem
730 1264 901 1297 adserendo.)
943 1264 961 1291 I.
985 1266 1048 1298 Sy.

205 1308 324 1335 Festuca.
345 1308 386 1335 CI'.
408 1308 431 1335 h.
451 1319 474 1335 v.
514 1308 557 1334 III.
578 1309 645 1335 Cn.
670 1308 722 1343 Qui
742 1307 900 1338 vindicabat,
921 1307 1047 1333 festucam

204 1352 318 1383 tenebat,
337 1351 433 1377 deinde
452 1352 535 1388 ipsam
554 1361 608 1377 ren]
627 1349 850 1387 adprehendehat,
874 1350 947 1376 velut
966 1350 1048 1376 homi-

204 1405 272 1426 nem,
292 1399 318 1421 et
336 1395 370 1420 ita
390 1394 506 1421 dicebat:
523 1410 553 1413 —
568 1394 660 1426 ..Eece
679 1393 726 1419 tibi
741 1391 881 1418 vindictam
896 1394 1047 1430 imposui⁴⁶3

205 1443 231 1464 et
244 1437 322 1464 simul
336 1437 435 1463 homini
454 1437 580 1464 festucam
600 1436 758 1474 imponebat.
779 1451 811 1454 —
832 1435 941 1462 Festum
962 1441 1047 1462 autem

204 1480 352 1512 utebantur,
372 1481 447 1516 quasi
466 1480 555 1506 hastae
575 1479 642 1511 loco.
658 1481 732 1515 signo
752 1477 865 1515 quodam
885 1480 946 1505 iusti
967 1479 1048 1505 domi-

203 1524 248 1549 nii.
268 1523 324 1549 Gai.
344 1523 388 1549 IV.
404 1525 444 1549 16.
464 1522 550 1549 Valer.
571 1522 648 1549 Proh.
668 1522 718 1548 litt.
739 1521 834 1556 singul.
855 1521 887 1547 de
907 1523 1001 1548 action.
1022 1532 1045 1547 v.

203 1566 230 1593 S.
251 1566 278 1592 S.
299 1566 330 1593 C.
351 1565 488 1592 Vindictae
506 1566 654 1602 impositio,
680 1575 729 1601 qua
750 1565 858 1591 libertas
878 1565 944 1591 iusta
966 1566 1047 1591 muni-

204 1614 254 1636 tur.
275 1620 296 1636 c.
315 1611 339 1635 2.
360 1610 381 1635 si
402 1608 459 1635 adv.
478 1608 564 1635 libert.
584 1610 608 1634 2.
627 1610 669 1634 31.
690 1608 720 1634 l'r.
739 1610 777 1634 14.
798 1607 819 1640 5.
841 1609 862 1633 l.
883 1607 915 1634 (le
935 1618 1046 1633 manum.

204 1654 245 1678 40.
267 1653 288 1678 l.
309 1652 339 1678 fr.
362 1653 400 1678 19.
420 1652 441 1685 5.
455 1653 478 1678 4.
499 1651 531 1677 de
550 1656 627 1677 castr.
648 1661 704 1688 pec.
724 1653 765 1677 49.
788 1652 826 1676 17.
847 1650 916 1676 Iusta
937 1661 966 1677 ac
986 1650 1047 1686 legi-

204 1696 265 1721 tima
284 1695 488 1721 manumissione
507 1694 642 1723 liberetur,
666 1695 681 1719 i.
703 1704 723 1720 e.
744 1693 868 1724 vindicta,
893 1698 937 1719 aut
957 1703 1046 1722 censu.

205 1743 248 1764 aut
267 1743 431 1765 testamento.
451 1737 507 1764 Gai.
523 1737 541 1763 Ι.
558 1739 596 1763 17.
611 1739 651 1763 4-1.
667 1739 724 1763 138.
746 1736 804 1773 le.
823 1736 841 1762 I.
856 1738 879 1762 6.
900 1746 939 1772 sq.
960 1736 990 1762 fr.
1006 1737 1046 1762 12.

205 1781 226 1815 5.
245 1783 269 1807 2.
289 1780 322 1807 de
340 1780 442 1806 liberali
462 1791 483 1806 c.
504 1782 544 1805 40.
566 1782 605 1805 12.

239 1823 409 1850 Vindius.
442 1824 557 1850 Nomen
577 1824 674 1853 Leti,
699 1823 761 1858 (qui
781 1821 945 1859 temporibus
965 1822 1047 1848 Anto-

205 1867 259 1892 nini
279 1866 317 1892 Pii
336 1867 427 1899 vixit.)
464 1865 506 1892 111.
527 1867 592 1893 Cn.
621 1865 731 1891 Vindius
756 1870 838 1901 putat,
858 1879 891 1884 —
911 1864 989 1900 idque
1009 1864 1048 1890 Iu-

206 1909 289 1935 lianus
309 1908 408 1934 scribit.
429 1907 458 1934 sr.
478 1911 502 1934 2.
522 1909 543 1942 5.
556 1910 578 1934 l.
598 1909 620 1934 si
640 1919 672 1934 ex
692 1918 752 1934 nox.
773 1918 786 1934 c
805 1911 828 1934 2,
842 1909 865 1933 9.
889 1907 964 1934 Vind.
985 1908 1047 1933 scri·
1069 1929 1070 1934 .

204 1952 252 1983 bit,
273 1967 304 1970 —
324 1950 463 1977 Marcellus
483 1956 568 1977 autem
588 1956 669 1988 putat.
691 1950 720 1977 l'r.
736 1953 759 1977 7.
779 1951 862 1984 518.
883 1950 915 1976 de
934 1955 1002 1987 pact.
1022 1952 1046 1976 2.

207 1996 246 2021 14.
266 1993 344 2021 Vind.
364 1999 455 2020 noster
473 1995 541 2026 (ait.)
562 1994 592 2020 fr.
613 1996 654 2020 32.
674 1993 696 2026 5.
716 1995 739 2019 4.
760 1993 791 2019 ad
811 1993 840 2020 L.
855 1993 923 2019 Falc.
943 1995 984 2019 35.
1004 1995 1028 2019 2.

240 2038 373 2064 Vinea.
393 2039 495 2063 Locus
517 2039 639 2063 vitibus
658 2038 813 2063 consitus.
847 2036 888 2062 III.
902 2038 968 2064 Gn.
982 2036 1046 2072 Agri

205 2080 244 2106 sic
262 2081 288 2106 in
309 2090 415 2106 censum
435 2079 592 2106 referantur:
613 2095 645 2099 --
670 2089 759 2105 arvum
780 2084 843 2116 quot
863 2081 979 2115 iugerum
999 2080 1046 2109 sit3

205 2123 293 2153 vinea.
319 2128 383 2158 quot
402 2123 469 2148 vites
489 2122 590 2148 habeat.
616 2122 646 2148 sr.
666 2123 689 2148 4.
733 2132 753 2148 r.
774 2122 805 2148 de
826 2123 924 2148 censib.
944 2124 985 2148 50.
1007 2124 1046 2148 15.

206 2163 257 2190 Th.
277 2164 308 2191 C.
329 2164 372 2191 IX.
393 2167 434 2191 42.
455 2175 475 2191 c.
496 2166 518 2191 7.
548 2164 580 2191 de
608 2165 668 2190 hon.
689 2175 790 2201 proscr.
817 2164 929 2195 Vineae,
959 2175 1048 2202 poma·

207 2207 252 2238 ria,
271 2207 347 2233 horti.
368 2207 398 2234 fr.
412 2210 452 2233 54.
474 2208 494 2242 5.
509 2210 533 2234 2.
555 2207 586 2233 de
605 2207 693 2233 hered.
714 2212 767 2244 pet.
787 2210 813 2233 5.
828 2209 852 2233 3.
873 2207 944 2233 Paul.
960 2207 991 2233 V.
1005 2209 1046 2233 20.

207 2250 228 2282 5.
247 2250 271 2275 3
298 2249 327 2275 fr.
348 2252 387 2277 13.
411 2251 432 2284 5.
453 2253 475 2276 5.
500 2250 532 2276 de
551 2250 631 2276 ususr.
658 2252 680 2276 7.
704 2252 724 2275 l.
757 2250 851 2281 Omne,
872 2266 903 2270 ·—
924 2250 994 2287 quod
1015 2260 1047 2276 ex

207 2293 281 2317 vinea
302 2297 401 2321 natum.
420 2295 508 2319 vinum
530 2293 678 2329 permansit.
700 2292 729 2318 fr.
749 2294 772 2319 9.
793 2303 831 2330 pr.
853 2293 885 2319 (11·
905 2294 956 2319 trit.
977 2294 1046 2319 vino.

207 2336 248 2360 33
268 2336 291 2360 6.
325 2333 355 2360 L.
379 2335 427 2360 XII
450 2335 533 2362 Tabb.
561 2345 644 2371 neque
668 2335 772 2361 solvere
796 2337 923 2373 permittit
949 2337 1047 2371 tignum

208 2378 341 2408 furtivum,
360 2376 467 2403 aedibus
486 2379 527 2405 vel
547 2379 631 2404 vineis
651 2379 776 2405 iunctum.
802 2389 886 2414 neque
906 2378 1046 2405 vindicare.

208 2420 238 2446 I'r.
254 2421 276 2445 l.
293 2429 332 2456 pr.
352 2418 384 2444 (19
403 2420 473 2454 tigno
492 2422 571 2450 iunct,
592 2423 633 2447 47.
647 2423 671 2447 3.
692 2420 719 2446 In
740 2421 909 2446 aedificandis
929 2421 1047 2453 aedibus,

209 2467 235 2488 et
252 2463 279 2488 in
297 2461 455 2498 reponendis
475 2464 701 2500 propagandisque
721 2465 812 2489 vineis.
834 2464 863 2490 I'r.
880 2466 918 2490 12.
934 2464 966 2491 de
986 2466 1046 2502 imp.

210 2506 235 2530 in
255 2514 297 2530 res
317 2504 369 2530 dot.
390 2506 431 2530 25.
454 2507 475 2530 1.

244 2547 456 2574 vinearius.

210 2590 251 2616 III.
273 2591 338 2617 Cn.
358 2589 442 2619 Horti.
462 2605 492 2609 —-
513 2591 620 2616 vinearii
638 2591 713 2624 sorte,
733 2592 774 2618 vel
794 2593 871 2618 etiam
890 2592 996 2619 olitorii.
1016 2593 1046 2619 fr.

212 2634 269 2659 198.
290 2632 322 2658 (19
341 2631 372 2658 V.
393 2632 420 2658 S.
440 2634 481 2658 50.
504 2634 542 2658 16.

243 2675 432 2702 Vinctum.
464 2677 545 2701 Pars
568 2677 683 2711 fundi,
704 2687 782 2710 quae
798 2681 914 2712 plnres
935 2680 1047 2704 vineas

209 2721 359 2745 continet.
396 2717 438 2743 III.
459 2719 524 2745 Cn.
551 2717 655 2749 Vini—tn,
676 2722 701 2743 et
720 2719 814 2746 oliveta
834 2721 961 2753 (tacere.)
985 2720 1045 2757 le.

210 2761 252 2787 Vl.
274 2762 312 2786 16.
333 2760 361 2786 In
381 2761 469 2786 vineto
489 2770 594 2786 uvarum
617 2760 714 2786 furtum
738 2761 845 2795 sactum.
873 2763 996 2800 quamdiu
1020 2765 1045 2789 in

211 2814 241 2831 eo
260 2805 348 2830 vineto
368 2803 409 2829 [ur
428 2804 463 2829 sit
482 2808 530 2829 etc.
555 2803 611 2829 Gai.
631 2802 672 2829 III.
694 2804 749 2829 184.

494 2546 629 2580 (Adiect.)
667 2551 712 2575 Ad
736 2551 860 2575 vineam
885 2556 1046 2583 spectans.
1069 2566 1070 2576 1

1855 157 1937 187 1005

1127 239 1276 266 Vinum.
1291 240 1321 272 §.
1334 241 1368 266 l.
1386 241 1510 274 Liquor
1528 249 1566 265 ex
1585 240 1658 265 nris
1677 248 1860 271 expressus.
1892 238 1935 264 III.

1093 283 1159 309 0³1.
1179 282 1208 307 Si
1223 292 1253 308 ex
1269 283 1326 308 uvis
1343 283 1407 308 meis
1423 283 1510 308 vinum
1531 282 1632 307 feceris.
1651 296 1681 300 ——
1698 280 1760 306 Item
1781 281 1802 306 si
1823 291 1854 306 ex
1874 282 1935 306 vino

1093 329 1118 350 et
1138 324 1215 350 melle
1234 335 1291 350 meo
1312 325 1424 351 mulsum
1444 324 1545 350 seceris.
1566 324 1622 351 Gai.
1643 323 1673 350 II.
1689 325 1727 350 79.
1750 323 1780 349 cf.
1802 323 1831 348 fr.
1852 326 1876 349 9.
1896 332 1934 359 pr.

1093 366 1125 392 de
1144 368 1197 393 trit.
1216 368 1285 393 vino.
1305 369 1346 394 353.
1366 370 1390 394 6.
1410 368 1492 397 [vae.
1513 383 1544 386 —
1565 376 1629 403 quas
1650 376 1702 392 non
1722 367 1776 392 vini
1796 376 1873 391 causa
1893 365 1936 391 ha-

1093 409 1212 435 beremus
1242 410 1339 436 f1=.203.
1361 410 1393 436 de
1413 409 1443 436 V.
1458 410 1485 436 S.
1500 412 1541 435 50.
1558 411 1596 435 lss.
1617 408 1713 435 Vinum
1733 409 1934 446 amphorarium.
1969 431 1977 439 ,

1070 455 1071 460 ’
1093 453 1249 484 aminaeum,
1273 463 1407 489 graecum,
1433 458 1458 479 et
1481 452 1566 478 dulcia
1586 453 1679 478 omnia.
1705 452 1735 478 fr.
1757 454 1795 478 16.
1816 452 1837 485 5.
1857 454 1881 477 2.
1903 451 1936 477 (19.

1093 496 1145 521 trit.
1159 496 1229 522 vino.
1243 497 1283 522 33,
1299 497 1322 522 6.
1343 495 1403 522 Vini
1424 496 1541 532 campani
1561 495 1621 521 boni
1642 495 1782 532 amphorae
1797 494 1828 520 C.
1849 494 1878 520 fr.
1895 496 1935 520 75.

1093 538 1114 571 5.
1134 540 1157 564 2.
1179 538 1210 564 de
1229 538 1260 565 V.
1281 538 1314 565 Ο.
1333 539 1375 564 45.
1397 540 1419 564 l.
1456 537 1551 564 Vinum
1571 548 1676 567 novum,
1696 548 1743 574 pro
1762 543 1860 569 vetere,
1880 536 1937 563 reda

1094 580 1164 607 dere.
1183 581 1214 607 fr.
1236 583 1276 607 12.
1296 581 1328 607 de
1346 581 1377 607 R.
1399 580 1428 607 C.
1452 583 1490 607 12.
1512 583 1533 607 1.
1554 580 1603 607 Th.
1625 580 1655 607 C.
1676 581 1730 607 VII.
1750 582 1774 607 4.
1799 592 1820 607 c.
1839 582 1880 606 25.
1902 579 1934 605 de

1094 633 1163 659 erog.
1183 623 1235 650 mil.
1257 634 1315 650 ann.
1336 624 1440 655 Vinum,
1460 628 1537 659 atque
1556 628 1665 650 acetum.
1686 623 1721 650 111.
1737 634 1757 650 c.
1773 626 1796 649 4.
1812 634 1833 650 c.
1848 624 1871 649 6.
1887 622 1903 648 l.
1919 622 1935 648 l.

1093 666 1155 697 Res,
1176 676 1241 703 quae
1261 668 1286 692 in
1306 667 1389 693 abusu
1408 668 1585 695 continentur.
1610 671 1700 703 utputa
1720 668 1818 698 vinum,
1841 665 1936 697 oleum,

1094 710 1216 735 triticum.
1242 709 1301 746 le.
1326 709 1424 736 XXIV.
1447 711 1489 735 27.
1516 709 1547 735 cs.
1572 710 1628 736 Gai.
1649 709 1679 735 II.
1701 711 1756 735 196.
1785 724 1817 728 —-
1846 708 1876 741 ς’.
1900 709 1935 734 2.

1093 754 1194 778 Polus
1214 754 1353 786 quilibet
1375 755 1514 779 vinosus
1556 751 1599 778 III.
1624 753 1690 780 Gn.
1721 752 1771 783 Ea,
1796 762 1860 788 quae
1881 751 1935 776 vini

1093 794 1152 820 loco
1173 795 1304 831 paterfam.
1325 795 1422 821 habuit.
1449 794 1479 821 fr.
1498 796 1523 821 3.
1548 795 1569 828 5.
1590 796 1613 821 4.
1638 795 1669 821 de
1693 805 1762 832 penu
1782 794 1830 830 leg.
1849 795 1891 820 3-3.
1911 794 1936 819 9.

1093 837 1124 864 91.
1145 837 1175 864 1ἰ·.
1192 839 1212 864 1.
1233 837 1265 863 de
1284 839 1338 864 trit.
1358 840 1427 864 vino.
1446 840 1488 864 33.
1506 840 1528 864 6.
1549 837 1766 875 intemperantiae
1785 838 1844 863 vina
1864 846 1937 872 prae-

1070 885 1071 891 *
1093 880 1163 906 bere.
1184 880 1233 906 Th.
1254 880 1285 907 C.
1305 880 1349 907 IX.
1371 883 1393 907 7.
1415 891 1435 907 c.
1458 883 1478 906 1.
1500 880 1530 906 ad
1550 880 1579 907 L.
1600 881 1646 908 Iul.
1667 881 1699 907 de
1719 880 1843 907 adult.-—
1858 880 1935 912 §.3.

205 924 248 951 111.
260 926 326 952 Gn.
341 924 381 951 Ab
402 925 467 962 ipsis
487 925 552 951 ratio
572 928 597 949 et
615 923 730 949 vindicta
751 924 875 958 exigatur.
896 921 925 948 fr.
943 923 967 947 4.
988 922 1008 955 5.
1023 923 1047 947 2.
1069 919 1070 930 ¹

1094 924 1370 957 Competalioues.
1403 926 1566 950 Ebrietas.
1601 924 1644 951 III.
1668 925 1735 951 Gn.
1762 923 1812 949 Per
1835 924 1934 953 vinum,

1092 969 1136 990 aut
1154 964 1296 996 lasciviam,
1321 966 1396 1003 lapsi.
1423 966 1452 992 l'r.
1472 968 1495 992 6.
1521 967 1541 1000 5.
1563 968 1585 993 7.
1606 967 1638 993 de
1658 967 1688 993 R.
1708 966 1741 993 M.
1766 968 1807 992 49.
1830 966 1869 991 16.
1907 964 1936 991 Si

1092 1017 1139 1044 per
1158 1009 1254 1038 vinum,
1275 1014 1317 1035 aut
1336 1009 1462 1035 desidiam
1483 1010 1601 1036 custodis
1622 1009 1660 1043 (id
1680 1010 1818 1041 evenerit.)
1839 1008 1869 1034 fr.
1892 1010 1931 1034 12.

1091 1060 1130 1087 pr.
1151 1050 1184 1076 de
1204 1055 1269 1076 cust.
1290 1056 1315 1076 et
1335 1052 1421 1078 exhil).
1441 1055 1482 1078 48.
1502 1054 1526 1078 3.

1127 1093 1292 1120 violare·
1312 1095 1342 1127 ξ.
1369 1096 1402 1120 l.
1424 1097 1651 1129 Corrumpere,
1674 1096 1834 1125 Minuere,
1856 1096 1936 1120 Lae-

1092 1138 1170 1162 dere.
1208 1136 1250 1162 III.
1269 1138 1334 1164 Cn.
1356 1136 1394 1162 Ne
1409 1138 1471 1173 qnid
1488 1138 1520 1163 de
1536 1138 1614 1164 rebus
1629 1139 1665 1164 rei
1683 1139 1798 1174 privatae
1814 1136 1936 1163 violetur.

1093 1178 1142 1204 Th.
1163 1178 1194 1204 C.
1214 1179 1246 1205 X.
1268 1181 1289 1204 1.
1311 1190 1331 1206 c.
1352 1181 1375 1205 9.
1396 1179 1428 1205 (19.
1448 1181 1502 1206 iure
1521 1181 1587 1206 lisci.
1620 1181 1672 1216 Qui
1693 1180 1864 1217 sepulchrum
1884 1180 1938 1205 vio-

1092 1221 1212 1253 laverint.
1232 1226 1276 1248 aut
1295 1222 1328 1248 de
1347 1222 1490 1259 sepulchro
1510 1223 1608 1259 aliquid
1629 1223 1792 1249 sustulerint.
1824 1222 1897 1248 Paul.
1917 1221 1936 1248 I.

1092 1266 1134 1290 21.
1153 1264 1192 1298 55
1211 1268 1235 1291 5.
1256 1267 1279 1290 9.
1306 1264 1354 1292 Τ11.
1376 1265 1407 1292 C.
1429 1265 1472 1291 lx.
1495 1267 1533 1291 17.
1554 1276 1574 1292 e.
1595 1267 1618 1292 4.
1645 1266 1676 1292 de
1696 1266 1780 1302 sepul.
1801 1265 1864 1291 viol.
1884 1264 1938 1291 Mu-

1092 1317 1145 1338 ros.
1165 1317 1188 1334 v.
1209 1307 1315 1334 Statuas
1336 1313 1384 1334 etc.
1405 1308 1511 1334 violare.
1533 1308 1563 1334 sr.
1580 1310 1619 1334 11.
1640 1308 1672 1334 de
1686 1309 1719 1335 D.
1734 1308 1764 1334 R.
1786 1309 1845 1334 1.8.
1866 1308 1896 1334 fr.
1912 1309 1935 1333 7.

1092 1350 1114 1383 5.
1134 1353 1157 1376 4.
1183 1350 1214 1376 ad
1238 1349 1267 1376 L.
1288 1350 1334 1377 Iul.
1355 1353 1412 1377 mai.
1437 1354 1478 1377 45.
1498 1353 1522 1377 4.
1552 1368 1582 1372 —-
1613 1351 1643 1384 ξ.
1664 1353 1699 1378 2.
1730 1352 1937 1378 Contumelia

1093 1395 1246 1429 adficere.
1284 1393 1303 1420 I.
1324 1395 1386 1429 Sy.
1413 1394 1598 1431 Corrumpere.
1625 1393 1665 1420 Cl'.
1687 1393 1710 1419 h.
1729 1404 1752 1420 v.
1772 1394 1792 1427 5.
1813 1395 1835 1419 4.
1874 1393 1938 1419 Lae—

1093 1436 1154 1462 dere
1174 1436 1334 1473 (pudorem,
1360 1447 1380 1463 s.
1402 1438 1574 1469 castitatem.)
1599 1436 1648 1463 Th.
1670 1436 1701 1462 C.
1720 1436 1765 1462 IX.
1786 1437 1810 1462 8.
1831 1446 1851 1462 c.
1873 1438 1895 1462 1.
1915 1437 1938 1462 si

1092 1489 1135 1516 qn.
1156 1489 1210 1505 eam
1231 1480 1279 1505 cui.
1300 1484 1347 1506 tut.
1381 1480 1423 1506 III.
1439 1481 1505 1507 Gn.
1526 1479 1618 1516 Neque
1638 1480 1830 1505 matrimonium
1851 1478 1939 1515 quale-

1093 1532 1202 1558 cunque.
1227 1532 1275 1548 nec
1299 1532 1372 1558 spem
1397 1523 1556 1548 matrimonii
1580 1522 1687 1548 violare.
1708 1522 1738 1548 fr.
1761 1524 1799 1548 13.
1820 1522 1841 1555 5.
1861 1524 1885 1548 3.
1906 1521 1938 1548 ad

1091 1564 1121 1591 L.
1140 1564 1187 1590 Iul.
1208 1564 1240 1591 de
1259 1565 1340 1591 adult.
1360 1567 1399 1591 45.
1420 1567 1442 1590 5.
1482 1564 1659 1591 Contumeliis
1678 1570 1805 1602 patronos
1826 1575 1838 1589 a
1860 1564 1938 1590 111191·-

1092 1609 1126 1634 tis
1147 1618 1205 1634 9559
1224 1607 1345 1634 violatos.
1370 1607 1399 1634 sr.
1420 1609 1443 1633 6.
1464 1608 1528 1641 51.
1554 1607 1586 1633 (19
1606 1607 1680 1641 adgn.
1702 1612 1727 1633 et.
1747 1607 1832 1633 alend.
1851 1609 1892 1634 25.
1912 1609 1936 1633 3.

1093 1651 1165 1686 Quas
1187 1652 1238 1683 (sc.
1259 1650 1371 1682 herbas)
1397 1650 1472 1686 legati
1498 1650 1525 1676 P.
1546 1650 1576 1676 R.
1603 1650 1670 1676 serre
1693 1650 1795 1681 solent,
1819 1660 1851 1676 119
1877 1651 1937 1686 (11115

1093 1704 1138 1720 905
1158 1693 1277 1720 violaret.
1298 1693 1328 1720 fr.
1348 1696 1371 1719 8.
1392 1694 1413 1727 5.
1437 1696 1458 1719 1.
1479 1693 1511 1719 de
1530 1693 1560 1719 R.
1582 1693 1614 1719 D.
1637 1695 1658 1718 1.
1678 1694 1702 1719 8.

1126 1736 1300 1763 Violatio.
1322 1738 1508 1770 Corrupeio.
1537 1736 1578 1762 Ill.
1595 1737 1660 1763 Gn.
1674 1735 1715 1762 Ad
1737 1736 1936 1773 impudicitiam,

1091 1784 1247 1816 turpemque
1266 1779 1434 1805 violationem
1454 1778 1644 1814 (compellere,
1665 1789 1701 1805 sc.
1722 1780 1841 1811 servos.)
1862 1778 1892 1805 Τι’.
1911 1780 1935 1805 2.

1092 1822 1124 1848 de.
1145 1822 1168 1848 h.
1188 1823 1231 1858 qui
1252 1823 1301 1848 sui.
1324 1824 1346 1848 l.
1366 1823 1390 1848 6.

1126 1866 1308 1892 Violator.
1341 1866 1534 1892 Temerator.
1576 1864 1618 1890 III.
1640 1865 1705 1892 Cn.
1735 1864 1868 1890 Divalium
1888 1866 1937 1891 sei-

1092 1914 1186 1940 torum,
1207 1919 1226 1934 s.
1247 1908 1344 1944 Legum
1365 1912 1521 1935 nostrarum.
1540 1907 1690 1933 violatores.
1715 1906 1764 1933 Th.
1786 1907 1816 1933 C.
1837 1906 1892 1933 VH.
1912 1910 1935 1933 4.

1093 1962 1112 1978 c.
1132 1953 1173 1978 30.
1199 1951 1231 1977 de
1250 1961 1318 1987 erog.
1340 1950 1392 1976 mil.
1413 1960 1451 1976 an.
1477 1949 1546 1976 XVI.
1566 1952 1590 1976 8.
1616 1960 1637 1976 9.
1661 1951 1698 1976 14.
1720 1950 1752 1976 de
1771 1949 1825 1976 Iud.
1859 1950 1934 1985 Quae

1091 2004 1174 2031 poena
1194 2004 1246 2020 non
1266 1994 1351 2020 solum
1372 1992 1545 2019 violatoribus
1570 1992 1647 2019 huius
1673 1994 1871 2019 constitutionis
1891 1994 1936 2019 im-

1092 2037 1213 2069 minebit,
1238 2037 1285 2063 sed
1306 2038 1381 2063 etiam
1402 2036 1472 2067 aliis.
1494 2036 1537 2072 qui
1558 2035 1650 2062 violari
1670 2046 1725 2061 eam
1746 2037 1934 2062 concesserint.

1091 2079 1139 2106 Iul.
1161 2090 1201 2116 cp.
1221 2090 1281 2106 nov.
1302 2081 1343 2106 56.
1363 2080 1385 2112 5.
1405 2080 1463 2105 200.

1126 2123 1332 2149 Violenter.
1353 2121 1474 2155 (Advb.)
1499 2122 1655 2147 Adhibita
1675 2122 1714 2147 vi.
1752 2120 1794 2147 nl.
1815 2122 1881 2148 Gn.
1906 2120 1935 2147 Si

1092 2165 1155 2201 quid
1175 2181 1206 2184 —
1226 2165 1353 2191 adversus
1374 2166 1541 2191 resistentem
1561 2162 1701 2189 violentius
1723 2162 1820 2189 fecerit.
1842 2163 1871 2189 sr.
1891 2164 1934 2190 29.

1092 2208 1113 2241 5.
1135 2209 1157 2233 7.
1182 2207 1213 2234 ad
1232 2207 1261 2234 L.
1282 2208 1350 2244 Aqu.
1370 2209 1393 2233 9.
1414 2209 1437 2233 2.

1093 2261 1113 2277 c.
1135 2253 1158 2276 5.
1179 2250 1211 2276 de
1232 2261 1303 2277 usuc.
1325 2261 1348 2287 p.
1370 2255 1429 2276 emt.
1451 2251 1473 2275 7.
1492 2250 1534 2274 26.

1476 2206 1612 2232 Violenter
1635 2207 1805 2242 possessione
1831 2207 1934 2232 amissa.

1126 2294 1329 2320 Violentia.
1350 2294 1381 2326 ξ.
1397 2294 1430 2318 l.
1446 2294 1588 2325 lmpetns
1605 2293 1932 2326 11imius.Asperitas.

1092 2336 1134 2362 III.
1156 2338 1221 2363 Cn.
1247 2335 1275 2361 Si
1296 2334 1420 2361 violentia
1440 2339 1577 2360 ventorum
1602 2334 1655 2365 (59.
1676 2333 1701 2359 id
1722 2334 1872 2367 acciderit.)
1891 2335 1932 2361 vel

1092 2389 1140 2414 qua
1161 2378 1209 2404 alia
1229 2379 1338 2407 ratione.
1359 2388 1424 2414 qnae
1443 2378 1494 2403 vim
1515 2376 1591 2402 habet
1612 2376 1733 2402 divinam.
1758 2377 1787 2403 fr.
1807 2380 1848 2403 24.
1869 2378 1890 2411 5.
1910 2380 1934 2404 4.

1093 2421 1125 2447 de
1145 2420 1228 2447 damn.
1253 2420 1296 2446 ins.
1321 2422 1361 2446 39.
1382 2422 1405 2446 2.
1444 2419 1493 2445 Per
1517 2419 1667 2445 violentiam
1691 2421 1758 2455 ignis
1778 2420 1933 2447 absnmtum.

1092 2463 1175 2489 Vatic.
1199 2464 1220 2496 5.
1240 2465 1281 2488 23.
1320 2462 1405 2488 Poena
1430 2462 1563 2499 plectendi
1589 2467 1662 2493 sunt,
1687 2473 1734 2499 pro
1755 2479 1786 2482 -
1807 2463 1934 2490 sactorum

1092 2505 1225 2532 violentia.
1251 2506 1280 2531 l‘r.
1300 2507 1324 2531 3.
1349 2506 1370 2538 5
1390 2508 1414 2531 2.
1435 2505 1467 2531 (19
1487 2510 1560 2530 term.
1580 2510 1642 2530 mot.
1661 2507 1702 2531 47.
1722 2507 1764 2531 21.
1790 2520 1821 2523 —
1846 2507 1877 2540 ξ.
1898 2508 1933 2533 2.

1096 2550 1150 2575 l'is
1169 2550 1305 2574 illicita.
1343 2547 1361 2574 I.
1385 2549 1446 2582 sy.
1472 2546 1526 2573 Vis.
1548 2547 1576 2573 fr.
1597 2549 1638 2573 23.
1659 2558 1697 2584 pr.
1719 2548 1762 2583 Qu
1789 2553 1848 2575 met.
1869 2559 1889 2575 c.
1909 2551 1933 2575 4.

1091 2594 1115 2617 2.
1136 2590 1185 2617 Th.
1206 2589 1236 2616 C.
1256 2590 1300 2616 lv.
1319 2592 1361 2616 22.
1389 2601 1410 2616 9.
1433 2592 1453 2616 1.
1474 2590 1542 2616 unde
1562 2591 1594 2616 vi.
1614 2590 1658 2616 IX.
1680 2592 1718 2617 10.
1740 2601 1760 2617 c.
1783 2593 1804 2618 l.
1825 2592 1881 2628 51111.
1902 2592 1933 2618 ad

1091 2633 1121 2659 L.
1141 2633 1187 2659 Iul.
1208 2633 1240 2659 (19
1259 2634 1284 2659 vi
1304 2633 1365 2670 111111.
1408 2632 1450 2659 111.
1471 2634 1537 2660 Cn.
1562 2634 1693 2668 Quoniam
1717 2634 1797 2660 multa
1817 2634 1931 2661 facinora

1092 2676 1141 2702 sub
1162 2686 1212 2701 uno
1233 2676 1419 2706 .‚violentiae⁴*
1440 2677 1543 2701 nomine
1563 2677 1737 2703 eontinentur.
1774 2677 1811 2703 lb.
1832 2688 1851 2703 c.
1873 2679 1894 2702 l.
1915 2676 1930 2702 l.

1092 2718 1125 2745 Vi
1144 2718 1265 2745 (1911911111-
1280 2735 1309 2738 -
1325 2723 1349 2744 et
1370 2720 1400 2749 iS,
1421 2719 1473 2754 qui,
1493 2718 1633 2745 violentiae
1649 2720 1772 2754 opinione
1790 2723 1930 2755 comperta,

1091 2763 1261 2798 possessione
1282 2762 1368 2787 cessit.
1390 2760 1461 2786 Paul.
1482 2760 1512 2787 V.
1527 2762 1549 2786 6.
1565 2762 1585 2794 5.
1600 2763 1623 2787 4.
1644 2762 1752 2788 Illicitas
1773 2763 1929 2792 exactiones„

1091 2809 1116 2830 et
1129 2803 1253 2830 violentia
1275 2803 1317 2837 [al.
1333 2803 1485 2836 violentias]
1506 2803 1596 2836 1991115,
1616 2810 1641 2831 et
1655 2809 1771 2831 extortas
1786 2808 1854 2829 metu
1869 2813 1930 2829 ven-
