2197 3121
265 179 329 212 692

268 262 364 289 Forum
389 262 516 293 suarium,
537 277 569 281 —
593 261 640 288 sed
665 266 691 288 et
714 266 876 289 caeterorum
895 270 1035 299 pecorum,
1054 261 1112 287 sive

267 310 452 332 armentorum.
474 305 503 331 fr.
525 306 547 331 1.
568 305 589 339 5.
611 306 650 331 11.
671 304 703 331 de
723 305 767 331 off.
787 304 839 331 Prf.
859 303 905 331 Vr.
927 306 948 330 1.
970 306 1009 330 12.
1040 303 1112 339 Qua-

267 348 409 386 drupedes.
429 357 495 384 quae
514 347 644 384 pecudum
663 358 772 375 numero
791 353 862 379 sunt,
881 352 908 374 et
926 348 1050 383 gregatim
1070 346 1113 372 ha-

267 391 370 418 bentur.
391 390 420 417 sr.
440 394 464 417 2.
491 390 512 424 5.
533 392 557 417 2.
578 390 610 417 cf.
630 401 668 428 pr.
695 391 725 418 fr.
744 393 786 418 29.
811 392 833 425 5.
853 392 877 417 6.
897 390 929 416 ad
949 390 977 417 L.
997 390 1067 427 Aqu.
1087 391 1111 416 9.

265 437 290 460 2.
317 433 373 460 Gai.
394 433 434 459 lll.
457 435 516 460 210.
542 435 602 460 217.
627 433 700 461 Paul.
720 433 751 461 V.
776 435 816 461 18.
841 434 878 468 55.
902 435 922 459 l.
943 443 1002 470 sqq.
1039 432 1112 459 Grex
1134 429 1135 438 ¹

267 476 377 503 alicuius
402 477 514 513 pecoris.
540 475 597 503 Gai.
617 476 661 503 lv.
683 479 723 504 17.
748 476 780 504 cf.
806 477 834 503 fr.
857 478 895 502 12.
921 476 943 510 5.
961 478 986 502 2.
1011 474 1043 502 de
1062 485 1112 501 usu
1133 468 1135 487 ³

267 524 292 546 et
312 519 391 545 habit.
413 521 436 545 7.
455 520 479 546 8.
518 518 626 546 Fundus
650 519 751 557 legatus
772 530 830 546 cum
849 519 1001 556 mancipiis,
1025 523 1050 545 et
1068 528 1112 555 pe-

267 562 391 593 coribus,
417 566 443 588 et
467 563 537 588 omni
561 563 744 590 instrumento.
772 562 844 590 Paul.
865 562 907 589 lll.
927 563 951 588 6.
975 562 997 596 5.
1017 563 1059 588 47.
1079 560 1111 587 cf.

265 605 288 638 5.
308 606 349 631 44.
371 604 420 631 Th.
441 604 543 632 C.X11.
564 607 586 632 l.
607 616 628 632 c.
648 607 671 632 6.
693 606 726 633 de
745 606 878 637 decurion.
915 605 1048 641 Equinum
1067 614 1112 642 pe-

266 657 321 674 cus,
342 647 378 674 Ib.
399 647 444 674 IX.
462 649 504 674 30.
530 658 551 675 c.
570 651 595 675 2.
625 649 704 684 Quib.
725 659 816 685 equor.
836 659 875 675 us.
913 648 1043 679 lumenta,
1068 651 1112 673 aut

265 700 369 728 pecora.
395 690 425 716 fr.
445 692 486 717 «20.
510 701 549 728 pr.
570 691 602 718 de
626 691 715 718 hcred.
740 696 792 729 pet.
812 694 836 718 5.
855 693 880 718 3.
918 690 1025 721 Pecora,
1045 694 1111 715 ster·
1132 691 1134 707 ¹¹

265 733 374 760 corandi
393 733 435 760 vel
454 734 579 771 pascendi
603 745 679 761 causa
704 735 740 761 ibi
765 735 916 761 constituta.
941 744 962 760 c.
981 736 1006 760 2.
1026 732 1059 759 de
1079 732 1111 759 V.

265 776 293 802 S.
313 777 337 802 6.
356 777 398 802 38.
419 776 452 803 cf.
472 776 502 803 l‘r.
521 779 563 804 30.
583 778 619 811 55
639 780 663 804 3.
683 780 707 804 5.
729 777 786 804 eod.
802 780 847 804 50.
870 779 909 804 16.
932 776 1004 803 Paul.
1024 776 1066 802 llI.
1087 777 1110 803 6.
1132 795 1133 806 ,

264 820 286 853 5.
305 821 347 845 38.
374 818 404 845 sr.
427 821 466 845 14.
491 820 513 853 5.
535 822 557 846 1.
582 820 614 847 de
638 821 699 858 imp.
723 822 750 848 in
774 831 816 848 res
836 821 890 847 dot.
909 822 952 847 25.
974 822 995 847 l.
1032 819 1110 846 Actio
1132 819 1133 838 l

265 862 298 889 de
320 867 398 900 pastu
422 863 534 899 pecoriS.
559 862 589 889 fr.
611 865 651 890 14.
677 865 699 898 5.
719 865 744 891 3.
769 863 801 890 de
824 873 940 901 praescr.
963 873 1006 889 vv.
1028 864 1066 888 19.
1086 864 1110 888 5.
1131 893 1133 896 .

264 904 372 932 Pecoris
392 905 424 931 ad
444 915 536 942 aquam
555 905 691 943 adpulsus.
712 907 743 935 sr.
764 908 785 933 l.
806 907 826 941 5.
849 908 870 932 l.
891 906 923 933 de
943 905 970 932 S.
991 905 1018 932 P.
1035 905 1066 932 R.
1086 908 1109 932 8.

263 950 288 975 3.
327 948 420 975 Partus
444 949 609 981 ancillarum,
635 954 661 975 et
684 949 770 976 foetus
792 959 931 987 pecorum,
952 954 978 975 et
997 948 1109 975 fructus.
1131 949 1132 980 ξ

264 991 295 1018 fr.
311 994 350 1018 12.
368 1002 405 1029 pr.
427 992 478 1027 Qu.
498 997 561 1019 met.
582 1002 603 1018 c.
617 994 640 1018 4.
654 994 679 1018 2.
700 993 730 1019 sr.
743 994 785 1019 48.
806 993 827 1027 5.
841 995 865 1019 5.
885 992 918 1018 de
937 991 998 1018 furt.
1011 993 1053 1018 47.
1067 993 1091 1018 2.

302 1036 593 1062 Pedamentum.
617 1037 734 1068 Polus,
754 1038 862 1062 ridica
883 1037 923 1062 ad
942 1037 1022 1061 vites
1036 1036 1132 1076 ful-3

263 1079 402 1105 ciendas.
439 1077 483 1105 111.
501 1080 568 1106 Cn.
591 1078 631 1105 Ex
651 1078 717 1105 silva
738 1078 833 1105 caedua
852 1077 1008 1115 pedamenta
1028 1083 1053 1104 et
1072 1088 1109 1104 ra·
1130 1099 1131 1109 2

263 1130 320 1147 mos
341 1131 372 1147 ex
393 1120 486 1147 arbore
506 1122 643 1155 (sumere.)
662 1121 693 1148 fr.
715 1123 754 1148 10.
775 1121 807 1148 de
826 1121 907 1148 usufr.
922 1122 945 1147 7.
962 1122 983 1146 l.
1013 1121 1108 1147 Omnia

262 1164 347 1189 vineis
366 1166 528 1197 necessaria,
547 1179 581 1184 —
600 1169 692 1202 utputa
712 1165 836 1202 perticae,
856 1163 1018 1201 pedamenta.
1039 1163 1070 1190 fr.
1086 1165 1108 1190 1.

262 1207 284 1240 5.
306 1208 328 1232 l.
349 1206 381 1233 de
401 1208 472 1243 tigno
492 1209 573 1235 iunct.
593 1209 634 1234 47.
654 1210 678 1234 3.

300 1250 515 1278 Pedaneus.
536 1251 666 1284 (Adiect.)
687 1252 798 1284 Quiab
814 1252 1029 1284 Imperatore,
1049 1260 1107 1276 mez-

259 1294 464 1327 gistratuce,
491 1296 696 1320 constitutus
719 1300 764 1320 est
789 1295 893 1320 indes.
930 1292 948 1319 I.
971 1294 1033 1327 Sy.
1054 1293 1107 1328 Qui
1129 1291 1131 1302 ⁴

262 1336 365 1371 negotia
384 1335 524 1362 humiliora
544 1336 702 1373 disceptant.
723 1336 836 1363 Pedauei
856 1336 991 1369 (iudices.)
1011 1335 1061 1362 Th.
1076 1336 1107 1362 C.
1129 1355 1130 1363 .

262 1377 279 1404 1.
302 1380 341 1404 16.
362 1389 383 1405 c.
397 1382 421 1404 ὅ.
441 1378 546 1412 (ἵνά.)
566 1379 598 1405 (le
618 1380 660 1406 oll.
681 1379 755 1406 lieet.
776 1379 817 1405 Pr.
854 1379 885 1405 11.
903 1382 970 1414 Op.
990 1379 1107 1405 Praetor.
1129 1395 1130 1406 η

262 1436 295 1440 --
316 1420 465 1453 pedaneus,
487 1438 516 1442 —
543 1421 800 1460 Compi-omissarius
825 1423 948 1456 (iudex.)
975 1422 1005 1449 fr.
1025 1425 1050 1449 4.
1075 1422 1107 1449 de
1129 1429 1130 1458 j

262 1468 310 1490 tut.
331 1469 356 1490 et
375 1474 428 1490 cur.
449 1464 500 1490 dat.
519 1466 561 1491 26.
576 1467 600 1491 5.
621 1476 642 1492 c.
656 1467 698 1492 ⁴29.
719 1466 752 1492 de
770 1470 838 1502 pact.
852 1468 876 1492 2.
896 1468 921 1492 4.
957 1465 1108 1492 Moderator
1129 1483 1130 1491 η

261 1516 336 1543 prov.
357 1506 474 1533 Praeses.
490 1524 520 1528 -
540 1507 644 1534 Iudices
664 1508 783 1545 pedanei.
804 1507 854 1535 Th.
869 1508 900 1535 C.
914 1508 930 1535 I.
944 1508 962 1535 l.
982 1508 1014 1535 cl'.
1034 1508 1106 1535 Paul.

262 1548 293 1575 V.
307 1552 347 1575 2⁵3.
369 1550 389 1583 5.
406 1552 427 1576 l.
465 1550 556 1583 ludes(⁷
577 1552 618 1578 cui
638 1551 724 1588 aliqua
744 1551 901 1578 iurisdictio.
917 1567 949 1571 —
970 1551 1107 1578 Pedaueus
1129 1577 1130 1586 ἕ

261 1592 347 1619 iudex.
368 1602 389 1618 c.
409 1595 433 1619 3.
454 1593 499 1620 ubi
519 1599 545 1620 et
564 1605 604 1631 ap.
625 1605 667 1631 qu.
687 1596 711 1620 2.
731 1596 773 1620 47.
794 1605 815 1621 c.
837 1597 876 1621 15.
897 1594 929 1621 de
948 1594 1026 1621 iudic.
1039 1596 1064 1621 3.
1085 1597 1106 1621 l.

260 1634 302 1661 ΙΙΙ.
325 1636 390 1662 Gn.
420 1635 558 1663 Praesides
579 1637 611 1663 de
633 1637 674 1663 his
695 1638 795 1669 causis,
815 1652 847 1656 —
874 1638 899 1663 in
921 1637 1017 1674 quibus
1037 1642 1107 1664 ante-

260 1677 308 1704 hac
332 1678 466 1715 pedaneos
495 1680 597 1707 iudices
622 1679 734 1711 dabant.
768 1681 883 1706 notionis
908 1691 970 1707 suae
999 1691 1107 1707 examen

260 1720 392 1748 adbibere.
420 1732 440 1748 c.
461 1725 485 1749 2.
511 1723 543 1749 de
567 1722 660 1760 pedan.
685 1723 738 1749 iud.
758 1724 782 1749 3.
802 1725 825 1749 3.
862 1724 886 1750 A
911 1724 1106 1759 magistratibus

259 1764 439 1802 pedaneisque
464 1765 596 1792 iudicibus
622 1765 691 1792 dicta
715 1767 853 1793 sententia.
878 1766 927 1793 Th.
949 1767 979 1793 C.
999 1767 1044 1793 XI.
1063 1769 1105 1794 31.

261 1818 282 1833 c.
301 1809 325 1834 3.
351 1808 383 1834 de
407 1819 490 1846 repar.
516 1819 573 1846 app.
616 1808 645 1835 In
669 1809 782 1841 iudicio,
811 1809 853 1835 vel
877 1809 946 1847 apud
971 1810 1106 1847 pedaneos

261 1850 360 1877 iudices
380 1851 500 1888 (querela
520 1852 632 1884 exorta.)
653 1863 674 1878 c.
694 1855 718 1878 2.
739 1852 771 1878 de
791 1852 877 1879 libert.
898 1857 924 1878 et
943 1863 995 1879 eor.
1017 1853 1061 1879 lib.
1081 1855 1105 1879 6.
1127 1870 1128 1876 .

261 1894 284 1919 7.
321 1894 399 1930 Apud
429 1895 563 1931 pedaneos
592 1894 693 1921 iudices
721 1896 830 1921 remissa
856 1895 906 1929 (lis
929 1897 1104 1933 pecuniaria.)

261 1946 281 1962 c.
298 1938 337 1962 ll.
358 1936 391 1962 de
404 1937 434 1963 L.
451 1938 531 1964 Corn.
547 1938 578 1964 de
599 1938 655 1965 fals
669 1940 693 1964 9.
707 1940 748 1964 22.
773 1938 815 1964 Ad
829 1938 973 1975 pedaneum
992 1939 1105 1966 iudicem

260 1980 356 2005 vocari.
387 1980 464 2016 Apud
480 1981 579 2007 iudices
599 1981 731 2017 pedaneos
751 1981 893 2017 postulare.
914 1981 979 2009 1ἰ·..’5.
999 1983 1020 2016 5.
1038 1984 1058 2008 1.
1073 1993 1105 2009 ne

262 2031 305 2058 qu.
326 2032 383 2048 eum
404 2033 446 2059 qu.
467 2025 493 2049 in
513 2025 561 2050 ius.
581 2026 605 2050 2.
627 2026 649 2050 7.
670 2024 703 2051 l‘r.
724 2026 746 2050 1.
772 2025 793 2058 5
814 2026 837 2050 6.
863 2024 895 2050 de
918 2025 1016 2061 postul.
1035 2028 1059 2052 3.
1082 2028 1104 2052 l.

261 2064 331 2097 (Ioh.
353 2064 444 2100 Lydus
469 2066 502 2092 de
526 2067 680 2101 magistr-att.
705 2067 747 2093 Ill.
767 2068 810 2099 8.)

260 2106 392 2144 hospitem
417 2110 491 2136 inviti
517 2110 658 2146 recipiant,
678 2126 709 2129 —
734 2120 819 2146 neque
842 2110 1019 2143 pedaneorum
1038 2112 1104 2138 iudi-

261 2160 318 2176 cum
343 2152 395 2177 sint
420 2152 527 2178 obnoxii
553 2153 686 2189 potestati.
719 2152 768 2179 Tb.
789 2152 819 2179 C.
840 2153 907 2179 Xlll.
934 2156 957 2180 4.
982 2165 1003 2181 c.
1023 2156 1046 2181 4.
1072 2154 1104 2181 de.

261 2203 349 2219 excuS.
370 2194 459 2221 artific.
498 2195 600 2222 Arbitri
619 2195 736 2232 pedanei.
757 2205 778 2222 c.
792 2197 815 2222 6.
835 2206 873 2232 pr.
894 2196 926 2222 de
945 2197 1036 2224 advoc.
1051 2197 1103 2224 div.

261 2235 383 2263 iudicum.
403 2239 427 2263 2.
448 2240 471 2264 8.

298 2281 573 2313 Pedeplssnuln.
598 2283 747 2317 Inferior
769 2284 895 2308 aedium
914 2292 1004 2316 pars,
1025 2285 1104 2319 (quae

261 2323 318 2349 sine
338 2323 511 2349 adscensione
531 2324 641 2355 aditur.)
678 2324 720 2350 lll.
741 2325 807 2351 (Ἰι.
832 2324 896 2351 Muri
918 2326 979 2351 novi
1000 2341 1032 2344 —
1053 2327 1104 2351 sin-

260 2365 336 2401 gulae
356 2371 442 2392 turres
462 2367 488 2392 iu
507 2366 661 2404 pe‹l‹·plauis
681 2368 736 2393 suis
756 2368 901 2404 suscipiant
915 2367 1046 2401 (milites)
1068 2368 1102 2395 lb.

260 2407 315 2434 Vll.
336 2410 359 2434 8.
380 2419 400 2435 c.
424 2411 461 2436 13.
483 2409 515 2435 de
534 2415 621 2436 metat.

298 2451 433 2478 Pedes.
479 2454 541 2485 Qui
563 2455 698 2486 pedibus
723 2454 859 2484 incedit,
885 2455 934 2479 vel
956 2460 1101 2480 meretur.

260 2492 290 2519 II.
306 2495 373 2527 Op·
395 2495 490 2531 Eques.
511 2495 552 2522 Cf.
574 2495 598 2521 h.
617 2505 641 2521 v.
662 2496 682 2528 5.
705 2498 726 2522 1.

298 2537 495 2569 Pedester..
518 2549 538 2564 s.
562 2539 768 2565 Pedestria.
793 2538 922 2571 (adieci.)
951 2539 981 2571 ξ.
1002 2539 1037 2565 1.
1059 2541 1104 2565 Aa

259 2581 395 2612 peditem
415 2587 574 2615 spectans.
612 2580 642 2607 ll.
659 2583 726 2614 01).
747 2581 884 2617 Equester.
906 2581 947 2607 Cf.
963 2581 986 2607 h.
1001 2591 1024 2607 v.
1045 2582 1066 2615 5.
1081 2583 1101 2607 1.

262 2637 293 2640 -
313 2623 343 2655 §0
363 2625 398 2649 2.
423 2625 615 2650 Terrestris.
653 2623 683 2650 Il.
704 2625 771 2657 Op.
793 2623 926 2650 l’edestre.
942 2640 972 2644 —
993 2623 1103 2661 Navigio

262 2665 344 2697 (iter.)
364 2666 394 2692 l'r.
417 2668 437 2692 l.
459 2666 479 2699 5.
503 2668 541 2692 14.
563 2665 595 2692 de
615 2666 711 2693 llumin.
733 2668 774 2692 43.
796 2668 835 2692 12.

300 2708 514 2735 Peniculus.
551 2711 677 2735 Parrus
704 2719 775 2743 pes,
807 2719 864 2742 quo
893 2712 1025 2744 aliquid
1051 2720 1102 2736 sn-

261 2751 410 2776 stinetur.
447 2751 490 2777 lll.
515 2752 581 2778 Cn.
607 2751 741 2778 Pediculis
771 2752 900 2787 argenteis
926 2751 1046 2779 adiuncta
1070 2753 1103 2779 si-

261 2791 321 2828 gilla
341 2802 426 2817 aem-a.
448 2792 476 2819 l'r.
491 2796 531 2819 32.
552 2804 590 2830 pr.
611 2794 643 2820 de
663 2804 725 2821 auro
746 2804 797 2831 arg.
816 2796 859 2820 34.
878 2796 902 2820 2.

298 2835 573 2868 pedissequus,
607 2838 855 2871 Peffissequa.
901 2837 933 2871 ἓ.
957 2838 991 2864 l.
1024 2840 1099 2871 Qui,

852 2067 926 2094 Neve
950 2078 1104 2105 quenlqtlssill

1033 178 1118 208 PED
1129 196 1167 202 —-
1177 178 1266 208 PEL.

1157 271 1291 295 quaere,
1311 262 1473 288 dominnm
1492 264 1540 288 vel
1557 264 1717 289 dominam
1736 270 1831 291 extra
1849 268 1942 292 aedes
1961 276 2000 292 se—

1134 320 1135 348 }
1157 305 1281 338 quitur.
1318 303 1362 330 Ill.
1383 305 1449 331 011.
1475 304 1629 337 Lecticarii,
1654 310 1698 332 aut
1722 306 1883 344 pedissequi.
1909 308 1937 335 fr.
1958 310 2000 335 65.

1134 361 1135 376 χ
1156 356 1196 383 pr.
1216 346 1250 373 de
1268 346 1344 382 legat.
1364 346 1395 373 II.
1415 348 1491 381 (31.)
1532 348 1711 385 Pedissequas
1736 359 1826 376 omnes
1847 367 1877 371 —
1903 350 2000 378 liberas

1134 400 1135 427 ζ
1157 398 1217 415 esse
1235 389 1305 416 volo.
1326 389 1356 416 l'r.
1374 391 1415 416 59.
1435 400 1476 427 pr.
1496 390 1528 417 de
1547 401 1614 417 man.
1636 396 1738 418 testam.
1758 394 1800 418 40.
1820 394 1844 419 4.
1863 408 1897 413 -—
1916 394 1947 427 §.
1963 395 1999 421 2.

1158 434 1302 467 Sequela.
1339 432 1381 459 111.
1397 434 1463 461 Gn·
1482 432 1634 460 Praedictae.
1653 435 1779 467 actiones.
1795 437 1869 472 quasi
1883 436 2000 473 pedisse-

1157 485 1223 512 quae
1241 474 1353 507 illarum.
1373 475 1404 502 ab
1424 477 1499 503 initio
1518 482 1715 514 processerunt.
1736 487 1757 504 c.
1771 479 1795 504 2.
1815 479 1837 512 5.
1852 480 1876 505 5.
1896 478 1929 505 de
1947 484 1998 506 vet.

1157 519 1214 545 iure
1232 518 1316 545 enucl.
1338 521 1360 545 l.
1381 521 1422 545 17.

1133 573 1134 588 l
1193 562 1362 588 Peninus.
1397 561 1535 595 (Adiect.)
1566 565 1615 589 Ad
1629 565 1725 598 pedes
1742 565 1919 597 pertinens.
1956 563 1999 590 ΠΙ.

1156 605 1223 632 Cn.
1251 603 1390 636 Crurales.
1415 604 1580 642 pedulesque
1599 602 1738 640 (fasciae.)
1765 605 1794 632 l'r.
1814 608 1856 633 25.
1876 606 1899 640 5.
1918 608 1942 633 4.
1967 606 2000 633 de

1157 657 1220 673 auro
1240 657 1292 683 arg.
1311 649 1353 674 34.
1372 649 1397 673 2.

1193 690 1462 724 Pegasianum.
1490 692 1607 719 Nomen
1621 693 1723 723 S.Cti,
1743 691 1829 728 (quod
1842 691 2000 730 Vespasiani

1154 733 1319 771 temporibus
1338 732 1434 759 factum
1454 739 1503 766 est,
1515 734 1547 761 de
1560 734 1773 761 fideicommissis
1788 734 1943 761 dodrantem
1956 734 2000 761 he-

1155 775 1275 802 reditatis
1299 776 1518 812 egredientibus.)
1555 777 1598 804 111.
1619 779 1685 806 Gn.
1711 777 1740 804 Si
1765 779 1824 814 quis
1843 777 1904 815 plus
1923 787 2000 814 quam

1155 818 1319 851 dodrantem,
1341 819 1384 846 vel
1403 821 1479 846 etiam
1499 825 1579 846 totam
1600 820 1781 852 hereditatem.
1801 822 1941 847 restituere
1959 830 2000 847 ro-

1154 866 1229 898 gatus
1248 863 1291 894 sit,
1310 861 1386 889 locus
1405 867 1446 889 est
1465 862 1608 899 Pegasiano
1622 863 1718 890 S.Cto.
1739 863 1795 890 Gai.
1814 863 1916 890 11:256.
1936 863 1998 901 le.

1131 911 1133 923 l
1154 904 1240 931 XXV.
1262 907 1301 931 l4.
1338 904 1368 931 L.
1388 904 1516 937 Falcidia.
1541 907 1656 943 itemque
1675 906 1703 933 S.
1714 906 1745 933 C.
1766 906 1947 943 Pegasianmm
1966 922 1997 926 -

1155 952 1273 984 quartam
1299 948 1420 974 residuae
1439 948 1593 975 hereditatis
1618 949 1649 975 ad
1675 949 1798 976 heredem
1817 949 1903 976 voluit
1920 950 1999 986 perti-

1131 1000 1132 1006 *
1154 1000 1223 1017 nere.
1253 989 1324 1017 Paul.
1344 990 1388 1017 lV.
1407 992 1431 1017 3.
1455 992 1477 1025 5.
1496 993 1521 1018 3.
1547 991 1591 1018 IV.
1612 995 1635 1018 5.
1660 993 1697 1026 55
1717 995 1740 1019 5.
1760 994 1784 1019 9.
1813 991 1870 1019 Gai.
1890 992 1919 1018 11.
1938 993 1998 1019 259.

1131 1029 1132 1054 l
1154 1033 1183 1060 Si
1202 1038 1307 1060 recuset
1325 1035 1442 1071 scriptus
1461 1033 1538 1060 heres
1558 1034 1630 1061 adire.
1644 1035 1825 1063 hereditatem.
1840 1051 1872 1055 —-
1892 1040 2000 1062 cavetur

1154 1076 1297 1113 Pegasiano
1317 1076 1397 1108 SC..
1423 1081 1451 1103 ut
1472 1093 1502 1097 —
1528 1078 1602 1104 iussu
1622 1077 1755 1105 Praetoris
1779 1078 1855 1104 adeat
1879 1083 1905 1104 et.
1923 1079 1998 1105 resti-

1130 1119 1131 1135 1
1153 1124 1216 1146 tuat.
1245 1119 1282 1145 ld.
1305 1118 1335 1145 11.
1358 1120 1418 1145 258.
1446 1118 1508 1157 le.
1531 1119 1617 1146 XXV.
1643 1122 1683 1147 16.
1727 1121 1864 1153 Caelibes,
1885 1137 1917 1141 -
1937 1122 1998 1148 item

1153 1162 1220 1194 orbi.
1235 1177 1266 1181 -
1278 1161 1365 1188 S.Cto
1379 1161 1522 1198 Pegasiano
1541 1163 1652 1200 perinde
1665 1164 1869 1191 fideicommissa
1884 1174 1998 1201 quoque,

1153 1215 1182 1231 ac
1205 1205 1289 1241 legata
1313 1204 1539 1242 hereditatesque,
1565 1216 1658 1243 capere
1681 1217 1762 1244 posse
1781 1207 1909 1244 prohibiti
1928 1212 1997 1234 sunt.

1129 1258 1131 1267 ¹
1153 1247 1209 1274 Gai.
1230 1248 1260 1274 11.
1279 1249 1338 1274 286.

1190 1292 1372 1325 Pegasum
1411 1292 1528 1319 Nomen
1543 1294 1563 1319 1.
1572 1294 1640 1325 cti,
1660 1291 1830 1329 (Vespasiani
1850 1297 1997 1330 temporum

1153 1334 1278 1371 aequalis⁷
1299 1335 1344 1371 qui
1364 1335 1433 1361 inter
1451 1334 1570 1362 adseclas
1585 1334 1691 1362 Proculi
1706 1335 1849 1367 inclaruit.)
1873 1336 1914 1362 111.
1930 1337 1997 1364 Cn·

1152 1377 1282 1404 Proculus
1302 1382 1328 1403 et
1348 1377 1462 1413 Pegasus
1489 1379 1569 1404 aiunt.
1594 1378 1623 1405 l'r.
1645 1379 1684 1405 18.
1709 1388 1749 1414 sq.
1774 1378 1807 1405 de
1826 1377 1858 1404 N.
1878 1378 1909 1405 G.
1928 1380 1953 1405 3.
1972 1380 1997 1405 5.

1153 1420 1238 1447 11:30.
1259 1431 1298 1458 pr.
1319 1420 1352 1447 de.
1371 1420 1457 1458 pecul.
1476 1423 1515 1447 15.
1538 1423 1560 1447 1.
1597 1420 1686 1447 Labeo
1705 1426 1731 1447 et
1750 1420 1810 1457 Peg.
1830 1426 1997 1459 putaverunt.

1129 1464 1130 1472 ¹
1152 1464 1182 1490 l'r.
1202 1466 1245 1491 95.
1265 1465 1287 1498 5.
1308 1465 1331 1490 7.
1355 1463 1388 1490 de
1407 1463 1485 1490 solut.
1505 1465 1546 1490 46.
1565 1465 1589 1490 3.
1626 1464 1687 1500 Peg.
1708 1464 1880 1502 (respondit.)
1900 1481 1931 1485 —
1953 1464 1998 1491 Sa-

1152 1507 1230 1533 binus
1259 1512 1345 1533 autem
1370 1507 1537 1533 existimabat
1561 1512 1609 1533 etc.
1635 1507 1665 1534 fr.
1687 1509 1743 1534 115.
1768 1508 1789 1541 5.
1809 1509 1834 1533 2.
1859 1507 1892 1534 de
1911 1506 1943 1534 V.
1963 1507 1996 1534 O.

1152 1551 1193 1576 45.
1215 1552 1237 1576 1.
1258 1550 1290 1576 cf.
1310 1550 1340 1576 fr.
1360 1552 1384 1576 4.
1405 1560 1443 1587 pr.
1464 1549 1497 1576 de
1517 1550 1593 1576 cond.
1613 1550 1647 1576 ob
1668 1555 1736 1588 turp.
1757 1560 1778 1576 e.
1795 1552 1835 1576 12.
1854 1553 1879 1576 4.
1916 1550 1997 1577 Idem-

1153 1603 1204 1630 que
1223 1594 1334 1619 maxime
1348 1593 1447 1629 Pegaso
1467 1593 1574 1630 placuit,
1594 1603 1661 1630 quae
1680 1594 1808 1620 sententia
1827 1597 1917 1630 aperte
1933 1592 1997 1619 salsa

1152 1641 1199 1662 est.
1226 1635 1282 1662 Gai.
1303 1635 1344 1662 IlI.
1364 1638 1406 1663 64.
1444 1636 1478 1662 Et
1497 1646 1558 1662 vera
1579 1641 1619 1662 est
1638 1636 1731 1673 Pegasi
1750 1637 1892 1668 sententia⁷
1918 1646 1996 1672 quam

1128 1689 1130 1703 ι
1152 1684 1178 1705 et
1197 1678 1313 1705 lulianus
1334 1695 1366 1698 -—
1386 1683 1494 1705 secutus
1515 1684 1562 1705 est.
1584 1679 1613 1705 fr.
1633 1681 1674 1705 25.
1695 1680 1716 1713 5.
1738 1681 1760 1705 7.
1781 1678 1814 1705 de
1833 1678 1914 1705 ususr.
1934 1681 1995 1706 7.1.

1152 1721 1247 1748 Cassio
1267 1727 1293 1748 et
1311 1721 1411 1758 Pegaso
1431 1721 1525 1759 placet.
1550 1721 1578 1748 fr.
1603 1724 1640 1748 11.
1660 1722 1682 1756 5.
1702 1725 1726 1748 2.
1748 1721 1780 1748 de
1799 1721 1890 1748 iurisd.
1910 1724 1934 1749 2.
1955 1724 1978 1749 1.

1189 1766 1345 1799 Pegma.
1386 1766 1616 1791 Ornamentum
1644 1767 1796 1792 e.1·emtile
1822 1767 1995 1799 parietum.

1151 1808 1193 1835 lll.
1215 1810 1281 1836 θη.
1306 1807 1334 1834 In
1359 1809 1472 1834 emtione
1496 1807 1590 1834 domus
1616 1812 1642 1834 et
1666 1807 1812 1845 specularia
1833 1813 1859 1834 et
1877 1813 1995 1846 pegmata

1151 1851 1258 1883 cedere,
1285 1852 1342 1877 sive
1365 1852 1392 1877 in
1416 1850 1536 1877 aedilicio
1556 1856 1618 1877 sunt
1636 1851 1741 1888 posita.
1765 1851 1821 1876 sive
1840 1851 1872 1877 ad
1890 1856 1995 1889 tempus

1127 1888 1128 1894 ¹
1150 1894 1276 1920 detracta.
1297 1894 1326 1920 fr.
1349 1895 1387 1919 12.
1408 1894 1430 1927 5.
1449 1895 1491 1919 25.
1512 1893 1544 1920 de
1563 1895 1637 1920 instr.
1658 1893 1706 1930 leg.
1725 1895 1767 1920 33.
1788 1895 1811 1920 7.

1188 1937 1395 1967 Pete-rare,
1417 1946 1438 1963 S.
1461 1937 1682 1964 Pet-iurare.
1721 1939 1832 1963 Animo
1845 1939 1994 1973 fallendi

1151 1983 1277 2011 iurare.
1298 1982 1486 2006 Periurinm
1506 1982 1712 2006 committere.
1741 1979 1784 2006 111.
1797 1981 1862 2007 Gn.
1882 1979 1911 2006 Si
1931 1980 1991 2016 quis

1127 2022 1128 2028 ¹
1150 2024 1283 2054 iuraverit.
1303 2038 1335 2041 —
1356 2027 1382 2049 et
1400 2023 1565 2060 peieraverit.
1586 2022 1616 2049 fr.
1633 2024 1671 2049 13.
1692 2023 1713 2057 5.
1732 2024 1755 2049 6.
1776 2022 1808 2049 de
1827 2023 1931 2049 iureiur.
1954 2024 1991 2048 12.

1149 2068 1172 2092 2.
1210 2065 1332 2102 Pupillus
1352 2075 1405 2091 non
1429 2065 1534 2091 videtur
1551 2066 1683 2102 peierare.
1709 2067 1768 2103 quia
1792 2067 1878 2092 sciens
1902 2064 1994 2091 fallere

1150 2119 1202 2135 non
1226 2109 1353 2135 videatur.
1379 2108 1409 2134 fr.
1428 2110 1470 2135 26,
1497 2118 1536 2145 pr.
1556 2108 1590 2134 ib.
1614 2111 1652 2135 12.
1672 2112 1696 2136 2.
1734 2108 1783 2135 Per
1801 2108 1931 2144 Principis
1950 2117 1992 2134 ve-

1150 2152 1311 2178 nerationem
1331 2167 1362 2170 —
1382 2152 1527 2188 peieratum
1549 2150 1596 2185 [al.
1616 2150 1799 2188 periuratum]
1823 2161 1845 2177 c.
1863 2153 1888 2177 2.
1908 2150 1941 2176 de
1959 2150 1991 2177 R.

1150 2195 1180 2221 C.
1201 2197 1224 2220 4.
1247 2196 1269 2221 1.
1307 2194 1336 2220 Si
1357 2210 1388 2213 —
1412 2199 1474 2230 post
1497 2195 1653 2221 senteutiam
1674 2211 1704 2215 ——
1725 2194 1860 2221 convictus
1880 2194 1915 2219 sit
1933 2203 1991 2231 per-

1149 2239 1257 2264 iurasse.
1278 2236 1324 2263 lul.
1346 2248 1385 2274 ep.
1407 2247 1465 2263 uov.
1487 2247 1507 2263 c.
1529 2239 1585 2263 122.
1606 2238 1627 2271 5.
1646 2239 1704 2263 527.

1187 2281 1314 2308 Peior.
1335 2280 1450 2313 (Adit-ct.
1466 2281 1592 2317 compar.)
1612 2281 1779 2311 Deterior,
1803 2281 1920 2306 Vilior.
1946 2279 1990 2306 111.

1150 2326 1218 2352 Cn.
1236 2323 1356 2349 Peiorem
1376 2322 1474 2349 domiui
1488 2332 1590 2349 causam
1604 2321 1696 2348 facere.
1717 2321 1789 2348 Paul.
1804 2322 1834 2348 Υ.
1852 2324 1889 2348 12.
1911 2322 1932 2356 5.
1948 2323 1988 2349 12.

1126 2359 1127 2368 l
1150 2366 1313 2403 Negligentia
1332 2376 1518 2403 possessorum
1537 2366 1625 2402 peiora
1645 2364 1710 2391 facta
1731 2365 1870 2401 (praedia.)
1896 2364 1926 2392 fr.
1946 2367 1988 2392 54.

1125 2415 1127 2437 ἔ
1149 2410 1169 2442 5.
1190 2413 1214 2436 2.
1235 2410 1268 2436 de
1288 2409 1375 2436 hered.
1396 2414 1448 2446 pet.
1468 2412 1491 2435 5.
1510 2410 1534 2434 3.
1572 2407 1727 2433 Dehitorum
1750 2408 1816 2434 facta
1836 2409 1925 2445 peiora
1944 2418 1990 2435 no·

1125 2449 1127 2471 l
1149 2454 1224 2478 mina.
1246 2453 1276 2478 l'r.
1295 2454 1337 2478 30.
1358 2463 1397 2489 pr.
1417 2452 1448 2478 ad
1467 2451 1496 2477 L.
1518 2450 1578 2476 Falc
1605 2452 1646 2477 35.
1666 2454 1689 2476 2.

1185 2495 1382 2522 Peion-art·-
1412 2495 1632 2520 Deteriorare.
1670 2494 1699 2520 ll.
1713 2496 1780 2528 01).
1800 2494 1935 2520 Meliorem
1954 2493 1988 2520 sa-

1149 2549 1208 2564 cerc
1228 2540 1336 2571 (statum
1356 2538 1452 2569 suum.)
1474 2536 1544 2562 Paul.
1564 2536 1593 2563 ll.
1616 2539 1654 2563 ls.
1675 2537 1739 2570 5.1.

1186 2581 1356 2614 l‘elagia.
1394 2580 1508 2606 Nomen
1535 2582 1689 2606 mulieris.
1731 2578 1773 2605 Ill.
1795 2580 1860 2606 Cn.
1887 2579 1985 2606 Illustr.

1124 2625 1126 2651 l
1148 2624 1242 2650 semina
1256 2623 1365 2659 Pelagio.
1386 2622 1452 2648 Nor.
1468 2622 1524 2649 Yal.
1540 2623 1580 2649 lll.
1601 2623 1633 2649 de
1652 2627 1753 2648 testam.
1768 2622 1797 2648 Il.
1811 2624 1853 2648 21.
1873 2633 1894 2649 c.
1908 2626 1931 2649 2.
1946 2632 1984 2658 pr.

1185 2669 1360 2700 Pelagus.
1385 2667 1487 2697 Mare,
1508 2668 1641 2700 :tt—quor.
1679 2665 1720 2691 111.
1735 2667 1800 2692 Cn.
1821 2665 1849 2691 Si
1868 2664 1985 2702 pondere

1148 2720 1196 2736 suo
1216 2713 1345 2745 gravatam
1365 2710 1419 2740 (sc.
1440 2708 1548 2741 navem)
1567 2707 1651 2745 pelagi
1672 2707 1739 2734 unda
1758 2708 1913 2744 submergat.
1934 2706 1983 2733 Th.

1147 2752 1177 2779 C.
1198 2752 1266 2778 Xlll.
1286 2753 1309 2777 9.
1331 2761 1350 2775 r.
1372 2752 1394 2777 4.
1414 2761 1453 2788 pr.
1474 2751 1506 2777 de
1525 2751 1639 2787 nausrag.

1185 2796 1346 2822 Penei-e..
1384 2796 1571 2828 Expellere,
1591 2795 1728 2820 Eiicere.
1765 2793 1783 2819 1.
1805 2794 1865 2826 Sy.
1886 2791 1983 2828 Expel-

1146 2838 1206 2865 lere.
1227 2836 1268 2864 Cf.
1283 2836 1306 2863 h.
1320 2847 1344 2863 v.
1373 2836 1415 2863 111.
1427 2838 1493 2865 011.
1513 2836 1579 2863 Pelli
1593 2836 1703 2863 urbibus
1717 2837 1818 2867 vicinis,
1833 2834 1983 2871 proturbari
