2197 3121
1017 158 1116 192 ACC.

209 246 376 282 Contingerc.
404 243 524 271 Evenire.
552 241 676 269 Incidere.
707 240 763 268 Gai.
774 240 805 268 II.
819 242 860 268 74.
874 250 914 278 sq.
927 240 971 268 lv.
986 242 1044 268 126.

208 298 248 325 sq.
262 288 292 315 fr.
306 289 330 314 4.
342 287 373 314 11.
387 289 411 313 5.
425 286 455 313 fr.
471 288 510 312 10.
530 285 562 312 (19
575 284 628 311 LL.
643 286 665 311 l.
678 285 702 311 3.
731 284 773 312 Ill.
787 285 853 312 οη.
872 284 1046 321 Posteaquam

209 331 310 363 adierit.
330 331 352 357 si
376 329 463 361 cedat,
487 339 516 355 93
535 327 667 357 accidunt,
692 337 759 364 quae.
782 332 830 354 919.
868 327 925 354 Gai.
950 327 980 354 II.
1004 328 1045 354 36.

209 374 290 411 Quod
307 373 413 405 accidit.
433 382 491 398 cum
510 376 558 398 etc.
595 370 632 397 lb.
652 370 682 397 ΙΙ.
703 372 760 397 181.
789 370 894 406 Quodsi
914 370 1047 397 calamitas

208 418 327 454 insignis,
340 415 383 443 vel
396 425 486 451 magna
499 416 587 452 inopia
600 414 695 441 accidit
708 413 944 447 (fideiussoribus).
959 413 989 440 fr.
1005 415 1045 439 10.

208 460 231 494 3.
252 461 274 486 l.
306 460 357 495 Qu.
371 458 463 485 satisd.
483 468 537 494 cog.
556 459 580 483 2.
595 460 618 483 Β.
645 456 685 483 Ne
704 456 767 492 quid
786 456 973 483 tumultuosius
988 466 1048 482 con-

208 508 248 529 tra
267 502 379 532 accidat,
398 501 558 539 praevenire.
596 499 666 526 Coll.
684 498 738 526 LL.
758 498 791 526 M.
811 499 853 526 ΙΙΙ.
872 501 896 526 3.
916 515 949 519 —
968 499 999 533 ξ.
1011 500 1046 525 2.

209 547 394 576 Fataliter‚
413 554 434 570 υ.
456 545 556 575 Casu,
575 544 714 570 evenire.
751 541 770 568 1.
784 543 845 576 Sy.
873 542 941 569 Cum
960 542 1048 569 deces-

208 589 280 614 serit.
317 587 420 614 Mortuo
452 596 490 612 eo.
529 586 557 612 Si
586 585 648 622 qnid
671 584 795 611 acciderit
818 586 848 612 ei.
890 585 919 612 Si
949 584 1048 622 aliquid

209 630 349 657 humanum
373 630 518 665 contigerit.
548 628 578 655 11.
597 629 638 654 26.
663 638 702 665 pr.
727 627 818 665 depos.
844 629 883 654 16.
902 629 926 654 3.
956 628 986 655 fr.
1005 630 1047 654 25.

209 684 248 711 pr.
269 672 301 699 ad
320 672 347 699 S.
368 672 399 699 C.
419 671 464 698 Tr.
483 673 524 699 36.
546 673 568 698 1.
587 670 618 697 fr.
638 672 695 696 162.
715 671 736 704 3.
759 673 780 697 l.
801 670 833 697 de
851 670 883 697 V.
904 670 931 697 S.
950 673 991 697 50.
1008 672 1047 697 16.

208 715 252 743 III.
273 717 338 744 Cu.
369 714 438 741 Filio
461 725 518 741 11190
544 715 626 752 prima
651 723 754 750 quaque
777 713 832 745 die,
861 718 904 740 aut
928 715 950 740 si
973 715 1047 751 prius

209 759 272 796 quid
293 759 315 785 ei
335 758 471 789 acciderit,
495 758 570 784 matri
594 758 649 783 cius
675 756 735 787 des.
761 756 864 783 reddas.
892 756 922 783 fr.
941 759 983 783 25.
1007 767 1047 794 pr.

209 801 225 828 1.
239 803 281 828 36.
296 803 318 828 1.
339 800 424 828 Casus
439 800 620 833 (animalium).
639 804 746 831 mortes,
766 809 884 836 quaeque
902 801 959 827 sine
972 800 1048 838 culpa

209 844 338 871 accidunt.
367 844 398 870 fr.
418 845 459 870 23.
479 843 512 869 de.
529 842 560 869 R.
580 842 598 869 I.
618 844 659 868 50.
681 844 721 869 17.

243 887 446 915 Acclnctus
465 885 597 919 (Pau-tia).
634 887 829 918 Praeditus,
849 887 1047 913 lustrum-tus.

209 930 253 957 III.
273 931 338 958 Gn.
368 929 421 965 Qui
439 929 545 965 magicis
564 929 674 955 accincti
694 929 802 959 artibus,
822 929 882 962 (aut
902 934 991 955 contra
1010 939 1048 955 sa-

208 973 289 1000 lutem
311 972 444 999 hominum
462 971 547 998 moliti
565 972 641 1005 etc.).
679 971 729 998 Th.
750 971 780 998 C.
801 971 845 998 IX.
867 973 906 998 16.
926 982 948 998 c.
966 974 990 999 3.
1015 972 1048 999 de

208 1015 294 1043 males.
314 1020 340 1042 et
358 1014 436 1041 math.

244 1058 439 1091 Accipere.
464 1058 495 1092 ᾖ.
510 1059 544 1084 1.
566 1059 744 1092 Consului,
765 1059 930 1085 Nam-iaci.
955 1058 1047 1093 LSy.

209 1101 351 1138 Impetrare
371 1100 484 1133 (litteras
504 1100 574 1133 919).
602 1099 686 1127 Vatic.
706 1101 744 1134 33.
759 1102 816 1127 162.
836 1111 875 1138 sq.
897 1103 953 1128 165.
984 1101 1047 1139 [lp.

208 1144 251 1171 ΠΙ.
270 1146 295 1170 2.
332 1143 443 1170 Admitti
463 1143 495 1170 ad
515 1143 557 1176 (B.
577 1143 687 1176 Pnem.)
713 1143 743 1169 11.
763 1145 786 1170 3.
807 1145 829 1178 3.
850 1146 873 1171 9.
893 1144 924 1171 fr.
944 1146 967 1171 6.
987 1145 1009 1179 3.
1023 1146 1047 1171 3.

208 1186 239 1214 11.
260 1188 300 1213 10.
320 1186 342 1221 3.
360 1188 385 1212 2.
410 1186 442 1213 de
460 1186 491 1213 B.
511 1186 539 1212 P.
560 1197 580 1213 c.
601 1191 618 1213 t.
637 1188 679 1213 37.
699 1187 722 1212 4.
760 1186 801 1213 ΠΙ.
817 1189 883 1215 Cn.
912 1187 965 1223 Qui
981 1187 1048 1214 adie-

209 1234 271 1256 runt
289 1229 473 1260 hereditatem,
497 1229 553 1256 Bve
572 1229 652 1256 Pnem
671 1235 835 1266 acceperunt.
872 1230 944 1257 Paul.
963 1230 1004 1257 III.
1024 1232 1047 1257 5.

209 1273 231 1307 3.
252 1274 293 1299 10.
330 1272 434 1302 Petere,
459 1277 488 1298 111
506 1277 639 1299 curatores
659 1283 672 1299 a
691 1272 814 1299 Praetore
833 1274 988 1311 acciperent.
1016 1273 1047 1300 fr.

208 1317 252 1348 93.
271 1315 304 1342 dc
324 1315 399 1342 cond.
415 1319 440 1341 et
453 1314 519 1341 (lem.
538 1317 579 1342 35.
596 1317 617 1342 l.
644 1315 831 1342 successorem
844 1318 962 1354 accipere
977 1317 1048 1350 (ante

209 1359 334 1396 tempus).
354 1358 384 1385 11.
409 1359 433 1384 4.
452 1357 485 1384 (19
504 1358 547 1384 off.
567 1358 666 1385 adscss.
686 1360 709 1385 1.
727 1360 769 1385 22.
798 1359 913 1386 Iudicem
931 1361 1049 1397 accipere

209 1401 336 1428 adversus
355 1406 404 1428 etc.
432 1400 463 1427 fr.
482 1402 523 1427 38.
543 1411 581 1438 pr.
606 1402 690 1428 mand.
711 1404 751 1428 17.
772 1403 794 1428 1.
823 1401 855 1433 fr,
874 1404 897 1429 9.
922 1403 944 1438 3.
963 1404 987 1430 4.
1017 1402 1049 1429 de

208 1449 256 1472 tut.
277 1449 302 1471 et
322 1455 374 1471 cur.
393 1445 435 1470 27.
454 1445 478 1470 3.
515 1444 632 1471 Effectus
651 1446 688 1471 rei
708 1446 834 1482 accipitur
852 1456 900 1482 per
919 1455 979 1477 eos,
1004 1447 1049 1482 qui

209 1492 258 1514 etc.
278 1487 344 1514 fr.2.
365 1487 437 1521 313.
458 1486 490 1513 (19
505 1486 537 1514 O.
553 1487 570 1513 I.
587 1489 608 1514 l.
622 1490 646 1514 2.
672 1504 704 1507 -
728 1488 758 1522 §.
773 1489 808 1515 2.
830 1490 965 1523 Capere,
986 1490 1049 1515 Lu-

208 1532 305 1558 crari.
335 1530 353 1556 1.
368 1531 429 1564 Sy.
449 1529 558 1567 Caper-c.
579 1530 608 1557 11.
628 1532 652 1557 2.
673 1530 706 1557 de
725 1530 816 1557 calum.
835 1532 859 1557 3.
874 1532 897 1557 6.
917 1531 947 1558 fr.
963 1533 1002 1558 13.
1017 1531 1047 1558 fr.

211 1575 268 1600 115.
287 1583 326 1611 pr.
347 1573 368 1607 3.
390 1574 412 1599 1.
433 1572 465 1599 (19
484 1573 514 1600 R.
535 1573 553 1600 Ι.
573 1575 614 1600 50.
636 1575 674 1600 17.
701 1584 722 1600 9.
741 1575 765 1600 4.
785 1584 824 1611 pr.
844 1575 865 1608 3.
886 1576 908 1601 l.
929 1574 961 1601 de
973 1573 1005 1601 V.
1020 1574 1047 1601 S.

209 1618 233 1643 6.
252 1617 294 1643 38.
331 1616 362 1643 II.
384 1617 451 1650 ΟΡ.
480 1616 609 1643 Omittere
628 1616 729 1650 (bona).
751 1616 779 1643 fr.
794 1619 835 1644 42.
855 1618 876 1652 3.
893 1619 915 1644 l.
936 1617 967 1643 de
986 1617 1046 1644 bon.

209 1659 328 1686 libertor.
359 1660 400 1685 38.
424 1660 448 1685 2.
491 1659 534 1685 III.
559 1661 625 1687 Gn.
661 1660 714 1696 Qui
742 1661 878 1697 pecuniam
906 1662 1047 1698 acceperit.

210 1707 337 1739 pactusve
356 1701 441 1728 fuerit.
479 1701 548 1728 Coll.
568 1702 620 1729 LL.
640 1702 673 1729 M.
694 1702 761 1729 VIII.
782 1705 804 1730 7.
836 1703 1000 1739 Transigcrc.
1020 1709 1048 1730 ut

211 1746 341 1782 acciperet
359 1745 390 1771 ab
409 1755 474 1776 un0.
494 1745 565 1781 quod
585 1756 597 1771 a
616 1745 737 1783 pluribus
757 1751 811 1772 erat
830 1751 992 1784 accepturus.
1017 1747 1047 1773 fr.

211 1787 235 1814 8.
255 1788 277 1822 3.
297 1789 338 1814 24.
359 1787 391 1813 (19
410 1792 532 1814 transact.
551 1790 575 1814 2.
597 1790 636 1815 15.
674 1789 702 1815 In
723 1794 892 1819 testamento,
918 1800 938 1816 s.
959 1789 1049 1816 Testa-

211 1835 308 1858 mento.
336 1829 364 1856 In
384 1830 507 1856 secundis
526 1831 631 1860 tabulis.
652 1831 791 1858 codicillis
810 1837 858 1859 etc.
879 1832 978 1868 aliquid
997 1842 1048 1858 acc.

211 1872 242 1899 sr.
262 1875 283 1899 l.
304 1873 380 1906 3.11.
401 1873 423 1898 si
437 1882 478 1909 qu.
493 1883 542 1899 om.
563 1884 584 1900 c.
604 1878 663 1900 test.
683 1876 724 1900 29.
740 1876 764 1900 4.
783 1874 814 1900 fr.
830 1876 869 1901 11.
889 1875 911 1909 3.
927 1877 948 1901 l.
964 1875 993 1902 fr.
1007 1876 1048 1901 44.

210 1926 249 1953 pr.
270 1915 302 1942 ad
322 1915 348 1941 S.
369 1914 400 1941 C.
420 1915 499 1942 Treb.
519 1917 559 1942 36.
581 1918 603 1942 1.
624 1916 653 1943 fr.
670 1918 709 1943 15.
724 1917 756 1943 (19
776 1917 800 1943 11.
821 1927 863 1954 qu.
883 1923 911 1944 ut
930 1918 983 1945 ind.
1007 1919 1048 1945 34.

210 1960 234 1985 9.
263 1958 325 1985 Α99.
341 1958 474 1995 (pretium.
494 1968 517 1984 v.
534 1960 683 1996 pecuniam)
702 1970 750 1997 pro
770 1960 917 1998 (comperto
935 1963 1048 1998 stupro).

211 2001 241 2027 fr.
261 2004 285 2028 ὃ.
305 2011 343 2038 pr.
373 2000 424 2036 Qu.
439 2006 498 2027 met.
519 2012 539 2028 c.
554 2003 577 2028 4.
592 2004 615 2028 2.
648 2003 709 2029 Ace.
724 2003 757 2029 ob
778 2003 964 2036 (accusandum
978 2005 1047 2037 eto).

211 2044 242 2071 sr.
258 2046 279 2070 l.
293 2054 332 2081 pr.
351 2044 373 2078 3.
389 2045 410 2070 1.
431 2043 461 2070 fr.
475 2046 498 2070 3.
513 2045 550 2078 33.
566 2047 587 2071 1.
601 2047 625 2071 3.
646 2045 678 2072 (19
697 2046 788 2072 93111111.
807 2048 831 2072 3.
852 2048 875 2073 6.
895 2046 924 2073 11.
939 2048 962 2073 4.
979 2046 1009 2074 fr.
1023 2049 1046 2074 8.

211 2087 244 2113 de
257 2097 341 2113 accus
360 2087 401 2112 48.
418 2088 442 2112 2.
479 2087 593 2119 Donum.
613 2099 716 2121 munus,
735 2090 811 2116 xenia
830 2100 882 2116 ace.
907 2089 936 2116 fr.
951 2091 974 2116 6.
988 2091 1009 2124 3.
1023 2092 1047 2117 3.

211 2129 244 2156 de
263 2129 306 2155 off.
326 2128 401 2156 Proc.
422 2134 454 2156 et.
475 2129 535 2167 Leg.
562 2132 584 2156 1.
605 2132 644 2157 16.
682 2148 714 2151 —
750 2133 781 2166 ξ.
801 2133 838 2159 3.
879 2134 1047 2160 Traditum

211 2174 338 2199 habere.
379 2172 397 2198 1.
418 2174 479 2207 Sy.
507 2173 626 2210 Adquiri.
664 2174 752 2201 Tradi.
789 2175 934 2212 Accepisse
953 2176 1048 2209 (dona-

212 2216 296 2247 tione.
322 2224 343 2241 s.
363 2225 395 2241 ex
414 2215 561 2242 donationis
586 2227 661 2243 canasa
674 2219 691 2249 ).
730 2218 786 2245 Gai.
806 2218 836 2245 ΙΙ.
858 2221 900 2245 20,
921 2220 978 2245 182.
1003 2219 1046 2246 IV.

215 2259 270 2284 151.
317 2257 348 2284 II.
370 2260 432 2292 Op.
465 2258 573 2285 Sumere.
598 2260 655 2286 sibi.
681 2276 712 2280 -
736 2261 798 2288 Acc.
818 2261 849 2287 ab
869 2261 928 2288 alio.
956 2262 986 2289 fr.
1005 2264 1046 2289 38.

213 2300 246 2326 (19
264 2299 295 2326 N.
316 2300 347 2327 G.
366 2302 390 2327 3.
410 2303 433 2327 5.
471 2301 588 2328 Solvere.
617 2303 694 2329 Dare.
732 2303 788 2330 Gai.
807 2304 849 2330 III.
868 2306 909 2331 91.
937 2304 998 2342 111³.
1016 2305 1046 2332 H.

213 2344 236 2369 6.
258 2342 287 2369 fr.
307 2345 347 2369 47.
371 2354 409 2380 pr.
430 2344 461 2370 (19
480 2350 547 2381 pact.
566 2347 589 2371 2.
612 2347 651 2372 14.
687 2346 807 2383 Erogarc.
837 2347 867 2373 fr.
887 2349 910 2374 9.
930 2348 951 2382 3.
971 2350 994 2374 2.
1015 2348 1047 2375 de

214 2385 324 2412 edendo.
344 2387 423 2413 213.
460 2387 501 2414 III.
523 2389 588 2415 (711.
619 2388 729 2415 Temere
748 2390 898 2426 possidere,
917 2390 959 2416 vel
979 2401 1048 2417 acce-

213 2430 293 2465 pisse.
322 2428 352 2454 fr.
372 2431 412 2455 13.
450 2430 501 2465 Qu.
520 2436 580 2457 11191.
600 2442 621 2458 9.
640 2433 664 2458 4.
683 2434 708 2458 2.
745 2432 775 2459 Si
794 2443 846 2459 non
865 2434 974 2470 accipiat
993 2434 1049 2471 (pe-

215 2471 345 2503 cuniam).
366 2471 414 2498 sed
431 2472 527 2500 habere
546 2484 574 2499 59
593 2474 669 2500 dicat.
707 2474 763 2501 Gai.
783 2475 813 2502 ΙΙ,
833 2477 874 2502 85.
902 2476 930 2502 Si
950 2476 1049 2513 aliquid

215 2524 227 2539 a
247 2518 273 2539 19
291 2524 428 2551 accepero.
447 2515 489 2542 vel
508 2521 533 2542 te
553 2517 710 2553 obligavere.
735 2518 765 2544 sr.
780 2520 803 2545 9.
823 2519 844 2552 3.
858 2520 879 2545 1.
917 2519 968 2555 Qu.
988 2525 1047 2546 met.

215 2567 236 2582 c.
256 2558 280 2582 4.
298 2558 322 2583 2.
354 2556 385 2583 91.
410 2557 439 2583 11.
461 2560 499 2584 15.
525 2560 546 2593 3.
566 2561 589 2586 3.
623 2560 655 2586 (19
680 2565 756 2587 911511.
781 2571 836 2598 pec.
861 2563 902 2588 49.
923 2564 962 2588 17.
999 2562 1049 2589 Per

215 2598 394 2631 traditionem,
420 2610 443 2626 v.
470 2599 602 2628 Traditam
626 2613 692 2633 rem.
718 2614 769 2630 399.
804 2604 834 2630 fr.
860 2606 899 2631 12.
924 2605 945 2638 3.
964 2606 988 2631 3.
1016 2605 1048 2632 de

215 2641 282 2668 usus.
304 2643 326 2667 7.
342 2643 364 2668 l.
383 2642 413 2668 fr.
427 2644 451 2669 5.
476 2642 507 2669 de
526 2646 586 2682 stip.
606 2656 674 2672 serv.
697 2648 737 2672 45.
757 2648 781 2673 3.
823 2647 884 2674 Acc.
904 2650 1048 2685 pecuniam.

216 2689 242 2711 ct
260 2685 286 2710 111
305 2694 359 2711 rem
377 2686 459 2721 patris
477 2692 587 2714 vertere.
616 2688 646 2715 sr.
667 2691 689 2716 7.
714 2690 796 2724 §.12.
821 2690 854 2716 de
877 2690 904 2717 S.
930 2690 960 2717 C.
983 2691 1047 2718 Mac.

218 2729 257 2753 14.
272 2728 295 2753 6.
320 2727 382 2754 Ace.
396 2729 520 2756 utendum
540 2730 608 2763 (Gai.
622 2731 663 2758 III.
678 2734 735 2759 144.
752 2734 806 2759 196.
827 2733 880 2769 sq.)
899 2733 1048 2766 curandum,

216 2770 380 2797 sarciendum
403 2776 450 2798 etc.
485 2773 537 2806 (Ib.
557 2773 598 2799 III.
620 2776 675 2801 143.
695 2786 734 2812 sq.
760 2777 816 2802 162.
837 2777 894 2802 196.
913 2786 952 2813 sq.
971 2778 1048 2811 205.)

218 2812 279 2840 Ace.
290 2813 322 2840 ad
332 2814 478 2848 (sumtum).
491 2815 521 2842 fr.
532 2817 573 2843 31.
585 2817 605 2850 3.
617 2818 640 2842 4.
655 2817 687 2844 (le
697 2817 727 2844 N.
736 2818 766 2845 G.
778 2820 801 2845 3.
813 2820 835 2845 5,
856 2829 879 2845 v.
891 2820 916 2845 in
928 2819 1047 2854 (dotem).

1892 163 1929 192 ll

1091 251 1112 268 c.
1132 241 1156 268 8.
1177 240 1209 267 (19
1223 240 1283 267 don.
1304 241 1348 267 int.
1363 240 1395 268 V.
1409 242 1433 267 5.
1449 241 1488 267 16.
1516 240 1679 278 Accipiendo
1694 241 1855 279 (pecuniam)
1868 242 1930 269 libc-

1090 294 1147 311 rare
1166 283 1318 310 debitorem.
1339 283 1369 310 sr.
1382 285 1423 310 31.
1444 284 1466 318 3.
1480 284 1504 310 6.
1523 283 1555 310 (19
1575 284 1606 310 N.
1621 284 1652 311 G.
1669 286 1694 311 3.
1712 287 1736 311 5.
1768 284 1930 322 Accipientis

1091 326 1175 353 1119919
1187 337 1250 353 19111.
1270 326 1327 353 Gai.
1341 326 1371 352 11.
1385 328 1426 353 81.
1441 336 1480 363 sq.
1500 326 1542 353 ΠΙ.
1557 328 1597 354 90.
1618 327 1648 354 sr.
1658 329 1682 354 3.
1696 328 1717 362 3.
1729 329 1752 354 8.
1773 327 1805 354 de
1818 328 1893 355 cond.
1908 339 1928 355 9.

1091 370 1142 396 dat.
1158 371 1198 396 12.
1209 371 1233 396 4.
1248 369 1279 396 fr.
1290 371 1314 396 9.
1325 370 1347 403 3.
1360 371 1382 396 l.
1402 369 1433 395 (le
1446 369 1473 396 S.
1488 368 1518 396 C.
1533 369 1597 397 Mac.
1614 372 1653 396 14.
1668 371 1691 397 6.
1711 386 1744 390 —-—
1763 371 1793 404 ᾗ.
1809 372 1848 397 4.
1867 373 1929 398 Επ-

1091 415 1211 447 cipere,
1235 414 1402 447 Recipere,
1431 414 1619 440 Attnziuere.
1660 413 1678 439 I.
1699 414 1760 447 Sy.
1788 412 1929 450 Suscipere

1091 456 1179 489 (rem).
1206 454 1275 482 Coll.
1289 454 1342 481 LL.
1356 455 1389 482 M.
1403 455 1436 481 X.
1455 457 1479 481 3.
1499 457 1522 482 5.
1541 455 1572 482 11.
1593 457 1615 482 1.
1635 456 1656 490 3.
1678 457 1700 482 1.
1720 455 1752 482 (19.
1770 466 1842 493 proc.
1861 458 1884 483 3.
1903 458 1927 483 3.

1090 497 1237 525 Admittere
1256 498 1467 532 (fideiussores).
1495 497 1524 524 11.
1544 500 1567 525 3.
1589 509 1628 535 sq.
1653 498 1685 525 (19
1703 498 1820 526 fideiuss.
1844 500 1884 526 46.
1905 501 1927 526 1.

1091 540 1121 566 II.
1143 542 1210 575 Op.
1246 541 1404 578 Improbarc.
1441 540 1571 567 Recusaro
1592 541 1780 575 (fideiussores
1800 543 1873 575 919).
1897 541 1927 569 fr.

1091 585 1115 609 5.
1140 584 1162 617 3.
1184 585 1206 610 l.
1231 584 1261 610 sr.
1282 586 1304 610 7.
1323 594 1362 621 pr.
1388 584 1418 610 fr.
1438 585 1461 610 9.
1485 583 1516 609 fr.
1537 585 1576 610 10.
1596 595 1634 621 pr.
1659 585 1680 619 3.
1701 587 1724 611 1.
1763 584 1814 621 Qu.
1838 585 1927 611 satisd.

1093 636 1148 662 cog.
1168 628 1192 652 2.
1212 628 1235 653 8.
1272 626 1421 664 Repudian¹
1440 626 1647 659 (hereditatem).
1673 627 1703 654 fr.
1724 629 1764 654 77.
1789 628 1810 662 3.
1829 629 1870 654 31.
1896 627 1928 654 (19.

1092 669 1140 705 leg.
1161 669 1190 695 II.
1211 670 1278 703 (31.)
1315 669 1356 696 lll.
1370 671 1435 697 011.
1463 669 1592 707 Accipere
1611 680 1639 696 ac
1653 671 1720 696 tueri
1738 671 1928 708 (conceptum).

1092 711 1122 738 fr.
1144 712 1183 738 14.
1204 712 1269 746 3.1.
1294 712 1327 739 (19.
1345 712 1410 739 Α911.
1431 712 1470 739 cd.
1495 714 1537 739 21.
1558 714 1580 739 1.
1617 711 1663 739 Uti
1683 723 1711 739 ea
1729 714 1832 740 nomina
1851 729 1883 733 —
1902 714 1928 739 in

1093 765 1123 781 co
1137 754 1234 781 iudicio
1254 771 1286 775 ——
1305 756 1473 793 accipiantur.
1493 755 1667 788 includantur⁷
1682 758 1867 793 concipiantur.
1898 755 1927 783 L.

1093 797 1161 824 Gall.
1182 797 1282 835 Cisalp.
1302 797 1320 824 I.
1340 800 1381 825 41.
1401 808 1440 835 sq.
1477 797 1514 825 Ut
1533 804 1605 825 curet
1624 809 1676 825 acc..
1696 800 1804 832 (omncs
1823 800 1928 826 omnino

1092 840 1307 877 adpellationcs).
1345 839 1394 867 Th.
1415 841 1445 868 C.
1464 841 1509 868 XI.
1528 843 1570 868 30.
1591 852 1612 868 9.
1632 843 1656 868 4.
1677 842 1710 868 dc
1728 853 1787 879 app.
1808 848 1833 869 ct
1850 853 1927 880 poen.

1091 883 1184 909 Potest
1203 884 1298 920 accipi,
1318 893 1343 909 v.
1363 884 1522 921 Accipienda
1542 889 1583 911 est
1601 885 1788 921 (significatio,
1807 895 1831 911 v.
1851 887 1929 912 inter-

1092 927 1204 963 pretatio
1224 926 1298 960 etc).
1323 926 1353 953 sr.
1375 929 1431 953 125.
1451 927 1483 953 (lc
1502 926 1533 954 V.
1554 927 1580 954 S.
1605 929 1646 954 50.
1667 928 1706 954 16.
1745 927 1884 965 Stipulari,
1904 934 1928 955 ct

1092 969 1263 995 fideiussores
1283 980 1334 996 acc.
1363 969 1393 996 sr.
1412 972 1454 996 25.
1474 970 1506 997 (19
1525 971 1585 1008 stip.
1606 981 1673 997 serv.
1693 972 1734 997 45.
1751 972 1775 997 3.
1813 971 1928 1009 Sponso-

1091 1022 1134 1038 res
1153 1017 1197 1039 aut
1215 1012 1444 1050 fido-promissores
1464 1024 1515 1039 acc.
1536 1014 1561 1039 in
1581 1024 1636 1040 93111
1650 1013 1842 1050 obligationem.
1871 1014 1927 1041 Gai.

1091 1054 1133 1081 ΙΙΙ.
1154 1057 1211 1082 123.
1248 1055 1277 1081 In
1297 1055 1463 1093 adoptionem
1482 1057 1607 1093 accipere.
1636 1056 1666 1083 fr.
1686 1058 1709 1083 6.
1729 1067 1768 1094 pr.
1788 1057 1821 1084 de
1840 1057 1927 1084 Senat.

1093 1100 1115 1124 1.
1135 1099 1158 1125 9.
1196 1098 1272 1135 Aqua
1291 1103 1316 1125 91
1335 1099 1387 1135 igni
1411 1110 1463 1125 acc.
1487 1100 1655 1135 (virgiac-111).
1686 1100 1716 1127 fr.
1736 1101 1776 1127 66.
1800 1101 1822 1135 3.
1844 1103 1866 1127 1.
1896 1100 1929 1127 dc

1092 1141 1152 1167 don.
1171 1142 1217 1168 int.
1238 1141 1269 1169 V.
1288 1143 1330 1168 24.
1352 1144 1374 1169 l.
1405 1158 1437 1162 —
1468 1143 1499 1177 ᾖ.
1519 1144 1557 1170 5.
1594 1144 1800 1178 Intelligere,
1823 1146 1928 1171 Inter-

1089 1187 1237 1219 pretari,
1274 1186 1459 1212 Observare.
1501 1185 1518 1211 I.
1539 1186 1600 1220 Sy.
1636 1185 1791 1223 Intelligere.
1820 1186 1849 1213 fr.
1870 1188 1927 1213 142.

1093 1227 1125 1254 de
1148 1226 1181 1254 V.
1201 1227 1228 1254 S.
1258 1230 1299 1254 50.
1325 1229 1364 1254 16.
1401 1227 1501 1255 Videri.
1538 1228 1612 1255 Esse.
1650 1229 1749 1266 Accipi.
1784 1229 1926 1267 Adpcllari.

1093 1270 1161 1296 Dici.
1185 1270 1215 1297 sr.
1230 1272 1270 1297 15.
1280 1287 1312 1290 —
1324 1273 1363 1297 18.
1382 1270 1413 1298 sr.
1428 1272 1485 1298 142.
1506 1271 1535 1298 11.
1549 1273 1608 1298 214.
1627 1272 1662 1298 ib.
1676 1274 1717 1299 50.
1732 1273 1771 1298 16.
1791 1272 1821 1298 sr.
1835 1274 1926 1299 5.-s.

1093 1313 1124 1340 sr.
1145 1315 1184 1340 10.
1204 1313 1234 1340 fr.
1257 1315 1296 1340 12.
1316 1314 1338 1348 3.
1359 1316 1381 1341 l.
1401 1314 1434 1341 (le
1453 1313 1541 1341 Seuat.
1562 1316 1584 1340 l.
1604 1316 1627 1341 9.
1664 1314 1706 1341 ΠΙ.
1722 1316 1786 1342 Gn.
1814 1315 1849 1342 Et
1866 1315 1928 1342 Pro-

1094 1356 1152 1383 culo
1171 1356 1304 1394 placebat,
1324 1362 1350 1384 ct
1369 1368 1383 1384 a
1400 1363 1475 1395 patre
1493 1358 1533 1384 519
1551 1358 1647 1395 accepi.
1676 1357 1706 1384 fr.
1725 1360 1767 1385 20.
1788 1358 1820 1385 de
1833 1358 1881 1395 leg.
1898 1358 1927 1385 II.

1094 1399 1169 1433 (31.)
1205 1399 1300 1426 Veram
1326 1410 1385 1427 9559
1408 1401 1496 1438 accepi
1520 1400 1718 1435 (sententiam).
1748 1400 1778 1427 fr.
1797 1402 1838 1428 36.
1863 1402 1927 1436 §.1.

1094 1443 1126 1469 tle
1149 1442 1210 1469 don.
1234 1444 1280 1469 int.
1305 1442 1336 1469 V.
1360 1444 1402 1469 24.
1424 1445 1445 1470 l.
1489 1443 1569 1481 Resp.
1594 1454 1698 1481 semper
1721 1449 1855 1481 acceptum
1881 1450 1927 1472 est.

1093 1486 1125 1513 11.
1143 1488 1203 1512 243.
1228 1485 1260 1513 (19
1278 1485 1310 1513 V.
1331 1485 1358 1513 S.
1378 1488 1418 1512 50.
1440 1487 1479 1513 16.
1510 1487 1551 1513 Ex
1570 1491 1655 1512 mente
1674 1489 1871 1524 pronunciantis
1890 1499 1928 1515 ac-

1093 1530 1189 1567 cipitur
1208 1530 1298 1556 oratio.
1327 1528 1357 1555 11.
1375 1531 1417 1556 28.
1437 1530 1501 1564 3.1.
1522 1530 1555 1556 ib.
1570 1531 1611 1556 50.
1626 1531 1665 1556 16.
1690 1529 1857 1557 Verbotenus
1876 1542 1926 1558 399.

1093 1589 1125 1592 -
1150 1571 1217 1599 Cum
1237 1572 1331 1598 effectu
1350 1582 1402 1599 acc.
1438 1573 1467 1599 fr.
1488 1574 1528 1599 71.
1548 1583 1587 1610 pr.
1610 1572 1640 1599 fr.
1662 1574 1718 1599 164.
1743 1574 1764 1607 3.
1783 1575 1807 1600 2.
1832 1574 1867 1601 ib.
1886 1576 1927 1601 50.

1094 1617 1133 1642 16.
1153 1615 1184 1642 sr.
1206 1617 1228 1642 l.
1252 1616 1289 1650 33.
1311 1617 1332 1641 1.
1353 1625 1392 1652 sq.
1430 1616 1481 1651 Qu.
1502 1617 1588 1653 quisq.
1609 1617 1656 1642 iur.
1679 1618 1703 1642 2.
1722 1618 1747 1643 2.
1775 1633 1807 1636 —
1838 1618 1869 1651 §0
1889 1619 1927 1645 6.

1092 1660 1265 1693 Experiri,
1285 1660 1369 1685 Pati.
1408 1658 1425 1685 Ι.
1446 1660 1507 1693 Sy.
1535 1658 1591 1685 Pati
1611 1660 1762 1693 (iniurIam).
1782 1659 1812 1687 fr.
1826 1662 1849 1687 3.
1870 1661 1926 1695 §.1.

1093 1702 1122 1728 fr.
1138 1704 1178 1728 17.
1198 1702 1287 1736 3310.
1301 1711 1340 1738 sq.
1362 1701 1391 1728 fr.
1407 1704 1445 1728 18.
1460 1703 1482 1735 3.
1495 1704 1519 1728 2.
1540 1701 1572 1728 de
1586 1703 1660 1728 iniur.
1680 1704 1721 1729 47.
1735 1705 1774 1729 10.
1806 1703 1846 1730 III.
1861 1705 1927 1731 cn.

1092 1745 1257 1772 Divisionem
1281 1746 1382 1781 accepit
1406 1749 1497 1781 postea
1521 1745 1706 1779 (dominium).
1748 1745 1804 1773 Gai.
1827 1746 1857 1773 II.
1885 1749 1925 1773 40.

1094 1787 1207 1814 Causam
1231 1797 1304 1823 agere
1330 1792 1355 1813 ct
1385 1789 1539 1814 contrariam
1567 1789 1722 1815 sententiam
1750 1799 1801 1815 acc.
1832 1789 1862 1815 fr.
1884 1791 1926 1816 29.

1093 1831 1114 1865 3.
1136 1832 1158 1856 1.
1184 1830 1216 1856 de
1235 1840 1290 1856 cxc.
1309 1831 1347 1856 rei
1366 1830 1418 1856 iud.
1442 1832 1483 1857 44.
1502 1833 1526 1857 2.
1564 1830 1662 1858 Moram
1681 1831 1854 1866 (solutionis)
1874 1843 1925 1859 acc.

1093 1873 1123 1900 fr.
1137 1875 1161 1900 2.
1181 1873 1202 1907 3.
1216 1874 1240 1899 3.
1260 1872 1292 1899 de
1311 1872 1377 1899 adm.
1397 1883 1445 1899 191.
1466 1873 1498 1899 ad
1517 1875 1565 1900 civ.
1585 1876 1626 1900 50.
1645 1875 1669 1900 8.
1690 1890 1722 1893 —-
1741 1875 1771 1909 ἓ.
1793 1876 1825 1903 ἶ.
1849 1877 1927 1903 Tra-

1093 1924 1187 1943 ctare.
1230 1915 1272 1942 III.
1293 1917 1358 1944 Cu.
1395 1915 1528 1953 Cognovi,
1552 1916 1623 1953 quod
1647 1933 1679 1936 —
1699 1917 1774 1955 culpa
1792 1918 1825 1945 M.
1861 1918 1927 1945 Eva-

1093 1960 1151 1986 risti
1169 1960 1203 1986 ita
1222 1958 1289 1985 male.
1313 1964 1435 1996 acceptus
1459 1959 1549 1991 fuerit.
1574 1965 1602 1986 ut
1624 1965 1686 1997 post
1708 1960 1776 1987 diem
1795 1960 1826 1988 V.
1846 1971 1926 1988 more-

1092 2007 1172 2029 retur.
1214 2002 1283 2029 Coll.
1303 2001 1355 2029 LL.
1379 2002 1412 2029 M.
1437 2002 1454 2029 1.
1476 2005 1515 2029 11.
1552 2003 1690 2030 Potucram
1712 2004 1788 2031 vobis
1815 2004 1926 2042 amplius

1092 2046 1253 2082 relinquere,
1278 2046 1329 2071 nisi
1352 2055 1393 2071 me
1417 2062 1448 2065 —-
1472 2051 1546 2083 pater
1569 2051 1656 2073 vester
1678 2046 1744 2073 male.
1773 2048 1924 2085 accepisset.

1093 2088 1122 2115 fr.
1145 2091 1184 2116 17.
1204 2089 1225 2123 3.
1248 2090 1269 2115 l.
1290 2088 1322 2115 de
1342 2088 1365 2114 (1.
1386 2098 1418 2115 m.
1439 2099 1493 2115 exc.
1514 2090 1555 2116 44.
1575 2091 1598 2115 4.

1126 2131 1273 2159 Aecire.
1301 2133 1457 2163 Evocare,
1477 2134 1650 2160 Adron-are.
1681 2132 1723 2159 ΙΠ.
1744 2134 1809 2161 Cn·
1833 2133 1925 2159 Accire

1091 2185 1171 2212 posse
1190 2174 1321 2201 adhibitos
1341 2179 1435 2207 testes,
1455 2180 1480 2202 et
1499 2175 1587 2202 audire
1606 2176 1655 2202 sibi
1674 2177 1851 2203 testimonium
1869 2186 1925 2213 per-

1092 2218 1221 2244 hibentes.
1258 2216 1330 2243 Paul.
1350 2216 1392 2243 III.
1412 2219 1436 2244 4.
1456 2218 1487 2245 A.
1507 2219 1529 2253 3.
1549 2220 1572 2245 4.
1608 2219 1648 2246 Ex
1667 2219 1809 2256 longinquo
1828 2220 1850 2245 si
1866 2220 1923 2255 quis

1093 2266 1133 2287 est
1151 2260 1298 2287 acciendus.
1336 2260 1385 2287 Th.
1406 2260 1436 2287 C.
1457 2261 1500 2288 IX.
1519 2263 1543 2288 2.
1564 2273 1584 2288 9.
1603 2264 1627 2289 3.
1648 2262 1679 2289 de
1698 2262 1756 2289 cxh.
1775 2273 1799 2288 v.
1819 2267 1922 2289 transm.

1092 2304 1212 2331 Manibus
1232 2305 1321 2330 accitis
1341 2303 1436 2330 audent
1454 2304 1586 2331 ventilare.
1624 2305 1659 2331 lb.
1680 2305 1722 2332 IX.
1745 2306 1783 2331 16.
1804 2316 1823 2331 c.
1843 2307 1865 2331 5.
1891 2305 1923 2332 de

1092 2347 1175 2374 males.
1195 2352 1221 2373 et
1238 2346 1316 2373 math.

1126 2391 1361 2418 Acclamare.
1383 2392 1529 2417 Clamore
1547 2394 1738 2418 sententiam
1756 2393 1922 2427 proferre,

1092 2444 1113 2460 v.
1134 2435 1277 2460 alterius
1296 2435 1447 2467 opinioni
1465 2437 1615 2461 accedere.
1644 2434 1662 2460 1.
1676 2436 1736 2468 Sy.
1763 2433 1921 2461 Exclamare.

1093 2476 1142 2503 Th.
1163 2475 1193 2503 C.
1213 2475 1268 2502 HI.
1288 2478 1329 2502 20.
1355 2486 1375 2502 c.
1394 2478 1418 2502 2.
1438 2487 1476 2513 pr.
1501 2477 1534 2503 (19
1552 2482 1663 2503 ven-ran.
1705 2475 1746 2502 111.
1766 2477 1827 2504 Cn.
1856 2477 1922 2504 Cum

1093 2520 1229 2546 introisset
1264 2536 1295 2539 -
1335 2519 1501 2547 acclamatum
1534 2525 1586 2546 cst:
1626 2520 1754 2554 Auguste!
1784 2525 1831 2546 919.
1884 2520 1920 2546 Ib.

1093 2573 1114 2589 c.
1132 2564 1157 2588 2.
1176 2572 1215 2599 pr.

1126 2606 1372 2633 Acclamatio.
1401 2608 1584 2636 Sententia,
1608 2615 1743 2632 coronae
1760 2607 1921 2642 vocifera-

1093 2651 1181 2675 tione
1196 2651 1338 2683 prolata.
1376 2649 1417 2675 III.
1433 2651 1497 2676 Cn.
1526 2647 1696 2674 Turbulentis
1715 2658 1744 2674 se
1763 2648 1921 2676 acclamatio-

1092 2692 1169 2718 nibus
1188 2691 1353 2729 popularium
1372 2690 1572 2718 accommodare.
1600 2691 1630 2717 fr.
1649 2692 1690 2718 28.
1710 2692 1732 2725 3.
1751 2693 1774 2717 3.
1795 2691 1827 2718 dc
1844 2703 1919 2729 poen.

1092 2736 1133 2762 48.
1154 2736 1194 2761 19.
1230 2735 1270 2762 Ex
1293 2735 1475 2761 acclamatione
1497 2733 1587 2770 populi
1609 2735 1796 2760 manumittere.
1825 2734 1854 2761 fr.
1882 2737 1919 2760 17.

1092 2788 1130 2815 pr.
1168 2778 1220 2813 Qui
1241 2783 1266 2804 ct
1285 2789 1297 2804 3
1317 2788 1358 2814 qu.
1378 2787 1443 2803 man.
1463 2778 1503 2802 40.
1523 2778 1546 2803 9.
1583 2776 1776 2803 Acclamatione
1794 2778 1920 2814 excipian-

1092 2825 1134 2847 tur
1151 2820 1236 2847 solita.
1265 2820 1313 2847 Th.
1334 2820 1363 2846 C.
1383 2819 1426 2846 VI.
1447 2821 1469 2846 9.
1491 2830 1510 2846 9.
1526 2822 1550 2846 2.
1570 2830 1607 2857 pr.
1628 2820 1660 2846 (19
1678 2820 1786 2856 Quacst.
1805 2820 1919 2846 Publicis

1537 2863 1580 2889 24
