2197 3121
967 158 1059 190 TOR
1073 177 1112 184 —-
1130 160 1227 191 TRA.

249 241 426 269 Torrere·
464 242 544 276 Igne
562 249 668 271 urere,
692 241 741 266 vel
758 241 889 267 siccare.
927 239 970 267 111.
991 241 1058 269 On.

215 283 269 319 Qui
293 283 432 310 carbonem
456 283 568 310 caedunt
591 292 621 309 ac
644 286 754 309 torrent.
778 282 808 310 fr.
828 284 853 310 6.
876 282 909 309 de
932 283 989 309 iure
1014 284 1060 310 im-

215 335 285 352 mun.
304 327 346 353 50.
365 327 389 353 6.
425 325 476 353 Per
492 336 539 352 eos
557 326 606 359 (sc.
620 324 742 359 tubulos)
761 325 863 352 flamma
883 329 999 352 torretur
1016 336 1060 363 pa-

216 369 277 395 ries.
297 368 327 395 fr.
349 370 388 395 13.
408 379 447 406 pr.
467 368 500 395 de
519 368 546 395 S.
565 367 594 395 P.
614 367 645 395 V.
665 368 690 394 8.
709 369 734 395 2.

251 412 398 439 Tortor.
436 413 623 438 cruciatus.
659 410 679 437 I.
699 411 762 445 Sy.
786 410 936 438 Tormenta.
957 411 1007 438 Th.
1027 410 1059 439 C.

217 452 283 480 VIII.
305 455 326 480 Ι.
347 464 368 480 c.
387 456 412 481 6.
431 463 470 490 sq.
490 463 511 480 c.
531 454 555 480 9.
574 463 613 491 pr.
634 453 667 480 de
685 463 814 480 numerar.

250 497 385 528 Totus,
401 506 421 523 s,
435 498 594 524 Thorus.
617 497 792 523 Thalamus
808 497 964 530 genialis.
985 498 1061 524 Con-

214 540 344 565 cubituu
360 541 532 573 nuptialia.
570 538 613 565 111.
627 539 694 567 Gn.
714 538 832 565 Geuialis
851 540 902 565 tori
921 550 951 566 ae
969 539 1060 567 lectuli

215 581 322 608 invasor
345 581 431 608 alieni.
455 581 505 608 Th.
530 581 561 608 C.
585 581 630 608 IX.
649 582 691 609 38.
717 591 738 608 c.
761 582 784 608 6.
808 580 841 607 de
864 581 962 618 indulg.
987 584 1059 610 crim.

216 623 341 650 Geniales
360 625 508 651 senatorios
527 624 620 651 thoros
638 624 808 652 contaminari
827 623 987 661 pollutarum
1006 636 1060 652 mu-

216 665 308 693 lierum
336 666 399 693 face.
428 666 547 694 Genialis
575 668 626 694 tori
654 668 767 694 castitas.
796 665 863 693 Nov.
883 667 1004 695 Marciau.
1026 668 1059 695 de

214 710 325 736 matrim.
349 709 438 736 Senat.
458 709 500 736 111.
519 712 544 737 4.
564 720 585 736 c.
606 712 629 737 1.
649 710 671 744 §.
692 711 714 736 l.
738 707 806 735 Νῦν.
826 708 916 737 Maior.
936 710 969 737 de
988 711 1060 738 adul-

215 756 262 778 ter.
281 751 323 779 IV.
338 753 362 779 8.
382 763 396 779 c
420 754 442 780 l.
480 752 599 779 Thorum
618 753 732 790 priorem
752 751 869 778 seeundo
889 758 989 780 mutare
1008 764 1059 780 am-

214 793 304 831 plexu.
324 794 374 823 Th.
388 795 420 822 C.
435 794 466 822 V.
481 797 503 822 l.
525 806 545 822 c.
565 797 589 822 8.
609 795 642 822 de
660 794 730 830 legit.
749 793 860 822 heredit.
880 795 970 823 Liberi
988 797 1058 834 prio-

214 836 252 863 ris
272 837 330 863 tori.
351 847 373 864 c.
392 840 417 864 2.
438 838 470 865 de
488 838 579 865 indict.
598 837 689 864 viduit.
709 838 733 863 6.
753 838 795 863 40.

250 880 333 907 Tot.
371 881 402 914 §0
426 883 459 908 1.
486 882 561 908 Tam
588 882 690 907 multi.
732 879 774 907 III.
795 880 861 907 οη.
887 880 949 913 Tot,
975 886 1059 908 tanto-

214 931 324 959 rumque
343 922 592 956 (denuuciatioues.)
611 922 661 950 Th.
683 922 715 949 C.
729 922 774 949 IX.
793 924 835 949 45.
855 933 876 949 c.
896 926 920 949 4.
940 923 962 957 §
981 925 1006 950 3.
1026 923 1059 950 de

214 963 239 991 h.
254 974 297 1001 qu.
318 965 349 992 ad
369 966 432 993 eccl.
453 965 506 993 Tot
518 975 620 1002 genera,
639 970 704 1001 quot
718 970 767 992 etc.
787 964 844 992 Gai.
863 965 881 992 1.
898 967 955 993 188.
975 966 1059 1002 Quot-

214 1012 280 1044 quot
298 1013 388 1040 erunt,
408 1025 440 1029 -
465 1010 492 1035 in
515 1013 554 1034 tot
577 1009 716 1045 portiones
740 1013 789 1035 etc.
813 1007 851 1035 Id.
875 1008 918 1035 111.
939 1010 979 1036 16.
1000 1011 1057 1036 121.

214 1049 276 1087 le.
294 1050 392 1078 XXVI.
411 1054 435 1078 4.
455 1067 487 1071 —
507 1051 538 1084 §·
559 1052 595 1078 Β.
614 1052 723 1078 Huius
742 1061 889 1078 summae.
925 1051 969 1079 111,
991 1053 1057 1080 Gn·

213 1091 298 1129 Lego.
322 1103 343 1120 s.
364 1093 431 1120 Volo
451 1093 520 1125 dari,
540 1098 580 1120 tot
603 1093 723 1131 (pondo,
742 1103 766 1120 v.
786 1094 905 1127 aureos.)
925 1093 955 1120 Ir.
975 1095 999 1121 6.
1018 1105 1057 1132 pr.

214 1135 247 1162 de
266 1146 328 1163 auro
347 1146 399 1172 arg.
418 1138 461 1162 34.
479 1138 504 1163 2.
525 1136 554 1163 fr.
573 1138 597 1163 5.
616 1146 655 1174 pr.
680 1135 713 1162 de
738 1136 792 1163 reb.
819 1136 880 1163 dub.
898 1138 940 1163 34.
960 1138 984 1164 5.
1005 1137 1058 1165 Tot

213 1178 302 1206 millia.
322 1178 379 1206 Gai.
398 1178 440 1205 111.
462 1180 519 1205 174.

249 1221 438 1249 Totaium.
481 1223 598 1249 Nomen
622 1223 804 1248 mansionis
828 1223 862 1249 in
886 1223 1055 1258 Bithynia.

213 1263 254 1291 111.
269 1265 335 1292 Gn·
355 1264 549 1302 Claudiopolis,
568 1263 713 1295 prusiadis,
734 1274 764 1290 ac
778 1263 854 1291 Totai
871 1264 919 1299 [al.
934 1264 1055 1300 Tottaii‚]

212 1311 239 1333 et
257 1305 375 1339 Voridis,
395 1307 553 1344 oppidorum
571 1307 628 1333 sive
647 1308 810 1334 mansionum
830 1317 878 1345 per
895 1307 1056 1344 Bithyniam,

211 1349 332 1376 curiales.
352 1349 401 1377 Th:
422 1349 454 1377 C.
473 1349 531 1376 XII.
552 1351 575 1376 l.
595 1359 617 1377 c.
638 1351 695 1376 119.
715 1349 748 1376 de
767 1349 902 1378 deeurion.

247 1393 434 1420 Totidem.
478 1393 586 1427 Aeque
613 1395 716 1420 multi.
753 1392 797 1419 111.
818 1395 884 1421 Cn.
912 1393 999 1429 Quot,
1023 1410 1055 1415 —

211 1435 288 1462 totid.
309 1440 358 1462 etc.
378 1435 419 1462 Cf.
439 1445 463 1462 v.
484 1435 564 1470 Quot.
585 1434 659 1462 Vnus
679 1445 776 1472 equus,
797 1435 863 1463 duae
881 1446 977 1473 equae.
997 1439 1057 1464 toti-

211 1477 271 1504 dem
290 1478 380 1504 boves.
400 1477 473 1505 Paul.
487 1477 518 1505 V.
534 1479 574 1504 18.
593 1478 616 1512 §.
631 1480 653 1506 1.
691 1478 715 1505 V
729 1480 801 1505 nasci
821 1488 909 1516 posse,
929 1481 988 1516 quia
1001 1480 1057 1507 vul-

211 1530 259 1547 vae
278 1520 414 1548 mulierum
433 1520 509 1547 totid.
529 1521 693 1558 receptacula
713 1521 809 1549 habere
828 1527 950 1559 possunt.
970 1523 999 1550 fr.
1013 1525 1055 1550 36.

211 1563 244 1590 de
263 1563 342 1590 solut.
367 1565 408 1591 46.
427 1565 452 1590 3.
489 1562 596 1590 Praeter
620 1564 762 1596 decimam,
795 1575 871 1601 quam
898 1567 1055 1593 matrimonii

211 1607 317 1633 nomine
336 1607 455 1643 capiunt,
479 1605 589 1633 totidem
614 1606 728 1634 decimas
753 1617 802 1645 pro
827 1618 935 1635 numero
960 1608 1055 1636 libero-

212 1658 268 1676 rum
288 1650 426 1686 accipiunt.
446 1648 507 1686 le.
527 1648 585 1675 XV.
607 1651 629 1676 l.

248 1693 389 1722 Toties,
404 1701 424 1718 S.
436 1692 604 1719 Totiens.
618 1691 731 1725 (Advb.)
747 1695 845 1725 Tunc,
862 1695 914 1721 lta
928 1697 1052 1721 demum.

212 1733 232 1761 l.
252 1735 313 1769 Sy.
333 1733 417 1765 Tunc,
437 1735 540 1771 quoties
555 1739 603 1761 etc.
624 1734 744 1766 Totiens.
764 1736 786 1762 si
801 1741 848 1762 etc.
869 1735 970 1767 Toties.
991 1747 1055 1774 quo-

213 1777 270 1804 ties.
291 1776 321 1804 sr.
343 1778 384 1803 13.
402 1776 454 1812 Qu.
474 1782 534 1803 met.
556 1787 576 1803 c.
597 1779 620 1804 4.
639 1779 664 1804 2.
685 1778 714 1804 l'r.
736 1779 776 1804 70.
797 1778 819 1812 ξ.
833 1780 857 1805 3.
878 1779 910 1806 (18
929 1780 1010 1807 usuIr.
1031 1783 1054 1807 7.

214 1821 237 1845 l.
258 1818 287 1846 sr.
308 1821 331 1846 4.
352 1820 373 1853 ξ.
393 1820 416 1845 6.
438 1818 470 1846 (18
489 1819 573 1846 damn.
593 1819 638 1847 inf.
657 1822 699 1847 39.
719 1823 742 1847 2.
764 1820 793 1847 fr.
810 1823 849 1848 15.
870 1822 892 1855 ξ.
907 1824 947 1849 48.
968 1823 1001 1849 (18
1020 1824 1056 1850 in-

212 1863 260 1889 iur.
280 1864 321 1889 47.
343 1864 383 1888 10.
407 1861 437 1888 fr.
456 1863 480 1888 6.
500 1872 538 1900 pr.
564 1861 596 1889 de
619 1862 730 1900 pollicit.
750 1865 791 1891 50.
813 1866 853 1891 12.
878 1864 919 1892 Cf.
939 1875 963 1892 v.
984 1865 1057 1901 Quo-

212 1905 271 1932 ties.
291 1905 311 1938 ᾗ.
331 1906 355 1931 2.

248 1949 377 1974 Totus.
402 1948 543 1981 (Adieet.)
571 1949 603 1982 ξ.
623 1950 658 1976 1.
692 1950 882 1983 Vnam-sus,
913 1953 1056 1989 Solidus,

213 1992 337 2018 Plenus.
374 1989 392 2017 I.
413 1991 475 2024 Sy.
499 1990 602 2018 Omnis.
627 1991 668 2018 Cf.
693 1991 717 2018 h.
742 2002 765 2018 v.
792 1992 925 2025 Sulidum.
951 1993 1056 2021 Totum.

213 2032 270 2060 Gai.
290 2032 332 2059 III.
356 2034 412 2059 121.
432 2043 489 2070 sqq.
511 2033 540 2060 l'r.
556 2035 579 2060 4.
601 2035 624 2060 si
645 2044 677 2061 ex
697 2045 758 2062 nox.
780 2046 800 2062 c.
820 2039 844 2063 2.
858 2038 881 2063 9.
902 2036 1056 2064 Vniversus.

212 2075 271 2103 Gai.
289 2075 319 2102 11.
341 2077 397 2102 177.
416 2077 475 2102 226.
495 2078 554 2102 257.
591 2076 622 2104 11.
645 2079 712 2111 01).
741 2077 808 2104 Tota
828 2089 879 2106 res.
899 2079 1003 2106 Totum.
1025 2097 1055 2101 —

213 2117 285 2145 Pars.
304 2118 403 2145 Portio.
424 2118 465 2145 CI'.
486 2118 510 2144 b.
530 2129 572 2145 vv.
596 2119 618 2153 §.
642 2122 662 2146 1.
683 2120 832 2156 Quosdam,
854 2138 885 2142 —
910 2122 995 2149 Totos
1015 2122 1056 2157 (li-

213 2160 291 2188 beros
311 2161 416 2193 facere.)
437 2171 457 2187 c.
479 2163 518 2187 15.
538 2162 559 2195 ξ.
579 2164 603 2188 5.
624 2161 656 2188 de
677 2167 777 2190 testam.
798 2174 864 2191 man.
885 2167 907 2192 7.
923 2168 946 2192 2.
968 2167 1056 2201 Quan-

214 2208 269 2229 tum
287 2203 318 2230 ad
338 2214 394 2230 eum
414 2208 521 2230 tantum.
541 2220 573 2224 —
593 2204 734 2232 Caeterum
759 2211 851 2234 totum.
877 2207 906 2234 sr.
930 2210 968 2234 14.
989 2209 1011 2242 §.
1034 2210 1055 2236 1.

215 2245 248 2272 de
267 2245 295 2272 L.
315 2245 394 2273 Corn.
416 2246 447 2272 de
468 2246 523 2272 fals
543 2248 583 2273 48.
607 2249 645 2274 10.
682 2247 769 2275 Vnum
789 2249 896 2286 aliquod
914 2252 1054 2287 negotium.

216 2304 247 2309 —
267 2286 335 2314 Tota
352 2288 428 2316 bona.
448 2288 505 2316 Gai.
524 2289 565 2316 111.
582 2290 637 2316 148.
674 2290 717 2317 111.
734 2292 799 2319 Gn.
819 2292 888 2319 Tuto
901 2295 956 2320 iure
976 2294 1056 2326 civili,

216 2340 239 2357 v.
259 2329 287 2356 1n
308 2335 364 2356 toto
383 2330 436 2358 fere
455 2333 523 2364 iure,
544 2334 597 2364 (ita
617 2342 645 2359 se
664 2332 769 2366 habet.)
796 2334 825 2362 sr.
845 2336 886 2361 67.
912 2336 944 2363 de
973 2342 1055 2363 contr.

216 2378 276 2399 emt.
297 2374 336 2398 18.
358 2374 380 2399 1.
400 2373 431 2399 cs.
451 2374 480 2400 fr.
493 2376 535 2402 26.
556 2375 588 2403 de
607 2380 676 2402 statu
691 2376 759 2403 hom.
776 2378 796 2403 l.
812 2379 835 2403 5.
857 2377 939 2405 vatic.
960 2380 981 2413 ξ.
995 2381 1054 2406 225.

216 2416 269 2443 Aut
289 2420 343 2441 totn
367 2415 512 2448 hereditas,
535 2424 578 2445 aut
602 2429 685 2455 paene
709 2424 771 2445 tota.
792 2419 848 2446 Gai.
868 2420 897 2447 11.
918 2423 976 2448 254.
995 2423 1054 2449 256.

217 2468 256 2494 sq.
293 2457 352 2484 Nou
381 2458 440 2496 plus
467 2469 541 2494 quam
564 2461 717 2488 dodrantem
743 2463 822 2489 totius
848 2465 996 2500 patrimonii
1020 2464 1055 2491 le-

216 2510 284 2536 gare.
313 2500 372 2538 le.
394 2500 490 2528 XXIV.
513 2503 554 2528 32.
591 2504 633 2531 Ad
662 2507 742 2532 totius
771 2505 864 2532 domus
892 2508 1055 2534 eversionem

217 2545 356 2580 pertinere.
376 2543 405 2570 I'r.
425 2546 466 2570 21.
486 2543 518 2570 (18
537 2544 580 2571 off.
598 2546 685 2575 Praes.
708 2550 728 2575 1.
751 2550 790 2575 18.
828 2547 956 2575 Totorum
976 2549 1056 2576 bono·

217 2596 274 2612 rum
293 2587 449 2619 (societas.)
470 2586 525 2613 Gai.
546 2586 589 2613 III.
610 2591 666 2616 148.
688 2593 744 2617 151.
784 2590 894 2621 Totum.
920 2592 990 2628 quod
1015 2593 1056 2619 ha-

217 2628 288 2654 bent.
309 2628 338 2654 fr.
360 2631 416 2655 173.
436 2639 474 2666 pr.
495 2629 528 2655 de
547 2629 578 2656 R.
597 2630 723 2660 1.50.17.
745 2633 841 2661 Totum
861 2634 965 2667 debere,
986 2635 1056 2671 quod
1077 2645 1079 2650 ’

218 2670 304 2697 Titius
325 2671 453 2698 debuerit.
473 2672 501 2698 l'r.
524 2674 580 2698 150.
600 2672 632 2698 de
652 2672 682 2699 V.
702 2675 729 2701 S.
748 2679 789 2703 50.
812 2679 850 2703 16.
871 2677 902 2703 cl'.
924 2677 953 2704 sr.
973 2680 1013 2705 40.
1033 2679 1055 2711 §.
1078 2699 1079 2702 ,

217 2716 241 2740 2.
262 2714 294 2740 de
315 2720 380 2751 pact.
400 2717 423 2741 2.
446 2717 484 2741 14.
506 2715 535 2741 l'r.
555 2717 596 2741 31.
618 2725 654 2751 pr.
681 2716 712 2742 de
731 2728 835 2754 procur.
855 2721 878 2745 3.
899 2721 922 2745 3.
960 2719 1056 2746 Totum

219 2766 294 2783 suum
323 2757 454 2783 bominem
482 2757 629 2784 defendere.
659 2758 688 2784 fr.
712 2763 734 2785 4.
760 2762 783 2786 si
809 2772 840 2788 ex
865 2772 924 2788 nox.
950 2773 971 2788 c.
991 2766 1014 2789 2.
1034 2764 1056 2788 9.
1079 2756 1080 2760 ¹

1887 166 1951 196 961

1105 240 1180 273 dere,
1203 251 1228 268 v.
1247 242 1378 278 vestigare
1397 243 1464 277 etc.)
1484 243 1534 271 Th.
1560 243 1592 271 C.
1615 243 1673 271 XII.
1702 247 1724 271 l.
1749 256 1769 271 c.
1789 247 1830 272 80.
1860 245 1892 272 de
1911 246 1954 273 de-

1104 284 1204 310 curion.
1237 284 1294 311 XII.
1324 287 1348 312 6.
1378 296 1399 312 c.
1428 289 1453 313 5.
1486 287 1518 313 de
1542 292 1688 324 susceptor.
1720 287 1791 315 XVI.
1812 289 1836 314 5.
1865 299 1886 315 c.
1910 290 1952 316 33.

1105 325 1138 352 de
1170 326 1266 353 haeret.
1302 343 1334 346 —
1377 328 1408 361 §-
1431 330 1468 356 20
1495 331 1625 357 Tantus.
1672 330 1716 358 111.
1746 332 1813 359 Gn.
1845 331 1893 358 Ille
1921 342 1953 359 ex

1104 373 1179 406 parte
1208 373 1276 402 tota,
1300 369 1346 396 ille
1369 381 1401 398 ex
1431 376 1485 398 tota
1515 373 1568 405 (sc.
1598 373 1711 400 heredes
1741 373 1845 405 sunto.)
1874 373 1903 400 fr.
1930 376 1952 401 l.

1106 412 1128 445 ξ.
1157 413 1181 438 5.
1215 411 1248 438 de
1276 411 1365 439 hei-ed.
1402 414 1463 441 inst.
1492 416 1533 441 28.
1562 417 1586 442 5.
1619 432 1652 436 -—-
1698 417 1729 450 ᾗ.
1759 417 1796 444 3.
1827 417 1952 448 Omnis,

1107 455 1257 489 Quisque.
1305 455 1336 482 11.
1367 457 1435 490 ⁰1²·
1469 457 1576 485 Nostris
1604 459 1784 497 temporibus,
1817 475 1848 480 —
1882 458 1953 485 Toto

1104 501 1212 532 postero
1249 497 1355 524 saeculo
1391 499 1524 532 (tradere,
1562 511 1583 528 s.
1622 502 1827 535 transmittere.)
1858 500 1952 528 Const.

1105 538 1218 566 Omnem
1237 540 1339 577 reipub.
1358 541 1380 575 ξ.
1401 543 1426 568 9.
1463 542 1506 569 111.
1526 544 1593 571 Gn.
1617 544 1692 580 Quae
1715 554 1759 571 res
1785 544 1953 581 accipiendae

1105 582 1175 608 sint?
1202 582 1343 610 videndum
1368 589 1416 611 cst.
1453 584 1487 611 Et
1511 585 1573 612 facit
1597 586 1702 623 quidem
1727 592 1812 614 totum
1830 587 1952 614 voluntas

1104 624 1228 651 defuncti.
1249 625 1277 652 fr.
1297 628 1339 653 35.
1364 627 1385 661 §.
1405 628 1429 654 3.
1455 626 1488 653 de
1506 627 1595 655 hered.
1616 630 1677 656 inst.
1696 631 1738 656 28.
1759 632 1782 656 5.
1804 646 1834 650 —
1860 631 1891 664 §.
1912 632 1952 657 4.

1103 669 1276 702 lutatam,
1297 671 1348 696 i.e.
1368 671 1405 696 ln
1423 672 1620 698 universum.
1658 672 1781 700 uren.
1801 673 1882 708 Quod
1901 674 1951 706 (sc.

1102 710 1144 736 ius
1163 710 1253 743 civile)
1272 720 1358 748 neque
1377 713 1404 738 iu
1423 717 1507 739 totum
1526 724 1539 739 a
1559 714 1686 747 naturali,
1706 715 1748 741 vel
1768 717 1893 751 gentium,
1913 726 1952 742 re-

1103 751 1181 784 cedit,
1201 763 1249 780 nec
1267 763 1316 790 per
1334 756 1421 782 omnia
1440 756 1463 782 ei
1483 757 1572 783 servit.
1598 756 1628 783 fr.
1648 758 1672 784 6.
1692 767 1732 794 pr.
1752 757 1785 784 de
1804 758 1822 785 I.
1843 763 1869 784 et
1888 758 1906 784 Ι.
1928 760 1950 785 l.

1104 797 1126 822 l.
1165 795 1301 831 Quosdam
1321 798 1347 823 in
1367 802 1450 825 totum
1469 798 1607 837 prohibuit
1625 799 1774 837 postulare,
1794 800 1951 837 quibusdam

1102 848 1151 874 pro
1171 847 1200 864 se
1220 840 1340 876 permisit
1359 845 1407 867 etc.
1429 840 1458 868 fr.
1481 844 1503 868 1.
1522 842 1560 876 ᾗῇ.
1584 845 1604 869 1.
1623 845 1648 869 3.
1669 844 1692 870 7.
1713 842 1745 869 de
1764 843 1863 880 postul.
1881 845 1906 870 3.
1927 846 1950 870 l.

1103 881 1131 907 In
1151 886 1235 908 totum
1254 892 1306 908 non
1326 892 1414 919 posse.
1436 883 1466 909 fr.
1486 885 1509 910 4.
1530 885 1551 918 §.
1567 886 1591 911 9.
1612 884 1644 911 de
1663 895 1774 912 manum.
1795 887 1837 912 40.
1854 888 1874 913 l.
1895 885 1952 912 Nec

1103 924 1129 950 in
1149 929 1233 951 totum
1252 929 1314 951 suut
1339 926 1501 960 (extranei.)
1531 926 1560 954 fr.
1580 928 1604 954 8.
1634 928 1656 962 §.
1676 930 1716 955 11.
1741 928 1773 955 de
1792 928 1822 955 Β.
1842 928 1870 955 Ρ.
1891 939 1912 955 c.
1932 933 1950 955 t.

1102 967 1143 993 37.
1164 969 1188 993 4,

1137 1010 1325 1036 Trabalis.
1340 1010 1470 1044 (Adiect.)
1491 1014 1636 1045 Firmus,
1661 1014 1806 1041 validus.
1825 1013 1868 1040 III.
1884 1015 1951 1041 Gn.

1102 1050 1209 1078 Trabali
1228 1053 1347 1079 iussione
1367 1053 1540 1081 decrevimus.
1560 1054 1697 1082 Nov.·Th.
1717 1055 1748 1082 II.
1770 1056 1803 1083 de
1822 1056 1877 1083 Iud.
1892 1056 1910 1083 I.
1926 1058 1949 1084 6.

1103 1103 1124 1121 c.
1146 1096 1169 1121 l.
1189 1095 1210 1128 §.
1229 1096 1252 1122 8.

1138 1139 1303 1166 Trabea.
1354 1140 1459 1166 Vestis
1488 1142 1576 1173 alba,
1603 1150 1789 1175 purpureas
1812 1143 1950 1178 fascias

1101 1181 1217 1207 habene
1241 1182 1396 1208 intextas.
1433 1181 1476 1208 III.
1498 1183 1564 1210 Gn.
1592 1182 1679 1209 Fastis
1708 1184 1731 1210 si
1759 1184 1846 1211 bonor
1873 1185 1950 1211 datus

1101 1221 1179 1248 fuerit
1200 1223 1326 1259 regalium
1354 1224 1510 1251 trabearum.
1540 1225 1589 1251 Th.
1610 1225 1639 1252 C.
1661 1225 1729 1252 VIII.
1750 1228 1791 1253 11.
1820 1237 1841 1253 c.
1862 1229 1886 1254 4.
1917 1238 1950 1254 ne

1101 1275 1143 1302 qu.
1164 1265 1226 1302 pub.
1247 1265 1306 1294 laet.
1327 1266 1490 1294 Consulares
1510 1268 1573 1299 viri,
1594 1284 1624 1288 —
1650 1268 1773 1296 honorati
1793 1270 1878 1307 ipsius
1899 1275 1950 1297 tra—

1099 1308 1164 1335 beae
1182 1310 1337 1337 summitate.
1358 1319 1379 1336 c.
1400 1311 1422 1336 1.
1443 1309 1476 1336 de
1496 1309 1574 1337 Coss
1596 1313 1636 1337 12.
1655 1313 1679 1337 3.

1135 1352 1360 1379 TrabeatuS.
1398 1352 1538 1387 (Adiect.)
1578 1355 1720 1381 Trabeae
1754 1356 1950 1390 insignibus

1098 1396 1279 1428 praeditus.
1315 1394 1357 1422 111.
1378 1396 1445 1424 Cn.
1469 1395 1575 1423 Patricii
1600 1396 1649 1423 fori
1673 1396 1819 1423 solidantes
1844 1398 1950 1434 privile-

1098 1438 1147 1473 gia,
1168 1437 1347 1465 inviolabilem
1366 1448 1471 1465 manere
1484 1438 1651 1465 decrevimus
1665 1439 1808 1466 trabeatum
1823 1441 1946 1475 quietem.

1101 1479 1149 1507 Th.
1171 1479 1201 1507 C.
1221 1480 1253 1507 Χ.
1276 1482 1315 1508 10.
1336 1491 1357 1508 c.
1377 1483 1418 1508 33.
1440 1481 1472 1508 de
1491 1482 1565 1518 petit.
1586 1486 1611 1507 et
1632 1481 1702 1508 ultro
1723 1482 1774 1509 dat.

1135 1525 1270 1550 'ri-abe.
1311 1525 1462 1558 Tignum.
1483 1526 1552 1557 (tam
1572 1524 1712 1560 singulum,
1732 1535 1809 1561 quam
1828 1525 1950 1562 pluribus

1099 1564 1176 1601 lignis
1203 1568 1393 1603 compactum.)
1430 1566 1473 1593 111.
1494 1568 1560 1594 Cn.
1591 1566 1680 1593 Videri
1710 1567 1799 1593 trabes
1828 1568 1949 1601 traditas,

1100 1617 1164 1644 quas
1184 1614 1268 1635 emtor
1287 1610 1426 1645 signasset.
1446 1609 1476 1636 fr.
1499 1611 1537 1636 14.
1565 1609 1586 1643 ᾗ.
1610 1612 1631 1635 l.
1657 1610 1689 1636 de
1707 1611 1788 1646 peric.
1809 1616 1834 1637 et
1855 1621 1948 1638 comm.

1101 1652 1140 1678 18.
1160 1653 1183 1678 6.
1221 1651 1313 1688 Tigna,
1332 1653 1430 1685 trabes,
1450 1663 1515 1689 quae
1533 1653 1743 1679 immitterentur.
1764 1652 1794 1680 fr.
1808 1655 1868 1680 242.
1888 1654 1910 1688 §.
1926 1655 1948 1680 l.

1100 1693 1131 1720 de
1152 1693 1182 1720 V.
1203 1694 1228 1720 S.
1250 1697 1291 1721 50.
1314 1696 1352 1722 16.

1135 1737 1376 1764 Tractabisss.
1401 1737 1539 1770 (Adiect.)
1567 1739 1776 1765 Tolerabilis.
1814 1737 1857 1764 111.
1882 1739 1948 1765 Cn.

1099 1779 1279 1806 Moderatione
1299 1780 1428 1806 tractabili
1448 1795 1479 1800 ——
1499 1780 1648 1807 celebretur
1660 1780 1751 1808 illatio.
1772 1780 1838 1807 Nov.
1859 1780 1947 1807 Maior.

1100 1822 1133 1849 de
1151 1821 1250 1858 indulg.
1270 1822 1363 1860 reliqu.
1384 1822 1427 1850 lV.
1447 1824 1471 1850 3.
1492 1833 1512 1850 c.
1536 1825 1557 1849 l.
1577 1824 1599 1856 §.
1619 1825 1644 1850 2.

1137 1867 1335 1893 Tractare.
1375 1867 1406 1900 ξ.
1427 1867 1461 1893 1.
1489 1867 1649 1893 Exercere
1674 1872 1875 1900 potestatem
1903 1866 1948 1899 (in

1102 1918 1153 1940 res,
1171 1908 1213 1935 vel
1233 1908 1375 1941 homines.)
1412 1908 1429 1935 I.
1450 1910 1512 1943 sy.
1532 1908 1633 1935 Durius
1648 1907 1753 1940 habere,
1772 1908 1948 1935 Ati-ocissime

1102 1956 1225 1983 tractare,
1250 1950 1359 1977 Saevire
1382 1952 1408 1978 in
1427 1952 1562 1985 (servos.)
1589 1951 1618 1978 fr.
1641 1953 1663 1978 l.
1689 1951 1711 1985 ξ.
1730 1954 1755 1978 2.
1776 1951 1805 1977 sr.
1825 1953 1849 1977 2.
1870 1951 1902 1977 de
1921 1951 1947 1978 h.

1102 1995 1146 2031 qui
1160 1995 1208 2020 sui.
1225 1996 1246 2020 1.
1259 1995 1282 2020 6.
1308 1993 1456 2020 Severitate
1475 1999 1594 2021 tractare.
1615 1993 1738 2021 Graviter
1757 1995 1857 2031 punire.
1878 1993 1908 2020 I'r.
1923 1995 1946 2020 1.

1101 2038 1122 2071 ξ.
1142 2038 1166 2063 8.
1187 2037 1216 2063 l'r.
1236 2038 1260 2063 3.
1281 2037 1302 2070 ξ.
1324 2038 1362 2064 16.
1383 2037 1415 2064 de
1434 2047 1506 2074 susp.
1527 2042 1574 2063 tut.
1594 2039 1635 2063 26.
1656 2039 1695 2063 10.
1732 2036 1775 2062 III.
1790 2037 1856 2064 Gn.
1875 2036 1947 2063 Iuste

1102 2090 1131 2106 ac
1150 2084 1294 2116 temperate
1314 2084 1345 2106 tr.
1366 2081 1469 2113 (tuos.)
1494 2079 1563 2106 Coll.
1583 2079 1636 2106 LL.
1657 2079 1689 2107 M.
1710 2079 1752 2105 III.
1772 2081 1796 2105 3.
1835 2078 1944 2116 Aliquo-

1102 2123 1152 2149 ties
1176 2122 1348 2159 adprehensi,
1377 2124 1480 2149 tractati
1508 2122 1670 2149 clementius.
1700 2121 1731 2148 fr.
1750 2122 1791 2148 28.
1820 2122 1841 2156 §.
1860 2123 1885 2148 3.
1913 2121 1946 2148 de

1102 2175 1177 2202 poen.
1198 2167 1238 2191 48.
1265 2167 1304 2192 19.
1327 2180 1355 2184 —
1382 2166 1413 2199 §0
1434 2167 1518 2192 LA.
1543 2167 1798 2197 Arimini-strare,
1824 2166 1944 2191 Gerere.

1101 2207 1143 2234 III.
1163 2209 1229 2235 (7111.
1249 2207 1323 2234 Bella
1344 2213 1417 2234 tract.
1442 2207 1491 2234 Th.
1512 2207 1543 2235 C.
1564 2207 1618 2234 VII.
1640 2209 1679 2233 13.
1700 2217 1721 2233 c.
1744 2209 1783 2233 lb'.
1808 2207 1839 2233 de
1867 2208 1944 2233 tiron.

1102 2249 1169 2277 Cum
1188 2252 1366 2286 magistratum
1387 2255 1557 2288 proroga-rent
1586 2250 1650 2282 sibi,
1680 2255 1705 2276 et
1733 2260 1791 2276 cum
1819 2250 1946 2276 iniuriose

1100 2298 1248 2320 tractarent.
1275 2293 1304 2320 fr.
1324 2296 1348 2319 2.
1373 2294 1394 2326 ς’.
1414 2295 1455 2319 21.
1483 2292 1515 2319 de
1535 2292 1567 2319 O.
1588 2292 1606 2319 I.
1628 2295 1650 2319 l.
1669 2295 1694 2319 2.
1733 2292 1872 2319 Pecuniam
1898 2302 1946 2329 pu-

1102 2336 1195 2363 blicam
1214 2341 1339 2366 tractare,
1359 2336 1415 2361 sive
1435 2335 1591 2371 erogandam
1611 2335 1759 2362 decernere⁴
1785 2335 1813 2361 fr.
1833 2337 1858 2361 2.
1878 2335 1900 2368 §.
1922 2337 1945 2361 1.

1101 2379 1132 2405 ad
1152 2379 1244 2405 munic.
1265 2380 1306 2404 50.
1329 2380 1349 2404 1.
1369 2377 1496 2404 Rationes
1520 2383 1594 2404 tract..
1621 2378 1650 2405 l'r.
1670 2382 1694 2404 8.
1722 2378 1754 2404 (18
1778 2387 1888 2404 manum.
1909 2382 1946 2403 te-

1100 2427 1173 2448 stam.
1194 2423 1235 2447 40.
1255 2422 1278 2447 4.
1300 2431 1321 2447 8.
1343 2423 1381 2447 10.
1410 2421 1443 2447 de
1467 2431 1556 2448 excus.
1582 2425 1629 2446 tut.
1654 2422 1678 2447 5.
1703 2422 1744 2447 62.
1782 2419 1944 2447 Matriculam

1100 2463 1206 2491 scholae
1226 2465 1355 2499 agentium
1374 2465 1400 2490 in
1420 2463 1498 2490 rebus
1517 2478 1550 2483 —
1570 2467 1690 2489 tractare.
1704 2463 1752 2489 Th.
1767 2462 1798 2489 C.
1813 2462 1830 2489 I.
1845 2464 1869 2489 9.
1885 2472 1906 2489 c.
1919 2464 1944 2489 3.

1101 2506 1214 2540 (ch.)
1239 2506 1271 2532 de
1291 2506 1334 2532 off.
1355 2516 1418 2543 mag.
1443 2505 1511 2532 oflic.
1549 2505 1576 2532 In
1601 2507 1708 2542 optimis
1732 2506 1844 2542 negotiis
1867 2515 1946 2542 pecn-

1101 2551 1168 2576 uiam
1182 2553 1301 2579 tractare.
1321 2554 1345 2575 et
1359 2550 1524 2575 mercimonia
1535 2550 1639 2584 agitare.
1654 2548 1703 2574 Th.
1718 2547 1748 2574 C.
1762 2547 1817 2574 VII.
1831 2550 1872 2574 20.
1887 2558 1908 2575 c.
1920 2550 1943 2576 7.

1101 2592 1133 2618 de
1152 2597 1266 2618 veteran.
1287 2591 1422 2627 Quosdam
1443 2608 1474 2611 —
1494 2592 1532 2617 sic
1552 2596 1663 2618 tractare
1682 2591 1759 2623 bona,
1781 2607 1810 2612 —-
1832 2595 1873 2623 ut,
1893 2592 1943 2617 nisi

1101 2635 1272 2661 subveniatur
1295 2634 1335 2660 his
1356 2640 1405 2660 etc.
1431 2634 1460 2660 fr.
1482 2636 1521 2660 12.
1543 2634 1563 2667 ξ.
1583 2635 1606 2660 2.
1632 2633 1664 2659 de
1689 2638 1736 2660 tut.
1761 2639 1787 2660 et
1811 2643 1864 2660 cur.
1891 2633 1943 2659 dat.

1101 2679 1140 2704 26.
1166 2680 1190 2703 5.
1232 2676 1284 2703 Vbi
1312 2677 1472 2714 pupillorum
1501 2692 1532 2696 -—
1562 2677 1665 2712 negotia
1693 2681 1793 2703 tutores
1822 2680 1942 2702 tractant.

1079 2720 1158 2746 *Gar
1178 2720 1195 2746 I.
1218 2721 1274 2746 191.
1295 2720 1324 2746 cl'⁴
1347 2721 1403 2746 190,
1426 2736 1455 2739 —-
1475 2720 1506 2752 ξ.
1527 2720 1562 2745 2.
1584 2721 1618 2746 1η
1633 2721 1727 2755 foro,
1747 2722 1794 2746 vel
1813 2721 1943 2746 audito·

1102 2765 1165 2794 rio,
1184 2773 1313 2789 causam
1333 2764 1507 2795 explicare.
1546 2761 1562 2790 1.
1585 2763 1646 2796 Sy.
1670 2762 1776 2798 Agitare
1796 2763 1942 2794 (causam.)

219 2799 286 2826 Tota
307 2800 506 2832 observatione,
530 2811 553 2827 v.
574 2802 726 2837 sagacitate.
751 2812 773 2828 v.
794 2806 940 2832 maturitate
960 2806 1059 2842 (provi-
1080 2797 1082 2826 l
1105 2805 1145 2832 Cf.
1167 2805 1190 2831 h.
1210 2816 1233 2831 v.
1254 2806 1275 2839 ξ.
1295 2807 1318 2831 4.
1358 2804 1398 2830 111.
1420 2806 1485 2832 Cn.
1506 2804 1591 2840 Quam
1611 2808 1664 2837 (sc.
1685 2805 1805 2835 causam)
1826 2809 1866 2834 tu,
1885 2813 1943 2830 cum

1081 2848 1083 2862 t

1454 2849 1497 2873 121
