2197 3121
1019 163 1111 193 REP.

205 249 246 274 41.
266 249 289 274 1.
310 247 340 274 cf.
360 247 390 274 fr.
411 249 434 274 1.
454 248 475 282 5.
495 249 537 273 ‘22.
558 246 649 283 depos.
670 245 710 271 16.
728 245 752 270 3.
772 244 803 271 sr.
821 246 862 270 20.
883 244 915 271 de
928 244 959 271 A.
973 254 996 270 v.
1010 243 1041 270 Α.

206 290 232 317 Ρ.
252 292 293 316 41.
313 292 337 317 2.
363 301 384 317 c.
405 291 444 316 13.
470 289 502 316 de
521 288 586 315 adm.
608 293 654 314 tut.
675 289 698 314 5.
718 289 759 313 37.
797 288 908 323 Quoties
928 288 986 323 quis
1006 286 1041 318 id.

205 332 276 369 quod
290 332 379 359 deberi
392 332 442 359 sibi
458 335 539 369 putat,
559 340 610 357 non
630 340 677 367 per
697 329 809 356 iudicem
828 330 951 366 reposcit.
972 329 1004 355 fr.
1018 331 1040 355 7.

205 375 238 402 ad
256 375 284 402 L.
304 375 351 402 Iul.
372 375 404 402 de
422 376 448 400 vi
467 375 532 411 priv.
553 374 594 400 48.
615 375 637 400 7.
658 372 690 399 cs.
714 372 745 400 sr.
767 374 805 398 13.
826 372 876 407 Qu.
896 377 956 398 met.
977 382 997 398 c.
1017 373 1040 398 4.

204 420 228 444 2.
250 435 279 438 —
301 419 331 452 §.
351 419 388 444 3.
407 419 558 451 Exigere.
595 416 637 442 111.
654 417 720 443 οη.
740 415 876 441 Rationem
896 413 1000 445 tutelae,
1020 424 1040 440 s.

207 460 337 493 Tutelam,
356 469 502 497 reposcere.
523 458 553 485 i'r.
571 460 613 486 31.
633 459 654 492 5.
674 461 697 485 2.
718 458 750 484 de
769 457 868 484 liberat.
889 456 936 493 leg.
955 458 996 482 34.
1016 458 1040 482 3.

206 503 238 529 cf.
258 503 288 530 fr.
307 504 348 530 29.
375 502 406 529 de
425 502 491 528 adm.
513 506 538 528 et
556 503 635 539 peric.
655 502 696 527 26.
718 503 740 527 7.
764 500 793 526 fr.
814 501 836 526 9.
857 500 878 533 5.
898 502 920 525 4.
941 499 973 526 de
993 504 1039 526 tut.

207 550 233 572 et
251 551 298 572 rat.
320 548 361 572 27.
380 548 404 572 3.
441 544 578 581 Amplius,
605 554 680 580 qnam
704 553 780 570 eausa
801 559 830 563 —
851 543 967 579 reposcit
992 541 1039 575 [al.

206 598 248 615 res
267 588 382 625 poscit‚]
400 587 611 614 constituendum
632 592 680 613 est.
704 586 734 613 fr.
755 587 794 612 13.
819 584 850 611 de
870 590 935 611 cust.
955 589 981 611 et
999 595 1041 611 ex-

204 630 257 657 hib.
277 632 318 657 48.
337 632 360 657 3.
381 641 402 657 c.
424 632 462 656 16.
483 629 558 656 locat.
578 631 601 656 4.
623 632 663 657 65.

240 673 534 707 Repositorium.
560 674 825 702 lustramentum,
846 672 948 705 inquo
964 680 1039 697 vasa

204 718 331 743 escaria
352 718 383 742 in
403 726 507 743 mensa
527 718 747 749 imponuntur.
786 713 827 739 111.
843 715 908 741 Gn.
928 712 981 740 Sed
999 714 1039 739 cui

204 767 265 785 vasa
285 759 338 785 sint
357 758 453 794 legata,
476 775 504 779 —
526 757 650 785 scutellas
668 756 711 783 vel
735 755 935 793 promulsidaria
959 757 1040 782 conti-

203 802 273 833 neri;
296 803 452 838 repositoria
476 811 580 838 quoque
604 799 814 827 continebuntur.
838 798 869 825 sr.
890 800 928 825 19.
955 799 977 832 5
998 800 1038 824 10.

203 843 236 871 de
256 854 318 870 auro
338 854 389 880 arg.
409 845 450 870 34.
470 846 493 869 2.

239 887 561 920 Repraesentare.
597 886 628 919 §.
650 886 683 912 l.
707 886 896 912 Praesentis
914 885 1038 918 copiam

199 930 322 965 facere.
359 932 431 956 Rem
458 931 558 963 ipsam
579 934 757 962 praestare.
794 927 812 953 I.
832 928 893 961 Sy.
916 926 1039 953 Praesen-
1060 948 1061 958 ,

204 973 266 998 tiam
285 972 394 999 alicuius
415 972 505 998 facere.
531 970 559 997 sr.
582 972 621 997 15.
646 971 668 1004 5.
688 972 711 997 3.
737 970 769 997 ad
787 969 816 996 L.
835 969 882 996 Iul.
907 969 939 996 de
957 969 1037 996 adult.

202 1016 244 1042 48.
263 1017 287 1041 5.
308 1025 329 1042 c.
349 1016 372 1041 8.
394 1014 487 1050 Quom.
508 1018 533 1039 et
551 1023 593 1050 qu.
613 1013 664 1039 ind.
686 1015 707 1039 7.
721 1015 762 1040 43.
782 1012 828 1039 Iul.
843 1023 883 1050 ep.
898 1023 957 1039 nov.
977 1023 998 1039 c.
1014 1014 1036 1039 l.

206 1058 228 1091 5.
242 1060 267 1084 2.
287 1068 308 1084 c.
323 1059 363 1084 73.
383 1058 404 1091 5
423 1057 481 1082 264.
501 1055 608 1087 Inferre,
628 1056 748 1083 obferre.
769 1066 790 1082 c.
805 1058 826 1082 1.
841 1065 899 1092 sqq.
919 1055 951 1081 de
965 1055 1036 1082 fund.

203 1101 306 1137 patrini.
328 1102 366 1126 ll.
380 1101 421 1125 61.
442 1098 490 1125 Th.
508 1098 538 1125 C.
554 1098 596 1125 Vl.
616 1100 657 1125 3l.
678 1110 698 1125 c.
722 1101 742 1125 l.
763 1098 795 1125 de
814 1103 917 1125 strator.
938 1098 980 1125 Vl.
995 1100 1036 1124 35.

205 1153 226 1169 c.
245 1145 270 1169 2.
290 1143 322 1170 de
340 1143 406 1180 priv.
427 1151 479 1168 eor.
499 1151 541 1177 qu.
561 1142 587 1167 in
607 1141 634 1167 S.
654 1141 704 1178 pal.
735 1141 867 1172 Reddere,
890 1143 1036 1167 restituere.

202 1186 233 1212 fr.
252 1187 294 1212 36.
313 1186 334 1219 5.
356 1187 377 1211 l.
397 1184 429 1211 de
449 1184 524 1211 cond.
545 1189 569 1210 et
590 1184 656 1210 dem.
675 1186 716 1211 35.
738 1186 760 1210 1.
797 1183 840 1210 Ill.
856 1185 921 1211 011.
940 1183 1037 1210 Refun-
1058 1218 1059 1222 Ἰ

203 1228 265 1255 dere
284 1229 404 1265 protinus
424 1238 453 1254 ac
472 1232 668 1264 repraesentare
688 1228 852 1264 (expensas.)
872 1226 920 1254 Th.
936 1227 966 1254 C.
980 1227 1036 1254 XII.
1058 1245 1059 1265 3

203 1273 226 1298 1.
246 1281 267 1297 c.
286 1272 328 1297 29.
354 1270 386 1297 de
409 1270 543 1297 decurion.
581 1270 706 1306 Quaeque
730 1280 742 1295 a
763 1269 856 1296 Publio
880 1269 965 1296 soluta
988 1270 1036 1297 tihi

200 1323 253 1341 non
272 1313 381 1345 fuerint,
406 1323 446 1339 me
465 1317 727 1350 repraesentaturum.
752 1312 782 1339 fr.
802 1315 842 1339 62.
867 1313 932 1347 5.1.
951 1313 1036 1340 mand.

201 1358 241 1383 17.
262 1358 285 1383 l.
305 1356 337 1383 cf.
364 1356 435 1383 Paul.
456 1356 474 1383 I.
496 1358 534 1382 15.
555 1356 576 1390 5.
595 1357 619 1382 3.
658 1355 719 1382 Suis
744 1356 891 1392 quibusque
914 1356 1036 1392 tempori-

198 1399 249 1426 bus
269 1410 306 1429 ea.
326 1409 391 1436 quae
410 1399 475 1425 fiseo
495 1398 649 1436 pensitanda
664 1403 734 1430 sunt,
754 1403 950 1435 repraesentare
964 1408 1036 1434 eoga-

199 1447 249 1469 tur.
270 1453 292 1469 c.
312 1444 334 1469 l.
355 1442 387 1469 de
406 1441 476 1468 fund.
496 1442 598 1478 patrim.
620 1443 660 1468 11.
680 1443 721 1468 61.
742 1441 772 1467 cf.
793 1441 834 1467 Fr.
849 1441 881 1468 de
894 1441 912 1468 1.
928 1441 955 1468 F.
975 1442 996 1474 5.
1011 1442 1034 1467 8.

199 1485 229 1512 Id
247 1485 297 1511 tibi
314 1485 390 1511 faciet
409 1485 607 1522 repraesentari,
627 1485 697 1521 qnod
718 1489 742 1510 te
762 1485 910 1510 constiterit
925 1485 980 1510 iure
993 1483 1035 1510 de-

199 1538 318 1565 poscere.
342 1527 425 1554 Vatic.
445 1528 466 1561 5
486 1529 527 1553 41.
547 1527 578 1554 cf.
606 1538 626 1553 c.
648 1529 670 1554 7.
695 1527 727 1553 de
751 1537 800 1553 rer.
820 1532 930 1564 permut.
949 1528 973 1553 4.
992 1528 1033 1553 64.

198 1587 231 1592 -
251 1572 282 1604 ξ.
297 1572 332 1597 2.
352 1572 524 1598 Praesenti
543 1577 683 1604 tempore
701 1572 838 1604 exsequi.
870 1569 887 1596 Ι.
902 1571 963 1604 Sy.
984 1570 1034 1596 Ma-

198 1618 256 1640 ture
274 1613 396 1640 iudieare.
426 1613 634 1650 Repraesentare
653 1623 745 1639 causae
764 1613 945 1649 cognitionem.
964 1612 994 1639 fr.
1008 1616 1032 1639 3.

198 1657 220 1691 5.
240 1658 264 1682 5.
284 1656 317 1683 de
336 1656 414 1683 Carb.
435 1655 511 1682 edict.
531 1657 571 1682 37.
595 1657 632 1681 lo.
670 1655 700 1682 11.
717 1657 784 1689 Op.
805 1655 927 1682 Differre.
948 1655 988 1682 Cf.
1008 1656 1032 1682 l».
1054 1647 1056 1658 I

198 1709 223 1725 v.
242 1698 264 1732 5.
285 1701 307 1725 1.
344 1699 387 1725 111.
407 1700 473 1726 Cn.
491 1698 600 1725 Pracses
620 1697 676 1726 Pr..
699 1699 741 1735 qui
761 1699 787 1724 in
807 1708 837 1724 eo
858 1698 916 1725 loeo
935 1699 975 1724 ins
995 1709 1033 1724 re·
1054 1709 1056 1726 ι

198 1746 355 1779 praesentat.
380 1752 400 1768 c.
422 1743 444 1767 l.
468 1741 513 1768 ubi
537 1751 605 1767 caus.
630 1746 689 1767 stat.
715 1743 738 1767 3.
761 1743 802 1767 22.
827 1751 847 1767 c.
870 1743 891 1768 1.
917 1742 939 1767 si
963 1742 1032 1777 pign.

198 1786 309 1822 pignori.
328 1786 351 1811 8.
371 1786 412 1810 24.
449 1784 547 1811 Placita
570 1789 772 1821 repraesentata.
810 1783 912 1810 Causae
933 1793 1034 1820 reprae-

199 1832 323 1853 sentatae.
344 1837 364 1853 c.
383 1829 425 1853 36.
445 1826 477 1853 de
496 1831 618 1853 transact.
638 1828 662 1853 2.
677 1828 700 1853 4.
721 1837 741 1852 c.
757 1830 780 1853 8.
800 1826 833 1853 de
852 1826 910 1863 adp.
930 1831 955 1852 et
974 1836 1033 1852 con-

200 1869 259 1896 sult.
282 1871 304 1896 7.
323 1871 364 1896 62.
390 1885 420 1889 —
446 1870 476 1902 ξ.
497 1871 533 1896 3.
557 1871 637 1896 Ante
661 1871 780 1896 iustum
800 1875 922 1903 tempus
938 1879 1033 1903 prae-

198 1919 294 1939 stare.
331 1912 350 1939 1.
371 1913 432 1946 Sy.
452 1912 578 1938 Maturius
598 1912 746 1938 transferre.
780 1911 944 1938 Praemature
963 1911 1031 1938 dare.

197 1955 372 1992 Repraestare
391 1954 439 1987 [al.
458 1954 690 1992 Repraesentare]
710 1955 739 1981 fr.
759 1956 800 1981 36.
820 1956 884 1989 5.1.
905 1954 937 1980 de
956 1954 1031 1981 cond.
1053 1969 1055 1980 ι

198 2003 225 2025 et
243 1998 309 2024 dem.
328 1999 369 2023 35.
386 1999 406 2023 l.
427 1997 456 2023 fr.
470 2000 510 2023 22.
526 2008 563 2034 pr.
584 1997 616 2024 ad
630 1997 694 2024 S.C.
710 1997 788 2024 Treb.
801 2000 842 2024 36.
859 2000 880 2024 l.
908 1997 951 2023 111.
966 1999 1030 2025 Cn.

197 2041 267 2068 Ante
291 2040 426 2067 definitum
450 2045 552 2077 tompus
576 2051 642 2078 repr.
668 2040 798 2073 (debita.)
819 2051 839 2067 c.
862 2043 882 2066 1.
903 2039 935 2066 de
955 2040 1030 2066 cond.

198 2094 229 2110 ex
245 2083 275 2110 L.
295 2085 318 2110 4.
339 2085 362 2110 9.
400 2083 521 2109 Deducto
540 2083 676 2110 commodo
696 2085 830 2121 temporis.
850 2083 1030 2110 condemnatio

198 2126 296 2153 residui
315 2131 532 2163 repraesentatur.
552 2126 582 2152 sr.
602 2128 643 2153 24.
663 2127 684 2160 5.
704 2129 727 2153 2.
748 2127 796 2153 sol.
817 2127 925 2153 matrim.
945 2128 986 2152 24.
1005 2128 1029 2152 3

198 2168 427 2205 Repraesentatam
451 2170 585 2206 pecuniam
612 2179 772 2197 consumere.
801 2170 831 2196 sr.
856 2171 879 2196 8.
904 2170 924 2203 5.
950 2170 972 2196 6.
999 2169 1030 2195 de
1051 2169 1053 2212 J

198 2216 320 2237 transact.
338 2214 361 2238 2.
383 2214 422 2238 15.
449 2228 480 2231 —
505 2212 535 2244 ξ.
557 2213 595 2238 ›l-
619 2214 806 2247 Exemplum
826 2215 966 2240 alterius
985 2223 1029 2238 re·
1050 2216 1052 2252 J

194 2255 294 2289 ferre.
333 2255 405 2281 Vive
428 2257 566 2281 alterius
589 2265 661 2281 esse.
705 2255 747 2281 IlI.
768 2257 833 2283 Cn.
861 2255 947 2282 Causa
973 2257 1028 2282 eius
1050 2270 1052 2291 ς

199 2296 333 2332 temporis,
352 2306 402 2332 quo
416 2302 464 2324 etc.
485 2315 512 2318 —
536 2299 724 2334 repraesentari
744 2298 822 2324 debet
835 2300 923 2324 actori.
944 2298 973 2324 fr.
987 2300 1028 2324 91.
1050 2297 1052 2326 ἶ

199 2339 220 2372 5.
241 2340 263 2364 7.
284 2338 316 2364 de
334 2338 408 2374 legat.
427 2339 446 2366 Ι.
470 2342 536 2373 (30.)
562 2340 646 2378 Culpa
667 2340 727 2367 dolo
747 2342 864 2377 proxima
883 2341 972 2367 dolum
991 2352 1029 2367 re·
1050 2327 1051 2378 i

198 2386 354 2418 praesentat.
374 2381 404 2407 fr.
419 2383 441 2408 l.
460 2384 481 2416 5.
495 2385 518 2409 2.
538 2385 561 2410 si
580 2385 602 2410 is
622 2385 665 2420 qui
685 2389 784 2410 testam.
804 2383 849 2410 lib.
869 2386 909 2410 47.
924 2386 945 2409 4.
976 2385 1028 2420 Qui
1049 2402 1051 2407 ·

200 2423 392 2459 cognitionibus
414 2429 529 2451 nostram
548 2427 629 2452 vicem
652 2431 839 2463 repraesentas.
864 2426 912 2453 Th.
933 2426 963 2453 C.
982 2426 1027 2453 XI.

199 2468 240 2493 30.
260 2477 280 2493 e.
302 2468 340 2492 11.
360 2476 399 2503 pr.
419 2466 451 2492 de
470 2467 527 2504 adp.
547 2473 572 2494 et
590 2479 666 2506 poen.
1049 2500 1051 2504 ,

234 2510 564 2542 Repraesentatio.
600 2511 658 2543 (Cf.
678 2522 700 2538 v.
720 2512 906 2549 Repensatio.)
943 2512 973 2545 ξ.
993 2514 1027 2538 l.
1049 2533 1051 2539 .

199 2554 389 2579 Praesentis
408 2554 455 2578 rei
472 2557 667 2585 praestatio.
700 2554 717 2581 I.
732 2556 793 2589 Sy.
808 2554 959 2581 Praestatio.
979 2554 1027 2581 Th.

200 2594 230 2621 C.
245 2594 288 2620 11.
307 2596 349 2620 23.
370 2605 391 2621 c.
404 2596 427 2620 2.
449 2594 480 2620 de
499 2594 585 2620 decur.
605 2601 630 2621 et
648 2597 734 2624 silent.
754 2597 796 2623 ΥΙ.
810 2599 851 2623 26.
872 2608 892 2623 e.
907 2599 930 2623 3.
951 2608 971 2623 c.
988 2599 1028 2624 14.
1049 2623 1051 2639 1

198 2648 237 2674 pr.
257 2637 288 2663 de
309 2647 381 2673 prox.
397 2647 460 2663 com.
477 2637 544 2673 disp.
580 2637 622 2663 111.
638 2640 702 2666 Gn.
721 2640 848 2671 Colonos,
868 2656 899 2659 —-
920 2650 1028 2676 qnorum

199 2681 403 2717 repraesentatio
422 2681 548 2716 poscitur.
567 2680 729 2708 exhibendos
743 2693 808 2709 esse.
830 2683 864 2709 lb.
879 2683 910 2709 X.
925 2685 947 2709 Δ1.
969 2693 989 2709 c.
1003 2685 1027 2709 3.
1049 2706 1050 2717 ,

199 2722 231 2749 de
250 2727 329 2748 autor.
349 2732 452 2758 procur.
483 2722 623 2749 Confessio
643 2723 736 2749 litteris
755 2727 872 2762 exposita
892 2737 904 2752 a
924 2725 1029 2752 fideius-
1049 2721 1050 2726 ¹

200 2765 312 2794 soribus.
332 2775 363 2791 ex
377 2767 615 2801 repraesentatione
628 2776 805 2802 personarum.
826 2779 846 2795 c.
860 2771 901 2795 27.
922 2769 953 2795 de
967 2769 1029 2795 fide-
1049 2794 1051 2805 γ

200 2808 262 2835 iuss.
287 2813 312 2835 et
336 2807 419 2834 mand.
441 2812 463 2834 ὅ.
483 2810 524 2834 41.
550 2825 578 2828 —
605 2808 635 2840 ς’.
656 2809 690 2834 2.
717 2811 795 2836 Ante
818 2813 936 2839 iustum
957 2818 1028 2838 tem·
1049 2815 1051 2844 ἶ

1861 167 1922 197 835

1083 254 1144 278 pus
1163 246 1324 272 celebrata
1343 247 1472 272 solutio.
1509 245 1527 271 1.
1548 246 1609 279 Sy.
1633 244 1805 273 Commodum
1825 252 1922 284 tempo-

1087 288 1131 313 ris.
1174 286 1305 313 Deductio
1332 288 1358 314 in
1387 289 1634 324 repraesentatione.
1662 288 1691 314 sr.
1711 290 1752 315 24.
1780 289 1801 323 5.
1821 292 1844 315 2.
1873 290 1921 316 soi.

1087 331 1197 356 matrim.
1216 331 1258 356 24.
1277 331 1300 356 3.
1322 330 1351 356 fr.
1374 332 1394 356 l.
1415 331 1437 364 5.
1457 333 1480 357 2.
1501 331 1533 357 de
1552 331 1613 357 dote
1631 331 1742 368 praeleg.
1762 333 1803 358 33.
1823 334 1847 358 4.
1878 332 1920 359 III.

1086 374 1151 400 Gn.
1170 373 1211 399 An
1231 374 1295 405 eius,
1316 372 1385 409 qnod
1405 378 1463 399 anto.
1478 372 1546 399 diem
1560 375 1730 400 exsistentem
1744 374 1858 401 solutum
1872 380 1920 407 est,

1085 416 1351 452 repraesentationem
1375 416 1400 440 in
1426 415 1524 452 reliqua
1549 416 1680 443 solutione
1702 417 1779 453 legati
1798 422 1920 454 reputare

1085 459 1188 495 possit?
1213 458 1242 484 sr.
1262 459 1303 484 88.
1323 458 1344 492 5.
1363 460 1387 484 5.
1408 458 1439 484 de
1460 458 1534 494 legat.
1555 458 1584 485 II.
1604 460 1671 493 (31.)
1701 459 1874 487 Commodum
1893 461 1919 486 in

1085 500 1146 527 dote
1166 500 1278 537 relegata
1297 510 1356 527 esse
1375 503 1632 538 repraesentationis,
1652 503 1769 539 quamvis
1782 513 1864 529 annua
1878 503 1920 530 die

1085 543 1133 570 dos
1157 548 1341 580 praestaretur.
1366 542 1396 570 sr.
1417 546 1439 570 1.
1464 544 1500 577 55.
1526 546 1550 571 2.
1577 546 1616 571 12.
1641 546 1671 572 I'r.
1690 548 1713 571 2.
1739 556 1777 582 pr.
1803 545 1835 572 de
1859 545 1920 573 dote

1083 586 1198 623 pracleg.
1216 588 1258 612 3-3.
1277 588 1302 612 4.
1323 585 1354 612 cf.
1374 586 1403 612 fr.
1425 588 1446 612 1.
1467 587 1548 620 §.1st
1570 587 1600 613 ad
1619 587 1648 614 L.
1669 587 1737 614 Faic.
1757 590 1798 615 35.
1817 591 1841 615 2.

1120 630 1391 662 Repraestare.
1411 628 1465 662 (Cf.
1480 639 1503 655 v.
1518 628 1731 666 Repraesentare.
1752 631 1773 664 5.
1786 631 1823 664 3.)
1843 632 1919 657 Red-

1083 674 1159 699 dere.
1197 671 1239 698 111.
1258 673 1323 699 οη.
1344 671 1390 703 Vt,
1416 672 1438 698 si
1458 681 1509 698 non
1529 673 1642 707 integras
1662 674 1709 705 (sc.
1730 674 1862 706 materias)
1881 683 1920 700 re-

1083 715 1256 751 praestaverit
1269 714 1313 748 [al.
1324 715 1495 751 praestiterit]
1508 715 1574 740 intra
1588 719 1683 741 statuta
1696 720 1821 753 tempora.
1835 726 1918 753 poena

1084 758 1261 784 conveniatur.
1282 757 1311 783 fr.
1331 758 1371 783 47.
1392 757 1423 783 de
1443 757 1474 783 A.
1494 757 1523 783 Ε.
1545 757 1576 784 V.
1597 759 1636 783 19.
1657 759 1679 784 1.

1118 801 1428 833 Reprehendere.
1470 800 1499 832 ξ.
1525 801 1559 826 l.
1589 801 1837 834 Deprehendere.
1875 801 1917 828 ΙΙΙ.

1084 843 1149 870 Cn.
1178 842 1207 869 Si
1232 859 1263 862 —
1288 843 1382 869 absens
1411 842 1625 879 reprehendatur.
1655 843 1737 870 Vatic.
1762 844 1782 878 5.
1809 846 1864 870 157.
1885 844 1916 871 cs.

1083 885 1104 919 5.
1126 887 1165 911 10.
1189 885 1207 911 I.
1232 885 1264 911 de
1288 886 1305 912 1,
1326 885 1357 911 N.
1383 886 1403 910 l.
1424 886 1447 911 2.
1474 901 1502 905 —
1534 886 1564 919 §.
1584 887 1619 912 2.
1643 888 1832 921 Increpare,
1856 889 1916 914 Im-

1080 930 1227 961 probare.
1269 928 1298 954 ll.
1320 930 1386 962 011.
1415 927 1484 963 Lege
1508 928 1672 965 reprehendi.
1701 945 1733 949 --—
1760 929 1917 967 lmpunitum

1082 980 1148 996 esse.
1169 970 1282 996 Gai.111.
1295 973 1353 996 211.
1391 970 1432 996 111.
1448 971 1513 997 Gn.
1532 970 1679 1008 Rescriptis
1694 972 1849 1007 quibusdam
1869 983 1917 999 ma-

1082 1013 1231 1044 nifestatur.
1256 1013 1482 1050 reprehensaeque
1501 1018 1562 1039 sunt
1581 1015 1726 1040 sententiae
1745 1025 1847 1047 eorum,
1873 1017 1917 1052 qui

1082 1060 1130 1082 etc.
1150 1056 1179 1082 i'r.
1200 1058 1221 1082 7.
1242 1056 1262 1090 5.
1277 1057 1300 1082 4.
1320 1055 1352 1081 de
1371 1055 1463 1081 interd.
1484 1060 1509 1082 et
1528 1056 1605 1090 releg.
1625 1059 1666 1083 45.
1680 1059 1721 1083 22.
1742 1057 1825 1084 Vatic.
1839 1059 1860 1092 5.
1876 1060 1916 1084 75.

1082 1098 1113 1125 es.
1133 1098 1163 1125 fr.
1182 1101 1222 1125 22.
1243 1099 1265 1132 5.
1284 1100 1307 1124 5.
1327 1098 1384 1124 fam.
1405 1098 1494 1124 ercisc.
1515 1100 1554 1125 10.
1574 1101 1597 1125 2.
1635 1098 1825 1127 Necessitatem
1845 1101 1915 1128 solu-

1082 1142 1161 1167 tionis
1180 1141 1338 1171 moderetur,
1358 1140 1514 1177 reprehensa
1535 1146 1683 1169 exactorum
1698 1142 1788 1169 illicita
1802 1145 1915 1170 avaritia.

1081 1183 1110 1210 fr.
1130 1186 1153 1210 6.
1178 1184 1199 1217 5.
1220 1184 1257 1211 9.’”
1269 1184 1301 1211 de
1326 1184 1369 1210 osi'.
1396 1183 1482 1210 PraeS.
1509 1185 1531 1210 1.
1553 1185 1591 1210 18.
1617 1184 1647 1212 cf.
1677 1185 1726 1212 Th.
1752 1186 1782 1212 C.
1806 1186 1850 1212 XI.
1874 1188 1914 1213 30.

1082 1237 1102 1253 c.
1122 1228 1164 1252 34.
1183 1227 1205 1261 5.
1228 1230 1248 1253 1.
1272 1227 1303 1253 de.
1323 1226 1380 1263 adp.
1401 1231 1427 1252 et
1446 1236 1521 1263 poen.

1116 1269 1454 1303 lte-prehensibilis.
1487 1268 1624 1302 (Adiect.)
1658 1273 1916 1305 Reprelzensione

1080 1314 1205 1348 dignus.
1243 1312 1273 1339 11.
1295 1314 1362 1346 Op.
1390 1311 1522 1338 Honestae
1551 1317 1577 1338 et
1604 1313 1750 1350 inculpatae
1778 1315 1853 1340 vitae.
1884 1329 1915 1333 -

1080 1355 1192 1382 Notatus
1217 1360 1242 1382 et
1266 1355 1490 1392 reprehensibilis.
1515 1355 1544 1382 fr.
1564 1357 1587 1383 3,
1608 1366 1647 1393 pr.
1673 1356 1704 1382 de
1723 1356 1810 1382 testib.
1829 1358 1870 1382 22.
1891 1358 1914 1382 5.

1079 1398 1126 1425 lul.
1146 1409 1185 1436 ep.
1206 1408 1265 1424 nov.
1285 1409 1305 1424 c.
1326 1400 1348 1425 6.
1372 1398 1392 1432 5.
1411 1399 1452 1424 24.
1491 1398 1536 1425 III.
1556 1400 1621 1426 Cn.
1646 1398 1857 1436 Reprehensibili
1881 1404 1915 1425 te-

1079 1443 1198 1468 meritate
1217 1440 1322 1468 violare.
1344 1440 1393 1467 Th.
1414 1440 1444 1467 C.
1466 1440 1519 1467 VH.
1539 1442 1563 1468 8.
1585 1452 1606 1468 c.
1627 1444 1650 1468 5.
1669 1443 1691 1476 5.
1710 1445 1733 1469 3.
1754 1442 1786 1468 de
1805 1446 1892 1468 metat.

1116 1484 1391 1517 Reprehensio.
1429 1484 1459 1517 ξ.
1472 1486 1505 1511 1.
1526 1486 1722 1519 Increpatio.
1757 1484 1775 1511 1.
1790 1486 1851 1519 Sy.
1872 1484 1914 1510 Vi-

1079 1528 1216 1564 tuperatio.
1242 1526 1271 1553 sr.
1295 1529 1337 1552 23,
1363 1527 1384 1560 5.
1407 1528 1431 1553 2.
1456 1526 1488 1553 de
1512 1537 1574 1553 auro
1599 1537 1648 1563 arg.
1673 1528 1714 1553 34.
1734 1529 1758 1552 2.
1794 1527 1825 1553 II.
1847 1529 1913 1561 Op.

1078 1569 1155 1596 Laus.
1175 1569 1205 1596 fr.
1224 1571 1283 1596 214.
1303 1569 1335 1596 de
1354 1569 1385 1596 V.
1405 1569 1432 1596 S.
1453 1572 1494 1596 50.
1512 1572 1550 1597 16.
1588 1570 1630 1596 111.
1645 1571 1711 1597 Gn.
1730 1569 1759 1595 In
1778 1571 1914 1596 maximam

1078 1623 1106 1639 se
1134 1611 1364 1650 reprehensionem
1389 1617 1534 1639 venturum.
1572 1613 1680 1649 Absque
1709 1613 1748 1639 sui
1776 1612 1915 1649 reprehen—

1078 1657 1153 1682 sione
1178 1665 1230 1681 non
1254 1655 1375 1681 futurum.
1405 1655 1454 1682 Th.
1479 1655 1510 1682 C.
1531 1655 1597 1682 Vlll.
1621 1658 1645 1682 5.
1670 1666 1691 1682 c.
1716 1657 1755 1682 11.
1780 1655 1812 1681 de
1836 1664 1913 1681 cursu

1054 1699 1056 1704 ’
1076 1699 1138 1736 pub.
1158 1697 1228 1724 XVI.
1247 1700 1271 1724 2.
1297 1708 1318 1724 c.
1337 1700 1378 1724 35.
1403 1698 1435 1724 de
1454 1699 1534 1735 episc.
1554 1698 1618 1725 eccl.
1644 1714 1674 1718 —-
1700 1699 1729 1731 ἕ.
1749 1699 1784 1724 2.
1805 1699 1912 1724 Causa

1054 1734 1056 1763 ἶ
1078 1742 1245 1775 vituperii.
1282 1739 1324 1766 111.
1344 1741 1409 1767 Cn.
1437 1740 1509 1767 Hane
1535 1746 1634 1778 partem
1659 1740 1737 1767 edicti
1761 1757 1792 1760 —
1817 1740 1913 1767 habere

1077 1783 1216 1810 nonnullas
1231 1782 1456 1820 reprehensiones.
1476 1783 1506 1810 fr.
1522 1785 1545 1810 6.
1566 1783 1597 1810 de
1617 1784 1692 1819 legat.
1712 1788 1808 1820 praest.
1822 1784 1862 1809 37.
1877 1785 1900 1808 5.

1111 1826 1349 1859 Reprimere.
1388 1827 1553 1858 Cohibete,
1580 1828 1740 1853 Coe'rcere.
1782 1825 1825 1852 III.
1846 1827 1912 1853 Cn.

1076 1869 1216 1906 Repellere
1239 1873 1264 1895 et
1287 1869 1435 1906 reprimere.
1461 1868 1510 1895 Th.
1531 1869 1561 1896 C.
1581 1869 1611 1895 ll.
1634 1872 1673 1896 19.
1698 1880 1718 1896 c.
1738 1871 1761 1895 4.
1789 1869 1821 1895 de
1840 1869 1911 1895 inoff.

1077 1917 1177 1938 testam.
1213 1911 1350 1943 Insaniam,
1370 1921 1393 1938 v.
1413 1911 1591 1943 Insolentiam.
1612 1913 1714 1950 reprim.
1742 1911 1778 1938 Ib.
1798 1911 1868 1937 XVI.
1888 1913 1910 1937 5Δ

1077 1966 1097 1981 c.
1117 1957 1157 1982 65.
1177 1965 1215 1992 pr.
1235 1954 1267 1980 de
1286 1954 1382 1981 haeret.
1402 1954 1471 1981 XVI.
1492 1956 1515 1981 9,
1537 1965 1556 1981 c.
1576 1957 1600 1982 3.
1620 1966 1653 1982 ne
1673 1955 1762 1982 christ.
1783 1964 1862 1980 manc.

1111 2000 1347 2031 Reprobare.
1386 1999 1583 2031 Improbare,
1614 2000 1767 2025 Reiicere.
1805 1997 1825 2022 Ι.
1848 1998 1909 2030 Sy.

1052 2036 1054 2043 ’
1076 2040 1240 2067 Contrariam
1253 2041 1408 2066 sententiam
1427 2040 1546 2077 probare.
1567 2040 1649 2067 Vatic.
1664 2041 1683 2074 5.
1699 2041 1738 2066 82.
1770 2039 1908 2066 Recnsare.

1074 2084 1120 2110 Iul.
1141 2094 1180 2120 ep.
1202 2093 1260 2109 nov.
1281 2093 1301 2109 c.
1316 2085 1356 2110 43.
1377 2084 1470 2116 §.175.
1507 2083 1538 2110 11.
1555 2085 1621 2117 011.
1643 2082 1829 2119 Comprobare,
1849 2081 1910 2108 Pro-

1075 2127 1143 2153 bare.
1168 2126 1208 2152 Cf.
1229 2126 1253 2152 h.
1274 2136 1314 2152 vv.
1340 2126 1361 2159 5.
1384 2128 1404 2152 1.
1442 2125 1484 2152 111.
1502 2128 1567 2153 (711.
1591 2125 1736 2162 Reprobari
1760 2135 1852 2162 posse.
1877 2140 1908 2144 —

1074 2170 1191 2207 quamvis
1211 2168 1291 2194 semel
1314 2168 1440 2205 probatus
1461 2170 1502 2194 sit.
1528 2168 1557 2194 sr.
1581 2171 1618 2194 11.
1643 2169 1664 2201 5.
1684 2169 1708 2193 3.
1735 2167 1767 2194 de
1790 2178 1858 2194 mun.
1884 2172 1908 2193 et

1074 2213 1134 2239 hon.
1154 2215 1194 2238 50.
1215 2214 1237 2238 4.
1257 2211 1288 2238 cs.
1310 2212 1338 2238 l'r.
1359 2213 1382 2238 9.
1402 2211 1433 2238 de
1452 2210 1482 2237 N.
1498 2211 1528 2237 G.
1548 2213 1571 2237 3
1586 2214 1609 2237 5.
1648 2210 1751 2246 Quodsi
1770 2215 1831 2247 post
1851 2220 1908 2236 exa-

1073 2257 1240 2282 minationem
1259 2255 1413 2291 reprobatae
1432 2254 1527 2280 fuerint
1546 2254 1722 2290 pensationes.
1746 2252 1776 2279 fr.
1796 2254 1819 2278 8.
1842 2252 1864 2285 5.
1883 2254 1906 2278 2.

1073 2298 1107 2324 ib.
1127 2300 1150 2324 3.
1171 2300 1193 2324 5,
1214 2298 1245 2324 cs.
1265 2298 1294 2324 fr.
1315 2299 1336 2323 7.
1357 2298 1377 2330 5.
1400 2299 1420 2322 1.
1442 2296 1474 2322 de
1495 2306 1627 2333 compens.
1649 2298 1688 2322 16.
1708 2299 1731 2322 2.
1769 2295 1797 2321 Si
1821 2304 1908 2332 repro-

1072 2341 1131 2367 bata
1155 2346 1195 2367 est
1219 2341 1281 2366 haec
1305 2340 1449 2376 reputatio.
1475 2344 1499 2365 et
1523 2338 1662 2375 adquievit.
1687 2338 1717 2365 fr.
1739 2340 1759 2364 1.
1785 2338 1806 2371 5.
1826 2338 1849 2363 4.
1874 2336 1907 2363 de

1390 2381 1569 2419 Reprobatum
1588 2387 1628 2408 est
1647 2383 1671 2407 in
1693 2391 1720 2406 ea
1739 2390 1767 2406 re
1786 2380 1907 2406 domesti-

1610 2424 1714 2450 Statuas
1740 2423 1906 2459 Imperatoris

1073 2389 1184 2410 contrar.
1205 2388 1251 2409 tut.
1271 2384 1312 2408 27.
1329 2384 1351 2408 4.

1074 2437 1131 2453 cum
1156 2427 1341 2452 testimonium.
1372 2425 1428 2451 Gai.
1454 2424 1483 2451 ll.
1510 2427 1565 2450 105.

1049 2464 1051 2493 ἶ
1072 2470 1224 2506 reprobatas
1245 2468 1365 2494 conflare.
1391 2467 1420 2494 fr.
1440 2470 1464 2494 4.
1490 2468 1511 2502 5.
1534 2470 1554 2493 1.
1579 2466 1610 2492 ad
1630 2466 1658 2492 L.
1679 2465 1725 2491 lul.
1745 2466 1802 2491 mai.
1821 2466 1862 2491 48.
1881 2466 1904 2491 4.

1073 2512 1103 2538 ei'.
1125 2512 1196 2538 Paul.
1216 2510 1246 2537 Υ.
1265 2513 1307 2536 2⁷5.
1327 2511 1348 2543 5.
1370 2512 1391 2536 l.

1108 2555 1319 2587 Reprobus.
1345 2553 1482 2585 (Adiect.)
1511 2554 1726 2586 Improbotus,
1747 2553 1904 2578 Reiectus.

1072 2598 1112 2624 111.
1134 2599 1198 2624 sn.
1225 2596 1346 2633 Reproba
1370 2597 1479 2634 pecnnia
1500 2605 1550 2621 uon
1571 2594 1664 2620 libi-rat
1686 2593 1844 2625 solventem,
1866 2604 1904 2620 re-

1073 2641 1162 2677 probis
1176 2639 1298 2666 videlicet
1312 2637 1584 2674 nummisreddendis.
1604 2636 1634 2662 sr.
1648 2638 1689 2662 24.
1710 2636 1731 2669 5.
1746 2637 1768 2661 1.
1788 2635 1820 2662 de
1834 2637 1903 2673 pign.

1072 2688 1120 2709 act.
1142 2684 1180 2708 13.
1201 2684 1222 2708 7.

1108 2725 1376 2758 ssepa-omissio.
1416 2725 1551 2753 Cautio,
1584 2732 1662 2756 qnae
1686 2723 1902 2756 promissione

1072 2771 1241 2794 ‹tunnas-at
1272 2768 1505 2794 interveniente
1531 2771 1727 2799 praestatur
1754 2767 1901 2791 adversa-

1072 2813 1136 2843 rio,
1156 2820 1243 2845 quem
1263 2811 1434 2844 sponsione
1450 2809 1702 2842 provocavimus.
1730 2807 1822 2841 LSy.
1840 2805 1901 2833 Pro-

1391 2853 1438 2877 105
1450 2853 1462 2865 '⁸
