<?xml version="1.0" encoding="UTF-8"?>
<!DOCTYPE html PUBLIC "-//W3C//DTD XHTML 1.0 Transitional//EN"
    "http://www.w3.org/TR/xhtml1/DTD/xhtml1-transitional.dtd">
<html xmlns="http://www.w3.org/1999/xhtml" xml:lang="en" lang="en">
 <head>
  <title>
</title>
<meta http-equiv="Content-Type" content="text/html;charset=utf-8" />
  <meta name='ocr-system' content='tesseract 3.04.00' />
  <meta name='ocr-capabilities' content='ocr_page ocr_carea ocr_par ocr_line ocrx_word'/>
</head>
<body>
  <div class='ocr_page' id='page_1' title='image "./manualelatinitat00dirk_0137.png"; bbox 0 0 2197 3121; ppageno 0'>
   <div class='ocr_carea' id='block_1_1' title="bbox 914 168 1190 200">
    <p class='ocr_par' dir='ltr' id='par_1_1' title="bbox 914 168 1190 200">
     <span class='ocr_line' id='line_1_1' title="bbox 914 168 1190 200; baseline -0.004 0"><span class='ocrx_word' id='word_1_1' title='bbox 914 168 1000 200; x_wconf 73' lang='lat' dir='ltr'>(tAT</span> <span class='ocrx_word' id='word_1_2' title='bbox 1028 188 1066 193; x_wconf 86' lang='lat'><strong>—</strong></span> <span class='ocrx_word' id='word_1_3' title='bbox 1091 169 1190 200; x_wconf 62' lang='lat' dir='ltr'><strong>CAY.</strong></span> 
     </span>
    </p>
   </div>
   <div class='ocr_carea' id='block_1_2' title="bbox 192 250 1040 1998">
    <p class='ocr_par' dir='ltr' id='par_1_2' title="bbox 192 250 1033 335">
     <span class='ocr_line' id='line_1_2' title="bbox 192 250 1033 290; baseline -0.008 -7"><span class='ocrx_word' id='word_1_4' title='bbox 192 258 223 283; x_wconf 78' lang='lat' dir='ltr'><strong>l&#39;r.</strong></span> <span class='ocrx_word' id='word_1_5' title='bbox 233 257 275 283; x_wconf 83' lang='lat'>98.</span> <span class='ocrx_word' id='word_1_6' title='bbox 296 257 361 290; x_wconf 79' lang='lat'>31.</span> <span class='ocrx_word' id='word_1_7' title='bbox 381 255 414 281; x_wconf 89' lang='lat' dir='ltr'>de</span> <span class='ocrx_word' id='word_1_8' title='bbox 433 254 465 281; x_wconf 79' lang='lat' dir='ltr'>V.</span> <span class='ocrx_word' id='word_1_9' title='bbox 485 254 512 281; x_wconf 92' lang='lat' dir='ltr'>S.</span> <span class='ocrx_word' id='word_1_10' title='bbox 536 255 578 280; x_wconf 84' lang='lat'>50.</span> <span class='ocrx_word' id='word_1_11' title='bbox 599 253 639 279; x_wconf 93' lang='lat'>16.</span> <span class='ocrx_word' id='word_1_12' title='bbox 681 251 768 278; x_wconf 67' lang='lat' dir='ltr'>Nerva</span> <span class='ocrx_word' id='word_1_13' title='bbox 787 256 813 278; x_wconf 87' lang='lat' dir='ltr'>et</span> <span class='ocrx_word' id='word_1_14' title='bbox 831 250 899 278; x_wconf 86' lang='lat' dir='ltr'>Cato</span> <span class='ocrx_word' id='word_1_15' title='bbox 924 260 1033 288; x_wconf 83' lang='lat' dir='ltr'>respon-</span> 
     </span>
     <span class='ocr_line' id='line_1_3' title="bbox 193 295 797 335; baseline -0.01 -9"><span class='ocrx_word' id='word_1_16' title='bbox 193 299 295 326; x_wconf 85' lang='lat' dir='ltr'>derunt.</span> <span class='ocrx_word' id='word_1_17' title='bbox 315 298 345 324; x_wconf 81' lang='lat' dir='ltr'>fr.</span> <span class='ocrx_word' id='word_1_18' title='bbox 364 300 406 324; x_wconf 86' lang='lat'>44.</span> <span class='ocrx_word' id='word_1_19' title='bbox 425 308 465 335; x_wconf 86' lang='lat' dir='ltr'>pr.</span> <span class='ocrx_word' id='word_1_20' title='bbox 484 297 563 323; x_wconf 87' lang='lat' dir='ltr'>solut.</span> <span class='ocrx_word' id='word_1_21' title='bbox 583 295 692 322; x_wconf 85' lang='lat' dir='ltr'>matrim.</span> <span class='ocrx_word' id='word_1_22' title='bbox 711 296 754 321; x_wconf 87' lang='grc'>24.</span> <span class='ocrx_word' id='word_1_23' title='bbox 773 296 797 321; x_wconf 87' lang='lat'>3.</span> 
     </span>
    </p>

    <p class='ocr_par' dir='ltr' id='par_1_3' title="bbox 193 338 1033 582">
     <span class='ocr_line' id='line_1_4' title="bbox 228 338 1031 373; baseline -0.009 -4"><span class='ocrx_word' id='word_1_24' title='bbox 228 341 472 369; x_wconf 49' lang='lat' dir='ltr'>Catonianum</span> <span class='ocrx_word' id='word_1_25' title='bbox 497 339 634 373; x_wconf 85' lang='lat' dir='ltr'>(Adiect.)</span> <span class='ocrx_word' id='word_1_26' title='bbox 672 340 719 364; x_wconf 70' lang='lat' dir='ltr'>Ad</span> <span class='ocrx_word' id='word_1_27' title='bbox 737 340 889 365; x_wconf 78' lang='lat' dir='ltr'>Catonem</span> <span class='ocrx_word' id='word_1_28' title='bbox 909 339 929 364; x_wconf 95' lang='lat' dir='ltr'>I.</span> <span class='ocrx_word' id='word_1_29' title='bbox 940 338 1031 363; x_wconf 77' lang='lat' dir='ltr'>Ctum</span> 
     </span>
     <span class='ocr_line' id='line_1_5' title="bbox 193 379 1032 418; baseline -0.007 -7"><span class='ocrx_word' id='word_1_30' title='bbox 193 391 350 418; x_wconf 77' lang='lat' dir='ltr'>spectans.</span> <span class='ocrx_word' id='word_1_31' title='bbox 388 384 405 409; x_wconf 89' lang='grc'>1.</span> <span class='ocrx_word' id='word_1_32' title='bbox 420 385 481 417; x_wconf 75' lang='lat' dir='ltr'>Sy.</span> <span class='ocrx_word' id='word_1_33' title='bbox 501 382 621 413; x_wconf 77' lang='lat' dir='ltr'>Catonis.</span> <span class='ocrx_word' id='word_1_34' title='bbox 643 381 787 407; x_wconf 84' lang='lat' dir='ltr'>Catoniana</span> <span class='ocrx_word' id='word_1_35' title='bbox 807 379 916 416; x_wconf 84' lang='lat' dir='ltr'>(regula.</span> <span class='ocrx_word' id='word_1_36' title='bbox 935 390 960 406; x_wconf 84' lang='lat' dir='ltr'>v.</span> <span class='ocrx_word' id='word_1_37' title='bbox 975 389 1032 406; x_wconf 84' lang='lat' dir='ltr'>sen-</span> 
     </span>
     <span class='ocr_line' id='line_1_6' title="bbox 194 421 1032 462; baseline -0.008 -8"><span class='ocrx_word' id='word_1_38' title='bbox 194 428 300 461; x_wconf 82' lang='lat' dir='ltr'>tentia).</span> <span class='ocrx_word' id='word_1_39' title='bbox 338 426 481 453; x_wconf 84' lang='lat' dir='ltr'>Catoniana</span> <span class='ocrx_word' id='word_1_40' title='bbox 501 426 544 462; x_wconf 87' lang='lat' dir='ltr'>(p.</span> <span class='ocrx_word' id='word_1_41' title='bbox 564 426 619 457; x_wconf 82' lang='lat' dir='ltr'>se).</span> <span class='ocrx_word' id='word_1_42' title='bbox 648 425 679 450; x_wconf 76' lang='lat' dir='ltr'>ir.</span> <span class='ocrx_word' id='word_1_43' title='bbox 706 425 727 450; x_wconf 95' lang='lat' dir='ltr'>l.</span> <span class='ocrx_word' id='word_1_44' title='bbox 752 433 792 460; x_wconf 89' lang='lat' dir='ltr'>pr.</span> <span class='ocrx_word' id='word_1_45' title='bbox 821 422 851 449; x_wconf 75' lang='lat' dir='ltr'>fr.</span> <span class='ocrx_word' id='word_1_46' title='bbox 871 424 895 448; x_wconf 97' lang='lat'>3.</span> <span class='ocrx_word' id='word_1_47' title='bbox 916 432 975 458; x_wconf 84' lang='lat' dir='ltr'><strong>sqq.</strong></span> <span class='ocrx_word' id='word_1_48' title='bbox 1000 421 1032 448; x_wconf 80' lang='lat' dir='ltr'>de</span> 
     </span>
     <span class='ocr_line' id='line_1_7' title="bbox 193 465 1032 507; baseline -0.008 -10"><span class='ocrx_word' id='word_1_49' title='bbox 193 470 274 507; x_wconf 76' lang='lat' dir='ltr'>regul.</span> <span class='ocrx_word' id='word_1_50' title='bbox 300 469 393 496; x_wconf 84' lang='lat' dir='ltr'>Catou.</span> <span class='ocrx_word' id='word_1_51' title='bbox 417 470 459 495; x_wconf 87' lang='grc'>34.</span> <span class='ocrx_word' id='word_1_52' title='bbox 480 470 503 495; x_wconf 88' lang='lat'>7.</span> <span class='ocrx_word' id='word_1_53' title='bbox 534 467 564 494; x_wconf 81' lang='lat' dir='ltr'>fr.</span> <span class='ocrx_word' id='word_1_54' title='bbox 591 470 632 494; x_wconf 91' lang='lat'>41.</span> <span class='ocrx_word' id='word_1_55' title='bbox 659 467 681 501; x_wconf 90' lang='lat'>3.</span> <span class='ocrx_word' id='word_1_56' title='bbox 706 468 731 492; x_wconf 82' lang='lat'>2.</span> <span class='ocrx_word' id='word_1_57' title='bbox 756 465 788 492; x_wconf 84' lang='lat' dir='ltr'>de</span> <span class='ocrx_word' id='word_1_58' title='bbox 811 465 887 501; x_wconf 79' lang='lat' dir='ltr'>legat.</span> <span class='ocrx_word' id='word_1_59' title='bbox 912 465 930 491; x_wconf 91' lang='lat' dir='ltr'>l.</span> <span class='ocrx_word' id='word_1_60' title='bbox 956 465 1032 498; x_wconf 88' lang='grc'>(30.)</span> 
     </span>
     <span class='ocr_line' id='line_1_8' title="bbox 193 507 1033 549; baseline -0.007 -10"><span class='ocrx_word' id='word_1_61' title='bbox 193 513 223 540; x_wconf 81' lang='lat' dir='ltr'>fr.</span> <span class='ocrx_word' id='word_1_62' title='bbox 249 515 289 539; x_wconf 81' lang='lat'>13.</span> <span class='ocrx_word' id='word_1_63' title='bbox 313 523 352 549; x_wconf 85' lang='lat' dir='ltr'>pr.</span> <span class='ocrx_word' id='word_1_64' title='bbox 377 511 410 538; x_wconf 84' lang='lat' dir='ltr'>de</span> <span class='ocrx_word' id='word_1_65' title='bbox 433 516 487 548; x_wconf 88' lang='lat' dir='ltr'>opt.</span> <span class='ocrx_word' id='word_1_66' title='bbox 512 510 561 547; x_wconf 88' lang='lat' dir='ltr'>leg.</span> <span class='ocrx_word' id='word_1_67' title='bbox 585 512 626 537; x_wconf 85' lang='lat'>33.</span> <span class='ocrx_word' id='word_1_68' title='bbox 647 512 672 536; x_wconf 86' lang='lat'>5.</span> <span class='ocrx_word' id='word_1_69' title='bbox 705 509 735 536; x_wconf 87' lang='lat' dir='ltr'>fr.</span> <span class='ocrx_word' id='word_1_70' title='bbox 762 509 803 535; x_wconf 82' lang='lat'>86.</span> <span class='ocrx_word' id='word_1_71' title='bbox 828 508 861 534; x_wconf 87' lang='lat' dir='ltr'>dc</span> <span class='ocrx_word' id='word_1_72' title='bbox 885 507 982 534; x_wconf 83' lang='lat' dir='ltr'>condit.</span> <span class='ocrx_word' id='word_1_73' title='bbox 1008 512 1033 533; x_wconf 80' lang='lat' dir='ltr'>et</span> 
     </span>
     <span class='ocr_line' id='line_1_9' title="bbox 193 556 365 582; baseline -0.006 0"><span class='ocrx_word' id='word_1_74' title='bbox 193 556 260 582; x_wconf 88' lang='lat' dir='ltr'>dem.</span> <span class='ocrx_word' id='word_1_75' title='bbox 279 557 321 582; x_wconf 85' lang='lat'>35.</span> <span class='ocrx_word' id='word_1_76' title='bbox 342 557 365 581; x_wconf 94' lang='grc'>1.</span> 
     </span>
    </p>

    <p class='ocr_par' dir='ltr' id='par_1_4' title="bbox 193 595 1036 1062">
     <span class='ocr_line' id='line_1_10' title="bbox 228 595 1033 629; baseline -0.007 -4"><span class='ocrx_word' id='word_1_77' title='bbox 228 597 490 626; x_wconf 73' lang='lat' dir='ltr'>caudicarius.</span> <span class='ocrx_word' id='word_1_78' title='bbox 530 598 592 629; x_wconf 78' lang='lat' dir='ltr'>Qui</span> <span class='ocrx_word' id='word_1_79' title='bbox 611 597 817 626; x_wconf 70' lang='lat' dir='ltr'>caudicibus,</span> <span class='ocrx_word' id='word_1_80' title='bbox 841 604 861 620; x_wconf 82' lang='lat'>8.</span> <span class='ocrx_word' id='word_1_81' title='bbox 880 595 1033 620; x_wconf 78' lang='lat' dir='ltr'>caudica-</span> 
     </span>
     <span class='ocr_line' id='line_1_11' title="bbox 193 637 1032 674; baseline -0.006 -7"><span class='ocrx_word' id='word_1_82' title='bbox 193 642 255 666; x_wconf 82' lang='lat' dir='ltr'>riis</span> <span class='ocrx_word' id='word_1_83' title='bbox 274 642 422 671; x_wconf 75' lang='lat' dir='ltr'>navibus,</span> <span class='ocrx_word' id='word_1_84' title='bbox 446 650 461 666; x_wconf 84' lang='grc' dir='ltr'>(ι</span> <span class='ocrx_word' id='word_1_85' title='bbox 483 645 582 674; x_wconf 76' lang='lat' dir='ltr'>portu</span> <span class='ocrx_word' id='word_1_86' title='bbox 608 640 698 665; x_wconf 81' lang='lat' dir='ltr'>urbis</span> <span class='ocrx_word' id='word_1_87' title='bbox 723 639 840 664; x_wconf 81' lang='lat' dir='ltr'>Romae</span> <span class='ocrx_word' id='word_1_88' title='bbox 860 646 917 671; x_wconf 78' lang='lat' dir='ltr'>per</span> <span class='ocrx_word' id='word_1_89' title='bbox 945 637 1032 663; x_wconf 77' lang='lat' dir='ltr'>Tibe-</span> 
     </span>
     <span class='ocr_line' id='line_1_12' title="bbox 194 679 1033 715; baseline -0.006 -6"><span class='ocrx_word' id='word_1_90' title='bbox 194 684 255 709; x_wconf 87' lang='lat' dir='ltr'>rim</span> <span class='ocrx_word' id='word_1_91' title='bbox 280 684 472 709; x_wconf 59' lang='lat' dir='ltr'>subvelaehae</span> <span class='ocrx_word' id='word_1_92' title='bbox 496 691 656 709; x_wconf 77' lang='lat' dir='ltr'><em>annonam</em></span> <span class='ocrx_word' id='word_1_93' title='bbox 682 682 857 715; x_wconf 79' lang='lat' dir='ltr'>publicam.</span> <span class='ocrx_word' id='word_1_94' title='bbox 904 679 945 705; x_wconf 86' lang='lat' dir='ltr'><strong>III.</strong></span> <span class='ocrx_word' id='word_1_95' title='bbox 967 679 1033 706; x_wconf 73' lang='grc' dir='ltr'>(7η.</span> 
     </span>
     <span class='ocr_line' id='line_1_13' title="bbox 194 721 1033 760; baseline -0.006 -8"><span class='ocrx_word' id='word_1_96' title='bbox 194 725 368 752; x_wconf 79' lang='lat' dir='ltr'>Patronorum</span> <span class='ocrx_word' id='word_1_97' title='bbox 382 724 589 751; x_wconf 85' lang='lat' dir='ltr'>caudicariorum</span> <span class='ocrx_word' id='word_1_98' title='bbox 602 723 715 755; x_wconf 74' lang='lat' dir='ltr'>fraudes.</span> <span class='ocrx_word' id='word_1_99' title='bbox 730 728 755 750; x_wconf 90' lang='lat' dir='ltr'>et</span> <span class='ocrx_word' id='word_1_100' title='bbox 769 723 953 760; x_wconf 77' lang='lat' dir='ltr'>portuensium</span> <span class='ocrx_word' id='word_1_101' title='bbox 966 721 1033 748; x_wconf 84' lang='lat' dir='ltr'>furta</span> 
     </span>
     <span class='ocr_line' id='line_1_14' title="bbox 194 764 1034 796; baseline -0.007 -1"><span class='ocrx_word' id='word_1_102' title='bbox 194 778 351 795; x_wconf 83' lang='lat' dir='ltr'>mensorum.</span> <span class='ocrx_word' id='word_1_103' title='bbox 381 767 431 794; x_wconf 90' lang='lat' dir='ltr'>Th.</span> <span class='ocrx_word' id='word_1_104' title='bbox 447 768 477 794; x_wconf 80' lang='lat' dir='ltr'>C.</span> <span class='ocrx_word' id='word_1_105' title='bbox 490 766 562 794; x_wconf 67' lang='lat' dir='ltr'><strong>XIV.</strong></span> <span class='ocrx_word' id='word_1_106' title='bbox 576 768 599 793; x_wconf 76' lang='lat'>4.</span> <span class='ocrx_word' id='word_1_107' title='bbox 615 777 636 793; x_wconf 89' lang='lat' dir='ltr'>c.</span> <span class='ocrx_word' id='word_1_108' title='bbox 651 768 674 793; x_wconf 90' lang='lat'>9.</span> <span class='ocrx_word' id='word_1_109' title='bbox 689 766 721 792; x_wconf 80' lang='lat' dir='ltr'>de</span> <span class='ocrx_word' id='word_1_110' title='bbox 735 776 802 792; x_wconf 81' lang='lat' dir='ltr'>suar.</span> <span class='ocrx_word' id='word_1_111' title='bbox 840 764 902 791; x_wconf 82' lang='lat' dir='ltr'>Sola</span> <span class='ocrx_word' id='word_1_112' title='bbox 921 766 1034 796; x_wconf 84' lang='grc'>200,000</span> 
     </span>
     <span class='ocr_line' id='line_1_15' title="bbox 194 808 1035 846; baseline -0.005 -9"><span class='ocrx_word' id='word_1_113' title='bbox 194 810 342 837; x_wconf 85' lang='lat' dir='ltr'>modiorum</span> <span class='ocrx_word' id='word_1_114' title='bbox 360 810 483 837; x_wconf 80' lang='lat' dir='ltr'>frumenti</span> <span class='ocrx_word' id='word_1_115' title='bbox 503 811 597 846; x_wconf 79' lang='lat' dir='ltr'>integri</span> <span class='ocrx_word' id='word_1_116' title='bbox 615 814 693 846; x_wconf 85' lang='lat' dir='ltr'>atque</span> <span class='ocrx_word' id='word_1_117' title='bbox 709 809 864 839; x_wconf 80' lang='lat' dir='ltr'>intemerati.</span> <span class='ocrx_word' id='word_1_118' title='bbox 884 809 955 834; x_wconf 73' lang='lat' dir='ltr'>iuxta</span> <span class='ocrx_word' id='word_1_119' title='bbox 969 808 1035 844; x_wconf 85' lang='lat' dir='ltr'>pris-</span> 
     </span>
     <span class='ocr_line' id='line_1_16' title="bbox 195 850 1034 887; baseline -0.006 -7"><span class='ocrx_word' id='word_1_120' title='bbox 195 863 253 880; x_wconf 90' lang='lat' dir='ltr'>cum</span> <span class='ocrx_word' id='word_1_121' title='bbox 276 863 387 882; x_wconf 86' lang='lat' dir='ltr'>morem.</span> <span class='ocrx_word' id='word_1_122' title='bbox 415 862 550 879; x_wconf 78' lang='lat' dir='ltr'>mensores</span> <span class='ocrx_word' id='word_1_123' title='bbox 574 857 599 878; x_wconf 86' lang='lat' dir='ltr'>et</span> <span class='ocrx_word' id='word_1_124' title='bbox 619 852 759 878; x_wconf 84' lang='lat' dir='ltr'>caudicarii</span> <span class='ocrx_word' id='word_1_125' title='bbox 777 850 923 877; x_wconf 81' lang='lat' dir='ltr'>levioribus</span> <span class='ocrx_word' id='word_1_126' title='bbox 941 851 1034 887; x_wconf 84' lang='lat' dir='ltr'>pretiis</span> 
     </span>
     <span class='ocr_line' id='line_1_17' title="bbox 194 892 1035 933; baseline -0.006 -10"><span class='ocrx_word' id='word_1_127' title='bbox 194 896 340 933; x_wconf 84' lang='lat' dir='ltr'>pistoribus</span> <span class='ocrx_word' id='word_1_128' title='bbox 359 895 518 923; x_wconf 84' lang='lat' dir='ltr'>venumdare</span> <span class='ocrx_word' id='word_1_129' title='bbox 537 900 669 931; x_wconf 74' lang='lat' dir='ltr'><strong>cogantur.</strong></span> <span class='ocrx_word' id='word_1_130' title='bbox 698 894 735 920; x_wconf 84' lang='lat' dir='ltr'>lb.</span> <span class='ocrx_word' id='word_1_131' title='bbox 754 894 825 921; x_wconf 75' lang='lat' dir='ltr'><strong>XJV.</strong></span> <span class='ocrx_word' id='word_1_132' title='bbox 847 896 887 920; x_wconf 93' lang='lat'>15.</span> <span class='ocrx_word' id='word_1_133' title='bbox 913 904 933 919; x_wconf 87' lang='lat' dir='ltr'>c.</span> <span class='ocrx_word' id='word_1_134' title='bbox 956 894 978 919; x_wconf 82' lang='lat' dir='ltr'>l.</span> <span class='ocrx_word' id='word_1_135' title='bbox 1003 892 1035 918; x_wconf 87' lang='lat' dir='ltr'>de</span> 
     </span>
     <span class='ocr_line' id='line_1_18' title="bbox 195 936 1035 975; baseline -0.005 -10"><span class='ocrx_word' id='word_1_136' title='bbox 195 948 251 965; x_wconf 85' lang='lat' dir='ltr'>can.</span> <span class='ocrx_word' id='word_1_137' title='bbox 270 938 345 966; x_wconf 78' lang='lat' dir='ltr'>frum.</span> <span class='ocrx_word' id='word_1_138' title='bbox 366 939 422 965; x_wconf 89' lang='lat' dir='ltr'>urb.</span> <span class='ocrx_word' id='word_1_139' title='bbox 442 938 518 965; x_wconf 88' lang='lat' dir='ltr'><strong>Rom.</strong></span> <span class='ocrx_word' id='word_1_140' title='bbox 560 938 689 964; x_wconf 89' lang='lat' dir='ltr'>Patronos</span> <span class='ocrx_word' id='word_1_141' title='bbox 709 937 855 975; x_wconf 85' lang='lat' dir='ltr'>pistoribus</span> <span class='ocrx_word' id='word_1_142' title='bbox 876 936 1035 963; x_wconf 86' lang='lat' dir='ltr'>constitutos</span> 
     </span>
     <span class='ocr_line' id='line_1_19' title="bbox 195 978 1036 1018; baseline -0.005 -10"><span class='ocrx_word' id='word_1_143' title='bbox 195 998 227 1001; x_wconf 97' lang='lat'><strong>—</strong></span> <span class='ocrx_word' id='word_1_144' title='bbox 248 981 454 1008; x_wconf 83' lang='lat' dir='ltr'>caudicariorum</span> <span class='ocrx_word' id='word_1_145' title='bbox 474 982 579 1018; x_wconf 83' lang='lat' dir='ltr'>corpori</span> <span class='ocrx_word' id='word_1_146' title='bbox 603 982 709 1007; x_wconf 88' lang='lat' dir='ltr'>minime</span> <span class='ocrx_word' id='word_1_147' title='bbox 733 980 765 1007; x_wconf 87' lang='lat' dir='ltr'>de</span> <span class='ocrx_word' id='word_1_148' title='bbox 790 985 892 1007; x_wconf 82' lang='lat' dir='ltr'>caetero</span> <span class='ocrx_word' id='word_1_149' title='bbox 913 978 1036 1016; x_wconf 83' lang='lat' dir='ltr'>copulan-</span> 
     </span>
     <span class='ocr_line' id='line_1_20' title="bbox 195 1023 849 1062; baseline -0.003 -11"><span class='ocrx_word' id='word_1_150' title='bbox 195 1024 252 1051; x_wconf 89' lang='lat' dir='ltr'><strong>dos.</strong></span> <span class='ocrx_word' id='word_1_151' title='bbox 280 1025 317 1051; x_wconf 93' lang='lat' dir='ltr'>Ib.</span> <span class='ocrx_word' id='word_1_152' title='bbox 337 1024 407 1051; x_wconf 80' lang='lat' dir='ltr'><strong>XIV.</strong></span> <span class='ocrx_word' id='word_1_153' title='bbox 426 1026 451 1050; x_wconf 90' lang='lat'>3.</span> <span class='ocrx_word' id='word_1_154' title='bbox 473 1034 494 1050; x_wconf 86' lang='lat' dir='ltr'>c.</span> <span class='ocrx_word' id='word_1_155' title='bbox 512 1027 536 1050; x_wconf 87' lang='grc'>2.</span> <span class='ocrx_word' id='word_1_156' title='bbox 557 1024 589 1050; x_wconf 85' lang='lat' dir='ltr'>de</span> <span class='ocrx_word' id='word_1_157' title='bbox 608 1025 702 1062; x_wconf 86' lang='lat' dir='ltr'>pistor.</span> <span class='ocrx_word' id='word_1_158' title='bbox 723 1028 748 1050; x_wconf 85' lang='lat' dir='ltr'>et</span> <span class='ocrx_word' id='word_1_159' title='bbox 767 1023 849 1049; x_wconf 78' lang='lat' dir='ltr'>catab.</span> 
     </span>
    </p>

    <p class='ocr_par' dir='ltr' id='par_1_5' title="bbox 194 1067 1037 1400">
     <span class='ocr_line' id='line_1_21' title="bbox 234 1067 1035 1101; baseline -0.006 -6"><span class='ocrx_word' id='word_1_160' title='bbox 234 1068 374 1095; x_wconf 74' lang='lat' dir='ltr'><strong>Cavea.</strong></span> <span class='ocrx_word' id='word_1_161' title='bbox 412 1067 443 1101; x_wconf 63' lang='grc' dir='ltr'>ἓ.</span> <span class='ocrx_word' id='word_1_162' title='bbox 463 1068 498 1093; x_wconf 87' lang='grc'>1.</span> <span class='ocrx_word' id='word_1_163' title='bbox 529 1068 633 1094; x_wconf 78' lang='lat' dir='ltr'>Locus</span> <span class='ocrx_word' id='word_1_164' title='bbox 656 1073 781 1101; x_wconf 74' lang='lat' dir='ltr'>septus,</span> <span class='ocrx_word' id='word_1_165' title='bbox 808 1067 962 1101; x_wconf 79' lang='lat' dir='ltr'><em>adferas</em></span> <span class='ocrx_word' id='word_1_166' title='bbox 990 1067 1035 1091; x_wconf 77' lang='lat' dir='ltr'>be-</span> 
     </span>
     <span class='ocr_line' id='line_1_22' title="bbox 195 1107 1037 1145; baseline -0.006 -8"><span class='ocrx_word' id='word_1_167' title='bbox 195 1112 281 1137; x_wconf 81' lang='lat' dir='ltr'>stias</span> <span class='ocrx_word' id='word_1_168' title='bbox 300 1112 521 1137; x_wconf 75' lang='lat' dir='ltr'>continendas.</span> <span class='ocrx_word' id='word_1_169' title='bbox 551 1109 594 1136; x_wconf 89' lang='lat' dir='ltr'><strong>III.</strong></span> <span class='ocrx_word' id='word_1_170' title='bbox 611 1111 677 1137; x_wconf 78' lang='lat'><strong>011.</strong></span> <span class='ocrx_word' id='word_1_171' title='bbox 697 1110 760 1141; x_wconf 78' lang='lat' dir='ltr'>Eos,</span> <span class='ocrx_word' id='word_1_172' title='bbox 781 1110 825 1145; x_wconf 90' lang='lat' dir='ltr'>qui</span> <span class='ocrx_word' id='word_1_173' title='bbox 840 1107 1037 1134; x_wconf 78' lang='lat' dir='ltr'>transductione</span> 
     </span>
     <span class='ocr_line' id='line_1_23' title="bbox 195 1152 1036 1189; baseline -0.004 -10"><span class='ocrx_word' id='word_1_174' title='bbox 195 1152 307 1179; x_wconf 82' lang='lat' dir='ltr'>ferarum</span> <span class='ocrx_word' id='word_1_175' title='bbox 326 1164 339 1179; x_wconf 84' lang='lat' dir='ltr'>a</span> <span class='ocrx_word' id='word_1_176' title='bbox 359 1153 469 1180; x_wconf 83' lang='lat' dir='ltr'>duciano</span> <span class='ocrx_word' id='word_1_177' title='bbox 489 1152 578 1179; x_wconf 81' lang='lat' dir='ltr'>officio</span> <span class='ocrx_word' id='word_1_178' title='bbox 598 1152 770 1189; x_wconf 72' lang='lat' dir='ltr'>deputantur.</span> <span class='ocrx_word' id='word_1_179' title='bbox 795 1168 827 1171; x_wconf 94' lang='lat'>——</span> <span class='ocrx_word' id='word_1_180' title='bbox 847 1152 925 1177; x_wconf 80' lang='lat' dir='ltr'>etiam</span> <span class='ocrx_word' id='word_1_181' title='bbox 944 1160 1036 1177; x_wconf 83' lang='lat' dir='ltr'>caveas</span> 
     </span>
     <span class='ocr_line' id='line_1_24' title="bbox 195 1194 1035 1231; baseline -0.004 -9"><span class='ocrx_word' id='word_1_182' title='bbox 195 1197 307 1231; x_wconf 76' lang='lat' dir='ltr'>exigere.</span> <span class='ocrx_word' id='word_1_183' title='bbox 342 1195 378 1222; x_wconf 89' lang='lat' dir='ltr'>lb.</span> <span class='ocrx_word' id='word_1_184' title='bbox 398 1195 457 1222; x_wconf 66' lang='lat' dir='ltr'>XV.</span> <span class='ocrx_word' id='word_1_185' title='bbox 479 1197 518 1221; x_wconf 94' lang='lat'>11.</span> <span class='ocrx_word' id='word_1_186' title='bbox 539 1205 561 1222; x_wconf 85' lang='lat' dir='ltr'>c.</span> <span class='ocrx_word' id='word_1_187' title='bbox 580 1198 604 1221; x_wconf 79' lang='grc'>2.</span> <span class='ocrx_word' id='word_1_188' title='bbox 625 1195 658 1221; x_wconf 85' lang='lat' dir='ltr'>de</span> <span class='ocrx_word' id='word_1_189' title='bbox 676 1200 762 1221; x_wconf 68' lang='lat' dir='ltr'>venat.</span> <span class='ocrx_word' id='word_1_190' title='bbox 783 1195 858 1221; x_wconf 79' lang='lat' dir='ltr'>ferar.</span> <span class='ocrx_word' id='word_1_191' title='bbox 887 1210 919 1213; x_wconf 91' lang='lat'><em>-</em></span> <span class='ocrx_word' id='word_1_192' title='bbox 949 1194 981 1227; x_wconf 72' lang='lat'>§-</span> <span class='ocrx_word' id='word_1_193' title='bbox 1000 1194 1035 1219; x_wconf 71' lang='lat'>2.</span> 
     </span>
     <span class='ocr_line' id='line_1_25' title="bbox 196 1240 725 1272; baseline -0.002 -7"><span class='ocrx_word' id='word_1_194' title='bbox 196 1240 371 1265; x_wconf 77' lang='lat' dir='ltr'>consessus</span> <span class='ocrx_word' id='word_1_195' title='bbox 393 1240 512 1272; x_wconf 80' lang='lat' dir='ltr'>populi</span> <span class='ocrx_word' id='word_1_196' title='bbox 535 1240 566 1265; x_wconf 83' lang='lat' dir='ltr'>iu</span> <span class='ocrx_word' id='word_1_197' title='bbox 590 1240 725 1265; x_wconf 72' lang='lat' dir='ltr'>theatro.</span> 
     </span>
     <span class='ocr_line' id='line_1_26' title="bbox 194 1278 1036 1318; baseline -0.002 -11"><span class='ocrx_word' id='word_1_198' title='bbox 194 1280 330 1318; x_wconf 88' lang='lat' dir='ltr'>publicum</span> <span class='ocrx_word' id='word_1_199' title='bbox 343 1281 438 1313; x_wconf 82' lang='lat' dir='ltr'>lavare.</span> <span class='ocrx_word' id='word_1_200' title='bbox 458 1280 501 1307; x_wconf 86' lang='lat' dir='ltr'>vel</span> <span class='ocrx_word' id='word_1_201' title='bbox 517 1282 543 1307; x_wconf 89' lang='lat' dir='ltr'>in</span> <span class='ocrx_word' id='word_1_202' title='bbox 557 1291 634 1308; x_wconf 77' lang='lat' dir='ltr'>cavea</span> <span class='ocrx_word' id='word_1_203' title='bbox 648 1280 754 1318; x_wconf 86' lang='lat' dir='ltr'>publica</span> <span class='ocrx_word' id='word_1_204' title='bbox 767 1279 869 1310; x_wconf 79' lang='lat' dir='ltr'>sedere.</span> <span class='ocrx_word' id='word_1_205' title='bbox 888 1278 931 1305; x_wconf 85' lang='lat' dir='ltr'>vel</span> <span class='ocrx_word' id='word_1_206' title='bbox 944 1280 971 1305; x_wconf 86' lang='lat' dir='ltr'>in</span> <span class='ocrx_word' id='word_1_207' title='bbox 984 1288 1036 1315; x_wconf 88' lang='lat' dir='ltr'>quo</span> 
     </span>
     <span class='ocr_line' id='line_1_27' title="bbox 195 1321 1036 1360; baseline -0.002 -11"><span class='ocrx_word' id='word_1_208' title='bbox 195 1322 247 1350; x_wconf 83' lang='lat' dir='ltr'>alio</span> <span class='ocrx_word' id='word_1_209' title='bbox 266 1323 326 1349; x_wconf 91' lang='lat' dir='ltr'>loco</span> <span class='ocrx_word' id='word_1_210' title='bbox 345 1334 429 1359; x_wconf 82' lang='lat' dir='ltr'>agere.</span> <span class='ocrx_word' id='word_1_211' title='bbox 448 1323 550 1356; x_wconf 85' lang='lat' dir='ltr'>sedere,</span> <span class='ocrx_word' id='word_1_212' title='bbox 571 1324 722 1350; x_wconf 77' lang='lat' dir='ltr'>conversari</span> <span class='ocrx_word' id='word_1_213' title='bbox 742 1333 794 1349; x_wconf 88' lang='lat' dir='ltr'>non</span> <span class='ocrx_word' id='word_1_214' title='bbox 808 1323 929 1360; x_wconf 83' lang='lat' dir='ltr'>patiatur.</span> <span class='ocrx_word' id='word_1_215' title='bbox 949 1321 980 1348; x_wconf 80' lang='lat' dir='ltr'>sr.</span> <span class='ocrx_word' id='word_1_216' title='bbox 995 1323 1036 1348; x_wconf 85' lang='lat'>13.</span> 
     </span>
     <span class='ocr_line' id='line_1_28' title="bbox 195 1366 531 1400; baseline 0.003 -8"><span class='ocrx_word' id='word_1_217' title='bbox 195 1366 218 1400; x_wconf 86' lang='lat'>3.</span> <span class='ocrx_word' id='word_1_218' title='bbox 239 1367 261 1392; x_wconf 89' lang='lat'>7.</span> <span class='ocrx_word' id='word_1_219' title='bbox 281 1366 313 1392; x_wconf 84' lang='lat' dir='ltr'>de</span> <span class='ocrx_word' id='word_1_220' title='bbox 332 1368 409 1393; x_wconf 81' lang='lat' dir='ltr'>ininr.</span> <span class='ocrx_word' id='word_1_221' title='bbox 429 1368 470 1393; x_wconf 82' lang='lat'>47.</span> <span class='ocrx_word' id='word_1_222' title='bbox 492 1368 531 1393; x_wconf 94' lang='grc'>10.</span> 
     </span>
    </p>

    <p class='ocr_par' dir='ltr' id='par_1_6' title="bbox 196 1407 1040 1998">
     <span class='ocr_line' id='line_1_29' title="bbox 233 1407 1036 1443; baseline -0.002 -7"><span class='ocrx_word' id='word_1_223' title='bbox 233 1410 392 1437; x_wconf 67' lang='lat' dir='ltr'>Cavete.</span> <span class='ocrx_word' id='word_1_224' title='bbox 424 1410 455 1443; x_wconf 82' lang='lat'>§.</span> <span class='ocrx_word' id='word_1_225' title='bbox 470 1411 504 1436; x_wconf 88' lang='lat' dir='ltr'>l.</span> <span class='ocrx_word' id='word_1_226' title='bbox 533 1411 689 1442; x_wconf 77' lang='lat' dir='ltr'>Eritare,</span> <span class='ocrx_word' id='word_1_227' title='bbox 711 1410 894 1435; x_wconf 76' lang='lat' dir='ltr'>Declinare.</span> <span class='ocrx_word' id='word_1_228' title='bbox 914 1407 955 1434; x_wconf 87' lang='lat' dir='ltr'><strong>III.</strong></span> <span class='ocrx_word' id='word_1_229' title='bbox 971 1409 1036 1435; x_wconf 81' lang='lat' dir='ltr'>Cn.</span> 
     </span>
     <span class='ocr_line' id='line_1_30' title="bbox 197 1450 1037 1489; baseline -0.002 -11"><span class='ocrx_word' id='word_1_230' title='bbox 197 1451 302 1487; x_wconf 80' lang='lat' dir='ltr'><strong>Quibus</strong></span> <span class='ocrx_word' id='word_1_231' title='bbox 323 1454 378 1485; x_wconf 86' lang='lat' dir='ltr'><strong>(sc.</strong></span> <span class='ocrx_word' id='word_1_232' title='bbox 398 1452 546 1485; x_wconf 86' lang='lat' dir='ltr'>limitibus)</span> <span class='ocrx_word' id='word_1_233' title='bbox 566 1457 666 1488; x_wconf 72' lang='lat' dir='ltr'>genteS.</span> <span class='ocrx_word' id='word_1_234' title='bbox 687 1462 753 1489; x_wconf 86' lang='lat' dir='ltr'>quae</span> <span class='ocrx_word' id='word_1_235' title='bbox 772 1453 884 1478; x_wconf 77' lang='lat' dir='ltr'>maxime</span> <span class='ocrx_word' id='word_1_236' title='bbox 907 1450 1037 1477; x_wconf 74' lang='lat' dir='ltr'>cavendae</span> 
     </span>
     <span class='ocr_line' id='line_1_31' title="bbox 196 1493 1036 1532; baseline -0.002 -11"><span class='ocrx_word' id='word_1_237' title='bbox 196 1499 271 1527; x_wconf 82' lang='lat' dir='ltr'>suut,</span> <span class='ocrx_word' id='word_1_238' title='bbox 296 1494 516 1532; x_wconf 60' lang='lat' dir='ltr'>adpropinquant</span> <span class='ocrx_word' id='word_1_239' title='bbox 552 1494 619 1522; x_wconf 63' lang='grc' dir='ltr'>Νῦν.</span> <span class='ocrx_word' id='word_1_240' title='bbox 640 1495 690 1522; x_wconf 91' lang='lat' dir='ltr'>Th.</span> <span class='ocrx_word' id='word_1_241' title='bbox 710 1495 740 1521; x_wconf 90' lang='lat'>11.</span> <span class='ocrx_word' id='word_1_242' title='bbox 765 1494 798 1521; x_wconf 87' lang='lat' dir='ltr'>de</span> <span class='ocrx_word' id='word_1_243' title='bbox 822 1494 910 1521; x_wconf 88' lang='lat' dir='ltr'>ambit.</span> <span class='ocrx_word' id='word_1_244' title='bbox 937 1499 962 1520; x_wconf 87' lang='lat' dir='ltr'>et</span> <span class='ocrx_word' id='word_1_245' title='bbox 986 1493 1036 1520; x_wconf 87' lang='lat' dir='ltr'><strong>loc.</strong></span> 
     </span>
     <span class='ocr_line' id='line_1_32' title="bbox 196 1536 1037 1571; baseline -0.001 -7"><span class='ocrx_word' id='word_1_246' title='bbox 196 1537 271 1564; x_wconf 85' lang='lat' dir='ltr'>limit.</span> <span class='ocrx_word' id='word_1_247' title='bbox 290 1537 308 1564; x_wconf 94' lang='grc' dir='ltr'>Ι.</span> <span class='ocrx_word' id='word_1_248' title='bbox 328 1540 370 1564; x_wconf 85' lang='grc'>24.</span> <span class='ocrx_word' id='word_1_249' title='bbox 396 1548 418 1564; x_wconf 90' lang='lat' dir='ltr'>c.</span> <span class='ocrx_word' id='word_1_250' title='bbox 438 1540 461 1564; x_wconf 91' lang='lat' dir='ltr'>l.</span> <span class='ocrx_word' id='word_1_251' title='bbox 486 1538 552 1571; x_wconf 92' lang='lat'><strong>3.1.</strong></span> <span class='ocrx_word' id='word_1_252' title='bbox 591 1538 744 1565; x_wconf 79' lang='lat' dir='ltr'>Cavendum</span> <span class='ocrx_word' id='word_1_253' title='bbox 768 1542 822 1569; x_wconf 74' lang='lat' dir='ltr'>est.</span> <span class='ocrx_word' id='word_1_254' title='bbox 848 1548 879 1563; x_wconf 86' lang='lat' dir='ltr'>ne</span> <span class='ocrx_word' id='word_1_255' title='bbox 902 1536 1037 1564; x_wconf 83' lang='lat' dir='ltr'>inficiandi</span> 
     </span>
     <span class='ocr_line' id='line_1_33' title="bbox 197 1580 1036 1614; baseline 0 -8"><span class='ocrx_word' id='word_1_256' title='bbox 197 1580 314 1608; x_wconf 84' lang='lat' dir='ltr'>fomitem</span> <span class='ocrx_word' id='word_1_257' title='bbox 332 1582 512 1607; x_wconf 80' lang='lat' dir='ltr'>ministremus</span> <span class='ocrx_word' id='word_1_258' title='bbox 532 1581 663 1608; x_wconf 80' lang='lat' dir='ltr'><strong>obnoxiis.</strong></span> <span class='ocrx_word' id='word_1_259' title='bbox 693 1580 742 1608; x_wconf 84' lang='lat' dir='ltr'>Th.</span> <span class='ocrx_word' id='word_1_260' title='bbox 757 1580 788 1607; x_wconf 81' lang='lat' dir='ltr'>C.</span> <span class='ocrx_word' id='word_1_261' title='bbox 802 1580 832 1606; x_wconf 92' lang='lat' dir='ltr'>ll.</span> <span class='ocrx_word' id='word_1_262' title='bbox 846 1582 888 1606; x_wconf 78' lang='grc'>27.</span> <span class='ocrx_word' id='word_1_263' title='bbox 903 1591 924 1606; x_wconf 92' lang='lat' dir='ltr'>c.</span> <span class='ocrx_word' id='word_1_264' title='bbox 939 1582 962 1606; x_wconf 95' lang='lat'>1.</span> <span class='ocrx_word' id='word_1_265' title='bbox 976 1581 998 1614; x_wconf 92' lang='lat'>3.</span> <span class='ocrx_word' id='word_1_266' title='bbox 1012 1582 1036 1606; x_wconf 86' lang='lat'>3.</span> 
     </span>
     <span class='ocr_line' id='line_1_34' title="bbox 197 1624 1037 1661; baseline -0.001 -11"><span class='ocrx_word' id='word_1_267' title='bbox 197 1624 221 1650; x_wconf 85' lang='lat' dir='ltr'>si</span> <span class='ocrx_word' id='word_1_268' title='bbox 234 1629 296 1650; x_wconf 83' lang='lat' dir='ltr'>cert.</span> <span class='ocrx_word' id='word_1_269' title='bbox 308 1629 361 1661; x_wconf 83' lang='lat' dir='ltr'>pet.</span> <span class='ocrx_word' id='word_1_270' title='bbox 377 1624 409 1651; x_wconf 84' lang='lat' dir='ltr'>de</span> <span class='ocrx_word' id='word_1_271' title='bbox 420 1624 531 1660; x_wconf 79' lang='lat' dir='ltr'>chirogr.</span> <span class='ocrx_word' id='word_1_272' title='bbox 552 1640 584 1643; x_wconf 93' lang='lat'><strong>—</strong></span> <span class='ocrx_word' id='word_1_273' title='bbox 604 1625 635 1658; x_wconf 62' lang='grc' dir='ltr'>ξ.</span> <span class='ocrx_word' id='word_1_274' title='bbox 650 1626 685 1651; x_wconf 67' lang='lat'>2.</span> <span class='ocrx_word' id='word_1_275' title='bbox 706 1626 911 1658; x_wconf 73' lang='lat' dir='ltr'>Proxpicere,</span> <span class='ocrx_word' id='word_1_276' title='bbox 932 1633 951 1650; x_wconf 82' lang='lat' dir='ltr'>s.</span> <span class='ocrx_word' id='word_1_277' title='bbox 964 1625 1037 1650; x_wconf 80' lang='lat' dir='ltr'>Con-</span> 
     </span>
     <span class='ocr_line' id='line_1_35' title="bbox 197 1668 1038 1702; baseline 0 -10"><span class='ocrx_word' id='word_1_278' title='bbox 197 1669 316 1699; x_wconf 78' lang='lat' dir='ltr'>sulere,</span> <span class='ocrx_word' id='word_1_279' title='bbox 335 1670 402 1695; x_wconf 72' lang='lat' dir='ltr'>sibi</span> <span class='ocrx_word' id='word_1_280' title='bbox 421 1670 468 1694; x_wconf 75' lang='lat' dir='ltr'>rel</span> <span class='ocrx_word' id='word_1_281' title='bbox 487 1669 584 1699; x_wconf 82' lang='lat' dir='ltr'>aliis,</span> <span class='ocrx_word' id='word_1_282' title='bbox 604 1669 774 1693; x_wconf 63' lang='lat' dir='ltr'>obnoxium</span> <span class='ocrx_word' id='word_1_283' title='bbox 788 1668 947 1702; x_wconf 77' lang='lat' dir='ltr'>faciendo</span> <span class='ocrx_word' id='word_1_284' title='bbox 961 1669 1038 1692; x_wconf 83' lang='lat' dir='ltr'>alte-</span> 
     </span>
     <span class='ocr_line' id='line_1_36' title="bbox 198 1708 1037 1747; baseline 0.001 -13"><span class='ocrx_word' id='word_1_285' title='bbox 198 1718 273 1736; x_wconf 78' lang='lat' dir='ltr'><strong>rum.</strong></span> <span class='ocrx_word' id='word_1_286' title='bbox 302 1709 320 1736; x_wconf 94' lang='lat' dir='ltr'>I.</span> <span class='ocrx_word' id='word_1_287' title='bbox 333 1711 395 1744; x_wconf 79' lang='lat' dir='ltr'>Sy.</span> <span class='ocrx_word' id='word_1_288' title='bbox 415 1709 538 1736; x_wconf 81' lang='lat' dir='ltr'>Scribere</span> <span class='ocrx_word' id='word_1_289' title='bbox 549 1709 764 1747; x_wconf 77' lang='lat' dir='ltr'>(chirographum</span> <span class='ocrx_word' id='word_1_290' title='bbox 775 1710 836 1741; x_wconf 85' lang='lat' dir='ltr'>etc.)</span> <span class='ocrx_word' id='word_1_291' title='bbox 856 1708 886 1734; x_wconf 85' lang='lat' dir='ltr'>fr.</span> <span class='ocrx_word' id='word_1_292' title='bbox 897 1711 921 1735; x_wconf 98' lang='lat'>5.</span> <span class='ocrx_word' id='word_1_293' title='bbox 935 1709 956 1742; x_wconf 81' lang='lat'>3.</span> <span class='ocrx_word' id='word_1_294' title='bbox 968 1710 991 1735; x_wconf 79' lang='lat'>8.</span> <span class='ocrx_word' id='word_1_295' title='bbox 1006 1708 1037 1735; x_wconf 83' lang='lat' dir='ltr'>fr.</span> 
     </span>
     <span class='ocr_line' id='line_1_37' title="bbox 201 1751 1038 1788; baseline 0 -11"><span class='ocrx_word' id='word_1_296' title='bbox 201 1752 240 1777; x_wconf 90' lang='lat'>17.</span> <span class='ocrx_word' id='word_1_297' title='bbox 254 1752 276 1785; x_wconf 89' lang='lat'>3</span> <span class='ocrx_word' id='word_1_298' title='bbox 287 1753 311 1778; x_wconf 90' lang='lat'>3.</span> <span class='ocrx_word' id='word_1_299' title='bbox 331 1752 459 1779; x_wconf 89' lang='lat' dir='ltr'>commod.</span> <span class='ocrx_word' id='word_1_300' title='bbox 480 1753 520 1779; x_wconf 88' lang='grc'>13,</span> <span class='ocrx_word' id='word_1_301' title='bbox 534 1753 559 1778; x_wconf 86' lang='grc'>6.</span> <span class='ocrx_word' id='word_1_302' title='bbox 583 1751 680 1788; x_wconf 81' lang='lat' dir='ltr'>Legem</span> <span class='ocrx_word' id='word_1_303' title='bbox 700 1752 795 1784; x_wconf 81' lang='lat' dir='ltr'>dicere,</span> <span class='ocrx_word' id='word_1_304' title='bbox 816 1762 837 1778; x_wconf 92' lang='lat' dir='ltr'>s.</span> <span class='ocrx_word' id='word_1_305' title='bbox 847 1751 885 1778; x_wconf 83' lang='lat' dir='ltr'>Ea</span> <span class='ocrx_word' id='word_1_306' title='bbox 898 1751 955 1788; x_wconf 86' lang='lat' dir='ltr'>lege</span> <span class='ocrx_word' id='word_1_307' title='bbox 969 1751 1038 1778; x_wconf 88' lang='lat' dir='ltr'>dare.</span> 
     </span>
     <span class='ocr_line' id='line_1_38' title="bbox 199 1794 1038 1832; baseline 0 -12"><span class='ocrx_word' id='word_1_308' title='bbox 199 1794 229 1820; x_wconf 71' lang='lat' dir='ltr'>fr.</span> <span class='ocrx_word' id='word_1_309' title='bbox 243 1796 268 1820; x_wconf 92' lang='lat'>3.</span> <span class='ocrx_word' id='word_1_310' title='bbox 282 1804 321 1831; x_wconf 90' lang='lat' dir='ltr'>sq.</span> <span class='ocrx_word' id='word_1_311' title='bbox 341 1795 371 1822; x_wconf 85' lang='lat' dir='ltr'>fr.</span> <span class='ocrx_word' id='word_1_312' title='bbox 385 1797 409 1821; x_wconf 85' lang='lat'>6.</span> <span class='ocrx_word' id='word_1_313' title='bbox 423 1805 462 1832; x_wconf 86' lang='lat' dir='ltr'>pr.</span> <span class='ocrx_word' id='word_1_314' title='bbox 488 1805 581 1821; x_wconf 88' lang='lat' dir='ltr'>comm.</span> <span class='ocrx_word' id='word_1_315' title='bbox 599 1795 689 1832; x_wconf 86' lang='lat' dir='ltr'>praed.</span> <span class='ocrx_word' id='word_1_316' title='bbox 709 1796 733 1821; x_wconf 72' lang='lat'>8.</span> <span class='ocrx_word' id='word_1_317' title='bbox 747 1797 770 1821; x_wconf 96' lang='lat'>4.</span> <span class='ocrx_word' id='word_1_318' title='bbox 785 1795 815 1821; x_wconf 76' lang='lat' dir='ltr'>fr.</span> <span class='ocrx_word' id='word_1_319' title='bbox 829 1796 853 1821; x_wconf 95' lang='lat'>6.</span> <span class='ocrx_word' id='word_1_320' title='bbox 867 1805 907 1831; x_wconf 87' lang='lat' dir='ltr'>pr.</span> <span class='ocrx_word' id='word_1_321' title='bbox 927 1795 948 1828; x_wconf 91' lang='lat'>3.</span> <span class='ocrx_word' id='word_1_322' title='bbox 964 1796 986 1820; x_wconf 96' lang='grc'>1.</span> <span class='ocrx_word' id='word_1_323' title='bbox 1007 1794 1038 1820; x_wconf 83' lang='lat' dir='ltr'>de</span> 
     </span>
     <span class='ocr_line' id='line_1_39' title="bbox 200 1837 1038 1874; baseline 0 -11"><span class='ocrx_word' id='word_1_324' title='bbox 200 1847 268 1863; x_wconf 77' lang='lat' dir='ltr'>serv.</span> <span class='ocrx_word' id='word_1_325' title='bbox 283 1843 385 1874; x_wconf 74' lang='lat' dir='ltr'>export.</span> <span class='ocrx_word' id='word_1_326' title='bbox 400 1839 440 1864; x_wconf 69' lang='lat' dir='ltr'>ls.</span> <span class='ocrx_word' id='word_1_327' title='bbox 453 1839 475 1864; x_wconf 90' lang='lat'>7.</span> <span class='ocrx_word' id='word_1_328' title='bbox 500 1838 637 1874; x_wconf 70' lang='lat' dir='ltr'>Excipere.</span> <span class='ocrx_word' id='word_1_329' title='bbox 658 1838 687 1864; x_wconf 80' lang='lat' dir='ltr'><strong>l&#39;r.</strong></span> <span class='ocrx_word' id='word_1_330' title='bbox 699 1839 722 1864; x_wconf 87' lang='lat'>6.</span> <span class='ocrx_word' id='word_1_331' title='bbox 733 1848 772 1874; x_wconf 85' lang='lat' dir='ltr'>pr.</span> <span class='ocrx_word' id='word_1_332' title='bbox 786 1838 803 1864; x_wconf 89' lang='lat' dir='ltr'>l.</span> <span class='ocrx_word' id='word_1_333' title='bbox 818 1840 858 1864; x_wconf 62' lang='lat'>16.</span> <span class='ocrx_word' id='word_1_334' title='bbox 871 1839 893 1863; x_wconf 85' lang='lat'>7.</span> <span class='ocrx_word' id='word_1_335' title='bbox 918 1837 960 1863; x_wconf 81' lang='lat' dir='ltr'>m.</span> <span class='ocrx_word' id='word_1_336' title='bbox 973 1838 1038 1864; x_wconf 75' lang='lat' dir='ltr'>Gn.</span> 
     </span>
     <span class='ocr_line' id='line_1_40' title="bbox 200 1879 1040 1917; baseline 0 -12"><span class='ocrx_word' id='word_1_337' title='bbox 200 1879 255 1906; x_wconf 64' lang='lat' dir='ltr'>,Nec</span> <span class='ocrx_word' id='word_1_338' title='bbox 268 1880 436 1917; x_wconf 80' lang='lat' dir='ltr'>paciscendo,</span> <span class='ocrx_word' id='word_1_339' title='bbox 450 1890 498 1906; x_wconf 82' lang='lat' dir='ltr'>nec</span> <span class='ocrx_word' id='word_1_340' title='bbox 511 1880 594 1916; x_wconf 80' lang='lat' dir='ltr'>legem</span> <span class='ocrx_word' id='word_1_341' title='bbox 608 1880 728 1912; x_wconf 82' lang='lat' dir='ltr'>dicendo.</span> <span class='ocrx_word' id='word_1_342' title='bbox 743 1891 790 1907; x_wconf 81' lang='lat' dir='ltr'>nec</span> <span class='ocrx_word' id='word_1_343' title='bbox 803 1879 955 1917; x_wconf 82' lang='lat' dir='ltr'>stipulando</span> <span class='ocrx_word' id='word_1_344' title='bbox 970 1880 1040 1916; x_wconf 90' lang='lat' dir='ltr'>quis-</span> 
     </span>
     <span class='ocr_line' id='line_1_41' title="bbox 200 1922 1038 1960; baseline -0.001 -11"><span class='ocrx_word' id='word_1_345' title='bbox 200 1933 277 1959; x_wconf 82' lang='lat' dir='ltr'>quam</span> <span class='ocrx_word' id='word_1_346' title='bbox 296 1923 371 1949; x_wconf 84' lang='lat' dir='ltr'>alteri</span> <span class='ocrx_word' id='word_1_347' title='bbox 390 1933 482 1949; x_wconf 78' lang='lat' dir='ltr'>cavere</span> <span class='ocrx_word' id='word_1_348' title='bbox 500 1928 597 1960; x_wconf 82' lang='lat' dir='ltr'>potest.</span> <span class='ocrx_word' id='word_1_349' title='bbox 617 1923 648 1950; x_wconf 80' lang='lat' dir='ltr'>fr.</span> <span class='ocrx_word' id='word_1_350' title='bbox 663 1926 703 1949; x_wconf 80' lang='lat'>73.</span> <span class='ocrx_word' id='word_1_351' title='bbox 723 1923 745 1956; x_wconf 97' lang='lat'>3</span> <span class='ocrx_word' id='word_1_352' title='bbox 759 1924 783 1949; x_wconf 89' lang='lat'>4.</span> <span class='ocrx_word' id='word_1_353' title='bbox 804 1922 836 1949; x_wconf 86' lang='lat' dir='ltr'>de</span> <span class='ocrx_word' id='word_1_354' title='bbox 850 1922 880 1949; x_wconf 75' lang='lat' dir='ltr'>R.</span> <span class='ocrx_word' id='word_1_355' title='bbox 900 1922 918 1948; x_wconf 95' lang='lat'>1.</span> <span class='ocrx_word' id='word_1_356' title='bbox 939 1925 980 1949; x_wconf 81' lang='lat'>50.</span> <span class='ocrx_word' id='word_1_357' title='bbox 1000 1924 1038 1948; x_wconf 77' lang='lat'>17.</span> 
     </span>
     <span class='ocr_line' id='line_1_42' title="bbox 200 1965 1040 1998; baseline -0.001 -6"><span class='ocrx_word' id='word_1_358' title='bbox 200 1965 229 1992; x_wconf 91' lang='lat' dir='ltr'>Si</span> <span class='ocrx_word' id='word_1_359' title='bbox 249 1976 307 1992; x_wconf 76' lang='lat' dir='ltr'>eum</span> <span class='ocrx_word' id='word_1_360' title='bbox 330 1965 440 1992; x_wconf 78' lang='lat' dir='ltr'>fundum</span> <span class='ocrx_word' id='word_1_361' title='bbox 464 1966 622 1998; x_wconf 80' lang='lat' dir='ltr'>vendidisti.</span> <span class='ocrx_word' id='word_1_362' title='bbox 649 1977 696 1992; x_wconf 85' lang='lat' dir='ltr'>nec</span> <span class='ocrx_word' id='word_1_363' title='bbox 720 1967 872 1992; x_wconf 84' lang='lat' dir='ltr'>nominatim</span> <span class='ocrx_word' id='word_1_364' title='bbox 894 1965 944 1991; x_wconf 88' lang='lat' dir='ltr'>tibi</span> <span class='ocrx_word' id='word_1_365' title='bbox 967 1975 1040 1992; x_wconf 78' lang='lat' dir='ltr'>exce-</span> 
     </span>
    </p>
   </div>
   <div class='ocr_carea' id='block_1_3' title="bbox 199 2051 1039 2088">
    <p class='ocr_par' dir='ltr' id='par_1_7' title="bbox 199 2051 1039 2088">
     <span class='ocr_line' id='line_1_43' title="bbox 199 2051 1039 2088; baseline -0.001 -10"><span class='ocrx_word' id='word_1_366' title='bbox 199 2052 230 2078; x_wconf 72' lang='lat' dir='ltr'>sr.</span> <span class='ocrx_word' id='word_1_367' title='bbox 250 2053 290 2078; x_wconf 85' lang='lat'>53.</span> <span class='ocrx_word' id='word_1_368' title='bbox 311 2052 392 2086; x_wconf 92' lang='lat'>33.1.</span> <span class='ocrx_word' id='word_1_369' title='bbox 412 2062 452 2088; x_wconf 86' lang='lat' dir='ltr'>sq.</span> <span class='ocrx_word' id='word_1_370' title='bbox 473 2051 505 2077; x_wconf 90' lang='lat' dir='ltr'>de</span> <span class='ocrx_word' id='word_1_371' title='bbox 524 2052 555 2078; x_wconf 88' lang='lat' dir='ltr'><strong>A.</strong></span> <span class='ocrx_word' id='word_1_372' title='bbox 576 2052 606 2078; x_wconf 81' lang='lat' dir='ltr'>E.</span> <span class='ocrx_word' id='word_1_373' title='bbox 626 2051 657 2078; x_wconf 65' lang='grc' dir='ltr'>Υ,</span> <span class='ocrx_word' id='word_1_374' title='bbox 680 2053 719 2078; x_wconf 85' lang='grc'>19.</span> <span class='ocrx_word' id='word_1_375' title='bbox 740 2053 762 2077; x_wconf 95' lang='lat'>1.</span> <span class='ocrx_word' id='word_1_376' title='bbox 806 2051 835 2077; x_wconf 92' lang='lat' dir='ltr'>Si</span> <span class='ocrx_word' id='word_1_377' title='bbox 854 2051 902 2077; x_wconf 88' lang='lat' dir='ltr'>tibi</span> <span class='ocrx_word' id='word_1_378' title='bbox 922 2051 1039 2077; x_wconf 77' lang='lat' dir='ltr'>codicem</span> 
     </span>
    </p>
   </div>
   <div class='ocr_carea' id='block_1_4' title="bbox 200 2094 1039 2131">
    <p class='ocr_par' dir='ltr' id='par_1_8' title="bbox 200 2094 1039 2131">
     <span class='ocr_line' id='line_1_44' title="bbox 200 2094 1039 2131; baseline -0.001 -10"><span class='ocrx_word' id='word_1_379' title='bbox 200 2095 413 2126; x_wconf 78' lang='lat' dir='ltr'>commodavero,</span> <span class='ocrx_word' id='word_1_380' title='bbox 438 2099 463 2120; x_wconf 76' lang='lat' dir='ltr'>ct</span> <span class='ocrx_word' id='word_1_381' title='bbox 482 2095 509 2120; x_wconf 87' lang='lat' dir='ltr'>iu</span> <span class='ocrx_word' id='word_1_382' title='bbox 529 2105 559 2121; x_wconf 86' lang='lat' dir='ltr'>eo</span> <span class='ocrx_word' id='word_1_383' title='bbox 580 2094 781 2131; x_wconf 77' lang='lat' dir='ltr'>chirographum</span> <span class='ocrx_word' id='word_1_384' title='bbox 801 2094 947 2121; x_wconf 75' lang='lat' dir='ltr'>debitorem</span> <span class='ocrx_word' id='word_1_385' title='bbox 966 2099 1039 2120; x_wconf 87' lang='lat' dir='ltr'>tuum</span> 
     </span>
    </p>
   </div>
   <div class='ocr_carea' id='block_1_5' title="bbox 201 2180 1041 2776">
    <p class='ocr_par' dir='ltr' id='par_1_9' title="bbox 201 2180 1041 2776">
     <span class='ocr_line' id='line_1_45' title="bbox 201 2180 1038 2218; baseline -0.001 -11"><span class='ocrx_word' id='word_1_386' title='bbox 201 2182 225 2207; x_wconf 84' lang='lat'>6.</span> <span class='ocrx_word' id='word_1_387' title='bbox 262 2180 314 2216; x_wconf 81' lang='lat' dir='ltr'>Qui</span> <span class='ocrx_word' id='word_1_388' title='bbox 335 2180 425 2207; x_wconf 72' lang='lat' dir='ltr'>deberi</span> <span class='ocrx_word' id='word_1_389' title='bbox 444 2180 495 2206; x_wconf 92' lang='lat' dir='ltr'>sibi</span> <span class='ocrx_word' id='word_1_390' title='bbox 514 2181 591 2212; x_wconf 75' lang='lat' dir='ltr'>cavit,</span> <span class='ocrx_word' id='word_1_391' title='bbox 610 2181 637 2206; x_wconf 89' lang='lat' dir='ltr'>in</span> <span class='ocrx_word' id='word_1_392' title='bbox 656 2180 745 2207; x_wconf 81' lang='lat' dir='ltr'>eadem</span> <span class='ocrx_word' id='word_1_393' title='bbox 759 2180 880 2218; x_wconf 83' lang='lat' dir='ltr'>epistola.</span> <span class='ocrx_word' id='word_1_394' title='bbox 898 2181 932 2206; x_wconf 70' lang='lat' dir='ltr'>X.</span> <span class='ocrx_word' id='word_1_395' title='bbox 951 2180 982 2207; x_wconf 85' lang='lat' dir='ltr'>fr.</span> <span class='ocrx_word' id='word_1_396' title='bbox 996 2181 1038 2206; x_wconf 87' lang='grc'>26.</span> 
     </span>
     <span class='ocr_line' id='line_1_46' title="bbox 202 2222 1039 2261; baseline 0.001 -12"><span class='ocrx_word' id='word_1_397' title='bbox 202 2224 224 2257; x_wconf 88' lang='lat'>3.</span> <span class='ocrx_word' id='word_1_398' title='bbox 243 2226 266 2250; x_wconf 78' lang='lat'>2.</span> <span class='ocrx_word' id='word_1_399' title='bbox 287 2223 379 2260; x_wconf 82' lang='lat' dir='ltr'><strong>depos.</strong></span> <span class='ocrx_word' id='word_1_400' title='bbox 400 2224 440 2249; x_wconf 89' lang='lat'>16.</span> <span class='ocrx_word' id='word_1_401' title='bbox 459 2225 484 2249; x_wconf 84' lang='grc'>3.</span> <span class='ocrx_word' id='word_1_402' title='bbox 522 2222 709 2256; x_wconf 78' lang='lat' dir='ltr'>Fideiusserat.</span> <span class='ocrx_word' id='word_1_403' title='bbox 730 2240 762 2243; x_wconf 92' lang='lat'>—</span> <span class='ocrx_word' id='word_1_404' title='bbox 781 2224 928 2250; x_wconf 76' lang='lat' dir='ltr'>mercedem</span> <span class='ocrx_word' id='word_1_405' title='bbox 946 2229 1039 2261; x_wconf 83' lang='lat' dir='ltr'>pactus</span> 
     </span>
     <span class='ocr_line' id='line_1_47' title="bbox 203 2266 1039 2295; baseline 0.001 -3"><span class='ocrx_word' id='word_1_406' title='bbox 203 2266 237 2292; x_wconf 93' lang='lat' dir='ltr'>ob</span> <span class='ocrx_word' id='word_1_407' title='bbox 264 2276 337 2293; x_wconf 85' lang='lat' dir='ltr'>suam</span> <span class='ocrx_word' id='word_1_408' title='bbox 364 2266 576 2295; x_wconf 62' lang='lat' dir='ltr'>fideiussionem.</span> <span class='ocrx_word' id='word_1_409' title='bbox 608 2271 633 2292; x_wconf 76' lang='lat' dir='ltr'>et</span> <span class='ocrx_word' id='word_1_410' title='bbox 660 2267 709 2293; x_wconf 91' lang='lat' dir='ltr'>sub</span> <span class='ocrx_word' id='word_1_411' title='bbox 738 2268 843 2293; x_wconf 79' lang='lat' dir='ltr'>nomine</span> <span class='ocrx_word' id='word_1_412' title='bbox 871 2267 978 2293; x_wconf 84' lang='lat' dir='ltr'>alterius</span> <span class='ocrx_word' id='word_1_413' title='bbox 1007 2277 1039 2293; x_wconf 69' lang='lat' dir='ltr'>ex</span> 
     </span>
     <span class='ocr_line' id='line_1_48' title="bbox 203 2308 1038 2346; baseline 0.002 -12"><span class='ocrx_word' id='word_1_414' title='bbox 203 2313 299 2335; x_wconf 83' lang='lat' dir='ltr'>eventu</span> <span class='ocrx_word' id='word_1_415' title='bbox 316 2308 370 2335; x_wconf 89' lang='lat' dir='ltr'>litis</span> <span class='ocrx_word' id='word_1_416' title='bbox 390 2314 501 2341; x_wconf 74' lang='lat' dir='ltr'>caverat,</span> <span class='ocrx_word' id='word_1_417' title='bbox 520 2309 571 2335; x_wconf 85' lang='lat' dir='ltr'>sibi</span> <span class='ocrx_word' id='word_1_418' title='bbox 591 2314 687 2335; x_wconf 85' lang='lat' dir='ltr'>certam</span> <span class='ocrx_word' id='word_1_419' title='bbox 706 2311 877 2346; x_wconf 72' lang='lat' dir='ltr'>quantitatem</span> <span class='ocrx_word' id='word_1_420' title='bbox 890 2310 953 2336; x_wconf 82' lang='lat' dir='ltr'>dari.</span> <span class='ocrx_word' id='word_1_421' title='bbox 973 2309 1003 2336; x_wconf 77' lang='lat' dir='ltr'>fr.</span> <span class='ocrx_word' id='word_1_422' title='bbox 1015 2311 1038 2335; x_wconf 85' lang='lat'>6.</span> 
     </span>
     <span class='ocr_line' id='line_1_49' title="bbox 203 2351 1039 2387; baseline 0.002 -10"><span class='ocrx_word' id='word_1_423' title='bbox 203 2353 225 2386; x_wconf 97' lang='lat'>3.</span> <span class='ocrx_word' id='word_1_424' title='bbox 246 2353 268 2377; x_wconf 97' lang='lat'>7.</span> <span class='ocrx_word' id='word_1_425' title='bbox 288 2351 373 2378; x_wconf 87' lang='lat' dir='ltr'>mand.</span> <span class='ocrx_word' id='word_1_426' title='bbox 393 2354 433 2378; x_wconf 88' lang='lat'>17.</span> <span class='ocrx_word' id='word_1_427' title='bbox 450 2354 472 2378; x_wconf 94' lang='lat' dir='ltr'>l.</span> <span class='ocrx_word' id='word_1_428' title='bbox 510 2352 563 2387; x_wconf 82' lang='lat' dir='ltr'>Qui</span> <span class='ocrx_word' id='word_1_429' title='bbox 583 2353 609 2378; x_wconf 93' lang='lat' dir='ltr'>in</span> <span class='ocrx_word' id='word_1_430' title='bbox 628 2354 804 2379; x_wconf 78' lang='lat' dir='ltr'>transactione</span> <span class='ocrx_word' id='word_1_431' title='bbox 823 2353 976 2379; x_wconf 80' lang='lat' dir='ltr'>hereditatis</span> <span class='ocrx_word' id='word_1_432' title='bbox 997 2358 1039 2379; x_wconf 86' lang='lat' dir='ltr'>aut</span> 
     </span>
     <span class='ocr_line' id='line_1_50' title="bbox 205 2394 1040 2431; baseline 0.001 -10"><span class='ocrx_word' id='word_1_433' title='bbox 205 2395 272 2421; x_wconf 74' lang='lat' dir='ltr'>cavit</span> <span class='ocrx_word' id='word_1_434' title='bbox 292 2394 343 2420; x_wconf 83' lang='lat' dir='ltr'>sibi</span> <span class='ocrx_word' id='word_1_435' title='bbox 366 2405 413 2431; x_wconf 82' lang='lat' dir='ltr'>pro</span> <span class='ocrx_word' id='word_1_436' title='bbox 438 2395 563 2421; x_wconf 86' lang='lat' dir='ltr'>oneribus</span> <span class='ocrx_word' id='word_1_437' title='bbox 587 2395 754 2428; x_wconf 77' lang='lat' dir='ltr'>hereditatis.</span> <span class='ocrx_word' id='word_1_438' title='bbox 783 2401 827 2422; x_wconf 88' lang='lat' dir='ltr'>aut</span> <span class='ocrx_word' id='word_1_439' title='bbox 850 2397 872 2422; x_wconf 85' lang='lat' dir='ltr'>si</span> <span class='ocrx_word' id='word_1_440' title='bbox 895 2406 948 2422; x_wconf 90' lang='lat' dir='ltr'>non</span> <span class='ocrx_word' id='word_1_441' title='bbox 972 2397 1040 2422; x_wconf 88' lang='lat' dir='ltr'>cavit</span> 
     </span>
     <span class='ocr_line' id='line_1_51' title="bbox 204 2436 1039 2473; baseline 0.002 -10"><span class='ocrx_word' id='word_1_442' title='bbox 204 2441 253 2463; x_wconf 78' lang='lat' dir='ltr'>etc.</span> <span class='ocrx_word' id='word_1_443' title='bbox 282 2436 312 2462; x_wconf 85' lang='lat' dir='ltr'>fr.</span> <span class='ocrx_word' id='word_1_444' title='bbox 332 2437 357 2462; x_wconf 91' lang='grc'>3.</span> <span class='ocrx_word' id='word_1_445' title='bbox 376 2446 415 2473; x_wconf 86' lang='lat' dir='ltr'>pr.</span> <span class='ocrx_word' id='word_1_446' title='bbox 440 2437 472 2464; x_wconf 80' lang='lat' dir='ltr'>de</span> <span class='ocrx_word' id='word_1_447' title='bbox 490 2442 613 2465; x_wconf 86' lang='lat' dir='ltr'>transact.</span> <span class='ocrx_word' id='word_1_448' title='bbox 633 2440 656 2465; x_wconf 81' lang='lat'>2.</span> <span class='ocrx_word' id='word_1_449' title='bbox 678 2441 717 2465; x_wconf 95' lang='lat'>15.</span> <span class='ocrx_word' id='word_1_450' title='bbox 747 2438 778 2465; x_wconf 83' lang='lat' dir='ltr'>cf.</span> <span class='ocrx_word' id='word_1_451' title='bbox 798 2438 828 2465; x_wconf 86' lang='lat' dir='ltr'>sr.</span> <span class='ocrx_word' id='word_1_452' title='bbox 847 2440 889 2465; x_wconf 82' lang='grc'>21.</span> <span class='ocrx_word' id='word_1_453' title='bbox 909 2439 941 2465; x_wconf 85' lang='lat' dir='ltr'>ad</span> <span class='ocrx_word' id='word_1_454' title='bbox 960 2438 988 2465; x_wconf 92' lang='lat' dir='ltr'>S.</span> <span class='ocrx_word' id='word_1_455' title='bbox 1008 2438 1039 2465; x_wconf 91' lang='lat' dir='ltr'>C.</span> 
     </span>
     <span class='ocr_line' id='line_1_52' title="bbox 204 2479 1039 2519; baseline 0.002 -13"><span class='ocrx_word' id='word_1_456' title='bbox 204 2479 284 2506; x_wconf 86' lang='lat' dir='ltr'>Treb.</span> <span class='ocrx_word' id='word_1_457' title='bbox 307 2481 349 2505; x_wconf 83' lang='lat'>36.</span> <span class='ocrx_word' id='word_1_458' title='bbox 371 2481 393 2505; x_wconf 96' lang='lat'>1.</span> <span class='ocrx_word' id='word_1_459' title='bbox 435 2479 464 2506; x_wconf 89' lang='lat' dir='ltr'>Si</span> <span class='ocrx_word' id='word_1_460' title='bbox 487 2482 595 2508; x_wconf 86' lang='lat' dir='ltr'>maritus</span> <span class='ocrx_word' id='word_1_461' title='bbox 619 2492 667 2519; x_wconf 90' lang='lat' dir='ltr'>pro</span> <span class='ocrx_word' id='word_1_462' title='bbox 691 2482 801 2509; x_wconf 90' lang='lat' dir='ltr'>muliere</span> <span class='ocrx_word' id='word_1_463' title='bbox 823 2492 853 2508; x_wconf 86' lang='lat' dir='ltr'>se</span> <span class='ocrx_word' id='word_1_464' title='bbox 877 2481 1039 2518; x_wconf 76' lang='lat' dir='ltr'>obligaverit.</span> 
     </span>
     <span class='ocr_line' id='line_1_53' title="bbox 206 2521 1041 2562; baseline 0.006 -16"><span class='ocrx_word' id='word_1_465' title='bbox 206 2538 237 2541; x_wconf 92' lang='lat'><strong>—</strong></span> <span class='ocrx_word' id='word_1_466' title='bbox 257 2521 371 2548; x_wconf 72' lang='lat' dir='ltr'>divortio</span> <span class='ocrx_word' id='word_1_467' title='bbox 391 2521 471 2554; x_wconf 81' lang='lat' dir='ltr'>sacto,</span> <span class='ocrx_word' id='word_1_468' title='bbox 490 2534 520 2550; x_wconf 83' lang='lat' dir='ltr'>eo</span> <span class='ocrx_word' id='word_1_469' title='bbox 540 2525 646 2551; x_wconf 83' lang='lat' dir='ltr'>nomine</span> <span class='ocrx_word' id='word_1_470' title='bbox 665 2535 756 2552; x_wconf 84' lang='lat' dir='ltr'>cavere</span> <span class='ocrx_word' id='word_1_471' title='bbox 775 2525 827 2552; x_wconf 84' lang='lat' dir='ltr'>sibi</span> <span class='ocrx_word' id='word_1_472' title='bbox 846 2525 915 2551; x_wconf 81' lang='lat' dir='ltr'>solet</span> <span class='ocrx_word' id='word_1_473' title='bbox 933 2525 1041 2562; x_wconf 83' lang='lat' dir='ltr'>stipula-</span> 
     </span>
     <span class='ocr_line' id='line_1_54' title="bbox 206 2565 1040 2603; baseline 0.004 -13"><span class='ocrx_word' id='word_1_474' title='bbox 206 2566 276 2591; x_wconf 81' lang='lat' dir='ltr'>tione</span> <span class='ocrx_word' id='word_1_475' title='bbox 293 2565 437 2591; x_wconf 78' lang='lat' dir='ltr'>tribunitia.</span> <span class='ocrx_word' id='word_1_476' title='bbox 464 2565 525 2603; x_wconf 79' lang='lat' dir='ltr'>le.</span> <span class='ocrx_word' id='word_1_477' title='bbox 545 2566 600 2594; x_wconf 80' lang='lat' dir='ltr'>VH.</span> <span class='ocrx_word' id='word_1_478' title='bbox 619 2569 644 2594; x_wconf 88' lang='lat'>3.</span> <span class='ocrx_word' id='word_1_479' title='bbox 686 2568 715 2594; x_wconf 90' lang='lat' dir='ltr'>Si</span> <span class='ocrx_word' id='word_1_480' title='bbox 738 2568 861 2595; x_wconf 85' lang='lat' dir='ltr'>venditor</span> <span class='ocrx_word' id='word_1_481' title='bbox 884 2568 915 2594; x_wconf 86' lang='lat' dir='ltr'>ab</span> <span class='ocrx_word' id='word_1_482' title='bbox 942 2572 1040 2593; x_wconf 87' lang='lat' dir='ltr'>emtore</span> 
     </span>
     <span class='ocr_line' id='line_1_55' title="bbox 205 2608 1039 2648; baseline 0.004 -14"><span class='ocrx_word' id='word_1_483' title='bbox 205 2608 315 2639; x_wconf 73' lang='lat' dir='ltr'>caverit,</span> <span class='ocrx_word' id='word_1_484' title='bbox 335 2618 367 2633; x_wconf 86' lang='lat' dir='ltr'>ne</span> <span class='ocrx_word' id='word_1_485' title='bbox 386 2613 434 2634; x_wconf 89' lang='lat' dir='ltr'>etc.</span> <span class='ocrx_word' id='word_1_486' title='bbox 465 2608 495 2635; x_wconf 76' lang='lat' dir='ltr'>fr.</span> <span class='ocrx_word' id='word_1_487' title='bbox 515 2611 538 2636; x_wconf 82' lang='lat'>6.</span> <span class='ocrx_word' id='word_1_488' title='bbox 558 2620 597 2647; x_wconf 84' lang='lat' dir='ltr'>pr.</span> <span class='ocrx_word' id='word_1_489' title='bbox 626 2611 659 2637; x_wconf 82' lang='lat' dir='ltr'>de</span> <span class='ocrx_word' id='word_1_490' title='bbox 683 2621 751 2637; x_wconf 86' lang='lat' dir='ltr'>serv.</span> <span class='ocrx_word' id='word_1_491' title='bbox 772 2616 873 2648; x_wconf 79' lang='lat' dir='ltr'>export.</span> <span class='ocrx_word' id='word_1_492' title='bbox 900 2612 939 2637; x_wconf 78' lang='lat'>18.</span> <span class='ocrx_word' id='word_1_493' title='bbox 960 2613 982 2637; x_wconf 86' lang='lat'>7.</span> <span class='ocrx_word' id='word_1_494' title='bbox 1008 2611 1039 2637; x_wconf 75' lang='lat' dir='ltr'>cf.</span> 
     </span>
     <span class='ocr_line' id='line_1_56' title="bbox 205 2650 1041 2691; baseline 0.006 -15"><span class='ocrx_word' id='word_1_495' title='bbox 205 2650 236 2677; x_wconf 81' lang='lat' dir='ltr'>fr.</span> <span class='ocrx_word' id='word_1_496' title='bbox 249 2653 291 2677; x_wconf 74' lang='lat'>44.</span> <span class='ocrx_word' id='word_1_497' title='bbox 306 2650 328 2684; x_wconf 92' lang='lat'>3.</span> <span class='ocrx_word' id='word_1_498' title='bbox 343 2652 365 2676; x_wconf 92' lang='grc'>1.</span> <span class='ocrx_word' id='word_1_499' title='bbox 385 2650 418 2677; x_wconf 83' lang='lat' dir='ltr'>de</span> <span class='ocrx_word' id='word_1_500' title='bbox 437 2651 521 2678; x_wconf 83' lang='lat' dir='ltr'>damn.</span> <span class='ocrx_word' id='word_1_501' title='bbox 540 2652 584 2678; x_wconf 77' lang='lat' dir='ltr'>inf.</span> <span class='ocrx_word' id='word_1_502' title='bbox 603 2655 645 2680; x_wconf 87' lang='lat'>39.</span> <span class='ocrx_word' id='word_1_503' title='bbox 664 2656 688 2680; x_wconf 80' lang='lat'>2.</span> <span class='ocrx_word' id='word_1_504' title='bbox 717 2654 754 2685; x_wconf 84' lang='lat' dir='ltr'>Si.</span> <span class='ocrx_word' id='word_1_505' title='bbox 774 2659 874 2691; x_wconf 84' lang='lat' dir='ltr'>partem</span> <span class='ocrx_word' id='word_1_506' title='bbox 893 2654 967 2681; x_wconf 83' lang='lat' dir='ltr'>fundi</span> <span class='ocrx_word' id='word_1_507' title='bbox 980 2664 1041 2680; x_wconf 86' lang='lat' dir='ltr'>ven-</span> 
     </span>
     <span class='ocr_line' id='line_1_57' title="bbox 206 2692 1040 2734; baseline 0.006 -15"><span class='ocrx_word' id='word_1_508' title='bbox 206 2693 302 2722; x_wconf 77' lang='lat' dir='ltr'>dendo.</span> <span class='ocrx_word' id='word_1_509' title='bbox 322 2692 377 2729; x_wconf 83' lang='lat' dir='ltr'>lege</span> <span class='ocrx_word' id='word_1_510' title='bbox 391 2696 511 2725; x_wconf 81' lang='lat' dir='ltr'>caverim.</span> <span class='ocrx_word' id='word_1_511' title='bbox 526 2695 563 2720; x_wconf 90' lang='lat' dir='ltr'>uti</span> <span class='ocrx_word' id='word_1_512' title='bbox 583 2700 630 2722; x_wconf 80' lang='lat' dir='ltr'>etc.</span> <span class='ocrx_word' id='word_1_513' title='bbox 650 2696 680 2722; x_wconf 82' lang='lat' dir='ltr'>fr.</span> <span class='ocrx_word' id='word_1_514' title='bbox 692 2698 732 2724; x_wconf 91' lang='lat'>19.</span> <span class='ocrx_word' id='word_1_515' title='bbox 744 2707 783 2734; x_wconf 89' lang='lat' dir='ltr'>pr.</span> <span class='ocrx_word' id='word_1_516' title='bbox 804 2697 931 2733; x_wconf 80' lang='lat' dir='ltr'>Quemad.</span> <span class='ocrx_word' id='word_1_517' title='bbox 951 2699 1040 2724; x_wconf 78' lang='lat' dir='ltr'>servit.</span> 
     </span>
     <span class='ocr_line' id='line_1_58' title="bbox 205 2735 1039 2776; baseline 0.006 -14"><span class='ocrx_word' id='word_1_518' title='bbox 205 2738 230 2763; x_wconf 88' lang='lat'>8.</span> <span class='ocrx_word' id='word_1_519' title='bbox 249 2737 273 2763; x_wconf 87' lang='lat'>6.</span> <span class='ocrx_word' id='word_1_520' title='bbox 293 2735 325 2763; x_wconf 75' lang='lat' dir='ltr'>cf.</span> <span class='ocrx_word' id='word_1_521' title='bbox 344 2736 374 2763; x_wconf 84' lang='lat' dir='ltr'>sr.</span> <span class='ocrx_word' id='word_1_522' title='bbox 394 2738 418 2763; x_wconf 83' lang='lat'>6.</span> <span class='ocrx_word' id='word_1_523' title='bbox 438 2738 503 2771; x_wconf 90' lang='lat'><strong>3.1.</strong></span> <span class='ocrx_word' id='word_1_524' title='bbox 524 2737 555 2763; x_wconf 85' lang='lat' dir='ltr'>de</span> <span class='ocrx_word' id='word_1_525' title='bbox 575 2747 642 2765; x_wconf 85' lang='lat' dir='ltr'>serv.</span> <span class='ocrx_word' id='word_1_526' title='bbox 663 2745 764 2776; x_wconf 79' lang='lat' dir='ltr'>export.</span> <span class='ocrx_word' id='word_1_527' title='bbox 786 2741 825 2766; x_wconf 72' lang='lat'>18.</span> <span class='ocrx_word' id='word_1_528' title='bbox 847 2742 869 2766; x_wconf 93' lang='lat'>7.</span> <span class='ocrx_word' id='word_1_529' title='bbox 894 2757 926 2760; x_wconf 93' lang='lat'><strong>—</strong></span> <span class='ocrx_word' id='word_1_530' title='bbox 950 2741 981 2774; x_wconf 79' lang='lat'>§-</span> <span class='ocrx_word' id='word_1_531' title='bbox 1003 2742 1039 2767; x_wconf 78' lang='lat'>3.</span> 
     </span>
    </p>
   </div>
   <div class='ocr_carea' id='block_1_6' title="bbox 207 2781 1041 2860">
    <p class='ocr_par' dir='ltr' id='par_1_10' title="bbox 207 2781 1041 2860">
     <span class='ocr_line' id='line_1_59' title="bbox 207 2781 1040 2818; baseline 0.005 -12"><span class='ocrx_word' id='word_1_532' title='bbox 207 2781 414 2814; x_wconf 76' lang='lat' dir='ltr'>Praecipere.</span> <span class='ocrx_word' id='word_1_533' title='bbox 433 2782 639 2815; x_wconf 74' lang='lat' dir='ltr'>Exprimere,</span> <span class='ocrx_word' id='word_1_534' title='bbox 659 2783 799 2810; x_wconf 79' lang='lat' dir='ltr'>Sancire.</span> <span class='ocrx_word' id='word_1_535' title='bbox 826 2783 844 2809; x_wconf 93' lang='lat' dir='ltr'>I.</span> <span class='ocrx_word' id='word_1_536' title='bbox 860 2784 921 2818; x_wconf 75' lang='lat' dir='ltr'>Sy.</span> <span class='ocrx_word' id='word_1_537' title='bbox 940 2783 1040 2810; x_wconf 83' lang='lat' dir='ltr'>lubere.</span> 
     </span>
     <span class='ocr_line' id='line_1_60' title="bbox 207 2821 1041 2860; baseline 0.007 -12"><span class='ocrx_word' id='word_1_538' title='bbox 207 2821 265 2849; x_wconf 79' lang='lat' dir='ltr'>Gai.</span> <span class='ocrx_word' id='word_1_539' title='bbox 285 2822 315 2849; x_wconf 92' lang='grc' dir='ltr'>Π.</span> <span class='ocrx_word' id='word_1_540' title='bbox 336 2824 376 2849; x_wconf 75' lang='grc'>42.</span> <span class='ocrx_word' id='word_1_541' title='bbox 390 2824 431 2849; x_wconf 84' lang='lat'>54.</span> <span class='ocrx_word' id='word_1_542' title='bbox 457 2822 518 2860; x_wconf 76' lang='lat' dir='ltr'>le.</span> <span class='ocrx_word' id='word_1_543' title='bbox 537 2823 611 2850; x_wconf 70' lang='grc'>124.</span> <span class='ocrx_word' id='word_1_544' title='bbox 626 2833 665 2860; x_wconf 88' lang='lat' dir='ltr'>sq.</span> <span class='ocrx_word' id='word_1_545' title='bbox 685 2823 716 2851; x_wconf 79' lang='lat' dir='ltr'>fr.</span> <span class='ocrx_word' id='word_1_546' title='bbox 731 2827 752 2851; x_wconf 93' lang='lat' dir='ltr'>l.</span> <span class='ocrx_word' id='word_1_547' title='bbox 773 2835 812 2858; x_wconf 79' lang='lat' dir='ltr'>sq.</span> <span class='ocrx_word' id='word_1_548' title='bbox 832 2827 858 2853; x_wconf 92' lang='lat' dir='ltr'>in</span> <span class='ocrx_word' id='word_1_549' title='bbox 877 2828 917 2853; x_wconf 89' lang='lat' dir='ltr'>ius</span> <span class='ocrx_word' id='word_1_550' title='bbox 936 2837 994 2854; x_wconf 89' lang='lat' dir='ltr'><strong>voc.</strong></span> <span class='ocrx_word' id='word_1_551' title='bbox 1014 2832 1041 2854; x_wconf 88' lang='lat' dir='ltr'>ut</span> 
     </span>
    </p>
   </div>
   <div class='ocr_carea' id='block_1_7' title="bbox 767 1226 1059 1272">
    <p class='ocr_par' dir='ltr' id='par_1_11' title="bbox 767 1226 1059 1272">
     <span class='ocr_line' id='line_1_61' title="bbox 767 1226 1059 1272; baseline -0.007 -9"><span class='ocrx_word' id='word_1_552' title='bbox 767 1236 811 1263; x_wconf 89' lang='lat' dir='ltr'><strong>Ill.</strong></span> <span class='ocrx_word' id='word_1_553' title='bbox 833 1238 898 1264; x_wconf 79' lang='lat'><strong>011.</strong></span> <span class='ocrx_word' id='word_1_554' title='bbox 930 1236 984 1272; x_wconf 86' lang='lat' dir='ltr'>Qui</span> <span class='ocrx_word' id='word_1_555' title='bbox 1009 1237 1036 1262; x_wconf 90' lang='lat' dir='ltr'>in</span> <span class='ocrx_word' id='word_1_556' title='bbox 1057 1226 1059 1246; x_wconf 42' lang='lat'><em>3</em></span> 
     </span>
    </p>
   </div>
   <div class='ocr_carea' id='block_1_8' title="bbox 1052 252 1069 2879">
    <p class='ocr_par' dir='ltr' id='par_1_12' title="bbox 1052 252 1069 2879">
     <span class='ocr_line' id='line_1_62' title="bbox 1052 252 1069 2879; baseline 0 0"><span class='ocrx_word' id='word_1_557' title='bbox 1052 252 1069 2879; x_wconf 95' lang='lat' dir='ltr'> </span> 
     </span>
    </p>
   </div>
   <div class='ocr_carea' id='block_1_9' title="bbox 1855 173 1916 203">
    <p class='ocr_par' dir='ltr' id='par_1_13' title="bbox 1855 173 1916 203">
     <span class='ocr_line' id='line_1_63' title="bbox 1855 173 1916 203; baseline 0.016 -1"><span class='ocrx_word' id='word_1_558' title='bbox 1855 173 1916 203; x_wconf 85' lang='grc'>123</span> 
     </span>
    </p>
   </div>
   <div class='ocr_carea' id='block_1_10' title="bbox 1076 251 1921 1272">
    <p class='ocr_par' dir='ltr' id='par_1_14' title="bbox 1076 251 1921 1272">
     <span class='ocr_line' id='line_1_64' title="bbox 1077 251 1915 289; baseline 0.002 -11"><span class='ocrx_word' id='word_1_559' title='bbox 1077 256 1144 278; x_wconf 84' lang='lat' dir='ltr'>eant.</span> <span class='ocrx_word' id='word_1_560' title='bbox 1163 254 1187 278; x_wconf 88' lang='grc'>2.</span> <span class='ocrx_word' id='word_1_561' title='bbox 1207 253 1231 278; x_wconf 89' lang='lat'>6.</span> <span class='ocrx_word' id='word_1_562' title='bbox 1269 251 1400 284; x_wconf 77' lang='lat' dir='ltr'>Scribere.</span> <span class='ocrx_word' id='word_1_563' title='bbox 1421 252 1575 289; x_wconf 68' lang='lat' dir='ltr'>Praecipere</span> <span class='ocrx_word' id='word_1_564' title='bbox 1594 253 1764 285; x_wconf 77' lang='lat' dir='ltr'>(testamento</span> <span class='ocrx_word' id='word_1_565' title='bbox 1784 256 1854 287; x_wconf 85' lang='lat' dir='ltr'><strong>etc.).</strong></span> <span class='ocrx_word' id='word_1_566' title='bbox 1886 254 1915 280; x_wconf 76' lang='lat' dir='ltr'><strong>l&#39;r.</strong></span> 
     </span>
     <span class='ocr_line' id='line_1_65' title="bbox 1078 294 1915 334; baseline 0.004 -14"><span class='ocrx_word' id='word_1_567' title='bbox 1078 296 1135 321; x_wconf 85' lang='grc'>123.</span> <span class='ocrx_word' id='word_1_568' title='bbox 1155 305 1194 331; x_wconf 83' lang='lat' dir='ltr'>pr.</span> <span class='ocrx_word' id='word_1_569' title='bbox 1215 295 1236 328; x_wconf 87' lang='lat'>3.</span> <span class='ocrx_word' id='word_1_570' title='bbox 1259 296 1280 320; x_wconf 95' lang='lat' dir='ltr'>l.</span> <span class='ocrx_word' id='word_1_571' title='bbox 1301 294 1333 321; x_wconf 88' lang='lat' dir='ltr'>de</span> <span class='ocrx_word' id='word_1_572' title='bbox 1352 295 1428 331; x_wconf 73' lang='lat' dir='ltr'>legat.</span> <span class='ocrx_word' id='word_1_573' title='bbox 1448 295 1466 321; x_wconf 94' lang='lat' dir='ltr'>I.</span> <span class='ocrx_word' id='word_1_574' title='bbox 1488 295 1555 327; x_wconf 90' lang='grc'>(30.)</span> <span class='ocrx_word' id='word_1_575' title='bbox 1576 294 1606 321; x_wconf 82' lang='lat' dir='ltr'>fr.</span> <span class='ocrx_word' id='word_1_576' title='bbox 1620 297 1662 322; x_wconf 80' lang='lat'>37.</span> <span class='ocrx_word' id='word_1_577' title='bbox 1683 297 1757 330; x_wconf 90' lang='lat'>33.1.</span> <span class='ocrx_word' id='word_1_578' title='bbox 1778 306 1817 333; x_wconf 86' lang='lat' dir='ltr'>sq.</span> <span class='ocrx_word' id='word_1_579' title='bbox 1838 299 1861 323; x_wconf 92' lang='lat'>5.</span> <span class='ocrx_word' id='word_1_580' title='bbox 1876 307 1915 334; x_wconf 86' lang='lat' dir='ltr'>sq.</span> 
     </span>
     <span class='ocr_line' id='line_1_66' title="bbox 1077 336 1916 373; baseline 0.002 -10"><span class='ocrx_word' id='word_1_581' title='bbox 1077 336 1110 363; x_wconf 82' lang='lat' dir='ltr'>de</span> <span class='ocrx_word' id='word_1_582' title='bbox 1128 336 1204 373; x_wconf 80' lang='lat' dir='ltr'>legat.</span> <span class='ocrx_word' id='word_1_583' title='bbox 1224 337 1266 363; x_wconf 94' lang='lat' dir='ltr'><strong>III.</strong></span> <span class='ocrx_word' id='word_1_584' title='bbox 1287 338 1363 370; x_wconf 85' lang='grc'>(32.)</span> <span class='ocrx_word' id='word_1_585' title='bbox 1401 337 1443 363; x_wconf 93' lang='lat' dir='ltr'><strong>III.</strong></span> <span class='ocrx_word' id='word_1_586' title='bbox 1466 339 1533 365; x_wconf 71' lang='grc' dir='ltr'>(7η.</span> <span class='ocrx_word' id='word_1_587' title='bbox 1561 338 1673 364; x_wconf 87' lang='lat' dir='ltr'>Cunctis</span> <span class='ocrx_word' id='word_1_588' title='bbox 1693 349 1725 365; x_wconf 80' lang='lat' dir='ltr'>cx</span> <span class='ocrx_word' id='word_1_589' title='bbox 1744 349 1817 365; x_wconf 84' lang='lat' dir='ltr'>more</span> <span class='ocrx_word' id='word_1_590' title='bbox 1837 339 1916 366; x_wconf 84' lang='lat' dir='ltr'>facias</span> 
     </span>
     <span class='ocr_line' id='line_1_67' title="bbox 1077 379 1917 419; baseline 0.005 -14"><span class='ocrx_word' id='word_1_591' title='bbox 1077 379 1218 416; x_wconf 78' lang='lat' dir='ltr'>divulgari,</span> <span class='ocrx_word' id='word_1_592' title='bbox 1244 384 1269 406; x_wconf 79' lang='lat' dir='ltr'>et</span> <span class='ocrx_word' id='word_1_593' title='bbox 1293 380 1405 406; x_wconf 77' lang='lat' dir='ltr'>invicem</span> <span class='ocrx_word' id='word_1_594' title='bbox 1429 381 1492 407; x_wconf 87' lang='lat' dir='ltr'>mibi</span> <span class='ocrx_word' id='word_1_595' title='bbox 1512 397 1544 400; x_wconf 97' lang='lat'><strong>—</strong></span> <span class='ocrx_word' id='word_1_596' title='bbox 1565 381 1680 408; x_wconf 81' lang='lat' dir='ltr'>cavenda</span> <span class='ocrx_word' id='word_1_597' title='bbox 1700 382 1917 419; x_wconf 72' lang='lat' dir='ltr'>observantiaque</span> 
     </span>
     <span class='ocr_line' id='line_1_68' title="bbox 1076 422 1915 452; baseline 0.005 -4"><span class='ocrx_word' id='word_1_598' title='bbox 1076 438 1109 441; x_wconf 86' lang='lat'><strong>—</strong></span> <span class='ocrx_word' id='word_1_599' title='bbox 1128 423 1278 449; x_wconf 82' lang='lat' dir='ltr'>transmitti.</span> <span class='ocrx_word' id='word_1_600' title='bbox 1307 422 1375 449; x_wconf 75' lang='lat' dir='ltr'><strong>Nov.</strong></span> <span class='ocrx_word' id='word_1_601' title='bbox 1396 422 1446 449; x_wconf 89' lang='lat' dir='ltr'>Th.</span> <span class='ocrx_word' id='word_1_602' title='bbox 1466 423 1496 450; x_wconf 86' lang='lat' dir='ltr'>ll.</span> <span class='ocrx_word' id='word_1_603' title='bbox 1518 423 1551 451; x_wconf 85' lang='lat' dir='ltr'>de</span> <span class='ocrx_word' id='word_1_604' title='bbox 1570 424 1688 452; x_wconf 87' lang='lat' dir='ltr'>confirm.</span> <span class='ocrx_word' id='word_1_605' title='bbox 1706 424 1759 451; x_wconf 90' lang='lat' dir='ltr'>LL.</span> <span class='ocrx_word' id='word_1_606' title='bbox 1780 436 1839 452; x_wconf 87' lang='lat' dir='ltr'><strong>nov.</strong></span> <span class='ocrx_word' id='word_1_607' title='bbox 1858 426 1878 452; x_wconf 92' lang='lat' dir='ltr'>I.</span> <span class='ocrx_word' id='word_1_608' title='bbox 1892 428 1915 452; x_wconf 96' lang='lat'>1.</span> 
     </span>
     <span class='ocr_line' id='line_1_69' title="bbox 1078 465 1917 504; baseline 0.005 -13"><span class='ocrx_word' id='word_1_609' title='bbox 1078 476 1099 492; x_wconf 91' lang='lat' dir='ltr'>c.</span> <span class='ocrx_word' id='word_1_610' title='bbox 1121 467 1143 492; x_wconf 88' lang='lat' dir='ltr'>l.</span> <span class='ocrx_word' id='word_1_611' title='bbox 1163 466 1184 500; x_wconf 87' lang='lat'>3.</span> <span class='ocrx_word' id='word_1_612' title='bbox 1204 467 1228 492; x_wconf 87' lang='grc'>3.</span> <span class='ocrx_word' id='word_1_613' title='bbox 1265 465 1344 501; x_wconf 85' lang='lat' dir='ltr'>Legis</span> <span class='ocrx_word' id='word_1_614' title='bbox 1370 465 1457 492; x_wconf 84' lang='lat' dir='ltr'>Iuniae</span> <span class='ocrx_word' id='word_1_615' title='bbox 1481 466 1561 499; x_wconf 82' lang='lat' dir='ltr'>lator,</span> <span class='ocrx_word' id='word_1_616' title='bbox 1588 477 1646 494; x_wconf 90' lang='lat' dir='ltr'>cum</span> <span class='ocrx_word' id='word_1_617' title='bbox 1668 467 1828 504; x_wconf 74' lang='lat' dir='ltr'>intelligeret</span> <span class='ocrx_word' id='word_1_618' title='bbox 1850 468 1917 496; x_wconf 87' lang='lat' dir='ltr'>futu-</span> 
     </span>
     <span class='ocr_line' id='line_1_70' title="bbox 1077 509 1916 543; baseline 0.005 -9"><span class='ocrx_word' id='word_1_619' title='bbox 1077 518 1143 540; x_wconf 79' lang='lat' dir='ltr'>rum.</span> <span class='ocrx_word' id='word_1_620' title='bbox 1163 525 1195 528; x_wconf 98' lang='lat'><strong>—</strong></span> <span class='ocrx_word' id='word_1_621' title='bbox 1214 509 1393 535; x_wconf 77' lang='lat' dir='ltr'>necessarium</span> <span class='ocrx_word' id='word_1_622' title='bbox 1412 510 1606 543; x_wconf 72' lang='lat' dir='ltr'>(existimavit).</span> <span class='ocrx_word' id='word_1_623' title='bbox 1626 526 1658 529; x_wconf 98' lang='lat'><strong>—</strong></span> <span class='ocrx_word' id='word_1_624' title='bbox 1678 520 1769 537; x_wconf 85' lang='lat' dir='ltr'>cavere</span> <span class='ocrx_word' id='word_1_625' title='bbox 1783 516 1831 538; x_wconf 87' lang='lat' dir='ltr'>etc.</span> <span class='ocrx_word' id='word_1_626' title='bbox 1860 511 1916 539; x_wconf 86' lang='lat' dir='ltr'>Gai.</span> 
     </span>
     <span class='ocr_line' id='line_1_71' title="bbox 1077 550 1918 588; baseline 0.005 -11"><span class='ocrx_word' id='word_1_627' title='bbox 1077 550 1120 577; x_wconf 92' lang='lat' dir='ltr'><strong>III.</strong></span> <span class='ocrx_word' id='word_1_628' title='bbox 1140 553 1181 577; x_wconf 90' lang='lat'>56.</span> <span class='ocrx_word' id='word_1_629' title='bbox 1220 552 1280 587; x_wconf 79' lang='lat' dir='ltr'>Qua</span> <span class='ocrx_word' id='word_1_630' title='bbox 1299 556 1325 578; x_wconf 88' lang='lat' dir='ltr'>et</span> <span class='ocrx_word' id='word_1_631' title='bbox 1343 552 1400 588; x_wconf 89' lang='lat' dir='ltr'>ipsa</span> <span class='ocrx_word' id='word_1_632' title='bbox 1419 557 1494 588; x_wconf 85' lang='lat' dir='ltr'>parte</span> <span class='ocrx_word' id='word_1_633' title='bbox 1513 552 1577 588; x_wconf 78' lang='lat' dir='ltr'>legis</span> <span class='ocrx_word' id='word_1_634' title='bbox 1602 553 1689 580; x_wconf 86' lang='lat' dir='ltr'>damni</span> <span class='ocrx_word' id='word_1_635' title='bbox 1712 554 1817 580; x_wconf 83' lang='lat' dir='ltr'>nomine</span> <span class='ocrx_word' id='word_1_636' title='bbox 1839 556 1918 581; x_wconf 85' lang='lat' dir='ltr'>actio-</span> 
     </span>
     <span class='ocr_line' id='line_1_72' title="bbox 1078 594 1919 628; baseline 0.005 -8"><span class='ocrx_word' id='word_1_637' title='bbox 1078 604 1137 620; x_wconf 88' lang='lat' dir='ltr'>nem</span> <span class='ocrx_word' id='word_1_638' title='bbox 1155 594 1288 621; x_wconf 79' lang='lat' dir='ltr'>introduci</span> <span class='ocrx_word' id='word_1_639' title='bbox 1306 594 1473 621; x_wconf 78' lang='lat' dir='ltr'>manifestum</span> <span class='ocrx_word' id='word_1_640' title='bbox 1492 600 1545 628; x_wconf 89' lang='lat' dir='ltr'>est,</span> <span class='ocrx_word' id='word_1_641' title='bbox 1571 596 1618 622; x_wconf 74' lang='lat' dir='ltr'>sed</span> <span class='ocrx_word' id='word_1_642' title='bbox 1643 596 1669 623; x_wconf 88' lang='lat' dir='ltr'>id</span> <span class='ocrx_word' id='word_1_643' title='bbox 1693 598 1779 623; x_wconf 83' lang='lat' dir='ltr'>caveri</span> <span class='ocrx_word' id='word_1_644' title='bbox 1798 607 1851 623; x_wconf 84' lang='lat' dir='ltr'>non</span> <span class='ocrx_word' id='word_1_645' title='bbox 1869 597 1919 624; x_wconf 74' lang='lat' dir='ltr'>fuit</span> 
     </span>
     <span class='ocr_line' id='line_1_73' title="bbox 1078 637 1918 676; baseline 0.006 -14"><span class='ocrx_word' id='word_1_646' title='bbox 1078 638 1264 663; x_wconf 82' lang='lat' dir='ltr'>necessarium.</span> <span class='ocrx_word' id='word_1_647' title='bbox 1296 637 1334 663; x_wconf 92' lang='lat' dir='ltr'>Ib.</span> <span class='ocrx_word' id='word_1_648' title='bbox 1357 637 1400 663; x_wconf 86' lang='lat' dir='ltr'><strong>III.</strong></span> <span class='ocrx_word' id='word_1_649' title='bbox 1425 639 1484 664; x_wconf 82' lang='grc'>216.</span> <span class='ocrx_word' id='word_1_650' title='bbox 1522 637 1595 664; x_wconf 65' lang='lat' dir='ltr'>Nihil</span> <span class='ocrx_word' id='word_1_651' title='bbox 1617 640 1645 665; x_wconf 88' lang='lat' dir='ltr'>in</span> <span class='ocrx_word' id='word_1_652' title='bbox 1668 639 1716 665; x_wconf 89' lang='lat' dir='ltr'>hac</span> <span class='ocrx_word' id='word_1_653' title='bbox 1739 644 1814 676; x_wconf 86' lang='lat' dir='ltr'>parte</span> <span class='ocrx_word' id='word_1_654' title='bbox 1839 640 1918 667; x_wconf 69' lang='lat' dir='ltr'>edicti</span> 
     </span>
     <span class='ocr_line' id='line_1_74' title="bbox 1079 679 1917 711; baseline 0.005 -5"><span class='ocrx_word' id='word_1_655' title='bbox 1079 681 1148 706; x_wconf 86' lang='lat' dir='ltr'>cavit</span> <span class='ocrx_word' id='word_1_656' title='bbox 1166 679 1282 711; x_wconf 81' lang='lat' dir='ltr'>Praetor.</span> <span class='ocrx_word' id='word_1_657' title='bbox 1302 685 1331 707; x_wconf 86' lang='lat' dir='ltr'>ut</span> <span class='ocrx_word' id='word_1_658' title='bbox 1349 684 1398 706; x_wconf 84' lang='lat' dir='ltr'>etc.</span> <span class='ocrx_word' id='word_1_659' title='bbox 1418 680 1448 707; x_wconf 88' lang='lat' dir='ltr'>fr.</span> <span class='ocrx_word' id='word_1_660' title='bbox 1467 683 1492 706; x_wconf 88' lang='grc'>2.</span> <span class='ocrx_word' id='word_1_661' title='bbox 1513 680 1545 707; x_wconf 84' lang='lat' dir='ltr'>de</span> <span class='ocrx_word' id='word_1_662' title='bbox 1565 682 1631 707; x_wconf 86' lang='lat' dir='ltr'>coni.</span> <span class='ocrx_word' id='word_1_663' title='bbox 1652 692 1673 707; x_wconf 88' lang='lat' dir='ltr'>c.</span> <span class='ocrx_word' id='word_1_664' title='bbox 1693 691 1791 709; x_wconf 77' lang='lat' dir='ltr'>emano.</span> <span class='ocrx_word' id='word_1_665' title='bbox 1810 683 1856 709; x_wconf 91' lang='lat' dir='ltr'>lib.</span> <span class='ocrx_word' id='word_1_666' title='bbox 1875 685 1917 710; x_wconf 82' lang='lat'>37.</span> 
     </span>
     <span class='ocr_line' id='line_1_75' title="bbox 1079 722 1917 760; baseline 0.006 -12"><span class='ocrx_word' id='word_1_667' title='bbox 1079 726 1102 748; x_wconf 70' lang='grc' dir='ltr'>ὅ.</span> <span class='ocrx_word' id='word_1_668' title='bbox 1139 722 1268 749; x_wconf 79' lang='lat' dir='ltr'>Mandatis</span> <span class='ocrx_word' id='word_1_669' title='bbox 1287 723 1442 760; x_wconf 76' lang='lat' dir='ltr'>plenissime</span> <span class='ocrx_word' id='word_1_670' title='bbox 1462 728 1565 750; x_wconf 84' lang='lat' dir='ltr'>cautum</span> <span class='ocrx_word' id='word_1_671' title='bbox 1585 728 1633 749; x_wconf 87' lang='lat' dir='ltr'>est.</span> <span class='ocrx_word' id='word_1_672' title='bbox 1662 723 1692 749; x_wconf 84' lang='lat' dir='ltr'>fr.</span> <span class='ocrx_word' id='word_1_673' title='bbox 1714 727 1753 751; x_wconf 92' lang='lat'>15.</span> <span class='ocrx_word' id='word_1_674' title='bbox 1774 725 1806 752; x_wconf 78' lang='lat' dir='ltr'>cf.</span> <span class='ocrx_word' id='word_1_675' title='bbox 1826 726 1856 752; x_wconf 84' lang='lat' dir='ltr'>fr.</span> <span class='ocrx_word' id='word_1_676' title='bbox 1875 728 1917 753; x_wconf 75' lang='lat'>27.</span> 
     </span>
     <span class='ocr_line' id='line_1_76' title="bbox 1079 765 1919 805; baseline 0.006 -14"><span class='ocrx_word' id='word_1_677' title='bbox 1079 766 1100 799; x_wconf 90' lang='lat'>3.</span> <span class='ocrx_word' id='word_1_678' title='bbox 1120 767 1144 791; x_wconf 88' lang='grc'>2.</span> <span class='ocrx_word' id='word_1_679' title='bbox 1165 765 1198 792; x_wconf 79' lang='lat' dir='ltr'>de</span> <span class='ocrx_word' id='word_1_680' title='bbox 1216 776 1293 803; x_wconf 85' lang='lat' dir='ltr'>poen.</span> <span class='ocrx_word' id='word_1_681' title='bbox 1313 768 1354 792; x_wconf 65' lang='lat'>45.</span> <span class='ocrx_word' id='word_1_682' title='bbox 1376 768 1415 793; x_wconf 89' lang='grc'>19.</span> <span class='ocrx_word' id='word_1_683' title='bbox 1444 766 1557 794; x_wconf 88' lang='lat' dir='ltr'>Cautum</span> <span class='ocrx_word' id='word_1_684' title='bbox 1576 766 1678 802; x_wconf 84' lang='lat' dir='ltr'>legibus</span> <span class='ocrx_word' id='word_1_685' title='bbox 1697 768 1857 805; x_wconf 88' lang='lat' dir='ltr'>supplicium</span> <span class='ocrx_word' id='word_1_686' title='bbox 1877 769 1919 796; x_wconf 84' lang='lat' dir='ltr'>de-</span> 
     </span>
     <span class='ocr_line' id='line_1_77' title="bbox 1079 808 1920 848; baseline 0.006 -14"><span class='ocrx_word' id='word_1_687' title='bbox 1079 808 1148 834; x_wconf 84' lang='lat' dir='ltr'>lator</span> <span class='ocrx_word' id='word_1_688' title='bbox 1173 810 1294 846; x_wconf 75' lang='lat' dir='ltr'>excipiat.</span> <span class='ocrx_word' id='word_1_689' title='bbox 1328 808 1377 835; x_wconf 78' lang='lat' dir='ltr'>Th.</span> <span class='ocrx_word' id='word_1_690' title='bbox 1397 808 1428 835; x_wconf 81' lang='lat' dir='ltr'>C.</span> <span class='ocrx_word' id='word_1_691' title='bbox 1452 810 1485 836; x_wconf 78' lang='lat' dir='ltr'>X.</span> <span class='ocrx_word' id='word_1_692' title='bbox 1512 812 1551 836; x_wconf 88' lang='grc'>10.</span> <span class='ocrx_word' id='word_1_693' title='bbox 1577 820 1598 836; x_wconf 90' lang='lat' dir='ltr'>c.</span> <span class='ocrx_word' id='word_1_694' title='bbox 1620 812 1659 836; x_wconf 93' lang='grc'>12.</span> <span class='ocrx_word' id='word_1_695' title='bbox 1679 820 1718 847; x_wconf 88' lang='lat' dir='ltr'>pr.</span> <span class='ocrx_word' id='word_1_696' title='bbox 1743 810 1775 837; x_wconf 83' lang='lat' dir='ltr'>de</span> <span class='ocrx_word' id='word_1_697' title='bbox 1798 813 1873 848; x_wconf 85' lang='lat' dir='ltr'>petit.</span> <span class='ocrx_word' id='word_1_698' title='bbox 1894 818 1920 839; x_wconf 85' lang='lat' dir='ltr'>et</span> 
     </span>
     <span class='ocr_line' id='line_1_78' title="bbox 1080 851 1918 892; baseline 0.006 -15"><span class='ocrx_word' id='word_1_699' title='bbox 1080 851 1150 878; x_wconf 88' lang='lat' dir='ltr'>ultro</span> <span class='ocrx_word' id='word_1_700' title='bbox 1170 851 1221 878; x_wconf 78' lang='lat' dir='ltr'>dat.</span> <span class='ocrx_word' id='word_1_701' title='bbox 1258 852 1340 888; x_wconf 83' lang='lat' dir='ltr'>quue</span> <span class='ocrx_word' id='word_1_702' title='bbox 1360 857 1387 878; x_wconf 81' lang='lat' dir='ltr'>ut</span> <span class='ocrx_word' id='word_1_703' title='bbox 1406 853 1441 878; x_wconf 88' lang='lat' dir='ltr'>ita</span> <span class='ocrx_word' id='word_1_704' title='bbox 1460 852 1519 884; x_wconf 85' lang='lat' dir='ltr'>fiat.</span> <span class='ocrx_word' id='word_1_705' title='bbox 1544 868 1576 872; x_wconf 65' lang='grc'>»-</span> <span class='ocrx_word' id='word_1_706' title='bbox 1601 852 1689 879; x_wconf 80' lang='lat' dir='ltr'><strong>S.Cto</strong></span> <span class='ocrx_word' id='word_1_707' title='bbox 1710 858 1820 881; x_wconf 83' lang='lat' dir='ltr'>cautum.</span> <span class='ocrx_word' id='word_1_708' title='bbox 1857 854 1918 892; x_wconf 85' lang='lat' dir='ltr'>le.</span> 
     </span>
     <span class='ocr_line' id='line_1_79' title="bbox 1079 893 1920 925; baseline 0.006 -5"><span class='ocrx_word' id='word_1_709' title='bbox 1079 893 1165 921; x_wconf 77' lang='lat' dir='ltr'><strong>XXV.</strong></span> <span class='ocrx_word' id='word_1_710' title='bbox 1186 895 1226 920; x_wconf 91' lang='lat'>16.</span> <span class='ocrx_word' id='word_1_711' title='bbox 1253 894 1284 920; x_wconf 68' lang='lat' dir='ltr'>ci&#39;.</span> <span class='ocrx_word' id='word_1_712' title='bbox 1305 895 1362 921; x_wconf 79' lang='lat' dir='ltr'>Gai.</span> <span class='ocrx_word' id='word_1_713' title='bbox 1382 894 1399 921; x_wconf 93' lang='lat' dir='ltr'>I.</span> <span class='ocrx_word' id='word_1_714' title='bbox 1420 896 1461 921; x_wconf 72' lang='lat'>68.</span> <span class='ocrx_word' id='word_1_715' title='bbox 1503 894 1577 921; x_wconf 84' lang='lat' dir='ltr'>Illam</span> <span class='ocrx_word' id='word_1_716' title='bbox 1595 895 1811 923; x_wconf 83' lang='lat' dir='ltr'>substitutionem</span> <span class='ocrx_word' id='word_1_717' title='bbox 1830 914 1862 917; x_wconf 97' lang='lat'><strong>—</strong></span> <span class='ocrx_word' id='word_1_718' title='bbox 1881 908 1920 925; x_wconf 83' lang='lat' dir='ltr'>se-</span> 
     </span>
     <span class='ocr_line' id='line_1_80' title="bbox 1079 937 1921 977; baseline 0.005 -14"><span class='ocrx_word' id='word_1_719' title='bbox 1079 938 1190 975; x_wconf 86' lang='lat' dir='ltr'>paratim</span> <span class='ocrx_word' id='word_1_720' title='bbox 1209 938 1235 963; x_wconf 91' lang='lat' dir='ltr'>in</span> <span class='ocrx_word' id='word_1_721' title='bbox 1250 937 1418 964; x_wconf 83' lang='lat' dir='ltr'>inferioribus</span> <span class='ocrx_word' id='word_1_722' title='bbox 1433 937 1529 964; x_wconf 86' lang='lat' dir='ltr'>tabulis</span> <span class='ocrx_word' id='word_1_723' title='bbox 1543 938 1693 971; x_wconf 87' lang='lat' dir='ltr'>scribimus.</span> <span class='ocrx_word' id='word_1_724' title='bbox 1713 955 1746 958; x_wconf 89' lang='lat'>—</span> <span class='ocrx_word' id='word_1_725' title='bbox 1766 944 1791 965; x_wconf 83' lang='lat' dir='ltr'>et</span> <span class='ocrx_word' id='word_1_726' title='bbox 1810 941 1837 966; x_wconf 92' lang='lat' dir='ltr'>in</span> <span class='ocrx_word' id='word_1_727' title='bbox 1852 942 1921 977; x_wconf 86' lang='lat' dir='ltr'>prio-</span> 
     </span>
     <span class='ocr_line' id='line_1_81' title="bbox 1080 979 1921 1011; baseline 0.005 -5"><span class='ocrx_word' id='word_1_728' title='bbox 1080 980 1154 1007; x_wconf 84' lang='lat' dir='ltr'>ribus</span> <span class='ocrx_word' id='word_1_729' title='bbox 1174 979 1271 1006; x_wconf 82' lang='lat' dir='ltr'>tabulis</span> <span class='ocrx_word' id='word_1_730' title='bbox 1291 990 1426 1011; x_wconf 71' lang='lat' dir='ltr'>cavemuS.</span> <span class='ocrx_word' id='word_1_731' title='bbox 1451 991 1483 1006; x_wconf 83' lang='lat' dir='ltr'>ne</span> <span class='ocrx_word' id='word_1_732' title='bbox 1507 985 1555 1007; x_wconf 84' lang='lat' dir='ltr'>etc.</span> <span class='ocrx_word' id='word_1_733' title='bbox 1583 980 1620 1007; x_wconf 89' lang='lat' dir='ltr'>lb.</span> <span class='ocrx_word' id='word_1_734' title='bbox 1640 981 1671 1007; x_wconf 89' lang='grc' dir='ltr'>Π.</span> <span class='ocrx_word' id='word_1_735' title='bbox 1692 982 1749 1008; x_wconf 77' lang='grc'>181.</span> <span class='ocrx_word' id='word_1_736' title='bbox 1792 982 1921 1010; x_wconf 82' lang='lat' dir='ltr'>Heredem</span> 
     </span>
     <span class='ocr_line' id='line_1_82' title="bbox 1080 1022 1920 1060; baseline 0.004 -11"><span class='ocrx_word' id='word_1_737' title='bbox 1080 1024 1197 1060; x_wconf 72' lang='lat' dir='ltr'>scripsit,</span> <span class='ocrx_word' id='word_1_738' title='bbox 1215 1033 1239 1049; x_wconf 80' lang='lat' dir='ltr'>v.</span> <span class='ocrx_word' id='word_1_739' title='bbox 1259 1022 1376 1059; x_wconf 75' lang='lat' dir='ltr'>Legavit.</span> <span class='ocrx_word' id='word_1_740' title='bbox 1397 1028 1421 1049; x_wconf 82' lang='lat' dir='ltr'>et</span> <span class='ocrx_word' id='word_1_741' title='bbox 1441 1024 1474 1049; x_wconf 84' lang='lat' dir='ltr'>ita</span> <span class='ocrx_word' id='word_1_742' title='bbox 1495 1025 1571 1050; x_wconf 87' lang='lat' dir='ltr'>cavit..</span> <span class='ocrx_word' id='word_1_743' title='bbox 1591 1023 1620 1050; x_wconf 82' lang='lat' dir='ltr'>fr.</span> <span class='ocrx_word' id='word_1_744' title='bbox 1642 1026 1682 1050; x_wconf 76' lang='lat'>12.</span> <span class='ocrx_word' id='word_1_745' title='bbox 1703 1024 1733 1051; x_wconf 83' lang='lat' dir='ltr'>fr.</span> <span class='ocrx_word' id='word_1_746' title='bbox 1748 1026 1788 1051; x_wconf 86' lang='grc'>13.</span> <span class='ocrx_word' id='word_1_747' title='bbox 1808 1026 1830 1060; x_wconf 90' lang='lat'>3.</span> <span class='ocrx_word' id='word_1_748' title='bbox 1846 1027 1867 1052; x_wconf 97' lang='lat' dir='ltr'>l.</span> <span class='ocrx_word' id='word_1_749' title='bbox 1889 1026 1920 1052; x_wconf 90' lang='lat' dir='ltr'>dc</span> 
     </span>
     <span class='ocr_line' id='line_1_83' title="bbox 1081 1065 1920 1103; baseline 0.004 -11"><span class='ocrx_word' id='word_1_750' title='bbox 1081 1076 1139 1092; x_wconf 89' lang='lat' dir='ltr'>ann.</span> <span class='ocrx_word' id='word_1_751' title='bbox 1160 1066 1236 1102; x_wconf 84' lang='lat' dir='ltr'>legat.</span> <span class='ocrx_word' id='word_1_752' title='bbox 1260 1067 1302 1093; x_wconf 85' lang='lat'>33.</span> <span class='ocrx_word' id='word_1_753' title='bbox 1328 1068 1350 1092; x_wconf 96' lang='lat'>1.</span> <span class='ocrx_word' id='word_1_754' title='bbox 1379 1066 1409 1092; x_wconf 82' lang='lat' dir='ltr'>fr.</span> <span class='ocrx_word' id='word_1_755' title='bbox 1435 1067 1473 1092; x_wconf 78' lang='lat'>14.</span> <span class='ocrx_word' id='word_1_756' title='bbox 1499 1065 1531 1092; x_wconf 82' lang='lat' dir='ltr'>de</span> <span class='ocrx_word' id='word_1_757' title='bbox 1552 1066 1613 1092; x_wconf 86' lang='lat' dir='ltr'>dote</span> <span class='ocrx_word' id='word_1_758' title='bbox 1632 1066 1744 1103; x_wconf 78' lang='lat' dir='ltr'>praelcg.</span> <span class='ocrx_word' id='word_1_759' title='bbox 1767 1069 1809 1094; x_wconf 81' lang='lat'>33.</span> <span class='ocrx_word' id='word_1_760' title='bbox 1832 1070 1855 1095; x_wconf 85' lang='lat'>4.</span> <span class='ocrx_word' id='word_1_761' title='bbox 1888 1085 1920 1089; x_wconf 90' lang='lat'>—-</span> 
     </span>
     <span class='ocr_line' id='line_1_84' title="bbox 1081 1110 1920 1146; baseline 0.002 -10"><span class='ocrx_word' id='word_1_762' title='bbox 1081 1110 1112 1143; x_wconf 76' lang='lat'>§0</span> <span class='ocrx_word' id='word_1_763' title='bbox 1133 1111 1172 1136; x_wconf 68' lang='lat' dir='ltr'>-l-</span> <span class='ocrx_word' id='word_1_764' title='bbox 1206 1111 1402 1136; x_wconf 68' lang='lat' dir='ltr'>Contionem</span> <span class='ocrx_word' id='word_1_765' title='bbox 1423 1115 1597 1143; x_wconf 75' lang='lat' dir='ltr'>praestare</span> <span class='ocrx_word' id='word_1_766' title='bbox 1620 1112 1734 1143; x_wconf 82' lang='lat' dir='ltr'>alteri,</span> <span class='ocrx_word' id='word_1_767' title='bbox 1763 1113 1920 1146; x_wconf 79' lang='lat' dir='ltr'>inprimis</span> 
     </span>
     <span class='ocr_line' id='line_1_85' title="bbox 1077 1154 1920 1188; baseline 0.004 -10"><span class='ocrx_word' id='word_1_768' title='bbox 1077 1154 1342 1187; x_wconf 75' lang='lat' dir='ltr'>promissoriam.</span> <span class='ocrx_word' id='word_1_769' title='bbox 1391 1154 1543 1178; x_wconf 72' lang='lat' dir='ltr'>Ser-urum</span> <span class='ocrx_word' id='word_1_770' title='bbox 1574 1162 1639 1178; x_wconf 77' lang='lat' dir='ltr'>eum</span> <span class='ocrx_word' id='word_1_771' title='bbox 1667 1154 1787 1188; x_wconf 82' lang='lat' dir='ltr'>facere</span> <span class='ocrx_word' id='word_1_772' title='bbox 1819 1157 1920 1184; x_wconf 78' lang='lat' dir='ltr'>(nuda</span> 
     </span>
     <span class='ocr_line' id='line_1_86' title="bbox 1078 1194 1919 1230; baseline 0.005 -10"><span class='ocrx_word' id='word_1_773' title='bbox 1078 1197 1328 1230; x_wconf 73' lang='lat' dir='ltr'>promissione).</span> <span class='ocrx_word' id='word_1_774' title='bbox 1366 1194 1383 1221; x_wconf 93' lang='grc'>1.</span> <span class='ocrx_word' id='word_1_775' title='bbox 1403 1196 1465 1229; x_wconf 73' lang='lat' dir='ltr'>Sy.</span> <span class='ocrx_word' id='word_1_776' title='bbox 1494 1194 1650 1221; x_wconf 78' lang='lat' dir='ltr'>Promittere</span> <span class='ocrx_word' id='word_1_777' title='bbox 1670 1198 1808 1229; x_wconf 77' lang='lat' dir='ltr'>(cautum).</span> <span class='ocrx_word' id='word_1_778' title='bbox 1828 1197 1858 1224; x_wconf 88' lang='lat' dir='ltr'>fr.</span> <span class='ocrx_word' id='word_1_779' title='bbox 1880 1199 1919 1224; x_wconf 77' lang='lat'>17.</span> 
     </span>
     <span class='ocr_line' id='line_1_87' title="bbox 1081 1237 1919 1272; baseline 0.002 -8"><span class='ocrx_word' id='word_1_780' title='bbox 1081 1238 1114 1265; x_wconf 82' lang='lat' dir='ltr'>de</span> <span class='ocrx_word' id='word_1_781' title='bbox 1134 1239 1160 1264; x_wconf 86' lang='lat' dir='ltr'>in</span> <span class='ocrx_word' id='word_1_782' title='bbox 1179 1239 1220 1264; x_wconf 89' lang='lat' dir='ltr'>ius</span> <span class='ocrx_word' id='word_1_783' title='bbox 1239 1248 1296 1264; x_wconf 77' lang='lat' dir='ltr'><strong>voc.</strong></span> <span class='ocrx_word' id='word_1_784' title='bbox 1321 1240 1345 1264; x_wconf 89' lang='grc'>2.</span> <span class='ocrx_word' id='word_1_785' title='bbox 1365 1239 1389 1264; x_wconf 73' lang='grc'>4.</span> <span class='ocrx_word' id='word_1_786' title='bbox 1423 1238 1454 1264; x_wconf 80' lang='lat' dir='ltr'>fr.</span> <span class='ocrx_word' id='word_1_787' title='bbox 1474 1239 1498 1263; x_wconf 83' lang='lat'>4.</span> <span class='ocrx_word' id='word_1_788' title='bbox 1524 1237 1555 1263; x_wconf 86' lang='lat' dir='ltr'>sr.</span> <span class='ocrx_word' id='word_1_789' title='bbox 1575 1239 1599 1263; x_wconf 83' lang='lat'>6.</span> <span class='ocrx_word' id='word_1_790' title='bbox 1623 1238 1653 1264; x_wconf 74' lang='lat' dir='ltr'>fr.</span> <span class='ocrx_word' id='word_1_791' title='bbox 1675 1240 1715 1265; x_wconf 87' lang='lat'>13.</span> <span class='ocrx_word' id='word_1_792' title='bbox 1739 1239 1805 1272; x_wconf 85' lang='lat'><strong>3.1.</strong></span> <span class='ocrx_word' id='word_1_793' title='bbox 1829 1240 1859 1266; x_wconf 84' lang='lat' dir='ltr'>sr.</span> <span class='ocrx_word' id='word_1_794' title='bbox 1880 1242 1919 1266; x_wconf 72' lang='grc'>14.</span> 
     </span>
    </p>
   </div>
   <div class='ocr_carea' id='block_1_11' title="bbox 1057 1280 1921 1317">
    <p class='ocr_par' dir='ltr' id='par_1_15' title="bbox 1057 1280 1921 1317">
     <span class='ocr_line' id='line_1_88' title="bbox 1057 1280 1921 1317; baseline 0.002 -9"><span class='ocrx_word' id='word_1_795' title='bbox 1057 1302 1059 1312; x_wconf 66' lang='lat'>.</span> <span class='ocrx_word' id='word_1_796' title='bbox 1080 1286 1127 1308; x_wconf 85' lang='lat' dir='ltr'>rat.</span> <span class='ocrx_word' id='word_1_797' title='bbox 1148 1291 1202 1308; x_wconf 85' lang='lat' dir='ltr'>rem</span> <span class='ocrx_word' id='word_1_798' title='bbox 1221 1280 1281 1307; x_wconf 87' lang='lat' dir='ltr'><strong>hab.</strong></span> <span class='ocrx_word' id='word_1_799' title='bbox 1301 1281 1342 1306; x_wconf 92' lang='lat'>46.</span> <span class='ocrx_word' id='word_1_800' title='bbox 1362 1281 1385 1307; x_wconf 78' lang='lat'>8.</span> <span class='ocrx_word' id='word_1_801' title='bbox 1423 1280 1614 1317; x_wconf 76' lang='lat' dir='ltr'>Stipulatioue‚</span> <span class='ocrx_word' id='word_1_802' title='bbox 1634 1291 1658 1307; x_wconf 91' lang='lat' dir='ltr'>v.</span> <span class='ocrx_word' id='word_1_803' title='bbox 1676 1280 1863 1314; x_wconf 79' lang='lat' dir='ltr'>Satisdatione.</span> <span class='ocrx_word' id='word_1_804' title='bbox 1883 1294 1921 1310; x_wconf 48' lang='lat' dir='ltr'>ca*</span> 
     </span>
    </p>
   </div>
   <div class='ocr_carea' id='block_1_12' title="bbox 1080 1323 1922 1533">
    <p class='ocr_par' dir='ltr' id='par_1_16' title="bbox 1080 1323 1922 1533">
     <span class='ocr_line' id='line_1_89' title="bbox 1080 1323 1920 1363; baseline 0.001 -12"><span class='ocrx_word' id='word_1_805' title='bbox 1080 1335 1150 1351; x_wconf 72' lang='lat' dir='ltr'>vere.</span> <span class='ocrx_word' id='word_1_806' title='bbox 1188 1324 1291 1351; x_wconf 76' lang='lat' dir='ltr'>Cavere</span> <span class='ocrx_word' id='word_1_807' title='bbox 1314 1324 1375 1360; x_wconf 87' lang='lat' dir='ltr'>(per</span> <span class='ocrx_word' id='word_1_808' title='bbox 1393 1334 1414 1350; x_wconf 91' lang='lat' dir='ltr'>s.</span> <span class='ocrx_word' id='word_1_809' title='bbox 1434 1324 1515 1360; x_wconf 66' lang='lat' dir='ltr'><strong>pos).</strong></span> <span class='ocrx_word' id='word_1_810' title='bbox 1542 1323 1574 1350; x_wconf 84' lang='lat' dir='ltr'>fr.</span> <span class='ocrx_word' id='word_1_811' title='bbox 1595 1325 1635 1349; x_wconf 65' lang='lat'>18.</span> <span class='ocrx_word' id='word_1_812' title='bbox 1655 1333 1714 1360; x_wconf 85' lang='lat' dir='ltr'><strong>sqq.</strong></span> <span class='ocrx_word' id='word_1_813' title='bbox 1739 1324 1772 1351; x_wconf 87' lang='lat' dir='ltr'>de</span> <span class='ocrx_word' id='word_1_814' title='bbox 1790 1325 1878 1363; x_wconf 83' lang='lat' dir='ltr'><strong>adopt.</strong></span> <span class='ocrx_word' id='word_1_815' title='bbox 1899 1328 1920 1352; x_wconf 77' lang='lat' dir='ltr'>l.</span> 
     </span>
     <span class='ocr_line' id='line_1_90' title="bbox 1082 1367 1920 1403; baseline 0 -9"><span class='ocrx_word' id='word_1_816' title='bbox 1082 1369 1104 1394; x_wconf 84' lang='lat'>7.</span> <span class='ocrx_word' id='word_1_817' title='bbox 1125 1367 1155 1394; x_wconf 77' lang='lat' dir='ltr'>fr.</span> <span class='ocrx_word' id='word_1_818' title='bbox 1175 1369 1217 1394; x_wconf 79' lang='lat'>35.</span> <span class='ocrx_word' id='word_1_819' title='bbox 1237 1368 1259 1400; x_wconf 82' lang='lat'>3.</span> <span class='ocrx_word' id='word_1_820' title='bbox 1279 1369 1303 1393; x_wconf 78' lang='grc'>2.</span> <span class='ocrx_word' id='word_1_821' title='bbox 1324 1367 1353 1393; x_wconf 81' lang='grc' dir='ltr'>1“ι“.</span> <span class='ocrx_word' id='word_1_822' title='bbox 1373 1369 1414 1393; x_wconf 86' lang='grc'>39.</span> <span class='ocrx_word' id='word_1_823' title='bbox 1435 1367 1472 1400; x_wconf 87' lang='lat'>33.</span> <span class='ocrx_word' id='word_1_824' title='bbox 1492 1369 1516 1392; x_wconf 77' lang='grc'>2.</span> <span class='ocrx_word' id='word_1_825' title='bbox 1536 1376 1594 1403; x_wconf 81' lang='lat' dir='ltr'><strong>sqq.</strong></span> <span class='ocrx_word' id='word_1_826' title='bbox 1620 1367 1651 1392; x_wconf 81' lang='lat' dir='ltr'>fr.</span> <span class='ocrx_word' id='word_1_827' title='bbox 1670 1368 1711 1393; x_wconf 70' lang='lat'>43.</span> <span class='ocrx_word' id='word_1_828' title='bbox 1736 1367 1773 1401; x_wconf 78' lang='lat'>33.</span> <span class='ocrx_word' id='word_1_829' title='bbox 1793 1370 1817 1395; x_wconf 97' lang='grc'>3</span> <span class='ocrx_word' id='word_1_830' title='bbox 1837 1370 1861 1394; x_wconf 88' lang='lat'>6.</span> <span class='ocrx_word' id='word_1_831' title='bbox 1891 1368 1920 1395; x_wconf 76' lang='lat' dir='ltr'>fr.</span> 
     </span>
     <span class='ocr_line' id='line_1_91' title="bbox 1081 1409 1920 1447; baseline 0.001 -11"><span class='ocrx_word' id='word_1_832' title='bbox 1081 1413 1122 1437; x_wconf 83' lang='lat'>45.</span> <span class='ocrx_word' id='word_1_833' title='bbox 1142 1411 1164 1444; x_wconf 88' lang='lat'>3.</span> <span class='ocrx_word' id='word_1_834' title='bbox 1184 1412 1208 1436; x_wconf 85' lang='grc'>2.</span> <span class='ocrx_word' id='word_1_835' title='bbox 1229 1411 1259 1436; x_wconf 83' lang='grc' dir='ltr'>1”ι“.</span> <span class='ocrx_word' id='word_1_836' title='bbox 1279 1412 1321 1437; x_wconf 88' lang='grc'>46.</span> <span class='ocrx_word' id='word_1_837' title='bbox 1341 1420 1380 1447; x_wconf 90' lang='lat' dir='ltr'>pr.</span> <span class='ocrx_word' id='word_1_838' title='bbox 1400 1410 1422 1444; x_wconf 88' lang='lat'>3.</span> <span class='ocrx_word' id='word_1_839' title='bbox 1442 1413 1466 1437; x_wconf 74' lang='lat'>2.</span> <span class='ocrx_word' id='word_1_840' title='bbox 1487 1409 1520 1436; x_wconf 83' lang='lat' dir='ltr'>de</span> <span class='ocrx_word' id='word_1_841' title='bbox 1538 1420 1644 1447; x_wconf 85' lang='lat' dir='ltr'>procur.</span> <span class='ocrx_word' id='word_1_842' title='bbox 1663 1411 1687 1436; x_wconf 89' lang='grc'>3.</span> <span class='ocrx_word' id='word_1_843' title='bbox 1707 1410 1781 1437; x_wconf 83' lang='lat' dir='ltr'><strong>3.l&#39;1·.</strong></span> <span class='ocrx_word' id='word_1_844' title='bbox 1801 1413 1825 1437; x_wconf 82' lang='lat'>2.</span> <span class='ocrx_word' id='word_1_845' title='bbox 1846 1412 1920 1445; x_wconf 74' lang='lat'>331.</span> 
     </span>
     <span class='ocr_line' id='line_1_92' title="bbox 1081 1452 1922 1489; baseline 0.001 -10"><span class='ocrx_word' id='word_1_846' title='bbox 1081 1456 1104 1480; x_wconf 88' lang='lat'>4.</span> <span class='ocrx_word' id='word_1_847' title='bbox 1143 1453 1223 1489; x_wconf 77' lang='lat' dir='ltr'>Quod</span> <span class='ocrx_word' id='word_1_848' title='bbox 1242 1453 1349 1489; x_wconf 78' lang='lat' dir='ltr'>legator.</span> <span class='ocrx_word' id='word_1_849' title='bbox 1372 1455 1413 1479; x_wconf 82' lang='grc'>43.</span> <span class='ocrx_word' id='word_1_850' title='bbox 1432 1454 1456 1479; x_wconf 87' lang='grc'>3.</span> <span class='ocrx_word' id='word_1_851' title='bbox 1494 1452 1665 1484; x_wconf 83' lang='lat' dir='ltr'>Fideiubere,</span> <span class='ocrx_word' id='word_1_852' title='bbox 1685 1462 1706 1479; x_wconf 85' lang='lat' dir='ltr'>S.</span> <span class='ocrx_word' id='word_1_853' title='bbox 1727 1452 1922 1480; x_wconf 83' lang='lat' dir='ltr'>Fideiussorem</span> 
     </span>
     <span class='ocr_line' id='line_1_93' title="bbox 1082 1495 1920 1533; baseline 0 -10"><span class='ocrx_word' id='word_1_854' title='bbox 1082 1498 1223 1528; x_wconf 77' lang='lat' dir='ltr'>exsistere,</span> <span class='ocrx_word' id='word_1_855' title='bbox 1243 1506 1291 1533; x_wconf 85' lang='lat' dir='ltr'>pro</span> <span class='ocrx_word' id='word_1_856' title='bbox 1312 1496 1408 1533; x_wconf 65' lang='lat' dir='ltr'>aliquo</span> <span class='ocrx_word' id='word_1_857' title='bbox 1428 1496 1496 1522; x_wconf 78' lang='grc' dir='ltr'>1“ι·.8.</span> <span class='ocrx_word' id='word_1_858' title='bbox 1518 1496 1555 1529; x_wconf 85' lang='lat'>33.</span> <span class='ocrx_word' id='word_1_859' title='bbox 1575 1498 1599 1522; x_wconf 86' lang='grc'>2.</span> <span class='ocrx_word' id='word_1_860' title='bbox 1620 1506 1659 1532; x_wconf 88' lang='lat' dir='ltr'>sq.</span> <span class='ocrx_word' id='word_1_861' title='bbox 1681 1495 1732 1531; x_wconf 81' lang='lat' dir='ltr'>Qu.</span> <span class='ocrx_word' id='word_1_862' title='bbox 1752 1496 1844 1523; x_wconf 85' lang='lat' dir='ltr'>satisd.</span> <span class='ocrx_word' id='word_1_863' title='bbox 1866 1507 1920 1532; x_wconf 80' lang='lat' dir='ltr'><strong>cog.</strong></span> 
     </span>
    </p>
   </div>
   <div class='ocr_carea' id='block_1_13' title="bbox 1059 1538 1922 1618">
    <p class='ocr_par' dir='ltr' id='par_1_17' title="bbox 1059 1538 1922 1618">
     <span class='ocr_line' id='line_1_94' title="bbox 1059 1538 1922 1576; baseline 0 -11"><span class='ocrx_word' id='word_1_864' title='bbox 1059 1553 1060 1576; x_wconf 35' lang='grc' dir='ltr'>ᾗ</span> <span class='ocrx_word' id='word_1_865' title='bbox 1081 1542 1105 1566; x_wconf 75' lang='grc'>2.</span> <span class='ocrx_word' id='word_1_866' title='bbox 1125 1543 1149 1566; x_wconf 71' lang='grc' dir='ltr'>ὅ.</span> <span class='ocrx_word' id='word_1_867' title='bbox 1174 1540 1204 1565; x_wconf 88' lang='lat' dir='ltr'>fr.</span> <span class='ocrx_word' id='word_1_868' title='bbox 1224 1541 1266 1565; x_wconf 50' lang='lat'><strong>31⁸5.</strong></span> <span class='ocrx_word' id='word_1_869' title='bbox 1286 1539 1308 1573; x_wconf 85' lang='lat'>3.</span> <span class='ocrx_word' id='word_1_870' title='bbox 1328 1542 1352 1566; x_wconf 85' lang='lat'>4.</span> <span class='ocrx_word' id='word_1_871' title='bbox 1379 1539 1410 1565; x_wconf 85' lang='lat' dir='ltr'>ad</span> <span class='ocrx_word' id='word_1_872' title='bbox 1429 1540 1553 1575; x_wconf 84' lang='lat' dir='ltr'>municip.</span> <span class='ocrx_word' id='word_1_873' title='bbox 1573 1540 1614 1564; x_wconf 85' lang='lat'>50.</span> <span class='ocrx_word' id='word_1_874' title='bbox 1636 1540 1658 1564; x_wconf 94' lang='grc'>1.</span> <span class='ocrx_word' id='word_1_875' title='bbox 1694 1538 1725 1564; x_wconf 86' lang='grc' dir='ltr'>Π.</span> <span class='ocrx_word' id='word_1_876' title='bbox 1744 1540 1811 1573; x_wconf 76' lang='lat'><strong>01).</strong></span> <span class='ocrx_word' id='word_1_877' title='bbox 1840 1539 1922 1565; x_wconf 86' lang='lat' dir='ltr'>Satis-</span> 
     </span>
     <span class='ocr_line' id='line_1_95' title="bbox 1059 1580 1920 1618; baseline 0 -9"><span class='ocrx_word' id='word_1_878' title='bbox 1059 1605 1060 1612; x_wconf 67' lang='grc'>,</span> <span class='ocrx_word' id='word_1_879' title='bbox 1082 1583 1151 1610; x_wconf 77' lang='lat' dir='ltr'>dare.</span> <span class='ocrx_word' id='word_1_880' title='bbox 1171 1582 1202 1608; x_wconf 85' lang='lat' dir='ltr'><strong>l&#39;r.</strong></span> <span class='ocrx_word' id='word_1_881' title='bbox 1222 1584 1246 1608; x_wconf 88' lang='lat'>6.</span> <span class='ocrx_word' id='word_1_882' title='bbox 1267 1592 1325 1618; x_wconf 89' lang='lat' dir='ltr'><strong>sqq.</strong></span> <span class='ocrx_word' id='word_1_883' title='bbox 1347 1582 1398 1617; x_wconf 80' lang='lat' dir='ltr'>Qu.</span> <span class='ocrx_word' id='word_1_884' title='bbox 1418 1581 1509 1608; x_wconf 86' lang='lat' dir='ltr'>satisd.</span> <span class='ocrx_word' id='word_1_885' title='bbox 1525 1591 1578 1618; x_wconf 85' lang='lat' dir='ltr'><strong>cog.</strong></span> <span class='ocrx_word' id='word_1_886' title='bbox 1599 1583 1624 1607; x_wconf 88' lang='grc'>2.</span> <span class='ocrx_word' id='word_1_887' title='bbox 1643 1584 1667 1607; x_wconf 75' lang='grc' dir='ltr'>ὅ.</span> <span class='ocrx_word' id='word_1_888' title='bbox 1687 1580 1717 1607; x_wconf 78' lang='lat' dir='ltr'>fr.</span> <span class='ocrx_word' id='word_1_889' title='bbox 1732 1583 1772 1608; x_wconf 87' lang='lat'>57.</span> <span class='ocrx_word' id='word_1_890' title='bbox 1793 1582 1825 1609; x_wconf 77' lang='lat' dir='ltr'>de</span> <span class='ocrx_word' id='word_1_891' title='bbox 1843 1582 1874 1609; x_wconf 87' lang='lat' dir='ltr'>R.</span> <span class='ocrx_word' id='word_1_892' title='bbox 1889 1582 1920 1609; x_wconf 71' lang='lat' dir='ltr'>V.</span> 
     </span>
    </p>
   </div>
   <div class='ocr_carea' id='block_1_14' title="bbox 1082 1624 1923 1964">
    <p class='ocr_par' dir='ltr' id='par_1_18' title="bbox 1082 1624 1923 1964">
     <span class='ocr_line' id='line_1_96' title="bbox 1082 1624 1922 1662; baseline 0 -10"><span class='ocrx_word' id='word_1_893' title='bbox 1082 1627 1106 1652; x_wconf 89' lang='lat'>6.</span> <span class='ocrx_word' id='word_1_894' title='bbox 1123 1628 1145 1652; x_wconf 88' lang='lat' dir='ltr'>l.</span> <span class='ocrx_word' id='word_1_895' title='bbox 1165 1626 1196 1652; x_wconf 82' lang='lat' dir='ltr'>fr.</span> <span class='ocrx_word' id='word_1_896' title='bbox 1212 1627 1233 1652; x_wconf 96' lang='lat' dir='ltr'>l.</span> <span class='ocrx_word' id='word_1_897' title='bbox 1248 1636 1286 1662; x_wconf 85' lang='lat' dir='ltr'>pr.</span> <span class='ocrx_word' id='word_1_898' title='bbox 1302 1625 1323 1659; x_wconf 85' lang='lat'>3</span> <span class='ocrx_word' id='word_1_899' title='bbox 1336 1627 1360 1651; x_wconf 86' lang='grc'>3.</span> <span class='ocrx_word' id='word_1_900' title='bbox 1382 1625 1414 1652; x_wconf 79' lang='lat' dir='ltr'>de</span> <span class='ocrx_word' id='word_1_901' title='bbox 1433 1626 1489 1662; x_wconf 80' lang='lat' dir='ltr'>ripa</span> <span class='ocrx_word' id='word_1_902' title='bbox 1508 1635 1578 1651; x_wconf 75' lang='lat' dir='ltr'>mun.</span> <span class='ocrx_word' id='word_1_903' title='bbox 1598 1627 1639 1651; x_wconf 73' lang='lat'>43.</span> <span class='ocrx_word' id='word_1_904' title='bbox 1656 1626 1695 1651; x_wconf 89' lang='lat'>15.</span> <span class='ocrx_word' id='word_1_905' title='bbox 1724 1624 1843 1652; x_wconf 65' lang='lat' dir='ltr'>Iston-</span> <span class='ocrx_word' id='word_1_906' title='bbox 1869 1625 1922 1652; x_wconf 82' lang='lat' dir='ltr'>XX</span> 
     </span>
     <span class='ocr_line' id='line_1_97' title="bbox 1082 1667 1920 1705; baseline 0 -10"><span class='ocrx_word' id='word_1_907' title='bbox 1082 1674 1187 1696; x_wconf 78' lang='lat' dir='ltr'>caverat</span> <span class='ocrx_word' id='word_1_908' title='bbox 1205 1679 1233 1695; x_wconf 83' lang='lat' dir='ltr'>se</span> <span class='ocrx_word' id='word_1_909' title='bbox 1252 1668 1409 1696; x_wconf 88' lang='lat' dir='ltr'>soluturum.</span> <span class='ocrx_word' id='word_1_910' title='bbox 1430 1673 1455 1694; x_wconf 86' lang='lat' dir='ltr'>et</span> <span class='ocrx_word' id='word_1_911' title='bbox 1474 1668 1611 1705; x_wconf 79' lang='lat' dir='ltr'>stipulanti</span> <span class='ocrx_word' id='word_1_912' title='bbox 1631 1667 1818 1705; x_wconf 77' lang='lat' dir='ltr'>spoponderat.</span> <span class='ocrx_word' id='word_1_913' title='bbox 1838 1668 1868 1695; x_wconf 84' lang='lat' dir='ltr'>fr.</span> <span class='ocrx_word' id='word_1_914' title='bbox 1879 1670 1920 1695; x_wconf 82' lang='lat'>47.</span> 
     </span>
     <span class='ocr_line' id='line_1_98' title="bbox 1082 1710 1922 1749; baseline 0.001 -11"><span class='ocrx_word' id='word_1_915' title='bbox 1082 1722 1120 1749; x_wconf 87' lang='lat' dir='ltr'>pr.</span> <span class='ocrx_word' id='word_1_916' title='bbox 1142 1711 1175 1738; x_wconf 86' lang='lat' dir='ltr'>de</span> <span class='ocrx_word' id='word_1_917' title='bbox 1193 1716 1261 1749; x_wconf 82' lang='lat' dir='ltr'>pact.</span> <span class='ocrx_word' id='word_1_918' title='bbox 1281 1713 1304 1737; x_wconf 87' lang='grc'>2.</span> <span class='ocrx_word' id='word_1_919' title='bbox 1326 1713 1366 1737; x_wconf 83' lang='lat'>14.</span> <span class='ocrx_word' id='word_1_920' title='bbox 1408 1710 1438 1737; x_wconf 89' lang='lat' dir='ltr'>Si</span> <span class='ocrx_word' id='word_1_921' title='bbox 1461 1711 1525 1747; x_wconf 87' lang='lat' dir='ltr'>quid</span> <span class='ocrx_word' id='word_1_922' title='bbox 1544 1710 1592 1737; x_wconf 88' lang='lat' dir='ltr'>tibi</span> <span class='ocrx_word' id='word_1_923' title='bbox 1612 1710 1729 1736; x_wconf 89' lang='lat' dir='ltr'>debitum</span> <span class='ocrx_word' id='word_1_924' title='bbox 1748 1710 1922 1748; x_wconf 87' lang='lat' dir='ltr'>adprobatum</span> 
     </span>
     <span class='ocr_line' id='line_1_99' title="bbox 1083 1753 1922 1785; baseline 0 -4"><span class='ocrx_word' id='word_1_925' title='bbox 1083 1756 1133 1781; x_wconf 85' lang='lat' dir='ltr'>erit</span> <span class='ocrx_word' id='word_1_926' title='bbox 1156 1765 1196 1781; x_wconf 84' lang='lat' dir='ltr'>me</span> <span class='ocrx_word' id='word_1_927' title='bbox 1220 1754 1268 1780; x_wconf 84' lang='lat' dir='ltr'>tihi</span> <span class='ocrx_word' id='word_1_928' title='bbox 1293 1758 1440 1785; x_wconf 86' lang='lat' dir='ltr'>cauturum.</span> <span class='ocrx_word' id='word_1_929' title='bbox 1472 1758 1497 1779; x_wconf 85' lang='lat' dir='ltr'>et</span> <span class='ocrx_word' id='word_1_930' title='bbox 1520 1753 1669 1779; x_wconf 87' lang='lat' dir='ltr'>soluturum</span> <span class='ocrx_word' id='word_1_931' title='bbox 1692 1754 1749 1780; x_wconf 87' lang='lat' dir='ltr'>sine</span> <span class='ocrx_word' id='word_1_932' title='bbox 1772 1759 1922 1781; x_wconf 88' lang='lat' dir='ltr'>controver-</span> 
     </span>
     <span class='ocr_line' id='line_1_100' title="bbox 1083 1796 1923 1835; baseline 0 -11"><span class='ocrx_word' id='word_1_933' title='bbox 1083 1799 1129 1824; x_wconf 88' lang='lat' dir='ltr'>sia.</span> <span class='ocrx_word' id='word_1_934' title='bbox 1154 1797 1184 1823; x_wconf 76' lang='lat' dir='ltr'>fr.</span> <span class='ocrx_word' id='word_1_935' title='bbox 1205 1799 1228 1823; x_wconf 87' lang='lat'>5.</span> <span class='ocrx_word' id='word_1_936' title='bbox 1249 1797 1270 1830; x_wconf 90' lang='lat'>3.</span> <span class='ocrx_word' id='word_1_937' title='bbox 1289 1798 1313 1822; x_wconf 88' lang='lat'>3.</span> <span class='ocrx_word' id='word_1_938' title='bbox 1335 1796 1367 1822; x_wconf 83' lang='lat' dir='ltr'>de</span> <span class='ocrx_word' id='word_1_939' title='bbox 1387 1801 1470 1822; x_wconf 90' lang='lat' dir='ltr'>const.</span> <span class='ocrx_word' id='word_1_940' title='bbox 1489 1806 1582 1833; x_wconf 84' lang='lat' dir='ltr'>pecun.</span> <span class='ocrx_word' id='word_1_941' title='bbox 1604 1798 1643 1822; x_wconf 89' lang='lat'>13.</span> <span class='ocrx_word' id='word_1_942' title='bbox 1663 1798 1686 1822; x_wconf 89' lang='lat'>5.</span> <span class='ocrx_word' id='word_1_943' title='bbox 1724 1796 1848 1824; x_wconf 80' lang='lat' dir='ltr'>Maiorem</span> <span class='ocrx_word' id='word_1_944' title='bbox 1866 1808 1923 1835; x_wconf 81' lang='lat' dir='ltr'>par-</span> 
     </span>
     <span class='ocr_line' id='line_1_101' title="bbox 1084 1838 1920 1872; baseline 0.001 -6"><span class='ocrx_word' id='word_1_945' title='bbox 1084 1845 1138 1866; x_wconf 82' lang='lat' dir='ltr'>tem</span> <span class='ocrx_word' id='word_1_946' title='bbox 1158 1838 1247 1870; x_wconf 81' lang='lat' dir='ltr'>solvit,</span> <span class='ocrx_word' id='word_1_947' title='bbox 1266 1839 1398 1866; x_wconf 80' lang='lat' dir='ltr'>residuam</span> <span class='ocrx_word' id='word_1_948' title='bbox 1418 1840 1493 1865; x_wconf 77' lang='lat' dir='ltr'>cavit.</span> <span class='ocrx_word' id='word_1_949' title='bbox 1514 1839 1544 1865; x_wconf 82' lang='lat' dir='ltr'>sr.</span> <span class='ocrx_word' id='word_1_950' title='bbox 1565 1841 1623 1866; x_wconf 83' lang='grc'>122.</span> <span class='ocrx_word' id='word_1_951' title='bbox 1643 1839 1664 1872; x_wconf 88' lang='lat'>3</span> <span class='ocrx_word' id='word_1_952' title='bbox 1684 1841 1708 1865; x_wconf 90' lang='lat'>5.</span> <span class='ocrx_word' id='word_1_953' title='bbox 1729 1839 1761 1866; x_wconf 87' lang='lat' dir='ltr'>de</span> <span class='ocrx_word' id='word_1_954' title='bbox 1780 1840 1812 1867; x_wconf 86' lang='lat' dir='ltr'>V.</span> <span class='ocrx_word' id='word_1_955' title='bbox 1827 1840 1860 1867; x_wconf 93' lang='grc' dir='ltr'>Ο.</span> <span class='ocrx_word' id='word_1_956' title='bbox 1879 1843 1920 1867; x_wconf 85' lang='lat'>45.</span> 
     </span>
     <span class='ocr_line' id='line_1_102' title="bbox 1086 1881 1921 1921; baseline 0.001 -12"><span class='ocrx_word' id='word_1_957' title='bbox 1086 1885 1108 1909; x_wconf 89' lang='lat'>1.</span> <span class='ocrx_word' id='word_1_958' title='bbox 1146 1881 1197 1908; x_wconf 92' lang='lat' dir='ltr'>Cui</span> <span class='ocrx_word' id='word_1_959' title='bbox 1216 1882 1253 1908; x_wconf 81' lang='lat' dir='ltr'>rci</span> <span class='ocrx_word' id='word_1_960' title='bbox 1273 1892 1357 1918; x_wconf 85' lang='lat' dir='ltr'>neque</span> <span class='ocrx_word' id='word_1_961' title='bbox 1376 1883 1523 1913; x_wconf 82' lang='lat' dir='ltr'>consensit.</span> <span class='ocrx_word' id='word_1_962' title='bbox 1547 1893 1633 1918; x_wconf 90' lang='lat' dir='ltr'>neque</span> <span class='ocrx_word' id='word_1_963' title='bbox 1655 1884 1794 1920; x_wconf 87' lang='lat' dir='ltr'>pecuniam</span> <span class='ocrx_word' id='word_1_964' title='bbox 1812 1885 1921 1921; x_wconf 84' lang='lat' dir='ltr'>accepit.</span> 
     </span>
     <span class='ocr_line' id='line_1_103' title="bbox 1084 1924 1922 1964; baseline 0.001 -12"><span class='ocrx_word' id='word_1_965' title='bbox 1084 1936 1169 1961; x_wconf 83' lang='lat' dir='ltr'>neque.</span> <span class='ocrx_word' id='word_1_966' title='bbox 1188 1926 1214 1951; x_wconf 88' lang='lat' dir='ltr'>in</span> <span class='ocrx_word' id='word_1_967' title='bbox 1234 1935 1289 1951; x_wconf 79' lang='lat' dir='ltr'>eam</span> <span class='ocrx_word' id='word_1_968' title='bbox 1309 1926 1384 1951; x_wconf 76' lang='lat' dir='ltr'>eavit.</span> <span class='ocrx_word' id='word_1_969' title='bbox 1409 1924 1439 1952; x_wconf 79' lang='lat' dir='ltr'>fr.</span> <span class='ocrx_word' id='word_1_970' title='bbox 1459 1927 1501 1951; x_wconf 88' lang='grc'>21.</span> <span class='ocrx_word' id='word_1_971' title='bbox 1520 1935 1559 1962; x_wconf 88' lang='lat' dir='ltr'>pr.</span> <span class='ocrx_word' id='word_1_972' title='bbox 1580 1925 1612 1952; x_wconf 83' lang='lat' dir='ltr'>ad</span> <span class='ocrx_word' id='word_1_973' title='bbox 1630 1927 1726 1952; x_wconf 87' lang='lat' dir='ltr'>munic.</span> <span class='ocrx_word' id='word_1_974' title='bbox 1745 1928 1786 1952; x_wconf 83' lang='lat'>50.</span> <span class='ocrx_word' id='word_1_975' title='bbox 1808 1928 1831 1953; x_wconf 88' lang='lat'>1.</span> <span class='ocrx_word' id='word_1_976' title='bbox 1862 1926 1922 1964; x_wconf 84' lang='lat' dir='ltr'>Ipse</span> 
     </span>
    </p>
   </div>
   <div class='ocr_carea' id='block_1_15' title="bbox 199 1967 1922 2046">
    <p class='ocr_par' dir='ltr' id='par_1_19' title="bbox 199 1967 1922 2046">
     <span class='ocr_line' id='line_1_104' title="bbox 1061 1967 1922 2005; baseline 0.001 -10"><span class='ocrx_word' id='word_1_977' title='bbox 1061 1999 1062 2003; x_wconf 17' lang='grc' dir='ltr'><strong>Ἰ</strong></span> <span class='ocrx_word' id='word_1_978' title='bbox 1084 1968 1193 1995; x_wconf 82' lang='lat' dir='ltr'>Praetor</span> <span class='ocrx_word' id='word_1_979' title='bbox 1216 1967 1295 1994; x_wconf 85' lang='lat' dir='ltr'>debet</span> <span class='ocrx_word' id='word_1_980' title='bbox 1319 1978 1399 2005; x_wconf 85' lang='lat' dir='ltr'>super</span> <span class='ocrx_word' id='word_1_981' title='bbox 1422 1978 1450 1994; x_wconf 90' lang='lat' dir='ltr'>ea</span> <span class='ocrx_word' id='word_1_982' title='bbox 1474 1978 1502 1994; x_wconf 78' lang='lat' dir='ltr'>re</span> <span class='ocrx_word' id='word_1_983' title='bbox 1527 1970 1674 1995; x_wconf 88' lang='lat' dir='ltr'>summatim</span> <span class='ocrx_word' id='word_1_984' title='bbox 1697 1979 1869 2005; x_wconf 78' lang='lat' dir='ltr'>cognoscere,</span> <span class='ocrx_word' id='word_1_985' title='bbox 1897 1974 1922 1996; x_wconf 81' lang='lat' dir='ltr'>et</span> 
     </span>
     <span class='ocr_line' id='line_1_105' title="bbox 199 2008 1062 2046; baseline 0 -12"><span class='ocrx_word' id='word_1_986' title='bbox 199 2010 263 2046; x_wconf 83' lang='lat' dir='ltr'>pisti</span> <span class='ocrx_word' id='word_1_987' title='bbox 283 2008 500 2046; x_wconf 79' lang='lat' dir='ltr'>(sepulchrum).</span> <span class='ocrx_word' id='word_1_988' title='bbox 525 2019 616 2045; x_wconf 84' lang='lat' dir='ltr'>parum</span> <span class='ocrx_word' id='word_1_989' title='bbox 640 2009 720 2035; x_wconf 83' lang='lat' dir='ltr'>habes</span> <span class='ocrx_word' id='word_1_990' title='bbox 745 2018 775 2035; x_wconf 88' lang='lat' dir='ltr'>eo</span> <span class='ocrx_word' id='word_1_991' title='bbox 800 2010 904 2035; x_wconf 87' lang='lat' dir='ltr'>nomine</span> <span class='ocrx_word' id='word_1_992' title='bbox 928 2013 1038 2035; x_wconf 85' lang='lat' dir='ltr'>cautum.</span> <span class='ocrx_word' id='word_1_993' title='bbox 1061 2011 1062 2014; x_wconf 78' lang='grc'>’</span> 
     </span>
    </p>
   </div>
   <div class='ocr_carea' id='block_1_16' title="bbox 1083 2011 1921 2082">
    <p class='ocr_par' dir='ltr' id='par_1_20' title="bbox 1083 2011 1921 2082">
     <span class='ocr_line' id='line_1_106' title="bbox 1084 2011 1921 2050; baseline 0 -11"><span class='ocrx_word' id='word_1_994' title='bbox 1084 2017 1188 2039; x_wconf 87' lang='lat' dir='ltr'>cautum</span> <span class='ocrx_word' id='word_1_995' title='bbox 1216 2011 1306 2037; x_wconf 86' lang='lat' dir='ltr'>iubere</span> <span class='ocrx_word' id='word_1_996' title='bbox 1333 2016 1376 2038; x_wconf 87' lang='lat' dir='ltr'>aut</span> <span class='ocrx_word' id='word_1_997' title='bbox 1405 2011 1539 2047; x_wconf 80' lang='lat' dir='ltr'>denegare.</span> <span class='ocrx_word' id='word_1_998' title='bbox 1573 2012 1604 2038; x_wconf 79' lang='lat' dir='ltr'>fr.</span> <span class='ocrx_word' id='word_1_999' title='bbox 1631 2014 1652 2038; x_wconf 95' lang='lat'>1.</span> <span class='ocrx_word' id='word_1_1000' title='bbox 1677 2013 1699 2046; x_wconf 93' lang='lat'>3.</span> <span class='ocrx_word' id='word_1_1001' title='bbox 1723 2014 1746 2038; x_wconf 89' lang='lat'>9.</span> <span class='ocrx_word' id='word_1_1002' title='bbox 1775 2012 1807 2038; x_wconf 85' lang='lat' dir='ltr'>de</span> <span class='ocrx_word' id='word_1_1003' title='bbox 1830 2012 1921 2050; x_wconf 80' lang='lat' dir='ltr'>stiPul.</span> 
     </span>
     <span class='ocr_line' id='line_1_107' title="bbox 1083 2054 1921 2082; baseline 0.001 -2"><span class='ocrx_word' id='word_1_1004' title='bbox 1083 2055 1167 2081; x_wconf 83' lang='lat' dir='ltr'>Praet.</span> <span class='ocrx_word' id='word_1_1005' title='bbox 1188 2055 1229 2080; x_wconf 86' lang='lat'>46.</span> <span class='ocrx_word' id='word_1_1006' title='bbox 1249 2056 1273 2080; x_wconf 80' lang='lat'>5.</span> <span class='ocrx_word' id='word_1_1007' title='bbox 1302 2054 1334 2081; x_wconf 73' lang='lat' dir='ltr'><strong>cl&#39;.</strong></span> <span class='ocrx_word' id='word_1_1008' title='bbox 1353 2054 1384 2080; x_wconf 84' lang='lat' dir='ltr'>fr.</span> <span class='ocrx_word' id='word_1_1009' title='bbox 1404 2057 1427 2080; x_wconf 83' lang='grc'>4.</span> <span class='ocrx_word' id='word_1_1010' title='bbox 1452 2054 1485 2081; x_wconf 89' lang='lat' dir='ltr'>de</span> <span class='ocrx_word' id='word_1_1011' title='bbox 1504 2055 1595 2081; x_wconf 89' lang='lat' dir='ltr'>iurisd.</span> <span class='ocrx_word' id='word_1_1012' title='bbox 1619 2057 1642 2081; x_wconf 75' lang='lat'>2.</span> <span class='ocrx_word' id='word_1_1013' title='bbox 1664 2057 1686 2081; x_wconf 94' lang='lat' dir='ltr'>l.</span> <span class='ocrx_word' id='word_1_1014' title='bbox 1729 2054 1814 2081; x_wconf 87' lang='lat' dir='ltr'>Tanto</span> <span class='ocrx_word' id='word_1_1015' title='bbox 1832 2054 1921 2082; x_wconf 88' lang='lat' dir='ltr'>vendi-</span> 
     </span>
    </p>
   </div>
   <div class='ocr_carea' id='block_1_17' title="bbox 201 2097 1921 2172">
    <p class='ocr_par' dir='ltr' id='par_1_21' title="bbox 201 2097 1921 2172">
     <span class='ocr_line' id='line_1_108' title="bbox 1060 2097 1921 2135; baseline -0.001 -10"><span class='ocrx_word' id='word_1_1016' title='bbox 1060 2114 1062 2126; x_wconf 51' lang='lat' dir='ltr'><em>s</em></span> <span class='ocrx_word' id='word_1_1017' title='bbox 1084 2103 1126 2124; x_wconf 89' lang='lat' dir='ltr'>tor</span> <span class='ocrx_word' id='word_1_1018' title='bbox 1149 2098 1241 2124; x_wconf 86' lang='lat' dir='ltr'>emtori</span> <span class='ocrx_word' id='word_1_1019' title='bbox 1268 2097 1482 2124; x_wconf 84' lang='lat' dir='ltr'>condemnandus</span> <span class='ocrx_word' id='word_1_1020' title='bbox 1508 2102 1560 2129; x_wconf 83' lang='lat' dir='ltr'>est.</span> <span class='ocrx_word' id='word_1_1021' title='bbox 1588 2103 1685 2134; x_wconf 86' lang='lat' dir='ltr'>quanto</span> <span class='ocrx_word' id='word_1_1022' title='bbox 1709 2099 1731 2124; x_wconf 85' lang='lat' dir='ltr'>si</span> <span class='ocrx_word' id='word_1_1023' title='bbox 1751 2098 1921 2135; x_wconf 78' lang='lat' dir='ltr'>stipulatione</span> 
     </span>
     <span class='ocr_line' id='line_1_109' title="bbox 201 2136 1062 2172; baseline -0.001 -8"><span class='ocrx_word' id='word_1_1024' title='bbox 201 2148 294 2165; x_wconf 84' lang='lat' dir='ltr'>cavere</span> <span class='ocrx_word' id='word_1_1025' title='bbox 314 2138 415 2164; x_wconf 76' lang='lat' dir='ltr'>seceris.</span> <span class='ocrx_word' id='word_1_1026' title='bbox 436 2138 466 2164; x_wconf 79' lang='lat' dir='ltr'>fr.</span> <span class='ocrx_word' id='word_1_1027' title='bbox 481 2139 504 2163; x_wconf 89' lang='lat'>5.</span> <span class='ocrx_word' id='word_1_1028' title='bbox 525 2138 547 2171; x_wconf 91' lang='lat'>3.</span> <span class='ocrx_word' id='word_1_1029' title='bbox 561 2141 584 2163; x_wconf 67' lang='grc' dir='ltr'>δ’.</span> <span class='ocrx_word' id='word_1_1030' title='bbox 605 2137 636 2163; x_wconf 91' lang='lat' dir='ltr'>cf.</span> <span class='ocrx_word' id='word_1_1031' title='bbox 656 2138 687 2164; x_wconf 80' lang='lat' dir='ltr'>fr.</span> <span class='ocrx_word' id='word_1_1032' title='bbox 702 2140 742 2164; x_wconf 89' lang='lat'>17.</span> <span class='ocrx_word' id='word_1_1033' title='bbox 762 2139 784 2172; x_wconf 86' lang='lat'>3.</span> <span class='ocrx_word' id='word_1_1034' title='bbox 803 2140 827 2164; x_wconf 85' lang='lat'>3.</span> <span class='ocrx_word' id='word_1_1035' title='bbox 848 2137 976 2164; x_wconf 86' lang='lat' dir='ltr'>commod.</span> <span class='ocrx_word' id='word_1_1036' title='bbox 999 2139 1038 2163; x_wconf 82' lang='lat'>13.</span> <span class='ocrx_word' id='word_1_1037' title='bbox 1061 2136 1062 2152; x_wconf 64' lang='lat'>³</span> 
     </span>
    </p>
   </div>
   <div class='ocr_carea' id='block_1_18' title="bbox 1083 2140 1921 2560">
    <p class='ocr_par' dir='ltr' id='par_1_22' title="bbox 1083 2140 1921 2560">
     <span class='ocr_line' id='line_1_110' title="bbox 1083 2140 1921 2178; baseline 0.001 -12"><span class='ocrx_word' id='word_1_1038' title='bbox 1083 2151 1132 2178; x_wconf 81' lang='lat' dir='ltr'>pro</span> <span class='ocrx_word' id='word_1_1039' title='bbox 1152 2141 1282 2167; x_wconf 84' lang='lat' dir='ltr'>evictione</span> <span class='ocrx_word' id='word_1_1040' title='bbox 1301 2141 1423 2167; x_wconf 81' lang='lat' dir='ltr'>cavisset.</span> <span class='ocrx_word' id='word_1_1041' title='bbox 1451 2140 1523 2167; x_wconf 77' lang='lat' dir='ltr'>Paul.</span> <span class='ocrx_word' id='word_1_1042' title='bbox 1543 2140 1573 2167; x_wconf 88' lang='lat' dir='ltr'>II.</span> <span class='ocrx_word' id='word_1_1043' title='bbox 1594 2143 1633 2167; x_wconf 86' lang='lat'>17.</span> <span class='ocrx_word' id='word_1_1044' title='bbox 1653 2141 1675 2174; x_wconf 88' lang='lat'>3</span> <span class='ocrx_word' id='word_1_1045' title='bbox 1689 2142 1713 2167; x_wconf 78' lang='lat'>2.</span> <span class='ocrx_word' id='word_1_1046' title='bbox 1751 2140 1813 2167; x_wconf 85' lang='lat' dir='ltr'>Sive</span> <span class='ocrx_word' id='word_1_1047' title='bbox 1832 2142 1921 2178; x_wconf 87' lang='lat' dir='ltr'>pigno-</span> 
     </span>
     <span class='ocr_line' id='line_1_111' title="bbox 1084 2182 1918 2220; baseline 0 -10"><span class='ocrx_word' id='word_1_1048' title='bbox 1084 2184 1170 2213; x_wconf 88' lang='lat' dir='ltr'>ribus.</span> <span class='ocrx_word' id='word_1_1049' title='bbox 1190 2185 1247 2210; x_wconf 78' lang='lat' dir='ltr'>sive</span> <span class='ocrx_word' id='word_1_1050' title='bbox 1266 2182 1481 2215; x_wconf 77' lang='lat' dir='ltr'>fideiussoribus.</span> <span class='ocrx_word' id='word_1_1051' title='bbox 1502 2193 1600 2210; x_wconf 80' lang='lat' dir='ltr'>cavere.</span> <span class='ocrx_word' id='word_1_1052' title='bbox 1625 2184 1655 2210; x_wconf 83' lang='lat' dir='ltr'>fr.</span> <span class='ocrx_word' id='word_1_1053' title='bbox 1675 2185 1699 2210; x_wconf 87' lang='lat'>9.</span> <span class='ocrx_word' id='word_1_1054' title='bbox 1719 2184 1740 2217; x_wconf 87' lang='lat'>3.</span> <span class='ocrx_word' id='word_1_1055' title='bbox 1759 2185 1784 2210; x_wconf 88' lang='lat'>3.</span> <span class='ocrx_word' id='word_1_1056' title='bbox 1805 2183 1837 2210; x_wconf 90' lang='lat' dir='ltr'>de</span> <span class='ocrx_word' id='word_1_1057' title='bbox 1850 2185 1918 2220; x_wconf 88' lang='lat' dir='ltr'>pign.</span> 
     </span>
     <span class='ocr_line' id='line_1_112' title="bbox 1084 2226 1918 2263; baseline -0.002 -9"><span class='ocrx_word' id='word_1_1058' title='bbox 1084 2232 1132 2254; x_wconf 86' lang='lat' dir='ltr'>act.</span> <span class='ocrx_word' id='word_1_1059' title='bbox 1158 2228 1198 2259; x_wconf 75' lang='lat'>13,</span> <span class='ocrx_word' id='word_1_1060' title='bbox 1219 2228 1242 2252; x_wconf 85' lang='lat'>7.</span> <span class='ocrx_word' id='word_1_1061' title='bbox 1278 2226 1313 2252; x_wconf 86' lang='lat' dir='ltr'>Et</span> <span class='ocrx_word' id='word_1_1062' title='bbox 1336 2226 1388 2252; x_wconf 85' lang='lat' dir='ltr'>reis</span> <span class='ocrx_word' id='word_1_1063' title='bbox 1413 2231 1437 2252; x_wconf 85' lang='lat' dir='ltr'>et</span> <span class='ocrx_word' id='word_1_1064' title='bbox 1461 2226 1615 2263; x_wconf 76' lang='lat' dir='ltr'>pignoribus</span> <span class='ocrx_word' id='word_1_1065' title='bbox 1634 2231 1705 2253; x_wconf 88' lang='lat' dir='ltr'>recte</span> <span class='ocrx_word' id='word_1_1066' title='bbox 1724 2228 1817 2253; x_wconf 76' lang='lat' dir='ltr'>caveri.</span> <span class='ocrx_word' id='word_1_1067' title='bbox 1846 2226 1875 2252; x_wconf 81' lang='lat' dir='ltr'>sr.</span> <span class='ocrx_word' id='word_1_1068' title='bbox 1896 2228 1918 2252; x_wconf 77' lang='lat'>1.</span> 
     </span>
     <span class='ocr_line' id='line_1_113' title="bbox 1084 2269 1918 2304; baseline -0.004 -7"><span class='ocrx_word' id='word_1_1069' title='bbox 1084 2271 1106 2304; x_wconf 88' lang='lat'>3.</span> <span class='ocrx_word' id='word_1_1070' title='bbox 1126 2272 1150 2297; x_wconf 89' lang='lat'>9.</span> <span class='ocrx_word' id='word_1_1071' title='bbox 1170 2270 1203 2296; x_wconf 84' lang='lat' dir='ltr'>de</span> <span class='ocrx_word' id='word_1_1072' title='bbox 1222 2269 1309 2296; x_wconf 80' lang='lat' dir='ltr'>collat.</span> <span class='ocrx_word' id='word_1_1073' title='bbox 1330 2269 1390 2295; x_wconf 87' lang='lat' dir='ltr'>bon.</span> <span class='ocrx_word' id='word_1_1074' title='bbox 1410 2271 1452 2295; x_wconf 90' lang='lat'>37.</span> <span class='ocrx_word' id='word_1_1075' title='bbox 1472 2272 1494 2295; x_wconf 72' lang='lat'>6.</span> <span class='ocrx_word' id='word_1_1076' title='bbox 1515 2269 1544 2296; x_wconf 83' lang='lat' dir='ltr'>fr.</span> <span class='ocrx_word' id='word_1_1077' title='bbox 1567 2272 1623 2296; x_wconf 62' lang='lat'><strong>185.</strong></span> <span class='ocrx_word' id='word_1_1078' title='bbox 1643 2270 1709 2304; x_wconf 89' lang='lat'><strong>3.1.</strong></span> <span class='ocrx_word' id='word_1_1079' title='bbox 1729 2269 1761 2296; x_wconf 82' lang='lat' dir='ltr'>de</span> <span class='ocrx_word' id='word_1_1080' title='bbox 1784 2269 1811 2295; x_wconf 80' lang='lat' dir='ltr'>V.</span> <span class='ocrx_word' id='word_1_1081' title='bbox 1832 2269 1858 2295; x_wconf 92' lang='lat' dir='ltr'>S.</span> <span class='ocrx_word' id='word_1_1082' title='bbox 1878 2271 1918 2295; x_wconf 87' lang='lat'>50.</span> 
     </span>
     <span class='ocr_line' id='line_1_114' title="bbox 1085 2311 1918 2349; baseline -0.002 -9"><span class='ocrx_word' id='word_1_1083' title='bbox 1085 2315 1125 2340; x_wconf 91' lang='lat'>16.</span> <span class='ocrx_word' id='word_1_1084' title='bbox 1153 2313 1212 2339; x_wconf 85' lang='lat' dir='ltr'>Etsi</span> <span class='ocrx_word' id='word_1_1085' title='bbox 1231 2311 1387 2338; x_wconf 81' lang='lat' dir='ltr'>satisdatum</span> <span class='ocrx_word' id='word_1_1086' title='bbox 1406 2313 1448 2343; x_wconf 88' lang='lat' dir='ltr'>sit.</span> <span class='ocrx_word' id='word_1_1087' title='bbox 1469 2318 1572 2339; x_wconf 81' lang='lat' dir='ltr'>cautum</span> <span class='ocrx_word' id='word_1_1088' title='bbox 1591 2317 1677 2339; x_wconf 82' lang='lat' dir='ltr'>tamen</span> <span class='ocrx_word' id='word_1_1089' title='bbox 1696 2323 1747 2338; x_wconf 88' lang='lat' dir='ltr'>non</span> <span class='ocrx_word' id='word_1_1090' title='bbox 1761 2317 1918 2349; x_wconf 77' lang='lat' dir='ltr'>perseveret.</span> 
     </span>
     <span class='ocr_line' id='line_1_115' title="bbox 1084 2352 1920 2389; baseline -0.002 -6"><span class='ocrx_word' id='word_1_1091' title='bbox 1084 2357 1114 2383; x_wconf 88' lang='lat' dir='ltr'>fr.</span> <span class='ocrx_word' id='word_1_1092' title='bbox 1134 2358 1176 2382; x_wconf 87' lang='grc'>20.</span> <span class='ocrx_word' id='word_1_1093' title='bbox 1201 2356 1284 2389; x_wconf 88' lang='lat'><strong>3.14.</strong></span> <span class='ocrx_word' id='word_1_1094' title='bbox 1314 2355 1346 2381; x_wconf 82' lang='lat' dir='ltr'>de</span> <span class='ocrx_word' id='word_1_1095' title='bbox 1365 2354 1398 2381; x_wconf 92' lang='lat' dir='ltr'>O.</span> <span class='ocrx_word' id='word_1_1096' title='bbox 1418 2355 1449 2381; x_wconf 86' lang='lat' dir='ltr'>N.</span> <span class='ocrx_word' id='word_1_1097' title='bbox 1471 2355 1502 2382; x_wconf 69' lang='lat' dir='ltr'>N.</span> <span class='ocrx_word' id='word_1_1098' title='bbox 1527 2357 1569 2382; x_wconf 83' lang='lat'>39.</span> <span class='ocrx_word' id='word_1_1099' title='bbox 1591 2357 1613 2382; x_wconf 95' lang='lat' dir='ltr'>l.</span> <span class='ocrx_word' id='word_1_1100' title='bbox 1643 2356 1673 2382; x_wconf 79' lang='lat' dir='ltr'>cf.</span> <span class='ocrx_word' id='word_1_1101' title='bbox 1698 2352 1772 2382; x_wconf 73' lang='lat' dir='ltr'><strong>fr.&#39;7.</strong></span> <span class='ocrx_word' id='word_1_1102' title='bbox 1795 2355 1816 2387; x_wconf 82' lang='lat'>3.</span> <span class='ocrx_word' id='word_1_1103' title='bbox 1842 2356 1864 2381; x_wconf 88' lang='lat' dir='ltr'>l.</span> <span class='ocrx_word' id='word_1_1104' title='bbox 1888 2354 1920 2381; x_wconf 82' lang='lat' dir='ltr'>de</span> 
     </span>
     <span class='ocr_line' id='line_1_116' title="bbox 1084 2397 1918 2431; baseline -0.004 -5"><span class='ocrx_word' id='word_1_1105' title='bbox 1084 2399 1151 2426; x_wconf 78' lang='lat' dir='ltr'><strong>usus.</strong></span> <span class='ocrx_word' id='word_1_1106' title='bbox 1180 2400 1203 2425; x_wconf 82' lang='lat'>7.</span> <span class='ocrx_word' id='word_1_1107' title='bbox 1225 2400 1246 2424; x_wconf 96' lang='lat'>1.</span> <span class='ocrx_word' id='word_1_1108' title='bbox 1290 2397 1327 2423; x_wconf 84' lang='lat' dir='ltr'>Ita</span> <span class='ocrx_word' id='word_1_1109' title='bbox 1353 2398 1410 2424; x_wconf 83' lang='lat' dir='ltr'>fieri</span> <span class='ocrx_word' id='word_1_1110' title='bbox 1439 2398 1618 2431; x_wconf 79' lang='lat' dir='ltr'>collationem.</span> <span class='ocrx_word' id='word_1_1111' title='bbox 1647 2404 1675 2425; x_wconf 83' lang='lat' dir='ltr'>ut</span> <span class='ocrx_word' id='word_1_1112' title='bbox 1698 2403 1768 2424; x_wconf 75' lang='lat' dir='ltr'>recte</span> <span class='ocrx_word' id='word_1_1113' title='bbox 1790 2402 1918 2423; x_wconf 80' lang='lat' dir='ltr'>caveatur.</span> 
     </span>
     <span class='ocr_line' id='line_1_117' title="bbox 1084 2440 1919 2476; baseline -0.005 -7"><span class='ocrx_word' id='word_1_1114' title='bbox 1084 2442 1115 2469; x_wconf 81' lang='lat' dir='ltr'>fr.</span> <span class='ocrx_word' id='word_1_1115' title='bbox 1136 2444 1158 2468; x_wconf 94' lang='lat'>1.</span> <span class='ocrx_word' id='word_1_1116' title='bbox 1178 2442 1200 2475; x_wconf 89' lang='lat'>3.</span> <span class='ocrx_word' id='word_1_1117' title='bbox 1219 2442 1243 2467; x_wconf 89' lang='lat'>9.</span> <span class='ocrx_word' id='word_1_1118' title='bbox 1264 2440 1295 2467; x_wconf 83' lang='lat' dir='ltr'>‹lc</span> <span class='ocrx_word' id='word_1_1119' title='bbox 1315 2441 1402 2468; x_wconf 86' lang='lat' dir='ltr'>collat.</span> <span class='ocrx_word' id='word_1_1120' title='bbox 1422 2441 1482 2468; x_wconf 89' lang='lat' dir='ltr'><strong>bon.</strong></span> <span class='ocrx_word' id='word_1_1121' title='bbox 1506 2443 1548 2469; x_wconf 89' lang='lat'>37.</span> <span class='ocrx_word' id='word_1_1122' title='bbox 1568 2443 1591 2468; x_wconf 90' lang='lat'>6.</span> <span class='ocrx_word' id='word_1_1123' title='bbox 1630 2442 1682 2476; x_wconf 75' lang='lat' dir='ltr'>Qui</span> <span class='ocrx_word' id='word_1_1124' title='bbox 1701 2445 1744 2465; x_wconf 86' lang='lat' dir='ltr'>aut</span> <span class='ocrx_word' id='word_1_1125' title='bbox 1763 2441 1868 2466; x_wconf 88' lang='lat' dir='ltr'>omnino</span> <span class='ocrx_word' id='word_1_1126' title='bbox 1887 2456 1919 2460; x_wconf 88' lang='lat'>-—</span> 
     </span>
     <span class='ocr_line' id='line_1_118' title="bbox 1084 2483 1919 2519; baseline -0.002 -8"><span class='ocrx_word' id='word_1_1127' title='bbox 1084 2484 1207 2511; x_wconf 83' lang='lat' dir='ltr'>satisdari</span> <span class='ocrx_word' id='word_1_1128' title='bbox 1230 2494 1283 2510; x_wconf 89' lang='lat' dir='ltr'>non</span> <span class='ocrx_word' id='word_1_1129' title='bbox 1307 2489 1477 2516; x_wconf 79' lang='lat' dir='ltr'>curaverunt.</span> <span class='ocrx_word' id='word_1_1130' title='bbox 1503 2490 1546 2511; x_wconf 88' lang='lat' dir='ltr'>aut</span> <span class='ocrx_word' id='word_1_1131' title='bbox 1570 2494 1621 2511; x_wconf 85' lang='lat' dir='ltr'>non</span> <span class='ocrx_word' id='word_1_1132' title='bbox 1645 2483 1738 2509; x_wconf 81' lang='lat' dir='ltr'>idonee</span> <span class='ocrx_word' id='word_1_1133' title='bbox 1761 2484 1834 2519; x_wconf 86' lang='lat' dir='ltr'>passi</span> <span class='ocrx_word' id='word_1_1134' title='bbox 1858 2488 1919 2509; x_wconf 61' lang='lat' dir='ltr'>sunt.</span> 
     </span>
     <span class='ocr_line' id='line_1_119' title="bbox 1085 2525 1919 2560; baseline -0.004 -5"><span class='ocrx_word' id='word_1_1135' title='bbox 1085 2528 1178 2555; x_wconf 83' lang='lat' dir='ltr'>caveri.</span> <span class='ocrx_word' id='word_1_1136' title='bbox 1198 2527 1220 2560; x_wconf 92' lang='lat'>3.</span> <span class='ocrx_word' id='word_1_1137' title='bbox 1234 2529 1258 2552; x_wconf 87' lang='grc'>2.</span> <span class='ocrx_word' id='word_1_1138' title='bbox 1279 2527 1296 2553; x_wconf 95' lang='grc' dir='ltr'>Ι.</span> <span class='ocrx_word' id='word_1_1139' title='bbox 1317 2527 1348 2553; x_wconf 87' lang='lat' dir='ltr'>de</span> <span class='ocrx_word' id='word_1_1140' title='bbox 1368 2527 1458 2554; x_wconf 88' lang='lat' dir='ltr'>satisd.</span> <span class='ocrx_word' id='word_1_1141' title='bbox 1480 2533 1557 2554; x_wconf 81' lang='lat' dir='ltr'>tutor.</span> <span class='ocrx_word' id='word_1_1142' title='bbox 1579 2529 1601 2553; x_wconf 83' lang='lat' dir='ltr'>l.</span> <span class='ocrx_word' id='word_1_1143' title='bbox 1615 2529 1655 2551; x_wconf 82' lang='grc'>24.</span> <span class='ocrx_word' id='word_1_1144' title='bbox 1693 2525 1805 2560; x_wconf 82' lang='lat' dir='ltr'>Quoties</span> <span class='ocrx_word' id='word_1_1145' title='bbox 1823 2527 1919 2553; x_wconf 87' lang='lat' dir='ltr'>vitiose</span> 
     </span>
    </p>
   </div>
   <div class='ocr_carea' id='block_1_19' title="bbox 1061 2568 1917 2604">
    <p class='ocr_par' dir='ltr' id='par_1_23' title="bbox 1061 2568 1917 2604">
     <span class='ocr_line' id='line_1_120' title="bbox 1061 2568 1917 2604; baseline -0.002 -7"><span class='ocrx_word' id='word_1_1146' title='bbox 1061 2594 1063 2604; x_wconf 84' lang='grc'><strong>,</strong></span> <span class='ocrx_word' id='word_1_1147' title='bbox 1085 2575 1188 2597; x_wconf 88' lang='lat' dir='ltr'>cautum</span> <span class='ocrx_word' id='word_1_1148' title='bbox 1211 2569 1252 2596; x_wconf 87' lang='lat' dir='ltr'>vel</span> <span class='ocrx_word' id='word_1_1149' title='bbox 1276 2569 1431 2596; x_wconf 83' lang='lat' dir='ltr'>satisdatum</span> <span class='ocrx_word' id='word_1_1150' title='bbox 1455 2576 1508 2603; x_wconf 82' lang='lat' dir='ltr'>est.</span> <span class='ocrx_word' id='word_1_1151' title='bbox 1533 2580 1584 2596; x_wconf 87' lang='lat' dir='ltr'>non</span> <span class='ocrx_word' id='word_1_1152' title='bbox 1604 2568 1687 2594; x_wconf 74' lang='lat' dir='ltr'>videri</span> <span class='ocrx_word' id='word_1_1153' title='bbox 1706 2573 1816 2595; x_wconf 86' lang='lat' dir='ltr'>cautum.</span> <span class='ocrx_word' id='word_1_1154' title='bbox 1845 2568 1874 2595; x_wconf 81' lang='lat' dir='ltr'>fr.</span> <span class='ocrx_word' id='word_1_1155' title='bbox 1894 2570 1917 2595; x_wconf 94' lang='lat'>6.</span> 
     </span>
    </p>
   </div>
   <div class='ocr_carea' id='block_1_20' title="bbox 1084 2612 1919 2893">
    <p class='ocr_par' dir='ltr' id='par_1_24' title="bbox 1084 2612 1919 2893">
     <span class='ocr_line' id='line_1_121' title="bbox 1085 2612 1409 2649; baseline 0 -10"><span class='ocrx_word' id='word_1_1156' title='bbox 1085 2614 1136 2649; x_wconf 80' lang='lat' dir='ltr'>Qu.</span> <span class='ocrx_word' id='word_1_1157' title='bbox 1157 2612 1248 2639; x_wconf 80' lang='lat' dir='ltr'>satisd.</span> <span class='ocrx_word' id='word_1_1158' title='bbox 1268 2622 1322 2648; x_wconf 86' lang='lat' dir='ltr'>cog.</span> <span class='ocrx_word' id='word_1_1159' title='bbox 1342 2615 1366 2639; x_wconf 80' lang='lat'>2.</span> <span class='ocrx_word' id='word_1_1160' title='bbox 1386 2614 1409 2639; x_wconf 73' lang='lat'>8.</span> 
     </span>
     <span class='ocr_line' id='line_1_122' title="bbox 1120 2654 1918 2688; baseline -0.001 -5"><span class='ocrx_word' id='word_1_1161' title='bbox 1120 2656 1315 2684; x_wconf 63' lang='lat' dir='ltr'>cavillari.</span> <span class='ocrx_word' id='word_1_1162' title='bbox 1358 2658 1488 2683; x_wconf 70' lang='lat' dir='ltr'>Callicle</span> <span class='ocrx_word' id='word_1_1163' title='bbox 1517 2656 1743 2688; x_wconf 77' lang='lat' dir='ltr'>interpretari.</span> <span class='ocrx_word' id='word_1_1164' title='bbox 1785 2654 1828 2681; x_wconf 89' lang='lat'><strong>111.</strong></span> <span class='ocrx_word' id='word_1_1165' title='bbox 1853 2656 1918 2682; x_wconf 80' lang='lat' dir='ltr'>Gn.</span> 
     </span>
     <span class='ocr_line' id='line_1_123' title="bbox 1085 2696 1918 2735; baseline -0.002 -10"><span class='ocrx_word' id='word_1_1166' title='bbox 1085 2698 1143 2725; x_wconf 67' lang='lat' dir='ltr'>Nisi</span> <span class='ocrx_word' id='word_1_1167' title='bbox 1162 2698 1230 2725; x_wconf 80' lang='lat' dir='ltr'>sorte</span> <span class='ocrx_word' id='word_1_1168' title='bbox 1249 2699 1308 2734; x_wconf 86' lang='lat' dir='ltr'>quis</span> <span class='ocrx_word' id='word_1_1169' title='bbox 1328 2704 1410 2735; x_wconf 77' lang='lat' dir='ltr'>putet,</span> <span class='ocrx_word' id='word_1_1170' title='bbox 1431 2714 1462 2717; x_wconf 82' lang='lat'>—</span> <span class='ocrx_word' id='word_1_1171' title='bbox 1477 2702 1528 2728; x_wconf 85' lang='lat' dir='ltr'>aut.</span> <span class='ocrx_word' id='word_1_1172' title='bbox 1548 2697 1627 2723; x_wconf 81' lang='lat' dir='ltr'>verba</span> <span class='ocrx_word' id='word_1_1173' title='bbox 1647 2696 1791 2729; x_wconf 85' lang='lat' dir='ltr'>cavillatus.</span> <span class='ocrx_word' id='word_1_1174' title='bbox 1811 2698 1918 2734; x_wconf 83' lang='lat' dir='ltr'>imputa-</span> 
     </span>
     <span class='ocr_line' id='line_1_124' title="bbox 1084 2738 1919 2775; baseline -0.002 -7"><span class='ocrx_word' id='word_1_1175' title='bbox 1084 2743 1153 2768; x_wconf 77' lang='lat' dir='ltr'>verit</span> <span class='ocrx_word' id='word_1_1176' title='bbox 1171 2746 1219 2768; x_wconf 83' lang='lat' dir='ltr'>etc.</span> <span class='ocrx_word' id='word_1_1177' title='bbox 1248 2741 1278 2767; x_wconf 87' lang='lat' dir='ltr'>fr.</span> <span class='ocrx_word' id='word_1_1178' title='bbox 1297 2744 1321 2768; x_wconf 86' lang='grc'>2,</span> <span class='ocrx_word' id='word_1_1179' title='bbox 1347 2742 1368 2775; x_wconf 84' lang='lat'>3</span> <span class='ocrx_word' id='word_1_1180' title='bbox 1388 2743 1428 2766; x_wconf 83' lang='lat'>44.</span> <span class='ocrx_word' id='word_1_1181' title='bbox 1453 2739 1485 2765; x_wconf 87' lang='lat' dir='ltr'>ad</span> <span class='ocrx_word' id='word_1_1182' title='bbox 1505 2739 1531 2765; x_wconf 90' lang='lat' dir='ltr'>S.</span> <span class='ocrx_word' id='word_1_1183' title='bbox 1552 2738 1583 2765; x_wconf 89' lang='lat' dir='ltr'>C.</span> <span class='ocrx_word' id='word_1_1184' title='bbox 1604 2739 1714 2766; x_wconf 83' lang='lat' dir='ltr'>Tertull.</span> <span class='ocrx_word' id='word_1_1185' title='bbox 1734 2741 1775 2766; x_wconf 80' lang='lat'>38.</span> <span class='ocrx_word' id='word_1_1186' title='bbox 1796 2742 1835 2766; x_wconf 84' lang='lat'>17.</span> <span class='ocrx_word' id='word_1_1187' title='bbox 1872 2739 1919 2766; x_wconf 88' lang='lat' dir='ltr'>So-</span> 
     </span>
     <span class='ocr_line' id='line_1_125' title="bbox 1085 2781 1918 2821; baseline -0.002 -11"><span class='ocrx_word' id='word_1_1188' title='bbox 1085 2784 1199 2821; x_wconf 88' lang='lat' dir='ltr'>phistice</span> <span class='ocrx_word' id='word_1_1189' title='bbox 1213 2784 1300 2820; x_wconf 72' lang='lat' dir='ltr'>‘legem</span> <span class='ocrx_word' id='word_1_1190' title='bbox 1319 2783 1485 2819; x_wconf 81' lang='lat' dir='ltr'>interpretari</span> <span class='ocrx_word' id='word_1_1191' title='bbox 1505 2787 1530 2808; x_wconf 87' lang='lat' dir='ltr'>et</span> <span class='ocrx_word' id='word_1_1192' title='bbox 1549 2782 1672 2809; x_wconf 84' lang='lat' dir='ltr'>cavillari.</span> <span class='ocrx_word' id='word_1_1193' title='bbox 1697 2793 1718 2809; x_wconf 87' lang='lat' dir='ltr'>c.</span> <span class='ocrx_word' id='word_1_1194' title='bbox 1740 2785 1778 2808; x_wconf 80' lang='lat'>12.</span> <span class='ocrx_word' id='word_1_1195' title='bbox 1798 2783 1820 2816; x_wconf 92' lang='lat'>3.</span> <span class='ocrx_word' id='word_1_1196' title='bbox 1839 2784 1863 2809; x_wconf 87' lang='lat'>3.</span> <span class='ocrx_word' id='word_1_1197' title='bbox 1886 2781 1918 2808; x_wconf 82' lang='lat' dir='ltr'>de</span> 
     </span>
     <span class='ocr_line' id='line_1_126' title="bbox 1085 2826 1349 2863; baseline -0.004 -10"><span class='ocrx_word' id='word_1_1198' title='bbox 1085 2826 1160 2853; x_wconf 74' lang='lat' dir='ltr'>aedis.</span> <span class='ocrx_word' id='word_1_1199' title='bbox 1179 2828 1246 2863; x_wconf 86' lang='lat' dir='ltr'>priv.</span> <span class='ocrx_word' id='word_1_1200' title='bbox 1265 2828 1289 2853; x_wconf 77' lang='lat'>8.</span> <span class='ocrx_word' id='word_1_1201' title='bbox 1310 2829 1349 2852; x_wconf 91' lang='lat' dir='ltr'>lo.</span> 
     </span>
     <span class='ocr_line' id='line_1_127' title="bbox 1420 2869 1451 2893; baseline 0 0"><span class='ocrx_word' id='word_1_1202' title='bbox 1420 2869 1477 2893; x_wconf 84' lang='lat'><strong>16</strong></span> 
     </span>
    </p>
   </div>
  </div>
 </body>
</html>
