2197 3121
938 139 1013 171 INC
1039 158 1077 164 —
1102 140 1189 171 IND.
1865 141 1928 172 455

238 224 408 252 lncuria.
447 225 673 260 Negligentia.
693 222 723 249 II.
746 224 812 256 Op·
837 221 969 248 Consulto
991 223 1041 255 (in-

203 267 273 299 ferri,
293 277 316 294 v.
337 267 456 300 evadere,
475 277 512 294 sc.
532 266 637 303 ignem.)
661 265 733 292 Paul.
755 264 785 291 V.
805 266 828 291 3.
855 265 877 298 ξ.
897 266 920 291 6.
952 264 1042 291 Fraus.

203 309 252 336 Th.
273 309 304 336 C.
324 309 366 336 III.
389 312 428 336 17.
449 320 470 336 c.
490 312 514 336 4.
534 310 555 343 §.
575 311 599 335 2.
620 308 652 335 de
672 313 718 335 tut,
738 313 763 335 et
783 318 836 334 cur.
857 318 891 334 cr.
911 307 952 334 IIIv
974 309 1041 335 Gn.

202 352 320 379 Fortuita
339 353 467 384 incendia.
487 362 553 389 quae
578 361 640 378 casu
660 352 732 378 venti
751 351 862 382 serente,
881 350 923 376 vel
942 351 1041 377 incuria

201 396 286 432 ignem
306 396 490 433 supponmtis,
511 394 659 428 (evadunt.)
683 393 754 421 Paul.
774 393 808 420 V.
825 395 866 419 20.
886 393 907 427 ξ.
927 395 951 419 3.
988 392 1041 419 Vbi

201 439 261 475 quis
282 439 380 465 incuria
399 442 506 464 necatus
526 442 581 469 est,
605 437 648 464 vel
673 437 767 464 medici
790 435 901 463 insidiis,
925 436 954 462 fr.
974 437 998 461 5.
1018 435 1039 469 ξ.

174 506 175 509 ,
200 482 225 507 3.
247 481 279 507 de
299 480 366 508 S.C.
392 480 473 507 Silan.
497 482 540 506 29.
565 482 589 507 5.
631 480 681 507 Per
700 489 828 510 errorem,
852 483 896 505 aut
915 479 1040 505 incuriam

201 523 308 555 domini.
329 523 398 557 (loca
417 523 476 550 data
495 523 526 549 ab
546 522 605 549 aliis
625 523 771 560 possessa.)
792 522 841 548 Th.
862 521 892 548 C.
912 520 942 547 II.
956 522 997 547 26.
1018 531 1039 547 c.

202 568 224 593 l.
245 567 347 599 (ch.)
367 566 410 592 fin.
431 565 538 602 regund.
577 565 626 592 Vel
646 567 754 598 incuria,
773 564 816 591 vel
828 569 960 591 vetustate
974 563 1040 597 (col-

200 609 290 647 lapsae
309 609 418 646 partes.)
438 608 474 635 lb.
495 608 553 635 XV.
575 611 596 636 l.
618 620 638 636 c.
659 611 701 636 20.
721 609 754 635 de
772 618 833 645 opp.
854 607 916 645 pub.

235 652 468 679 Incuriosus.
487 651 616 685 (Adit-et.)
638 654 747 679 Curae
765 661 887 684 expers.
908 650 950 677 III.
973 651 1040 678 Gn.

200 695 270 721 Inter
288 694 456 721 insolentiam
477 696 642 727 incuriosam,
663 694 710 728 [al.
734 693 916 726 iniuriosam]
938 698 963 719 et
982 693 1040 719 dili-

199 738 311 774 gentiam
330 747 382 763 non
402 737 567 764 ambitiosam
591 737 711 772 (multum
731 737 863 769 interest.)
889 736 918 762 I'r.
938 737 980 762 33.
1000 745 1039 772 pr.

199 780 232 807 de
251 790 322 806 usur.
336 781 378 806 22.
394 781 419 806 l.
454 780 538 807 Nobis
558 786 643 807 tamen
662 779 727 806 nihil
746 780 907 806 incuriosum
927 784 1042 816 praeter-

198 824 307 850 missum
328 827 376 849 est.
398 823 419 856 ς’.
439 824 463 849 4.
484 823 502 849 Ι.
523 823 555 850 (19
574 824 603 850 Β.
624 823 651 849 P.
671 824 696 849 3.
718 824 757 849 10.

233 867 453 893 Incurrere.
491 867 522 900 §.
547 867 581 892 1.
620 867 828 892 Concurrere.
866 864 885 891 I.
906 866 968 899 Sy.
992 864 1040 891 Im-

196 909 277 946 pingi.
298 908 442 935 Incurrere.
464 908 505 935 Ck'.
525 919 549 936 v.
568 908 723 945 Impingere.
743 909 764 943 ξ.
787 910 809 934 l.
830 924 861 927 —
881 908 912 941 δ.
937 909 972 934 2.
993 909 1040 934 In-

197 954 378 979 cursionem
392 953 516 988 facere.
552 951 595 977 III.
620 952 686 979 Gn.
713 951 753 978 Ne
773 951 850 978 detur
868 950 991 977 hostibus
1010 950 1039 977 li-

197 995 282 1021 centia
301 994 464 1026 incurrendi,
488 999 533 1021 aut
557 994 711 1021 devastandi
735 994 801 1021 loca.
826 1005 847 1021 c.
866 996 891 1020 2.
920 995 941 1028 ξ.
961 996 985 1020 4.
1006 993 1039 1020 de

196 1037 241 1063 off.
261 1036 313 1063 Prf.
333 1036 375 1063 Pr.
395 1036 453 1063 Asr.
470 1038 493 1063 l.
513 1039 554 1063 27.
590 1053 620 1057 ——
654 1038 683 1070 ς’.
704 1039 741 1064 3.
761 1039 952 1072 ΙηιρΙίειινί,
972 1039 1038 1063 Ex-

195 1081 318 1114 cipere,
339 1082 514 1106 sustinere.
552 1079 569 1106 I.
585 1081 647 1115 Sy.
667 1080 763 1107 Teneri
782 1079 873 1116 (lege.)
892 1080 991 1106 Incurr.
1012 1080 1038 1106 in

196 1122 313 1158 (legem.)
334 1121 405 1148 Paul.
426 1121 457 1148 V.
476 1124 517 1149 ⁴23.
537 1123 575 1157 ἕξ.
595 1125 618 1150 9.
642 1126 680 1150 12.
718 1122 898 1154 Committere,
919 1122 1038 1149 Incursu-

195 1175 240 1192 rus
259 1174 318 1191 esse
338 1166 469 1198 (crimen.)
490 1176 511 1192 e.
533 1167 554 1192 l.
576 1166 608 1192 de
626 1167 693 1203 priv.
714 1176 809 1192 carcer.
829 1167 853 1192 9.
872 1167 897 1192 5.
916 1165 959 1192 III.
972 1166 1037 1193 Gn..

194 1207 309 1245 Lapsum
328 1209 456 1245 temporis
475 1209 619 1235 incurrisse
642 1219 690 1246 per
714 1209 898 1245 negligentiam
918 1213 966 1234 etc.
987 1207 1035 1234 Th.

195 1250 226 1278 C.
243 1250 273 1277 II.
293 1252 317 1277 6.
337 1260 358 1277 c.
378 1253 403 1277 2.
423 1250 456 1277 de
474 1256 553 1289 temp.
574 1261 643 1278 curs.
680 1251 791 1278 Mortem
811 1252 934 1288 excipiat,
956 1256 982 1277 et
1002 1250 1036 1283 id,

194 1293 265 1330 quod
285 1293 447 1326 intendebat,
466 1295 589 1321 incurrat.
609 1294 646 1321 Ib.
661 1294 705 1321 IX.
727 1296 766 1321 14.
787 1305 808 1321 c.
822 1297 846 1321 2.
866 1294 898 1321 ad
911 1294 940 1321 L.
955 1293 1036 1320 Corn.

193 1335 226 1363 de
245 1337 321 1362 sicar.
359 1336 456 1363 Stilum
479 1338 685 1374 proscriptionis
709 1338 850 1364 incurrere.
871 1337 908 1364 lb.
928 1337 974 1363 IX.
993 1338 1035 1363 42.

193 1389 215 1406 c.
236 1380 259 1405 7.
279 1379 312 1405 de
330 1379 392 1405 bon.
412 1389 513 1416 proscr.
550 1379 613 1406 Plus
632 1380 740 1417 petendi
758 1381 905 1418 periculum
925 1381 1035 1407 incurri-

192 1426 257 1449 mus'.
278 1422 351 1449 Paul.
371 1422 389 1449 I.
412 1424 451 1449 13.
476 1423 506 1449 B.
531 1423 553 1456 ξ.
573 1425 596 1449 5.
628 1439 660 1443 ·-—
694 1424 724 1456 ξ.
749 1425 789 1451 4.
820 1426 1034 1455 Inter-cedere,

193 1467 418 1500 Snperrenire.
439 1465 469 1492 II.
484 1467 551 1500 Op.
573 1465 646 1492 Oriri
666 1476 698 1493 ex
717 1467 789 1504 (ipso
808 1467 986 1498 testamento.)
1003 1482 1034 1485 —

192 1508 291 1535 Incurr.
312 1513 385 1535 extra
405 1509 632 1541 (testamentum.)
657 1508 687 1535 l'r.
709 1511 748 1536 16.
774 1509 806 1536 de
826 1510 902 1536 cond.
923 1515 948 1536 et
968 1509 1033 1536 dem.

191 1552 234 1577 35.
255 1553 277 1578 l.
315 1551 357 1577 III.
378 1553 444 1579 (1η.
464 1551 493 1577 Si
513 1551 582 1578 nulla
602 1552 702 1578 fraudis
721 1554 837 1579 incurrat
856 1553 982 1590 suspicio.
1003 1551 1033 1578 fr.

191 1597 216 1620 2.
237 1593 270 1620 de
288 1599 399 1631 separat.
420 1596 461 1620 42.
481 1596 505 1621 6.
542 1594 694 1621 Incurrebat
712 1595 859 1623 haesitatio.
883 1596 912 1623 fr.
932 1598 973 1622 42.
993 1605 1032 1632 pr.

193 1635 226 1663 de
243 1646 276 1663 m.
297 1647 318 1663 c.
339 1637 427 1663 donat.
447 1638 489 1663 39.
509 1638 532 1664 6.
570 1637 618 1664 Ille
636 1643 763 1665 tractatus
787 1640 912 1671 incurrit,
932 1649 963 1665 an
983 1643 1032 1665 etc.

193 1678 223 1705 fr.
244 1681 282 1705 10.
302 1681 324 1706 si
343 1690 405 1717 pars
424 1679 513 1707 liered.
533 1682 556 1707 5.
577 1682 601 1706 4.

228 1723 413 1750 Incursio.
450 1725 616 1757 Irruptio,
637 1726 782 1751 Invasio.
802 1725 820 1751 1.
836 1726 898 1759 Sy.
911 1725 1031 1762 EruptiO.

193 1764 234 1791 CI.
255 1764 279 1791 h.
300 1775 323 1791 v.
344 1765 384 1792 111.
405 1767 471 1793 Cn.
490 1766 602 1792 Hostilis
622 1767 781 1794 incursionis
801 1768 1032 1805 contemplatione,

192 1807 338 1844 periculum
362 1809 511 1835 amissionis
538 1819 567 1835 ac
593 1809 722 1836 fortunam
747 1810 826 1836 futuri
850 1810 936 1837 damni
957 1812 983 1836 iu
1003 1820 1032 1836 se

192 1852 352 1887 suscepisse.
372 1861 393 1877 c.
409 1852 431 1877 l.
451 1850 483 1877 de
502 1852 621 1878 commod
644 1854 668 1878 4.
681 1854 723 1879 23.
760 1852 912 1884 Latronum‚
932 1853 974 1879 vel
987 1853 1033 1879 ho-

192 1895 271 1920 stium
291 1894 416 1920 incursio.
437 1904 458 1919 c.
478 1895 500 1920 7.
521 1894 554 1920 de
573 1894 649 1921 cond.
669 1895 760 1922 inSert.
775 1897 798 1922 6.
812 1897 853 1922 46.
891 1896 1031 1934 Tempore,

191 1938 218 1963 in
243 1947 294 1974 quo
318 1937 489 1963 barbarorum
514 1938 630 1964 incursio
655 1939 792 1965 exstiterit.
818 1949 839 1965 c.
864 1941 886 1965 1.
913 1938 946 1965 de
965 1949 1032 1965 con]-

191 1985 266 2006 meat.
289 1982 327 2006 12.
348 1981 388 2006 43.

226 2025 422 2050 Incursus.
441 2022 558 2055 (Subst.)
579 2025 737 2057 Impetus,
758 2027 920 2051 Saevitia.
935 2024 954 2050 Ι.
969 2025 1031 2058 Sy.

191 2065 344 2092 Discursus.
377 2064 418 2091 Cf.
443 2065 467 2091 h.
492 2075 516 2091 v.
541 2065 563 2098 §.
584 2067 605 2092 l.
643 2066 759 2103 Impetus
779 2067 967 2104 (praedonum,
987 2067 1032 2093 ho·

193 2108 324 2141 stiumve.)
344 2107 374 2134 fr.
397 2110 418 2134 1.
439 2108 460 2142 ξ.
481 2109 505 2134 4.
525 2107 557 2134 de
577 2108 610 2135 O.
631 2113 656 2135 et
675 2109 705 2135 A.
725 2111 766 2136 44.
787 2112 809 2136 7.
834 2110 863 2137 fr.
883 2112 924 2136 23.
948 2110 980 2136 de
999 2109 1030 2136 R.

195 2148 212 2175 I.
231 2152 271 2177 50.
292 2153 331 2178 17.
361 2150 404 2177 III.
419 2152 485 2178 Cn.
504 2150 656 2183 Latronum,
676 2152 825 2180 liostiumve
844 2155 975 2185 incursus,
994 2154 1032 2190 pi-

194 2196 306 2219 ratarum
325 2193 435 2220 insidiae
456 2198 503 2220 etc.
525 2194 554 2220 fr.
576 2195 616 2221 18.
636 2204 674 2231 pr.
696 2196 823 2222 commod.
840 2198 878 2222 13.
893 2198 916 2223 6.
955 2195 1031 2222 Tem-

192 2244 257 2271 pora
276 2235 423 2262 innursibus
443 2237 588 2274 interrupta
608 2237 759 2264 barbaricis.
779 2238 846 2265 Nov.
860 2238 917 2265 Val.
938 2239 979 2265 III.
998 2239 1031 2265 de

193 2276 282 2302 tribut.
302 2276 357 2303 lise.
376 2278 406 2304 11.
428 2281 468 2306 19.
488 2290 509 2306 c.
532 2282 552 2306 l.
572 2281 593 2314 §.
613 2282 636 2306 9.
680 2280 723 2307 Ob
748 2282 882 2308 incursum
906 2282 1030 2314 fluminis,

194 2318 237 2345 vel
257 2323 353 2345 motum
376 2322 464 2348 ruinae
488 2327 537 2349 etc.
562 2322 633 2350 Paul.
658 2323 675 2349 I.
700 2325 740 2350 21.
766 2324 787 2357 §.
810 2325 830 2350 l.
868 2324 1029 2362 Reciprocos

194 2371 295 2398 poenae
314 2363 405 2388 sortiri
424 2364 551 2392 incursus.
572 2365 622 2392 Th.
637 2366 667 2393 C.
688 2366 731 2393 IX.
754 2369 775 2393 l.
796 2378 817 2393 c.
837 2369 860 2393 7.
881 2367 913 2393 de
932 2378 1016 2394 accus.

228 2406 357 2431 Ineun-
389 2407 657 2441 lustramentum,
677 2420 774 2444 ευμεν
793 2413 878 2445 qnod
895 2413 1029 2437 metalla

193 2449 361 2473 cuduntur
378 2449 620 2483 etformantnr.
657 2452 700 2479 III.
725 2454 791 2480 Cn.
820 2453 849 2479 Si
869 2453 941 2480 faber
959 2454 1030 2480 incu-

194 2488 251 2515 dem
276 2493 320 2514 aut
346 2489 468 2516 malleum
491 2491 602 2528 fregerit.
631 2494 660 2521 I'r.
685 2497 708 2522 2.
738 2496 760 2530 ᾗ.
787 2497 809 2522 l.
836 2496 869 2522 de
893 2496 923 2522 L.
942 2496 1028 2523 Rhod.

194 2533 234 2557 14.
254 2533 278 2557 2.

229 2575 469 2603 Incusabilis.
506 2576 634 2611 (Adiect.)
672 2582 870 2616 Culpandtts.
909 2582 1029 2609 mvn.

193 2616 229 2643 Vt
247 2616 400 2643 incusabilis
421 2618 464 2651 [al.
484 2620 653 2654 excusabilis]
679 2623 755 2661 culpa
782 2626 829 2657 sit,
855 2635 931 2661 quam
952 2626 1028 2651 etiam

193 2670 285 2686 recens
304 2659 448 2696 prohibitio
468 2671 521 2688 non
540 2662 666 2689 emendat.
686 2664 821 2694 Nov,Val‚
836 2667 877 2694 III,
899 2667 931 2694 de
950 2669 1027 2694 tiron,

193 2702 224 2729 II.
243 2704 267 2730 6,
287 2713 308 2729 c.
330 2704 351 2728 l.
371 2712 409 2739 pr.

228 2746 424 2772 Incusare.
462 2747 621 2781 culpare,
644 2749 790 2785 Deferre.
827 2752 857 2785 1.>
871 2754 933 2788 Sy.
955 2753 1028 2780 Incu-

194 2792 274 2820 satus,
293 2798 314 2814 s.
335 2787 452 2815 Persona
472 2789 597 2817 incusata.
616 2790 696 2817 Reus.
717 2802 737 2819 c.
757 2795 797 2820 37.
817 2795 838 2828 §.
852 2797 875 2822 2.
896 2796 928 2822 de
947 2797 1026 2833 episc.

1088 227 1113 248 et
1132 222 1193 249 cler.
1215 223 1237 247 l.
1256 222 1280 248 3.
1301 232 1321 248 c.
1344 223 1383 249 11.
1404 222 1436 249 de
1456 232 1540 249 accus.
1560 224 1584 249 9.
1604 224 1628 248 2.
1666 222 1708 249 III.
1725 223 1790 249 Cn.
1811 221 1847 248 Vt
1866 223 1926 249 inci-

1085 266 1139 301 piat
1157 264 1269 296 functio.
1295 275 1371 301 quam
1394 265 1483 292 nullus
1508 267 1617 292 incusat.
1644 264 1693 292 Th.
1720 264 1750 292 C.
1775 265 1834 292 XII.
1861 267 1883 291 l.
1905 276 1925 291 c.

1087 309 1143 334 192.
1165 307 1197 334 de
1215 307 1348 334 decurion.
1385 308 1464 340 Loca,
1485 310 1509 335 in
1530 309 1626 345 quibus
1646 309 1778 335 incusatae
1797 318 1926 345 personae

1086 351 1242 377 consistunt.
1263 362 1283 377 c.
1303 353 1343 377 37.
1364 352 1386 385 ξ.
1406 354 1430 378 2.
1452 352 1467 378 I.
1490 354 1511 378 1.
1531 354 1555 378 3.
1592 351 1621 378 In
1644 352 1779 389 provincia
1804 352 1925 377 incusan-

1062 398 1064 406 ‘
1085 393 1134 420 dos
1157 410 1188 413 —
1209 394 1352 420 conveniri.
1378 404 1398 420 c.
1419 396 1442 420 3.
1467 395 1488 428 ξ.
1509 396 1531 421 6.
1557 394 1589 421 de
1613 394 1703 420 advoc.
1729 393 1780 420 div.
1802 393 1924 420 iudicum.

1084 438 1108 462 2.
1128 437 1151 462 8.
1198 435 1337 463 Fallaciter
1360 437 1510 463 incusantes
1545 436 1594 464 Th.
1622 437 1653 464 C.
1674 437 1718 463 ΙΧ.
1741 438 1783 463 37.
1809 448 1829 463 (·.
1848 438 1872 463 3.
1893 436 1925 463 de.

1085 478 1221 505 abolition.

1120 523 1335 550 Incusator.
1378 523 1530 555 Delator,
1559 525 1752 550 Accusator.
1795 522 1825 548 11.
1856 523 1923 556 Op.

1085 563 1231 591 Incusatus.
1252 576 1273 592 c.
1295 567 1334 592 18.
1355 566 1376 599 ξ.
1396 567 1420 592 8.
1440 565 1473 592 de
1491 565 1522 592 R.
1542 566 1574 593 M.
1597 568 1636 592 12.
1655 567 1696 592 36.

1120 608 1390 635 Incustoditus.
1427 608 1557 641 (Adiect.)
1600 611 1676 636 Sine
1698 610 1830 635 custode
1853 617 1923 634 eon-

1085 652 1235 677 stitutus.
1274 651 1316 677 III.
1337 653 1402 679 (Ῐη.
1428 651 1480 687 Qui
1504 653 1605 688 privata
1625 662 1710 683 sacra,
1729 651 1772 677 vel
1792 649 1923 677 aediculas

1085 693 1267 726 incustoditas,
1287 699 1462 721 tentaverunt.
1486 694 1516 722 fr.
1537 696 1561 722 9.
1586 695 1608 729 ᾗ.
1630 696 1652 721 1.
1671 694 1701 720 ad
1721 693 1750 720 L.
1771 694 1817 720 Iul.
1837 692 1922 730 pecul.

1085 737 1127 762 48.
1151 738 1188 763 13.

1121 780 1327 814 Indagare.
1365 782 1553 815 Inquirere,
1574 782 1789 815 Investigare.
1827 779 1845 805 1.
1861 780 1922 813 Sy.

1084 820 1236 858 Requirere.
1262 823 1311 850 Th.
1332 823 1363 850 C.
1383 823 1425 850 111.
1445 825 1468 849 5.
1490 834 1510 849 c.
1530 825 1554 849 2.
1579 824 1600 857 ξ.
1624 825 1649 849 2.
1674 822 1706 849 de
1730 822 1846 860 sponsal.
1868 821 1921 848 VII.

1086 865 1125 890 18.
1146 875 1167 891 c,
1188 866 1211 891 9.
1230 876 1269 902 pr.
1290 876 1310 892 c.
1334 868 1373 893 17.
1394 866 1426 893 de
1446 866 1573 893 desertor.
1594 866 1636 892 III.
1651 867 1718 894 Gn.
1738 865 1843 901 Quibus
1863 875 1922 891 cura

1084 906 1222 943 indagandi
1243 914 1296 941 (sc.
1319 909 1488 940 desertores)
1513 910 1651 935 commissa
1675 913 1723 935 est.
1743 908 1779 934 lb.
1800 908 1815 934 l.
1830 908 1845 934 l.
1866 907 1921 933 Vll.

1085 950 1125 976 18.
1145 960 1167 977 c.
1187 952 1211 976 9.
1232 961 1271 988 pr.
1317 952 1414 978 Eorum
1439 952 1573 988 diligentia
1599 951 1714 988 indagari
1738 951 1921 988 praecipimus.

1083 997 1112 1019 ut
1131 997 1180 1019 etc.
1200 993 1236 1020 lb.
1257 993 1312 1020 Vll.
1332 996 1355 1020 4.
1377 1004 1398 1020 c.
1417 996 1458 1021 33.
1479 995 1511 1021 de
1531 1005 1600 1032 erog.
1620 994 1673 1021 mil.
1694 1004 1787 1020 annon.

1118 1036 1336 1071 Indagatio.
1364 1037 1394 1070 ξ.
1412 1038 1446 1064 l.
1472 1040 1711 1074 Investigativ,
1732 1038 1921 1071 Inquisitio.

1082 1078 1101 1105 I.
1115 1080 1178 1113 Sy.
1200 1078 1398 1116 Pervestigatio.
1424 1079 1473 1106 Th,
1494 1080 1524 1106 C.
1546 1080 1598 1107 Vll.
1619 1083 1661 1107 22.
1686 1091 1707 1107 c.
1728 1082 1750 1106 7.
1771 1079 1803 1106 de
1821 1078 1858 1105 fil.
1877 1079 1922 1105 mi-

1082 1121 1149 1148 litar.
1171 1121 1239 1148 VIII.
1259 1125 1283 1148 2.
1304 1132 1325 1148 c.
1344 1124 1368 1149 3.
1389 1122 1421 1149 de
1440 1122 1549 1149 tabular.
1568 1123 1665 1159 logogr.
1703 1123 1744 1149 III.
1766 1124 1832 1150 Gn·
1851 1122 1921 1158 Igna-

1082 1166 1139 1191 viae
1167 1165 1266 1191 atebris
1285 1165 1328 1192 vel
1352 1175 1409 1192 sera
1435 1166 1602 1202 indagatione
1625 1171 1783 1203 protractus.
1809 1165 1845 1191 lb.
1866 1165 1882 1191 1.
1903 1164 1920 1191 l.

1082 1207 1138 1234 VII.
1157 1211 1199 1235 22.
1221 1219 1242 1235 c.
1262 1210 1285 1235 7.
1323 1208 1446 1235 Severam
1467 1209 1659 1245 indagationem
1679 1220 1725 1246 per
1743 1213 1872 1235 tormenta
1888 1224 1920 1227 —

1081 1251 1276 1278 submovemus
1297 1251 1333 1278 lb.
1348 1251 1391 1278 IX.
1411 1254 1452 1278 35.
1472 1262 1493 1278 c.
1507 1254 1531 1279 3.
1552 1252 1584 1279 de
1598 1253 1743 1289 quaestion.
1779 1251 1867 1277 Habes
1883 1261 1921 1277 re-

1080 1294 1181 1321 siduam
1201 1294 1406 1331 indagationem.
1432 1300 1457 1321 et
1475 1300 1552 1332 potes
1572 1295 1604 1322 de
1623 1295 1675 1322 fide
1695 1296 1841 1332 scripturae
1861 1294 1921 1320 civi-

1079 1337 1141 1363 liter
1159 1338 1241 1374 queri.
1262 1348 1283 1365 c.
1303 1340 1326 1364 9.
1346 1337 1378 1364 ad
1397 1337 1426 1365 L.
1447 1337 1528 1365 Corn.
1549 1338 1581 1365 de
1601 1338 1658 1365 sals.
1678 1341 1701 1366 9.
1720 1340 1762 1364 22.
1783 1354 1815 1358 —
1834 1338 1866 1371 §.
1884 1338 1920 1363 2.

1080 1382 1253 1414 [aspectio.
1293 1380 1335 1407 III.
1366 1382 1432 1408 Cn.
1464 1381 1529 1408 Post
1553 1392 1690 1408 excessum
1712 1381 1775 1408 XIV
1795 1390 1921 1407 annorum

1079 1423 1192 1460 puberes
1218 1424 1414 1456 existimentur,
1438 1424 1605 1461 indagatione
1633 1425 1753 1462 corporis
1781 1424 1920 1450 inhonesta

1079 1471 1208 1492 cessante.
1230 1477 1250 1493 c.
1270 1468 1294 1492 3.
1315 1466 1366 1502 Qu.
1386 1471 1433 1493 tut.
1453 1477 1477 1494 v.
1498 1478 1552 1494 cur.
1572 1471 1596 1494 5.
1616 1469 1658 1494 60.

1113 1510 1274 1543 Indago.
1312 1511 1343 1543 ξ.
1364 1511 1398 1537 l.
1437 1512 1642 1545 Adparatus,
1667 1520 1689 1536 v.
1714 1512 1805 1544 Spes,
1826 1519 1919 1536 vena-

1078 1554 1189 1579 tionis.
1226 1552 1270 1578 III.
1294 1554 1359 1580 Gn·
1384 1552 1451 1579 Cum
1471 1552 1586 1580 futurum
1605 1554 1701 1579 iactum
1719 1553 1783 1578 retis
1804 1562 1817 1577 a
1835 1552 1919 1589 pisca-

1079 1600 1135 1621 tore
1155 1596 1273 1626 emimus,
1293 1600 1338 1622 aut
1357 1595 1503 1632 indaginem
1526 1596 1611 1634 plagis
1635 1596 1731 1633 positis
1751 1605 1764 1621 a
1783 1599 1918 1625 venatore,

1078 1637 1120 1664 vel
1138 1638 1291 1675 pantheram
1315 1639 1346 1665 ab
1371 1649 1478 1676 aucupe.
1504 1639 1535 1666 fr.
1557 1641 1595 1666 ll.
1621 1640 1642 1673 ξ.
1668 1640 1707 1665 18.
1733 1637 1766 1664 de
1784 1637 1816 1663 A.
1836 1637 1865 1663 E.
1886 1635 1918 1663 V.

1080 1682 1160 1707 19.1.
1183 1697 1212 1702 —
1233 1682 1264 1714 ᾖ.
1281 1683 1316 1708 2.
1338 1684 1533 1717 Indagatw,
1554 1682 1781 1708 Examinatio.
1819 1679 1836 1706 1.
1855 1680 1917 1714 Sy·

1077 1723 1223 1759 Inquisitio.
1244 1723 1376 1759 CognItio.
1398 1723 1447 1750 Th.
1468 1724 1498 1751 C.
1519 1725 1563 1751 lx.
1584 1727 1625 1751 42.
1646 1735 1667 1751 c.
1682 1726 1705 1750 7.
1726 1723 1757 1749 de
1776 1722 1837 1748 bon.
1858 1732 1917 1759 pro-

1077 1776 1127 1792 scr.
1146 1766 1179 1792 X.
1201 1768 1240 1792 12.
1261 1776 1282 1793 c.
1303 1769 1326 1793 2.
1346 1767 1383 1801 ἒξ.
1405 1769 1427 1793 l.
1446 1769 1470 1794 3.
1491 1769 1513 1794 si
1532 1778 1586 1804 vag.
1607 1772 1660 1804 pet.
1680 1777 1762 1793 manc.
1782 1765 1825 1792 III.
1851 1767 1917 1793 Cn.

1077 1808 1181 1844 Quodsi
1201 1809 1295 1835 sactum
1314 1810 1420 1847 publica
1440 1810 1533 1846 indago
1553 1811 1721 1847 compererit.
1742 1809 1778 1836 Ib.
1793 1808 1835 1835 III.
1857 1810 1878 1834 l.
1894 1818 1915 1835 c.

1076 1853 1099 1878 5.
1121 1851 1153 1878 de
1172 1857 1255 1878 contr.
1275 1857 1335 1878 emt.
1373 1852 1474 1879 Omnes
1494 1854 1621 1879 stationes
1636 1854 1741 1879 navium
1760 1867 1794 1871 —
1813 1851 1916 1878 sollerti

1076 1894 1259 1921 custodiantur
1281 1895 1408 1932 indagine.
1434 1896 1470 1922 Ib.
1496 1896 1550 1923 VII.
1578 1898 1614 1923 16.
1646 1907 1667 1923 c.
1692 1898 1715 1922 2.
1740 1895 1773 1921 de
1796 1895 1865 1921 litor.
1891 1899 1917 1920 et

1076 1939 1130 1964 itin.
1153 1943 1218 1964 cust.
1257 1938 1361 1974 Quibus
1386 1938 1427 1965 vel
1452 1939 1628 1966 discussionis
1651 1939 1758 1975 indago.
1778 1938 1819 1964 vel
1840 1948 1917 1974 nego-

1077 1982 1140 2007 tium
1160 1980 1282 2007 censuale
1301 1981 1444 2008 mandatur.
1466 1982 1502 2008 11).
1524 1981 1590 2008 VIII.
1613 1984 1652 2008 15.
1672 1992 1693 2008 c.
1708 1984 1731 2007 5.
1751 1982 1772 2015 ξ.
1789 1983 1810 2007 l.
1831 1981 1863 2007 de
1882 1981 1915 2006 iis

1076 2034 1118 2060 qu.
1139 2024 1233 2050 admin.
1271 2024 1358 2051 Nullis
1383 2026 1455 2051 finita
1480 2024 1643 2062 temporibus
1666 2024 1847 2051 huiuscemodi
1868 2025 1915 2050 cri-

1075 2068 1153 2094 minis
1177 2072 1295 2094 arceatur
1319 2068 1422 2104 indago.
1449 2068 1485 2095 lb.
1510 2067 1581 2094 XVI.
1607 2070 1630 2094 7.
1655 2078 1676 2094 c.
1697 2070 1719 2094 7.
1740 2078 1778 2104 pr.
1803 2066 1835 2093 de.
1855 2077 1915 2104 apo-

1075 2115 1135 2137 stat.
1174 2111 1337 2146 Quaestione
1357 2111 1428 2137 civili
1448 2127 1479 2130 —
1501 2112 1650 2143 terminata,
1670 2112 1794 2137 acerrima
1813 2110 1858 2137 {iat
1877 2111 1914 2136 in-

1075 2153 1140 2190 dago
1160 2155 1318 2190 argumentis
1339 2159 1387 2181 etc.
1407 2154 1444 2180 lb.
1459 2154 1502 2181 lx.
1525 2156 1564 2181 19.
1585 2164 1605 2180 c.
1619 2156 1643 2180 2.
1663 2155 1684 2188 §.
1701 2155 1722 2180 I.
1743 2153 1775 2180 ad
1788 2153 1817 2180 L.
1832 2153 1912 2179 Corn.

1075 2196 1108 2223 de
1127 2196 1185 2223 fals.

1110 2241 1220 2266 Inde.
1241 2239 1353 2272 (Advb.)
1382 2240 1412 2272 §.
1433 2241 1468 2266 1.
1488 2241 1536 2266 ΕΙ
1554 2250 1585 2266 eo
1605 2242 1682 2266 loco.
1702 2239 1744 2266 III.
1764 2241 1829 2268 Cn.
1850 2239 1911 2274 Qui,

1075 2288 1186 2319 propter
1209 2282 1262 2309 loci
1281 2283 1447 2318 religionem,
1469 2282 1528 2308 inde
1548 2293 1576 2308 se
1595 2293 1700 2309 movere
1720 2293 1771 2309 non
1790 2286 1909 2319 possunt.

1073 2325 1103 2352 fr.
1123 2327 1147 2352 2.
1168 2325 1200 2351 de
1220 2326 1246 2351 in
1266 2327 1306 2351 ius
1326 2335 1381 2351 voc.
1402 2327 1426 2351 2.
1447 2326 1470 2351 4.
1508 2325 1542 2351 Et
1555 2325 1650 2357 solent.
1670 2327 1715 2362 qui
1728 2326 1838 2352 liberare
1853 2334 1911 2351 eum

1074 2368 1160 2395 locum
1180 2368 1306 2404 religione
1325 2368 1425 2399 volunt,
1445 2378 1518 2394 sacra
1537 2368 1598 2395 inde
1617 2379 1732 2395 evocare.
1753 2368 1782 2394 I'r.
1801 2370 1825 2393 9.
1845 2368 1866 2401 ξ.
1885 2369 1909 2393 2.

1074 2411 1106 2438 de.
1124 2411 1155 2438 R.
1171 2411 1204 2438 D.
1226 2413 1248 2437 l.
1264 2414 1286 2437 8.
1324 2411 1438 2437 Domum
1458 2421 1530 2437 suam
1550 2411 1645 2438 ducere
1664 2413 1712 2445 (sc.
1727 2411 1834 2436 alienam
1848 2420 1910 2436 uxo—

1073 2455 1149 2487 rem)
1169 2459 1195 2481 et
1219 2453 1280 2480 inde
1304 2455 1397 2480 marito
1422 2454 1478 2480 eius
1498 2454 1635 2491 repudium
1654 2455 1763 2480 mittere.
1784 2452 1813 2479 fr.
1833 2455 1857 2480 8.
1877 2453 1910 2480 de

1073 2497 1168 2523 divort.
1188 2498 1231 2523 24.
1243 2499 1267 2523 2.
1305 2496 1401 2529 Locus,
1421 2507 1473 2534 quo
1492 2498 1665 2534 importantur
1683 2506 1792 2527 merces,
1811 2501 1837 2522 et
1849 2496 1910 2522 inde

1073 2544 1254 2577 exportantur.
1275 2539 1305 2566 sr.
1319 2541 1361 2566 59.
1386 2539 1418 2567 de
1429 2539 1460 2566 V.
1472 2540 1498 2566 S.
1513 2542 1553 2566 50.
1571 2541 1608 2565 16.
1621 2553 1651 2556 —
1663 2539 1692 2572 §0
1705 2540 1739 2565 2.
1751 2541 1800 2565 Ex
1813 2549 1847 2566 ea
1866 2549 1908 2570 re,

1075 2584 1117 2609 Ob
1137 2593 1205 2609 eam
1225 2593 1293 2609 rem.
1331 2583 1349 2609 I.
1373 2584 1434 2618 Sy.
1461 2582 1536 2609 Vnde
1556 2581 1628 2614 (dici,
1648 2591 1667 2607 s.
1688 2582 1796 2614 vocari.)
1816 2581 1846 2609 fr.
1869 2583 1907 2609 18.

1073 2625 1102 2652 l'r.
1126 2627 1181 2651 111.
1203 2625 1232 2651 sr.
1254 2627 1311 2652 180.
1332 2625 1362 2653 sr.
1383 2628 1439 2652 183,
1460 2635 1499 2661 sq.
1518 2624 1552 2650 ib.
1566 2626 1606 2650 50.
1622 2625 1661 2650 16.
1699 2623 1820 2651 Proinde.
1840 2624 1870 2651 fr.
1885 2627 1907 2651 7.

1072 2669 1110 2702 ἓξ.
1132 2670 1154 2694 l.
1174 2669 1198 2694 3.
1219 2668 1271 2703 Qu.
1291 2668 1348 2695 dies
1366 2668 1442 2704 legat.
1465 2669 1507 2694 36.
1530 2669 1554 2693 2.
1592 2666 1634 2693 ΙΙΙ.
1655 2668 1720 2694 Cn.
1749 2668 1829 2703 Quod
1849 2669 1908 2705 quis

1072 2711 1131 2737 ideo
1152 2710 1274 2743 locasset,
1294 2716 1323 2737 ut
1341 2710 1402 2737 inde
1420 2710 1556 2747 pecuniam
1575 2714 1707 2747 acceptam
1726 2711 1751 2737 in
1771 2711 1907 2748 dapem—

1073 2753 1243 2791 impenderet.
1264 2754 1321 2781 Gai.
1340 2753 1383 2779 IV.
1403 2755 1444 2778 28.
1482 2751 1510 2778 Si
1530 2753 1565 2778 sit
1578 2757 1648 2779 certa
1661 2755 1792 2790 quantitas
1806 2754 1903 2781 relicta.

1071 2813 1103 2816 —
1123 2798 1158 2823 ita
1182 2802 1210 2823 ut
1233 2797 1293 2823 inde
1318 2796 1437 2822 alimenta
1462 2795 1523 2822 Seio
1546 2800 1722 2833 praestentur.
1748 2796 1777 2822 fr.
1797 2797 1820 2822 8,
1841 2796 1862 2829 ᾗ.
1881 2798 1904 2821 5.
