2197 3121
241 173 305 204 508

278 256 443 282 lton-are.
480 254 510 286 ἓ.
536 255 570 281 l.
596 255 765 288 nepetae,
790 255 948 280 Rerolere.
986 252 1005 279 Ι.
1025 254 1087 287 Sy.

242 297 389 324 Geminare.
416 296 456 323 (Ὺ.
477 296 502 323 h.
523 307 546 323 v,
566 297 587 329 5.
611 298 632 322 l.
670 295 701 322 11.
722 298 789 330 Op.
815 295 910 322 Semel.
932 311 963 315 —
984 296 1088 327 Iterata,

241 340 331 367 Tertia
352 341 453 373 (vice.)
479 339 528 365 Th.
550 338 580 365 C.
601 338 636 364 X.
658 340 698 365 10.
723 349 744 365 c.
763 340 806 365 28.
826 338 858 365 de
877 339 951 376 petit.
973 344 998 365 et
1018 338 1088 365 ultro

242 384 293 410 dat.
331 383 372 409 ΙΙΙ.
395 384 460 410 (ἠ.
486 381 526 407 Ad
547 381 690 408 iterandam
710 382 929 412 conductionem,
950 387 1088 418 antequam

241 427 373 463 superiori
393 425 563 452 conductioni
584 425 755 452 satisfaciant.
776 424 930 451 admittendi
946 435 999 451 non
1019 430 1087 451 sunt.

242 470 272 495 fr.
292 471 316 494 9.
337 469 358 503 5
377 472 402 494 2.
423 468 455 494 tle
474 467 607 505 publican.
628 470 669 494 39.
690 469 713 494 4.
751 468 853 505 Sponte
873 469 967 493 iterare
987 468 1089 501 (sacer-

242 512 351 538 dotium.
372 522 395 537 v.
415 512 532 543 munus)
553 511 583 537 t'r.
605 512 645 537 17.
666 510 697 537 cf.
722 511 753 537 fr.
775 513 813 537 14.
835 512 856 544 5.
877 512 901 537 6.
921 510 953 537 de
973 520 1042 537 mun.
1063 516 1088 537 et

242 554 303 580 hon.
322 557 364 581 50.
384 556 407 580 4.
446 553 501 580 Nec
521 555 634 590 patimur
654 553 806 590 frequenter
826 554 922 580 iterari.
943 564 1010 590 quae
1029 564 1088 579 eon-

242 599 337 624 sisterc
357 598 440 634 prima
459 598 562 623 actione
580 607 632 623 non
647 598 786 633 quiverint.
808 595 858 622 Th.
871 595 901 622 C.
913 595 956 622 lX.
968 598 1010 623 39.
1031 607 1052 623 c.
1066 599 1087 623 l.

241 640 275 669 de
295 640 404 667 calunm.
441 639 520 676 Legis
541 640 658 666 iteranda
679 644 740 666 sunt
760 640 895 666 beneficia.
923 639 960 666 Ib.
981 638 1027 666 ΙΥ.
1045 642 1087 665 22.

242 693 263 710 c.
284 685 307 709 4.
329 683 397 709 unde
415 684 448 710 vi.
487 683 581 709 lterata
602 682 658 718 lege
678 683 817 708 sancimus.
843 682 880 708 lb.
894 681 951 708 Xll.
968 684 990 708 l.
1011 693 1032 708 c.
1046 684 1087 708 35.

242 736 263 752 c.
285 728 342 752 118.
362 727 428 760 5.1.
449 726 481 753 de
501 726 634 753 decurion.
654 740 684 744 —
719 726 750 759 §.
772 726 807 752 2.
841 727 954 752 lastae
980 735 1087 752 manu-

242 771 411 796 mistionis
443 771 604 796 solemnia
633 771 748 795 addere
781 770 949 794 anteriori
976 778 1087 795 manu-

241 815 397 839 missioni
415 814 520 839 minus
545 814 687 838 solemni.
726 811 768 837 111.
790 812 856 838 Cn.
885 810 915 837 Si
939 810 1006 838 alius
1031 821 1088 837 eum

242 856 296 888 (sc.
316 855 457 888 libertum)
477 854 598 881 Latinum
619 854 722 887 fecerit,
743 854 810 881 alius
830 855 973 881 iteraverit.
1004 853 1088 880 Vatic.

241 898 264 932 ς.
283 900 343 925 221.

278 941 452 968 Iteratio.
490 941 521 974 ς.
542 943 577 968 1.
603 943 780 976 Repetitio.
818 940 861 967 ΙΙΙ.
882 942 945 968 Gn.
976 940 1019 966 Ad
1044 941 1090 966 ite-

242 985 371 1010 rationem
390 985 516 1010 transacti
536 985 624 1010 oneris
643 985 804 1021 (quempiam
818 983 975 1021 impellere.)
995 982 1045 1009 Th.
1058 982 1088 1009 C.

241 1026 298 1054 ΧΠ.
313 1029 337 1054 5.
357 1037 378 1053 c.
392 1028 416 1052 3.
448 1026 576 1062 Qut-mad.
591 1037 660 1054 mun.
681 1029 729 1054 civ.
745 1043 777 1047 -—
798 1027 828 1060 ξ.
844 1029 879 1053 2.
901 1026 1089 1053 Celebratio

242 1071 518 1096 manumissionis
547 1072 658 1096 iustae
685 1072 774 1097 circa
803 1071 957 1096 libertum
987 1071 1089 1095 minus

243 1115 330 1139 iuste
349 1115 588 1139 manumissum.
617 1113 659 1139 ΙΙΙ.
674 1114 740 1141 Gn.
759 1113 900 1139 lteratione
919 1112 949 1138 tit
968 1113 1034 1138 civis
1048 1111 1088 1143 K,

242 1156 287 1192 qui
311 1161 373 1193 post
397 1155 553 1182 latinitatem
572 1171 604 1176 —
629 1157 724 1182 iterum
748 1157 817 1183 iuste
840 1156 1016 1182 manumissus
1041 1160 1088 1181 est.

242 1198 304 1236 le.
325 1198 367 1224 Ill.
388 1200 412 1224 4.
433 1198 464 1225 ct'.
483 1200 505 1224 l.

278 1243 439 1268 Iterato.
477 1241 590 1275 (Advb.)
629 1244 711 1269 Actu
730 1244 880 1277 repetito.
917 1241 935 1267 Ι.
954 1242 1017 1275 Sy.
1041 1240 1090 1267 Ite-

242 1295 306 1311 rum.
326 1284 356 1311 fr.
377 1286 400 1311 6.
421 1284 454 1311 de
474 1295 541 1311 cess.
561 1285 623 1311 bon.
642 1288 684 1311 42.
704 1287 727 1311 3.
748 1286 778 1311 fr.
798 1286 822 1312 3.
843 1285 866 1319 5.
886 1287 909 1311 9.
929 1284 960 1311 fr.
981 1286 1005 1310 5.
1026 1285 1047 1318 5.
1063 1285 1087 1310 3.

242 1327 275 1354 de
294 1327 325 1353 R.
340 1327 372 1354 Μ.
390 1329 432 1354 49.
454 1329 493 1354 16.
531 1328 573 1354 III.
591 1330 657 1356 Cn.
677 1328 770 1354 Postea
790 1329 883 1354 iterato
903 1338 976 1354 reum
996 1327 1088 1353 facere.

242 1370 272 1397 fr.
294 1372 334 1397 17.
354 1370 386 1397 ad
407 1370 433 1397 S.
455 1370 485 1397 C.
512 1370 594 1408 Turp.
615 1373 656 1397 48.
679 1373 717 1398 16.
755 1371 851 1398 Iterato
877 1371 986 1397 eandem
1010 1371 1090 1397 actio-

242 1424 301 1440 nem
321 1413 353 1440 de
373 1413 471 1440 eisdem
491 1414 632 1451 speciebus
646 1414 750 1441 inferre.
772 1425 792 1441 c.
806 1416 827 1440 l.
848 1415 871 1440 si
891 1414 949 1440 adv.
963 1424 1017 1440 rem
1036 1413 1088 1440 iud.

242 1459 267 1483 2.
287 1459 329 1483 27.

279 1502 441 1527 Itertnn.
479 1500 592 1533 (Advh.)
630 1500 661 1533 ξ.
682 1502 717 1527 l.
747 1503 888 1533 Rursus,
914 1502 1032 1527 Denuo.
1069 1500 1088 1526 Ι.

243 1544 305 1577 Sy.
325 1544 365 1569 Ex
386 1544 497 1578 integro,
516 1543 628 1569 Rursus.
655 1542 684 1569 fr.
705 1545 728 1569 7.
749 1554 788 1580 pr.
814 1544 879 1577 5.1.
900 1543 932 1570 de
952 1543 1045 1570 edend.
1064 1545 1089 1569 2.

244 1588 283 1612 13.
305 1587 361 1612 Gai.
376 1586 394 1612 1.
411 1588 467 1612 132.
496 1586 619 1623 Amplius
640 1596 716 1622 quam
736 1587 828 1619 semel,
847 1586 967 1623 Saepius.
988 1586 1045 1613 Gai.
1060 1586 1090 1612 11.
1112 1579 1113 1587 ¹

244 1629 362 1656 155.1V.
376 1630 417 1655 98.
438 1629 468 1655 sr.
490 1631 512 1655 7.
533 1629 565 1655 (lc
585 1629 665 1655 feriis.
684 1632 708 1655 2.
731 1632 770 1656 12.
790 1629 820 1655 fr.
838 1631 876 1656 15.
896 1630 918 1663 5.
941 1631 962 1655 1.
983 1629 1016 1655 de
1035 1629 1088 1655 reb.
1112 1647 1113 1659 1

243 1677 309 1698 auct.
332 1672 384 1699 iud.
404 1674 446 1699 42.
466 1674 489 1698 5.
521 1671 563 1698 Ill.
580 1674 645 1700 Gn.
666 1672 763 1704 Semel.
783 1673 910 1699 iterumve
929 1673 1091 1709 (mancipare
1111 1682 1112 1687 ¹

244 1716 305 1748 etc.)
327 1715 383 1741 Gai.
404 1715 422 1742 I.
446 1718 501 1741 135.
523 1715 552 1741 fr.
574 1717 596 1741 7.
617 1716 700 1749 5.10.
721 1715 753 1742 de
772 1720 840 1752 pact.
860 1717 885 1741 2.
907 1717 945 1741 14.
983 1715 1089 1747 Iterum,

244 1775 275 1779 —-
295 1759 389 1785 iterum
409 1758 469 1792 (edi
489 1758 650 1796 postulare.)
671 1758 701 1785 fr.
721 1760 745 1784 6.
766 1758 804 1792 55.
823 1759 847 1784 8.
869 1760 908 1784 10.
928 1757 958 1785 fr.
979 1760 1002 1785 7.
1023 1759 1044 1792 5.
1066 1760 1089 1785 l.

244 1801 276 1828 de
296 1801 388 1828 edend.
409 1805 432 1828 2.
454 1803 492 1828 13.
531 1801 627 1828 lterum
651 1812 684 1828 ex
708 1802 810 1838 integro
836 1802 972 1834 (cavere.)
996 1801 1027 1828 fr.
1049 1803 1089 1828 15.

244 1854 283 1882 pr.
304 1844 336 1871 de
355 1845 441 1871 damn.
461 1845 505 1871 int.
525 1847 566 1871 39.
585 1847 610 1871 2.
649 1845 702 1880 Qui
727 1850 790 1882 post
814 1844 969 1871 latinitatem
995 1846 1090 1871 iterum

244 1889 314 1914 iuste
333 1889 517 1914 manumissus.
537 1887 597 1925 le.
619 1888 660 1914 lll.
681 1890 705 1914 4.
743 1887 783 1914 Ne
802 1889 896 1914 iterum
915 1887 1037 1914 dominus
1058 1888 1090 1915 de

245 1930 334 1957 eadem
355 1941 382 1957 re
402 1932 559 1968 experiatur.
580 1930 636 1957 Gai.
649 1930 692 1957 lv.
707 1933 748 1957 98.
763 1947 795 1952 -
815 1932 845 1965 §.
861 1933 896 1958 2.
920 1933 1088 1964 Vicissim,

246 1976 382 2000 Contra.
419 1973 461 2000 111.
483 1975 548 2001 Cn.
580 1973 645 2000 Nam
665 1984 750 2011 neque.
769 1976 808 2001 sic
827 1974 966 2001 arctandus
991 1975 1037 2005 sit,
1058 1991 1089 1995 -—-

245 2027 331 2053 neque
356 2018 450 2043 iterum
469 2017 673 2054 permittendum
693 2019 717 2044 ei
737 2023 785 2044 etc.
809 2017 840 2044 fr.
859 2020 883 2044 2.
910 2018 931 2052 5.
952 2019 976 2043 8.
1003 2018 1027 2044 si
1047 2028 1089 2054 qu.

247 2065 324 2086 cautt.
344 2062 368 2086 2.
390 2062 430 2086 11.

282 2104 435 2130 Itidem.
459 2103 572 2137 (Advb.)
603 2106 755 2135 Pariter.
775 2105 863 2130 Item.
899 2103 943 2130 III.
964 2105 1031 2132 οη.
1055 2103 1091 2130 Vt

247 2150 273 2172 et
292 2151 365 2171 antea
385 2147 554 2178 sancivimus,
574 2151 599 2173 et
618 2157 687 2173 nunc
706 2147 796 2173 itidem
815 2148 955 2174 sancimus.
988 2146 1038 2173 Th.
1059 2146 1090 2173 C.

248 2188 314 2215 Vlll.
338 2191 358 2215 l.
379 2200 399 2215 c.
419 2193 443 2216 4.
464 2190 496 2216 de
516 2200 644 2216 numerar.
682 2189 732 2216 Vel
752 2200 815 2216 avus
835 2194 975 2226 paternus,
997 2207 1028 2210 —
1048 2189 1091 2216 vel

247 2242 361 2270 proavus
382 2233 471 2259 itidem
491 2238 624 2270 paternus.
645 2244 665 2259 c.
676 2234 718 2259 29.
739 2233 772 2259 (le
791 2232 863 2259 inol'f.
884 2237 985 2259 testam.
996 2234 1020 2260 3.
1031 2234 1072 2259 28.

284 2277 437 2302 lubere.
464 2277 540 2308 §.L
563 2278 739 2310 Imperare,
760 2277 1091 2309 Praescribere,sa12-

247 2321 354 2346 ctione
375 2321 421 2345 vel
439 2321 573 2345 decreto.
610 2319 628 2345 1.
649 2320 710 2354 Sy.
741 2319 850 2345 Cavere.
875 2317 916 2344 Cl'.
937 2318 962 2344 h.
982 2329 1006 2344 v.
1026 2319 1048 2352 5.
1067 2320 1090 2345 3.

248 2362 389 2399 Praecipit,
410 2360 581 2393 Praescribit,
601 2362 675 2388 lubet
695 2362 781 2396 (lex.)
814 2362 870 2387 Gai.
890 2361 932 2387 111.
955 2363 1011 2387 192.
1032 2372 1090 2398 sqq.

248 2404 310 2442 le.
331 2405 348 2431 Ι.
373 2406 415 2430 24.
441 2404 470 2430 fr.
492 2405 514 2430 7.
540 2414 578 2441 pr.
603 2406 624 2438 5.
644 2408 668 2432 2.
693 2405 725 2431 ad
750 2404 779 2431 L.
806 2404 852 2431 lul.
877 2409 959 2441 repet.
984 2406 1025 2431 48.
1052 2407 1091 2430 11.

248 2448 398 2485 Imperium,
418 2447 560 2473 Decretum
581 2446 747 2482 (Praetoris.)
767 2448 848 2474 Iussit
867 2446 1009 2480 (Praetor.)
1035 2448 1092 2474 Gai.

249 2490 292 2518 IV.
314 2493 371 2517 139.
391 2500 450 2527 sqq.
471 2490 501 2517 fr.
522 2492 545 2517 4.
566 2490 617 2525 Ωιι.
637 2491 728 2516 satisd.
749 2500 804 2527 cog.
823 2492 848 2516 2.
869 2493 893 2516 8.
914 2490 942 2516 sr.
959 2491 999 2516 14.
1019 2489 1093 2516 dere

249 2534 302 2560 iud.
317 2536 358 2560 42.
374 2536 396 2560 l.
428 2533 471 2560 ΠΙ.
487 2535 553 2561 Cn.
573 2532 703 2563 lubemus,
723 2533 864 2565 hortamur,
885 2538 913 2559 ut
926 2538 974 2559 etc.
995 2532 1044 2560 Th.
1060 2533 1090 2559 C.

250 2576 295 2603 lx.
314 2579 355 2604 27.
377 2588 398 2604 c.
418 2579 441 2604 6.
462 2575 493 2603 ad
512 2576 541 2603 L.
562 2575 609 2602 Iul.
629 2579 711 2612 repet.
750 2576 828 2610 Ωιιοι]
848 2575 977 2613 populus,
1002 2586 1025 2602 v.
1046 2576 1092 2602 Se-

251 2624 340 2650 natus,
367 2620 439 2646 iubet
465 2624 543 2655 atque
562 2619 706 2645 constitnit.
739 2618 795 2644 Gai.
815 2619 831 2644 l.
851 2621 876 2645 3.
896 2629 935 2656 sq.
973 2618 1091 2656 Popnlus
1114 2637 1115 2645 η

251 2667 364 2697 rogatur,
384 2673 414 2688 an
435 2662 461 2688 id
481 2663 538 2688 sutri
558 2661 660 2687 iubeat?
680 2660 716 2687 lb.
738 2660 754 2686 1.
774 2662 807 2686 99
853 2661 929 2688 Servi
949 2661 1040 2699 populi
1059 2661 1090 2688 R.

252 2714 311 2730 esse
332 2705 466 2736 iubentur,
490 2709 516 2731 et
539 2705 603 2731 haec
627 2705 661 2730 ita
686 2703 742 2740 lege.
760 2703 834 2729 Aelia
855 2703 882 2729 S.
903 2704 1091 2741 comprehensa

251 2752 320 2774 suut.
345 2746 382 2773 lb.
402 2747 419 2772 l.
438 2750 479 2774 27.
501 2747 532 2774 cs.
552 2750 593 2773 29.
630 2747 671 2773 Ex
690 2746 777 2773 S.Cto
797 2751 880 2772 ratum
900 2757 958 2773 esse
978 2747 1090 2773 iubetur.

251 2789 289 2816 lb.
310 2789 326 2815 1.
347 2790 387 2815 84.
409 2789 439 2815 cl'.
459 2792 499 2816 53.
537 2790 700 2817 Constitutio
720 2789 784 2826 lmp.
807 2805 835 2810 -—
856 2790 934 2815 iussit
953 2794 1001 2816 ete.
1023 2790 1052 2816 fr.
1068 2792 1090 2816 l.

252 2833 273 2867 5.
293 2834 318 2859 3.
338 2832 371 2859 de
390 2832 499 2858 caluinu.
518 2836 542 2859 3.
562 2835 585 2860 6.
607 2833 637 2860 t'r.
657 2836 680 2860 2.
701 2832 733 2859 de
752 2832 838 2859 tideic.
858 2831 922 2858 libb.
941 2833 1020 2858 -10.5.
1052 2832 1091 2859 lu-

1014 169 1231 201 ITE—IUC.

1133 253 1210 279 betur
1229 251 1393 284 (Praefectus
1413 251 1501 289 Vigg.)
1521 252 1670 283 admonere.
1691 258 1718 280 ut
1739 259 1787 281 etc.
1813 254 1842 280 fr.
1863 256 1886 281 3.
1912 255 1933 289 5
1953 257 1977 281 4.

1133 296 1165 322 «lc
1185 296 1229 322 ofl'.
1243 294 1294 321 Prf.
1310 293 1384 331 Yigg.
1402 297 1424 321 1.
1446 297 1486 321 15.
1524 296 1605 331 Quod
1625 297 1710 327 iussit,
1731 298 1847 323 vetnitve
1860 296 1977 324 Praetor.

1134 339 1162 365 l'r.
1180 341 1218 364 14.
1239 337 1272 364 de
1293 348 1320 364 re
1340 337 1392 364 iud.
1406 340 1447 364 42.
1464 340 1485 364 1.
1524 338 1672 376 lmperinm.
1692 349 1716 365 v.
1731 339 1892 372 Auctoritas,
1912 341 1977 368 eius.

1134 383 1178 418 qni
1198 381 1304 408 iubendi
1326 380 1403 407 habet
1421 385 1589 418 potestatem,
1610 392 1630 408 s.
1651 382 1741 409 iubere
1760 384 1853 420 potnit.
1874 383 1904 410 fr.
1918 386 1978 410 214.

1134 425 1165 451 de.
1186 424 1217 451 V.
1237 424 1265 451 S.
1285 426 1325 450 50.
1348 425 1387 450 16.
1409 424 1439 450 ct'.
1466 423 1496 450 fr.
1518 426 1557 451 10.
1591 425 1642 460 Ωιι.
1663 426 1758 462 potior.
1778 428 1820 452 20.
1841 428 1864 452 4.
1885 426 1917 452 fr.
1940 428 1979 454 17.

1133 468 1165 494 de
1190 467 1255 494 adm.
1282 472 1307 494 et
1330 477 1385 504 per.
1409 468 1450 493 26.
1472 469 1495 493 7.
1528 467 1556 494 fr.
1578 470 1601 494 2.
1627 467 1659 494 dc
1685 473 1750 494 extr.
1775 478 1849 505 cogn.
1876 470 1916 495 50.
1938 470 1978 495 13.

1134 510 1202 537 Fieri
1218 510 1316 542 iubere,
1338 509 1518 536 faciendumve
1538 521 1636 537 curare.
1674 510 1784 539 Noenu-e.
1803 512 1924 537 necarive
1943 512 1980 538 iu-

1133 553 1203 580 bere.
1224 553 1294 580 Paul.
1315 552 1358 579 lv.
1377 554 1399 579 7.
1426 553 1447 586 5.
1467 554 1493 579 2.
1514 552 1544 579 V.
1564 555 1606 580 26.
1626 554 1647 587 5.
1670 556 1692 580 1.
1730 553 1803 580 Neve
1824 554 1893 586 dato,
1914 564 1980 581 neve

1133 596 1195 623 dare
1215 596 1312 628 iubeto,
1333 606 1398 622 neve
1418 596 1507 622 sinito.
1541 595 1606 622 Tab.
1626 596 1728 623 lleracl.
1749 596 1794 623 lin.
1811 599 1850 623 18.
1870 607 1921 623 aer.
1936 597 1979 624 Br.

1133 639 1170 666 lta
1189 640 1230 666 ius
1251 639 1345 666 (licito.
1365 638 1459 665 indicia
1480 638 1555 669 dato.
1575 639 1738 676 iudicarique
1758 640 1864 671 iubeto,
1884 641 1980 676 cogito.

1134 682 1161 709 L.
1183 682 1251 709 Gall.
1271 681 1372 719 Cisalp.
1393 681 1411 708 l.
1435 682 1473 707 16.
1494 691 1534 718 sq.
1555 682 1587 708 cs.
1614 681 1644 708 ll.
1664 684 1705 708 20.
1743 682 1772 708 Si
1797 682 1872 709 lorus
1897 684 1923 709 in
1942 684 1980 710 iu-

1134 725 1219 752 bendo
1239 725 1354 752 iudicare
1373 735 1426 751 non
1447 729 1487 750 est
1505 724 1720 762 comprehensus.
1741 725 1771 751 fr.
1785 727 1826 752 59.
1841 726 1873 752 cs.
1893 725 1924 752 fr.
1938 727 1980 752 58.

1134 768 1166 794 (le
1185 767 1263 794 indic.
1283 770 1307 794 5.
1330 770 1351 794 1.
1394 767 1503 794 Praetor
1527 784 1559 787 —
1584 778 1769 805 possessorem
1793 769 1980 801 constituebat,

1135 821 1245 847 eumque
1264 811 1369 837 iubebat
1389 811 1500 848 praedes
1521 810 1672 837 adversario
1696 811 1758 837 dare
1778 811 1832 838 litis
1853 811 1981 838 etvindi—

1135 855 1239 880 ciarum.
1270 854 1326 880 Gai.
1347 853 1390 880 lV.
1413 856 1452 881 16.
1491 853 1578 880 Causa
1598 854 1700 889 cognita
1721 854 1762 880 edi
1782 854 1881 882 iubere.
1906 855 1936 881 t'r.
1955 856 1980 881 6.

1134 897 1171 931 55.
1192 898 1216 923 8.
1237 906 1295 933 sqq.
1315 897 1348 923 de
1368 896 1460 923 edend.
1480 899 1504 923 2.
1528 898 1567 923 13.
1588 896 1618 922 fr.
1638 899 1680 923 89.
1700 897 1722 930 5.
1742 900 1767 923 2.
1786 897 1819 924 (le
1838 897 1869 924 V.
1890 897 1917 924 S.
1937 899 1979 924 50.

1136 942 1175 966 16.
1217 939 1246 966 In
1270 941 1470 977 possessionem
1495 941 1551 965 eius
1574 941 1612 966 rei
1637 955 1669 959 ——
1693 941 1731 966 ire
1758 944 1800 972 et,
1830 950 1888 966 cum
1911 941 1980 967 iusta

1135 992 1211 1009 causa
1231 992 1291 1008 esse
1309 982 1451 1013 videbitur,
1472 984 1549 1009 etiam
1568 982 1708 1020 possidere
1728 983 1826 1009 iubere.
1847 982 1877 1009 fr.
1897 984 1921 1010 7.
1940 993 1980 1020 pr.

1134 1025 1166 1051 de
1186 1025 1271 1052 damn.
1291 1025 1335 1051 inf.
1355 1027 1397 1051 39.
1411 1028 1435 1052 2.
1450 1025 1482 1052 ef.
1503 1025 1533 1051 t'r.
1550 1027 1572 1051 1.
1592 1025 1649 1059 52.
1679 1025 1731 1060 Ωιι.
1752 1026 1801 1051 cui.
1821 1026 1890 1052 univ.
1912 1035 1981 1052 nom.

1133 1070 1156 1094 3.
1177 1070 1201 1094 4.
1226 1067 1256 1094 fr.
1279 1069 1300 1094 l.
1320 1078 1360 1105 pr.
1385 1068 1418 1094 dc
1441 1068 1512 1094 fund.
1538 1067 1591 1094 dot.
1611 1069 1653 1094 23.
1673 1070 1697 1094 5.
1735 1068 1826 1095 Veniri
1845 1068 1907 1095 iube
1926 1070 1980 1102 (sc.

1134 1111 1245 1143 servos)
1266 1112 1315 1143 ita.
1340 1115 1368 1137 ut
1392 1112 1418 1137 in
1438 1115 1596 1148 potestatem
1616 1110 1715 1137 domini
1735 1121 1787 1137 non
1807 1116 1980 1138 revertantur.

1135 1154 1164 1180 t'r.
1184 1157 1208 1180 2.
1229 1153 1261 1180 de
1281 1153 1305 1180 h.
1331 1164 1374 1190 qu.
1399 1155 1448 1180 sui.
1470 1155 1492 1180 l.
1512 1155 1536 1180 6.
1574 1153 1603 1180 Si
1628 1155 1791 1191 expresserit
1815 1154 1894 1182 iudex
1913 1164 1982 1181 sum-

1134 1207 1201 1223 mam
1215 1198 1241 1223 in
1255 1197 1394 1228 sententia,
1415 1196 1538 1233 solvique
1551 1197 1666 1228 iusserit,
1680 1196 1722 1222 vel
1737 1199 1874 1233 praestari.
1894 1197 1924 1224 sr.
1939 1199 1981 1224 59.

1134 1250 1173 1278 pr.
1195 1239 1227 1266 de
1246 1250 1274 1266 re
1293 1238 1346 1266 iud.
1365 1241 1407 1265 42.
1429 1241 1452 1266 1.
1467 1239 1498 1266 cf.
1524 1239 1596 1266 Paul.
1611 1238 1642 1266 V.
1656 1242 1680 1266 4.
1700 1240 1722 1274 5.
1742 1242 1766 1267 9.
1805 1239 1888 1266 Posse
1907 1240 1982 1267 fusti-

1135 1284 1183 1310 bus
1204 1299 1236 1302 —
1257 1282 1330 1309 caedi
1348 1282 1446 1309 iubere.
1471 1282 1501 1309 t'r.
1522 1284 1545 1309 4.
1566 1282 1599 1309 de
1618 1283 1662 1309 oss'.
1682 1282 1723 1309 Pr.
1745 1282 1819 1319 Yigg.
1842 1285 1864 1310 1.
1886 1285 1926 1309 15.
1947 1299 1981 1303 —

1134 1328 1165 1360 §.
1186 1328 1221 1353 2.
1252 1327 1423 1357 Mandore,
1453 1327 1485 1352 vi
1505 1327 1689 1360 potestatis
1714 1328 1909 1362 patrisfam.
1934 1328 1983 1353 vel

1134 1371 1262 1396 domini.
1301 1368 1344 1395 Ill.
1361 1370 1428 1396 Gn.
1452 1368 1579 1401 lubendo,
1598 1367 1641 1394 vel
1660 1373 1744 1395 ratum
1764 1368 1899 1401 habendo,
1919 1371 1982 1402 (no-

1134 1423 1195 1439 vare
1214 1422 1262 1450 per
1281 1411 1424 1438 liliuml'am.
1444 1411 1488 1438 vel
1507 1412 1634 1445 servum.)
1663 1411 1733 1438 Paul.
1749 1411 1780 1438 V.
1801 1413 1824 1438 8.
1843 1412 1909 1446 5.1.
1946 1411 1981 1444 Is,

1135 1457 1179 1493 qui
1199 1456 1273 1482 iubet
1292 1455 1361 1481 dare.
1383 1471 1413 1475 —-
1437 1453 1477 1486 Is,
1502 1455 1543 1480 cui
1562 1464 1655 1492 para-re
1674 1465 1784 1481 necesse
1803 1456 1846 1481 sit.
1871 1454 1901 1481 fr.
1923 1455 1981 1481 169.

1135 1510 1174 1537 pr.
1195 1499 1227 1525 de.
1247 1498 1278 1525 R.
1298 1498 1316 1525 I.
1336 1500 1377 1524 50.
1400 1499 1439 1524 17.
1476 1497 1505 1523 Si
1530 1498 1682 1524 iubentibus
1707 1498 1784 1524 nobis
1809 1497 1902 1524 adierit
1926 1498 1981 1531 (sc.

1135 1544 1171 1571 is.
1192 1543 1236 1578 qui
1256 1543 1282 1568 in
1301 1545 1433 1578 potestate
1452 1547 1542 1567 nostra
1562 1542 1628 1573 est,)
1648 1540 1819 1567 hereditatem
1839 1540 1917 1567 nobis
1937 1540 1982 1567 ad-

1136 1587 1224 1622 quirit.
1250 1585 1306 1611 Gai.
1327 1584 1357 1610 ΙΙ.
1377 1586 1419 1610 87.
1445 1584 1476 1610 cf.
1496 1583 1538 1610 111.
1561 1585 1616 1610 167.
1654 1583 1810 1616 Dominum,
1835 1585 1879 1620 qui
1904 1584 1983 1610 iussit

1136 1638 1212 1655 servo
1233 1638 1295 1659 suo,
1320 1643 1352 1646 —
1372 1627 1499 1653 hactenus
1523 1627 1619 1658 teneri,
1645 1631 1774 1663 qnatenus
1794 1628 1879 1653 iussit.
1904 1626 1935 1653 fr.
1953 1628 1981 1653 3.

1136 1672 1187 1707 Ωιι.
1204 1672 1286 1697 iussu.
1303 1672 1341 1696 15.
1356 1671 1379 1696 4.
1395 1685 1428 1689 -—
1447 1670 1478 1702 §.
1493 1671 1530 1696 3.
1552 1672 1749 1696 Solemniter
1768 1680 1889 1702 cavere,
1907 1679 1984 1704 pro-

1135 1716 1290 1741 missione
1316 1715 1363 1739 vel
1382 1714 1499 1739 ultima
1520 1715 1699 1739 voluntate.
1737 1712 1755 1739 I.
1773 1714 1835 1747 Sy.
1864 1712 1982 1739 Damnas

1135 1762 1200 1789 esto,
1220 1756 1301 1782 Iubeo
1321 1755 1417 1789 (dare.)
1438 1754 1479 1782 Cf.
1500 1765 1524 1782 v.
1539 1755 1663 1782 Damnas.
1702 1754 1783 1781 Liber
1802 1760 1827 1781 et
1847 1755 1924 1782 heres
1943 1765 1982 1782 re-

1135 1800 1221 1826 lictus.
1260 1798 1338 1825 Liber
1357 1808 1417 1825 esse
1436 1800 1540 1831 iussus,
1560 1803 1585 1824 et
1604 1798 1682 1824 heres
1702 1799 1847 1824 institutus.
1885 1798 1942 1825 Gai.
1961 1797 1980 1824 I.

1134 1845 1175 1869 21.
1191 1842 1222 1870 cf.
1243 1842 1272 1869 11.
1290 1844 1348 1868 117.
1364 1842 1420 1868 186.
1441 1840 1502 1879 Ylp.
1517 1841 1534 1868 Ι.
1552 1843 1590 1868 14.
1628 1841 1659 1867 ll.
1677 1843 1744 1875 ΟΡ.
1763 1841 1873 1877 Rogare.
1893 1841 1924 1868 fr.
1937 1841 1980 1867 26.

1135 1897 1174 1924 pr.
1195 1886 1227 1913 de
1247 1896 1295 1912 usu
1312 1890 1337 1911 et
1351 1884 1433 1911 ususr.
1448 1884 1496 1921 leg.
1510 1886 1551 1911 33.
1571 1886 1596 1911 2.
1633 1883 1728 1911 Vetat-e
1748 1885 1787 1918 (in
1801 1883 1980 1916 testamento.)

1135 1930 1164 1956 t'r.
1181 1931 1220 1956 10.
1241 1939 1280 1966 pr.
1301 1929 1357 1962 5.1.
1379 1927 1411 1954 de
1430 1938 1495 1954 man.
1518 1932 1619 1954 testam.
1635 1929 1676 1953 40.
1697 1929 1720 1953 4.
1758 1927 1800 1954 111.
1817 1929 1882 1955 011.
1903 1926 1979 1964 Opus

1135 1977 1175 1999 est
1196 1977 1232 2004 ut,
1251 1971 1358 1998 iubente
1377 1981 1426 2003 me,
1446 1977 1474 1997 tu
1494 1970 1525 1997 ab
1546 1981 1576 1997 eo
1596 1970 1742 2007 stipuleris.
1767 1970 1823 1996 Gai.
1837 1969 1869 1996 Il.
1883 1970 1925 1996 38.
1946 1969 1978 1996 cf.

1135 2016 1164 2043 fr.
1185 2018 1226 2041 51.
1246 2016 1311 2049 5.1.
1332 2014 1365 2040 de
1384 2019 1452 2051 pact.
1471 2017 1495 2040 2.
1518 2015 1556 2040 14.
1595 2013 1750 2039 Fideiussor
1769 2014 1803 2039 ita
1828 2016 1882 2044 (sc.
1902 2013 1980 2039 inter-

1135 2059 1275 2095 rogaturz)
1311 2057 1383 2083 Idem
1403 2056 1455 2083 tide
1474 2061 1516 2083 tua
1537 2066 1596 2082 esse
1615 2056 1708 2082 iubes?
1728 2056 1783 2081 Gai.
1803 2054 1844 2081 lll.
1862 2055 1981 2083 116.1V.

1138 2104 1194 2128 137.
1232 2101 1319 2127 Titius
1343 2099 1419 2126 heres
1444 2100 1514 2126 esto!
1546 2098 1645 2125 Titium
1668 2098 1791 2124 heredem
1811 2107 1870 2124 esse
1889 2098 1979 2125 iubeo!

1135 2145 1171 2172 lb.
1192 2144 1221 2171 11.
1243 2145 1299 2169 117.
1321 2144 1378 2169 186.
1398 2144 1457 2168 267.
1477 2143 1536 2168 276.
1557 2140 1618 2178 le.
1638 2140 1668 2167 11.
1682 2143 1704 2167 7.
1724 2140 1796 2166 XXI.
1818 2143 1839 2167 l.
1860 2151 1880 2167 c.
1895 2142 1918 2167 4.
1939 2151 1978 2178 pr.

1136 2189 1158 2223 5.
1180 2190 1202 2214 1.
1224 2187 1256 2214 de
1276 2186 1307 2213 V.
1322 2186 1349 2213 S.
1370 2188 1393 2212 6.
1413 2187 1455 2212 38.
1492 2185 1529 2211 Ea
1549 2185 1643 2216 omnia,
1663 2194 1729 2220 quae
1748 2193 1827 2220 supra
1846 2183 1901 2210 dari
1921 2184 1980 2211 fieri

1137 2232 1211 2263 inssi.
1232 2241 1260 2256 ea
1280 2229 1335 2256 dari
1355 2230 1412 2255 fieri
1432 2228 1494 2254 volo
1514 2233 1562 2254 etc.
1582 2227 1612 2254 [ι’.
1633 2228 1673 2253 13.
1693 2226 1726 2253 de
1746 2227 1817 2254 inoll'.
1838 2231 1939 2253 testam.
1953 2229 1978 2253 5.

1136 2278 1158 2301 2.
1197 2273 1232 2300 Vt
1251 2273 1329 2300 heres
1349 2272 1470 2299 iubeatur
1488 2271 1550 2297 dare
1568 2270 1645 2296 alicui
1665 2269 1773 2296 usumt'r.
1794 2269 1823 2295 l'r.
1842 2272 1866 2296 3.
1886 2280 1926 2307 pr.
1946 2269 1979 2297 de

1137 2317 1218 2344 usufr.
1238 2319 1261 2343 7.
1282 2318 1305 2342 l.
1352 2316 1451 2342 Servus
1468 2314 1494 2341 X
1518 2313 1579 2340 dare
1598 2314 1704 2345 iussus,
1730 2317 1755 2338 ot
1774 2312 1842 2338 liber
1860 2322 1927 2340 esse.
1947 2312 1979 2340 fr.

1136 2362 1177 2387 (5⁸.
1202 2360 1234 2386 de
1261 2359 1340 2386 solut.
1361 2360 1402 2384 46.
1421 2360 1445 2384 3.
1483 2357 1511 2383 Si
1531 2356 1607 2382 heres
1627 2371 1659 2375 —
1679 2355 1740 2382 darc
1764 2355 1915 2388 damnatus,
1935 2360 1980 2382 aut.

1137 2404 1196 2440 quis
1216 2403 1283 2429 liber
1303 2412 1362 2428 esse
1381 2403 1470 2427 iussus
1489 2403 1536 2425 est.
1558 2398 1587 2425 fr.
1602 2401 1642 2425 49.
1663 2398 1695 2425 de.
1715 2398 1791 2425 cond.
1812 2403 1837 2424 et
1856 2398 1922 2425 dem.
1935 2400 1978 2425 35.

1140 2449 1160 2473 l.
1189 2446 1280 2478 lleres,
1300 2446 1345 2482 qui
1364 2454 1419 2471 eam
1432 2443 1568 2480 pecuniam
1584 2441 1645 2468 dare
1658 2443 1755 2473 iussus.
1770 2441 1906 2468 damnatus
1921 2443 1977 2468 erit.

1137 2490 1166 2516 sr.
1188 2492 1211 2516 1.
1231 2500 1269 2527 pr.
1290 2488 1321 2515 ad
1340 2487 1370 2514 L.
1390 2486 1459 2513 fale.
1478 2487 1519 2512 35.
1539 2487 1563 2511 2.
1600 2484 1762 2511 manumisso
1782 2494 1869 2516 serm,
1888 2484 1930 2511 vel
1949 2483 1979 2511 li-

1137 2533 1200 2559 bero
1222 2542 1280 2559 csse
1300 2533 1381 2561 iusso,
1400 2528 1442 2556 vel
1462 2528 1583 2559 alienato,
1598 2528 1639 2555 vel
1655 2533 1766 2554 mortuo.
1786 2527 1816 2554 fr.
1830 2529 1870 2554 32.
1891 2537 1930 2565 pr.
1944 2526 1977 2553 de

1136 2575 1223 2613 pecul.
1246 2577 1284 2602 15.
1306 2576 1326 2601 1.
1364 2572 1432 2599 Cum
1455 2571 1533 2597 alicui
1557 2572 1655 2598 civitati
1679 2581 1727 2608 per
1745 2570 1977 2597 fideicommissum

1137 2619 1241 2645 restitui
1260 2619 1330 2643 iussa
1350 2620 1421 2642 esset
1440 2614 1579 2641 hereditas.
1600 2614 1630 2640 sr.
1650 2616 1690 2640 26.
1711 2613 1743 2639 de
1763 2612 1793 2639 N.
1814 2613 1846 2639 G.
1865 2614 1889 2639 3.
1907 2614 1931 2638 5.

1172 2661 1358 2688 Iucunda.
1381 2660 1497 2685 Nomen
1517 2659 1673 2684 mulieris.
1711 2655 1754 2682 111.
1776 2657 1842 2683 Gn.
1860 2655 1975 2682 Leonius

1137 2709 1162 2730 et
1180 2702 1303 2734 Iucunda,
1323 2712 1390 2728 uxor
1410 2703 1472 2728 eius.
1497 2699 1564 2726 Νῦν,
1580 2698 1637 2725 Val.
1656 2698 1698 2725 Ill.
1718 2698 1750 2725 de
1769 2703 1870 2725 testam.
1887 2697 1918 2723 11.
1932 2698 1974 2723 21.

1137 2757 1158 2773 c.
1179 2748 1200 2772 1.
1221 2747 1242 2780 5.
1259 2747 1283 2771 3.

1171 2788 1379 2815 Iucundus.
1403 2785 1533 2819 (Adiect.)
1571 2786 1747 2819 deceptus,
1768 2784 1893 2811 Suavis.
1930 2781 1973 2808 111.

1137 2833 1201 2859 Gn.
1228 2830 1302 2857 Sicut
1321 2829 1532 2866 indignissimum
1550 2826 1702 2860 videbatur,
1723 2841 1753 2847 —
1772 2827 1807 2852 ita
1826 2830 1926 2860 gratum
1945 2835 1974 2852 ac
