<?xml version="1.0" encoding="UTF-8"?>
<!DOCTYPE html PUBLIC "-//W3C//DTD XHTML 1.0 Transitional//EN"
    "http://www.w3.org/TR/xhtml1/DTD/xhtml1-transitional.dtd">
<html xmlns="http://www.w3.org/1999/xhtml" xml:lang="en" lang="en">
 <head>
  <title>
</title>
<meta http-equiv="Content-Type" content="text/html;charset=utf-8" />
  <meta name='ocr-system' content='tesseract 3.04.00' />
  <meta name='ocr-capabilities' content='ocr_page ocr_carea ocr_par ocr_line ocrx_word'/>
</head>
<body>
  <div class='ocr_page' id='page_1' title='image "./manualelatinitat00dirk_0241.png"; bbox 0 0 2197 3121; ppageno 0'>
   <div class='ocr_carea' id='block_1_1' title="bbox 0 1991 17 3121">
    <p class='ocr_par' dir='ltr' id='par_1_1' title="bbox 0 1991 17 3121">
     <span class='ocr_line' id='line_1_1' title="bbox 0 1991 17 3121; baseline 0 0"><span class='ocrx_word' id='word_1_1' title='bbox 0 1991 17 3121; x_wconf 95' lang='lat' dir='ltr'> </span> 
     </span>
    </p>
   </div>
   <div class='ocr_carea' id='block_1_2' title="bbox 946 161 1224 194">
    <p class='ocr_par' dir='ltr' id='par_1_2' title="bbox 946 161 1224 194">
     <span class='ocr_line' id='line_1_2' title="bbox 946 161 1224 194; baseline -0.004 0"><span class='ocrx_word' id='word_1_2' title='bbox 946 162 1039 194; x_wconf 87' lang='lat' dir='ltr'>COR</span> <span class='ocrx_word' id='word_1_3' title='bbox 1063 181 1102 187; x_wconf 88' lang='lat'>—-</span> <span class='ocrx_word' id='word_1_4' title='bbox 1127 161 1224 194; x_wconf 85' lang='lat' dir='ltr'>CRE.</span> 
     </span>
    </p>
   </div>
   <div class='ocr_carea' id='block_1_3' title="bbox 228 244 1070 539">
    <p class='ocr_par' dir='ltr' id='par_1_3' title="bbox 228 244 1070 539">
     <span class='ocr_line' id='line_1_3' title="bbox 228 244 1069 283; baseline -0.008 -6"><span class='ocrx_word' id='word_1_5' title='bbox 228 249 294 277; x_wconf 85' lang='lat' dir='ltr'>libb.</span> <span class='ocrx_word' id='word_1_6' title='bbox 315 250 357 276; x_wconf 87' lang='grc'>40.</span> <span class='ocrx_word' id='word_1_7' title='bbox 378 251 402 275; x_wconf 89' lang='lat'>5.</span> <span class='ocrx_word' id='word_1_8' title='bbox 438 248 527 280; x_wconf 57' lang='lat' dir='ltr'>Recte,</span> <span class='ocrx_word' id='word_1_9' title='bbox 539 249 608 275; x_wconf 84' lang='lat' dir='ltr'>viam</span> <span class='ocrx_word' id='word_1_10' title='bbox 626 245 780 283; x_wconf 77' lang='lat' dir='ltr'>stipulatur,</span> <span class='ocrx_word' id='word_1_11' title='bbox 800 250 826 272; x_wconf 83' lang='lat' dir='ltr'>et</span> <span class='ocrx_word' id='word_1_12' title='bbox 845 254 903 272; x_wconf 89' lang='lat' dir='ltr'>cum</span> <span class='ocrx_word' id='word_1_13' title='bbox 922 244 974 271; x_wconf 88' lang='lat' dir='ltr'>duo</span> <span class='ocrx_word' id='word_1_14' title='bbox 993 244 1017 271; x_wconf 85' lang='lat' dir='ltr'>ei</span> <span class='ocrx_word' id='word_1_15' title='bbox 1036 260 1069 263; x_wconf 97' lang='lat'><strong>—</strong></span> 
     </span>
     <span class='ocr_line' id='line_1_4' title="bbox 228 286 1068 326; baseline -0.008 -7"><span class='ocrx_word' id='word_1_16' title='bbox 228 291 341 319; x_wconf 82' lang='lat' dir='ltr'>heredes</span> <span class='ocrx_word' id='word_1_17' title='bbox 360 292 523 323; x_wconf 76' lang='lat' dir='ltr'>exstiterint,</span> <span class='ocrx_word' id='word_1_18' title='bbox 546 300 600 317; x_wconf 95' lang='lat' dir='ltr'>non</span> <span class='ocrx_word' id='word_1_19' title='bbox 624 289 799 326; x_wconf 80' lang='lat' dir='ltr'><strong>corrumpitur</strong></span> <span class='ocrx_word' id='word_1_20' title='bbox 819 287 962 325; x_wconf 76' lang='lat' dir='ltr'>stipulatio.</span> <span class='ocrx_word' id='word_1_21' title='bbox 994 286 1024 313; x_wconf 85' lang='lat' dir='ltr'>sr.</span> <span class='ocrx_word' id='word_1_22' title='bbox 1043 288 1068 313; x_wconf 84' lang='lat'>2.</span> 
     </span>
     <span class='ocr_line' id='line_1_5' title="bbox 230 330 1068 372; baseline -0.008 -10"><span class='ocrx_word' id='word_1_23' title='bbox 230 335 263 362; x_wconf 83' lang='lat' dir='ltr'>de</span> <span class='ocrx_word' id='word_1_24' title='bbox 281 336 369 361; x_wconf 80' lang='lat' dir='ltr'>servit.</span> <span class='ocrx_word' id='word_1_25' title='bbox 390 335 439 372; x_wconf 78' lang='lat' dir='ltr'>leg.</span> <span class='ocrx_word' id='word_1_26' title='bbox 458 336 499 361; x_wconf 85' lang='lat'>33.</span> <span class='ocrx_word' id='word_1_27' title='bbox 513 335 537 360; x_wconf 87' lang='lat'>3.</span> <span class='ocrx_word' id='word_1_28' title='bbox 574 331 629 359; x_wconf 77' lang='lat' dir='ltr'>Sed</span> <span class='ocrx_word' id='word_1_29' title='bbox 648 341 679 358; x_wconf 87' lang='lat' dir='ltr'>ne</span> <span class='ocrx_word' id='word_1_30' title='bbox 698 332 725 358; x_wconf 90' lang='lat' dir='ltr'>in</span> <span class='ocrx_word' id='word_1_31' title='bbox 743 336 875 369; x_wconf 80' lang='lat' dir='ltr'>potestate</span> <span class='ocrx_word' id='word_1_32' title='bbox 895 331 950 357; x_wconf 86' lang='lat' dir='ltr'>eius</span> <span class='ocrx_word' id='word_1_33' title='bbox 965 330 1008 362; x_wconf 84' lang='lat' dir='ltr'>sit,</span> <span class='ocrx_word' id='word_1_34' title='bbox 1027 330 1068 356; x_wconf 89' lang='lat' dir='ltr'>ius</span> 
     </span>
     <span class='ocr_line' id='line_1_6' title="bbox 228 374 1069 415; baseline -0.008 -10"><span class='ocrx_word' id='word_1_35' title='bbox 228 382 349 404; x_wconf 88' lang='lat' dir='ltr'>nostrum</span> <span class='ocrx_word' id='word_1_36' title='bbox 368 387 544 415; x_wconf 79' lang='lat' dir='ltr'>corrumpere.</span> <span class='ocrx_word' id='word_1_37' title='bbox 572 374 630 402; x_wconf 85' lang='lat' dir='ltr'>Gai.</span> <span class='ocrx_word' id='word_1_38' title='bbox 655 374 699 400; x_wconf 87' lang='lat' dir='ltr'>IV.</span> <span class='ocrx_word' id='word_1_39' title='bbox 723 376 765 400; x_wconf 66' lang='lat'>35.</span> <span class='ocrx_word' id='word_1_40' title='bbox 803 374 967 405; x_wconf 76' lang='lat' dir='ltr'>pactionem,</span> <span class='ocrx_word' id='word_1_41' title='bbox 992 382 1069 409; x_wconf 84' lang='lat' dir='ltr'>quam</span> 
     </span>
     <span class='ocr_line' id='line_1_7' title="bbox 229 415 1070 453; baseline -0.006 -7"><span class='ocrx_word' id='word_1_42' title='bbox 229 420 325 452; x_wconf 77' lang='lat' dir='ltr'>velint,</span> <span class='ocrx_word' id='word_1_43' title='bbox 351 420 402 447; x_wconf 87' lang='lat' dir='ltr'>sibi</span> <span class='ocrx_word' id='word_1_44' title='bbox 421 420 504 452; x_wconf 76' lang='lat' dir='ltr'>ferre,</span> <span class='ocrx_word' id='word_1_45' title='bbox 529 419 591 446; x_wconf 89' lang='lat' dir='ltr'>dum</span> <span class='ocrx_word' id='word_1_46' title='bbox 614 427 648 443; x_wconf 83' lang='lat' dir='ltr'>ne</span> <span class='ocrx_word' id='word_1_47' title='bbox 671 416 735 453; x_wconf 82' lang='lat' dir='ltr'>quid</span> <span class='ocrx_word' id='word_1_48' title='bbox 758 426 791 443; x_wconf 82' lang='lat' dir='ltr'>cx</span> <span class='ocrx_word' id='word_1_49' title='bbox 814 416 919 453; x_wconf 90' lang='lat' dir='ltr'>publica</span> <span class='ocrx_word' id='word_1_50' title='bbox 939 415 996 451; x_wconf 78' lang='lat' dir='ltr'>lege</span> <span class='ocrx_word' id='word_1_51' title='bbox 1014 425 1070 442; x_wconf 89' lang='lat' dir='ltr'>cor-</span> 
     </span>
     <span class='ocr_line' id='line_1_8' title="bbox 229 461 876 500; baseline -0.006 -11"><span class='ocrx_word' id='word_1_52' title='bbox 229 467 358 500; x_wconf 80' lang='lat' dir='ltr'>rumpant.</span> <span class='ocrx_word' id='word_1_53' title='bbox 378 463 410 489; x_wconf 85' lang='lat' dir='ltr'>fr.</span> <span class='ocrx_word' id='word_1_54' title='bbox 429 464 453 489; x_wconf 75' lang='lat'>4.</span> <span class='ocrx_word' id='word_1_55' title='bbox 474 462 506 489; x_wconf 84' lang='lat' dir='ltr'>de</span> <span class='ocrx_word' id='word_1_56' title='bbox 525 461 617 497; x_wconf 82' lang='lat' dir='ltr'>colleg.</span> <span class='ocrx_word' id='word_1_57' title='bbox 638 465 664 486; x_wconf 89' lang='lat' dir='ltr'>et</span> <span class='ocrx_word' id='word_1_58' title='bbox 684 470 755 497; x_wconf 88' lang='lat' dir='ltr'>corp.</span> <span class='ocrx_word' id='word_1_59' title='bbox 774 461 815 486; x_wconf 87' lang='grc'>47.</span> <span class='ocrx_word' id='word_1_60' title='bbox 835 461 876 485; x_wconf 88' lang='lat'>22.</span> 
     </span>
     <span class='ocr_line' id='line_1_9' title="bbox 266 500 1069 539; baseline -0.007 -6"><span class='ocrx_word' id='word_1_61' title='bbox 266 506 503 539; x_wconf 69' lang='lat' dir='ltr'>corruptela.</span> <span class='ocrx_word' id='word_1_62' title='bbox 530 505 728 537; x_wconf 71' lang='lat' dir='ltr'>Corruptio,</span> <span class='ocrx_word' id='word_1_63' title='bbox 751 503 913 529; x_wconf 83' lang='lat' dir='ltr'>Tentatio.</span> <span class='ocrx_word' id='word_1_64' title='bbox 942 500 986 527; x_wconf 86' lang='grc' dir='ltr'>ΠΙ.</span> <span class='ocrx_word' id='word_1_65' title='bbox 1004 502 1069 528; x_wconf 75' lang='lat' dir='ltr'>Gn.</span> 
     </span>
    </p>
   </div>
   <div class='ocr_carea' id='block_1_4' title="bbox 229 542 1093 583">
    <p class='ocr_par' dir='ltr' id='par_1_4' title="bbox 229 542 1093 583">
     <span class='ocr_line' id='line_1_10' title="bbox 229 542 1093 583; baseline -0.006 -9"><span class='ocrx_word' id='word_1_66' title='bbox 229 547 443 574; x_wconf 85' lang='lat' dir='ltr'>Dissimulationi</span> <span class='ocrx_word' id='word_1_67' title='bbox 473 551 499 574; x_wconf 88' lang='lat' dir='ltr'>et</span> <span class='ocrx_word' id='word_1_68' title='bbox 522 545 687 583; x_wconf 69' lang='lat' dir='ltr'>corruptelae</span> <span class='ocrx_word' id='word_1_69' title='bbox 710 561 743 565; x_wconf 88' lang='lat'>-—</span> <span class='ocrx_word' id='word_1_70' title='bbox 765 545 926 582; x_wconf 74' lang='lat' dir='ltr'>prospicere.</span> <span class='ocrx_word' id='word_1_71' title='bbox 963 543 1013 570; x_wconf 91' lang='lat' dir='ltr'>Th.</span> <span class='ocrx_word' id='word_1_72' title='bbox 1038 542 1069 570; x_wconf 93' lang='lat' dir='ltr'>C.</span> <span class='ocrx_word' id='word_1_73' title='bbox 1091 558 1093 579; x_wconf 47' lang='grc' dir='ltr'>(ι</span> 
     </span>
    </p>
   </div>
   <div class='ocr_carea' id='block_1_5' title="bbox 229 586 1071 627">
    <p class='ocr_par' dir='ltr' id='par_1_5' title="bbox 229 586 1071 627">
     <span class='ocr_line' id='line_1_11' title="bbox 229 586 1071 627; baseline -0.005 -11"><span class='ocrx_word' id='word_1_74' title='bbox 229 589 298 616; x_wconf 80' lang='lat' dir='ltr'>XIII.</span> <span class='ocrx_word' id='word_1_75' title='bbox 323 592 346 616; x_wconf 90' lang='lat'>5.</span> <span class='ocrx_word' id='word_1_76' title='bbox 376 600 397 616; x_wconf 91' lang='lat' dir='ltr'>c.</span> <span class='ocrx_word' id='word_1_77' title='bbox 416 591 457 616; x_wconf 81' lang='lat'>38.</span> <span class='ocrx_word' id='word_1_78' title='bbox 480 599 520 627; x_wconf 86' lang='lat' dir='ltr'>pr.</span> <span class='ocrx_word' id='word_1_79' title='bbox 551 589 584 616; x_wconf 85' lang='lat' dir='ltr'>de</span> <span class='ocrx_word' id='word_1_80' title='bbox 607 588 749 615; x_wconf 74' lang='lat' dir='ltr'>navicular.</span> <span class='ocrx_word' id='word_1_81' title='bbox 791 586 820 613; x_wconf 87' lang='lat' dir='ltr'>Si</span> <span class='ocrx_word' id='word_1_82' title='bbox 844 586 912 613; x_wconf 82' lang='lat' dir='ltr'>sorte</span> <span class='ocrx_word' id='word_1_83' title='bbox 935 587 968 613; x_wconf 83' lang='lat' dir='ltr'>de</span> <span class='ocrx_word' id='word_1_84' title='bbox 991 591 1071 613; x_wconf 83' lang='lat' dir='ltr'>retra-</span> 
     </span>
    </p>
   </div>
   <div class='ocr_carea' id='block_1_6' title="bbox 231 629 1094 670">
    <p class='ocr_par' dir='ltr' id='par_1_6' title="bbox 231 629 1094 670">
     <span class='ocr_line' id='line_1_12' title="bbox 231 629 1094 670; baseline -0.005 -11"><span class='ocrx_word' id='word_1_85' title='bbox 231 632 323 659; x_wconf 85' lang='lat' dir='ltr'>ctanda</span> <span class='ocrx_word' id='word_1_86' title='bbox 343 642 420 659; x_wconf 84' lang='lat' dir='ltr'>causa</span> <span class='ocrx_word' id='word_1_87' title='bbox 438 637 536 669; x_wconf 83' lang='lat' dir='ltr'>agatur,</span> <span class='ocrx_word' id='word_1_88' title='bbox 556 642 623 669; x_wconf 83' lang='lat' dir='ltr'>quae</span> <span class='ocrx_word' id='word_1_89' title='bbox 642 630 724 658; x_wconf 81' lang='lat' dir='ltr'>semel</span> <span class='ocrx_word' id='word_1_90' title='bbox 744 629 857 656; x_wconf 87' lang='lat' dir='ltr'>iudicata</span> <span class='ocrx_word' id='word_1_91' title='bbox 877 634 917 655; x_wconf 78' lang='lat' dir='ltr'>est</span> <span class='ocrx_word' id='word_1_92' title='bbox 935 639 983 666; x_wconf 88' lang='lat' dir='ltr'>per</span> <span class='ocrx_word' id='word_1_93' title='bbox 1002 629 1071 655; x_wconf 84' lang='lat' dir='ltr'>dela·</span> <span class='ocrx_word' id='word_1_94' title='bbox 1092 666 1094 670; x_wconf 59' lang='lat'>.</span> 
     </span>
    </p>
   </div>
   <div class='ocr_carea' id='block_1_7' title="bbox 229 670 1071 840">
    <p class='ocr_par' dir='ltr' id='par_1_7' title="bbox 230 670 1070 755">
     <span class='ocr_line' id='line_1_13' title="bbox 230 670 1070 712; baseline -0.005 -10"><span class='ocrx_word' id='word_1_95' title='bbox 230 676 297 701; x_wconf 82' lang='lat' dir='ltr'>toris</span> <span class='ocrx_word' id='word_1_96' title='bbox 317 674 501 712; x_wconf 78' lang='lat' dir='ltr'>corruptelam.</span> <span class='ocrx_word' id='word_1_97' title='bbox 526 674 555 700; x_wconf 78' lang='lat' dir='ltr'>fr.</span> <span class='ocrx_word' id='word_1_98' title='bbox 575 676 617 701; x_wconf 81' lang='lat'>29.</span> <span class='ocrx_word' id='word_1_99' title='bbox 636 685 676 712; x_wconf 88' lang='lat' dir='ltr'>pr.</span> <span class='ocrx_word' id='word_1_100' title='bbox 696 670 728 700; x_wconf 80' lang='lat' dir='ltr'>de</span> <span class='ocrx_word' id='word_1_101' title='bbox 748 674 804 699; x_wconf 88' lang='lat' dir='ltr'>iure</span> <span class='ocrx_word' id='word_1_102' title='bbox 823 672 890 699; x_wconf 83' lang='lat' dir='ltr'>fisci.</span> <span class='ocrx_word' id='word_1_103' title='bbox 911 674 953 699; x_wconf 77' lang='grc'>49.</span> <span class='ocrx_word' id='word_1_104' title='bbox 975 674 1014 698; x_wconf 84' lang='grc'>14.</span> <span class='ocrx_word' id='word_1_105' title='bbox 1038 672 1070 699; x_wconf 87' lang='lat' dir='ltr'>cf.</span> 
     </span>
     <span class='ocr_line' id='line_1_14' title="bbox 231 717 624 755; baseline -0.003 -11"><span class='ocrx_word' id='word_1_106' title='bbox 231 728 252 743; x_wconf 94' lang='lat' dir='ltr'>c.</span> <span class='ocrx_word' id='word_1_107' title='bbox 275 719 296 744; x_wconf 95' lang='lat' dir='ltr'>l.</span> <span class='ocrx_word' id='word_1_108' title='bbox 317 717 349 744; x_wconf 86' lang='lat' dir='ltr'>de</span> <span class='ocrx_word' id='word_1_109' title='bbox 367 727 444 755; x_wconf 88' lang='lat' dir='ltr'>poen.</span> <span class='ocrx_word' id='word_1_110' title='bbox 465 717 517 744; x_wconf 90' lang='lat' dir='ltr'>iud.</span> <span class='ocrx_word' id='word_1_111' title='bbox 539 719 562 743; x_wconf 91' lang='lat'>7.</span> <span class='ocrx_word' id='word_1_112' title='bbox 582 719 624 744; x_wconf 97' lang='lat'>49.</span> 
     </span>
    </p>

    <p class='ocr_par' dir='ltr' id='par_1_8' title="bbox 229 757 1071 840">
     <span class='ocr_line' id='line_1_15' title="bbox 265 757 1071 794; baseline -0.004 -6"><span class='ocrx_word' id='word_1_113' title='bbox 265 761 477 794; x_wconf 75' lang='lat' dir='ltr'>Corruptio.</span> <span class='ocrx_word' id='word_1_114' title='bbox 515 760 545 793; x_wconf 64' lang='grc' dir='ltr'>ξ.</span> <span class='ocrx_word' id='word_1_115' title='bbox 565 761 600 786; x_wconf 84' lang='lat' dir='ltr'>l.</span> <span class='ocrx_word' id='word_1_116' title='bbox 631 760 847 793; x_wconf 77' lang='lat' dir='ltr'>Depravatio.</span> <span class='ocrx_word' id='word_1_117' title='bbox 884 757 927 784; x_wconf 89' lang='lat' dir='ltr'>III.</span> <span class='ocrx_word' id='word_1_118' title='bbox 947 759 1012 786; x_wconf 74' lang='lat' dir='ltr'>Cn.</span> <span class='ocrx_word' id='word_1_119' title='bbox 1042 757 1071 785; x_wconf 89' lang='lat' dir='ltr'>Si</span> 
     </span>
     <span class='ocr_line' id='line_1_16' title="bbox 229 801 1071 840; baseline -0.005 -10"><span class='ocrx_word' id='word_1_120' title='bbox 229 804 298 830; x_wconf 83' lang='lat' dir='ltr'>sorte</span> <span class='ocrx_word' id='word_1_121' title='bbox 316 807 447 830; x_wconf 77' lang='lat' dir='ltr'>vetustate</span> <span class='ocrx_word' id='word_1_122' title='bbox 466 804 569 840; x_wconf 76' lang='lat' dir='ltr'>species</span> <span class='ocrx_word' id='word_1_123' title='bbox 594 803 628 829; x_wconf 90' lang='lat' dir='ltr'>ita</span> <span class='ocrx_word' id='word_1_124' title='bbox 648 806 770 839; x_wconf 84' lang='lat' dir='ltr'>corrupta</span> <span class='ocrx_word' id='word_1_125' title='bbox 796 806 849 833; x_wconf 88' lang='lat' dir='ltr'>est,</span> <span class='ocrx_word' id='word_1_126' title='bbox 873 817 906 821; x_wconf 96' lang='lat'>—</span> <span class='ocrx_word' id='word_1_127' title='bbox 931 801 1014 827; x_wconf 71' lang='lat' dir='ltr'>eidem</span> <span class='ocrx_word' id='word_1_128' title='bbox 1039 811 1071 827; x_wconf 77' lang='lat' dir='ltr'>ex</span> 
     </span>
    </p>
   </div>
   <div class='ocr_carea' id='block_1_8' title="bbox 229 844 1957 1050">
    <p class='ocr_par' dir='ltr' id='par_1_9' title="bbox 229 844 1957 1050">
     <span class='ocr_line' id='line_1_17' title="bbox 229 844 1094 883; baseline -0.002 -11"><span class='ocrx_word' id='word_1_129' title='bbox 229 856 297 872; x_wconf 87' lang='lat' dir='ltr'>nova</span> <span class='ocrx_word' id='word_1_130' title='bbox 314 847 437 883; x_wconf 74' lang='lat' dir='ltr'>portione</span> <span class='ocrx_word' id='word_1_131' title='bbox 456 847 604 877; x_wconf 71' lang='lat' dir='ltr'>misceatur,</span> <span class='ocrx_word' id='word_1_132' title='bbox 624 846 698 871; x_wconf 87' lang='lat' dir='ltr'>cuius</span> <span class='ocrx_word' id='word_1_133' title='bbox 719 844 865 871; x_wconf 85' lang='lat' dir='ltr'>adiectione</span> <span class='ocrx_word' id='word_1_134' title='bbox 880 845 1015 881; x_wconf 84' lang='lat' dir='ltr'>corruptio</span> <span class='ocrx_word' id='word_1_135' title='bbox 1029 854 1072 870; x_wconf 80' lang='lat' dir='ltr'>ve·</span> <span class='ocrx_word' id='word_1_136' title='bbox 1093 871 1094 876; x_wconf 23' lang='lat'>¹</span> 
     </span>
     <span class='ocr_line' id='line_1_18' title="bbox 229 883 1094 924; baseline -0.002 -9"><span class='ocrx_word' id='word_1_137' title='bbox 229 889 281 915; x_wconf 81' lang='lat' dir='ltr'>lata</span> <span class='ocrx_word' id='word_1_138' title='bbox 300 889 421 915; x_wconf 86' lang='lat' dir='ltr'>damnum</span> <span class='ocrx_word' id='word_1_139' title='bbox 440 888 505 915; x_wconf 84' lang='lat' dir='ltr'>fisco</span> <span class='ocrx_word' id='word_1_140' title='bbox 525 898 578 914; x_wconf 90' lang='lat' dir='ltr'>non</span> <span class='ocrx_word' id='word_1_141' title='bbox 596 887 680 914; x_wconf 83' lang='lat' dir='ltr'>faeiat.</span> <span class='ocrx_word' id='word_1_142' title='bbox 710 887 760 914; x_wconf 89' lang='lat' dir='ltr'>Th.</span> <span class='ocrx_word' id='word_1_143' title='bbox 781 887 812 914; x_wconf 90' lang='lat' dir='ltr'>C.</span> <span class='ocrx_word' id='word_1_144' title='bbox 831 887 876 914; x_wconf 83' lang='lat' dir='ltr'>XI.</span> <span class='ocrx_word' id='word_1_145' title='bbox 898 889 938 913; x_wconf 86' lang='lat'>14.</span> <span class='ocrx_word' id='word_1_146' title='bbox 958 898 980 913; x_wconf 90' lang='grc'>0.</span> <span class='ocrx_word' id='word_1_147' title='bbox 996 889 1019 913; x_wconf 97' lang='grc'>1.</span> <span class='ocrx_word' id='word_1_148' title='bbox 1039 886 1072 913; x_wconf 83' lang='lat' dir='ltr'>de</span> <span class='ocrx_word' id='word_1_149' title='bbox 1093 883 1094 924; x_wconf 50' lang='lat' dir='ltr'>l</span> 
     </span>
     <span class='ocr_line' id='line_1_19' title="bbox 232 929 1094 969; baseline -0.002 -11"><span class='ocrx_word' id='word_1_150' title='bbox 232 931 330 958; x_wconf 83' lang='lat' dir='ltr'>condit.</span> <span class='ocrx_word' id='word_1_151' title='bbox 350 933 378 958; x_wconf 91' lang='lat' dir='ltr'>in</span> <span class='ocrx_word' id='word_1_152' title='bbox 396 931 459 969; x_wconf 89' lang='lat' dir='ltr'>pub.</span> <span class='ocrx_word' id='word_1_153' title='bbox 479 931 548 957; x_wconf 89' lang='lat' dir='ltr'>horr.</span> <span class='ocrx_word' id='word_1_154' title='bbox 580 946 613 950; x_wconf 88' lang='lat'>——</span> <span class='ocrx_word' id='word_1_155' title='bbox 645 931 676 964; x_wconf 61' lang='grc' dir='ltr'>ἕ.</span> <span class='ocrx_word' id='word_1_156' title='bbox 702 932 737 957; x_wconf 72' lang='lat'>2.</span> <span class='ocrx_word' id='word_1_157' title='bbox 766 932 933 957; x_wconf 77' lang='lat' dir='ltr'>Interz&#39;tus.</span> <span class='ocrx_word' id='word_1_158' title='bbox 971 929 988 956; x_wconf 95' lang='grc' dir='ltr'>Ι.</span> <span class='ocrx_word' id='word_1_159' title='bbox 1009 931 1071 964; x_wconf 76' lang='lat' dir='ltr'>Sy.</span> <span class='ocrx_word' id='word_1_160' title='bbox 1093 939 1094 942; x_wconf 59' lang='lat'>¹</span> 
     </span>
     <span class='ocr_line' id='line_1_20' title="bbox 1093 968 1957 1005; baseline -0.003 -8"><span class='ocrx_word' id='word_1_161' title='bbox 1093 985 1095 992; x_wconf 59' lang='grc' dir='ltr'><em>ν</em></span> <span class='ocrx_word' id='word_1_162' title='bbox 1117 972 1239 997; x_wconf 83' lang='lat' dir='ltr'>cessaria.</span> <span class='ocrx_word' id='word_1_163' title='bbox 1272 970 1302 996; x_wconf 85' lang='lat' dir='ltr'>sr.</span> <span class='ocrx_word' id='word_1_164' title='bbox 1326 971 1364 995; x_wconf 84' lang='grc'>12.</span> <span class='ocrx_word' id='word_1_165' title='bbox 1384 969 1405 1002; x_wconf 85' lang='lat'>5.</span> <span class='ocrx_word' id='word_1_166' title='bbox 1424 970 1466 994; x_wconf 78' lang='grc'>24.</span> <span class='ocrx_word' id='word_1_167' title='bbox 1492 969 1524 995; x_wconf 85' lang='lat' dir='ltr'>de</span> <span class='ocrx_word' id='word_1_168' title='bbox 1543 970 1617 995; x_wconf 84' lang='lat' dir='ltr'>instr.</span> <span class='ocrx_word' id='word_1_169' title='bbox 1638 969 1686 1005; x_wconf 79' lang='lat' dir='ltr'>leg.</span> <span class='ocrx_word' id='word_1_170' title='bbox 1705 970 1748 995; x_wconf 81' lang='lat'>33.</span> <span class='ocrx_word' id='word_1_171' title='bbox 1768 970 1791 995; x_wconf 93' lang='lat'>7.</span> <span class='ocrx_word' id='word_1_172' title='bbox 1821 968 1957 995; x_wconf 80' lang='lat' dir='ltr'>Craterem</span> 
     </span>
     <span class='ocr_line' id='line_1_21' title="bbox 1093 1005 1957 1050; baseline -0.002 -10"><span class='ocrx_word' id='word_1_173' title='bbox 1093 1005 1095 1024; x_wconf 56' lang='lat'><em>³</em></span> <span class='ocrx_word' id='word_1_174' title='bbox 1117 1018 1266 1050; x_wconf 78' lang='lat' dir='ltr'>argenteum</span> <span class='ocrx_word' id='word_1_175' title='bbox 1287 1022 1339 1038; x_wconf 90' lang='grc'><strong>11011</strong></span> <span class='ocrx_word' id='word_1_176' title='bbox 1359 1022 1418 1038; x_wconf 86' lang='lat' dir='ltr'>esse</span> <span class='ocrx_word' id='word_1_177' title='bbox 1437 1012 1464 1038; x_wconf 92' lang='grc'>10</span> <span class='ocrx_word' id='word_1_178' title='bbox 1483 1011 1657 1048; x_wconf 67' lang='lat' dir='ltr'>supellectile.</span> <span class='ocrx_word' id='word_1_179' title='bbox 1684 1011 1714 1038; x_wconf 78' lang='lat' dir='ltr'>l&#39;r.</span> <span class='ocrx_word' id='word_1_180' title='bbox 1733 1013 1757 1038; x_wconf 86' lang='lat'>3.</span> <span class='ocrx_word' id='word_1_181' title='bbox 1778 1012 1799 1045; x_wconf 90' lang='lat'>5.</span> <span class='ocrx_word' id='word_1_182' title='bbox 1820 1014 1844 1038; x_wconf 87' lang='lat'>5.</span> <span class='ocrx_word' id='word_1_183' title='bbox 1864 1011 1897 1038; x_wconf 82' lang='lat' dir='ltr'>de</span> <span class='ocrx_word' id='word_1_184' title='bbox 1916 1021 1957 1038; x_wconf 87' lang='lat' dir='ltr'>su-</span> 
     </span>
    </p>
   </div>
   <div class='ocr_carea' id='block_1_9' title="bbox 230 972 1052 1010">
    <p class='ocr_par' dir='ltr' id='par_1_10' title="bbox 230 972 1052 1010">
     <span class='ocr_line' id='line_1_22' title="bbox 230 972 1052 1010; baseline -0.004 -9"><span class='ocrx_word' id='word_1_185' title='bbox 230 974 383 1001; x_wconf 79' lang='lat' dir='ltr'>lnteremtio</span> <span class='ocrx_word' id='word_1_186' title='bbox 404 974 520 1007; x_wconf 88' lang='lat' dir='ltr'>(ususf.).</span> <span class='ocrx_word' id='word_1_187' title='bbox 541 983 561 1000; x_wconf 96' lang='lat' dir='ltr'>c.</span> <span class='ocrx_word' id='word_1_188' title='bbox 577 975 616 1000; x_wconf 88' lang='lat'>14.</span> <span class='ocrx_word' id='word_1_189' title='bbox 631 983 690 1010; x_wconf 83' lang='lat' dir='ltr'>sqq.</span> <span class='ocrx_word' id='word_1_190' title='bbox 711 973 743 999; x_wconf 84' lang='lat' dir='ltr'>de</span> <span class='ocrx_word' id='word_1_191' title='bbox 763 972 830 999; x_wconf 70' lang='lat' dir='ltr'>usul&#39;.</span> <span class='ocrx_word' id='word_1_192' title='bbox 851 977 875 999; x_wconf 76' lang='lat' dir='ltr'>et</span> <span class='ocrx_word' id='word_1_193' title='bbox 895 972 953 999; x_wconf 84' lang='lat' dir='ltr'>hab.</span> <span class='ocrx_word' id='word_1_194' title='bbox 973 975 997 999; x_wconf 88' lang='lat'>3.</span> <span class='ocrx_word' id='word_1_195' title='bbox 1011 975 1052 999; x_wconf 85' lang='lat'>33.</span> 
     </span>
    </p>
   </div>
   <div class='ocr_carea' id='block_1_10' title="bbox 229 1021 1073 1443">
    <p class='ocr_par' dir='ltr' id='par_1_11' title="bbox 229 1021 1073 1443">
     <span class='ocr_line' id='line_1_23' title="bbox 266 1021 1072 1054; baseline -0.004 -6"><span class='ocrx_word' id='word_1_196' title='bbox 266 1022 483 1054; x_wconf 65' lang='lat' dir='ltr'>corruptor.</span> <span class='ocrx_word' id='word_1_197' title='bbox 520 1021 550 1054; x_wconf 83' lang='lat'>§.</span> <span class='ocrx_word' id='word_1_198' title='bbox 572 1022 607 1047; x_wconf 89' lang='lat' dir='ltr'>l.</span> <span class='ocrx_word' id='word_1_199' title='bbox 639 1022 702 1053; x_wconf 81' lang='lat' dir='ltr'>Qui</span> <span class='ocrx_word' id='word_1_200' title='bbox 719 1022 881 1054; x_wconf 78' lang='lat' dir='ltr'>corrupit,</span> <span class='ocrx_word' id='word_1_201' title='bbox 903 1022 949 1046; x_wconf 78' lang='lat' dir='ltr'>rel</span> <span class='ocrx_word' id='word_1_202' title='bbox 968 1026 1072 1046; x_wconf 72' lang='lat' dir='ltr'>tenta-</span> 
     </span>
     <span class='ocr_line' id='line_1_24' title="bbox 230 1061 1073 1099; baseline -0.002 -9"><span class='ocrx_word' id='word_1_203' title='bbox 230 1066 277 1090; x_wconf 80' lang='lat' dir='ltr'>vit</span> <span class='ocrx_word' id='word_1_204' title='bbox 296 1067 440 1091; x_wconf 74' lang='lat' dir='ltr'>alterum.</span> <span class='ocrx_word' id='word_1_205' title='bbox 477 1063 496 1090; x_wconf 89' lang='lat' dir='ltr'>I.</span> <span class='ocrx_word' id='word_1_206' title='bbox 518 1065 579 1098; x_wconf 72' lang='lat' dir='ltr'>Sy.</span> <span class='ocrx_word' id='word_1_207' title='bbox 608 1063 663 1099; x_wconf 82' lang='lat' dir='ltr'>Qui</span> <span class='ocrx_word' id='word_1_208' title='bbox 682 1073 787 1089; x_wconf 84' lang='lat' dir='ltr'>servum</span> <span class='ocrx_word' id='word_1_209' title='bbox 815 1063 945 1099; x_wconf 83' lang='lat' dir='ltr'>corrupit,</span> <span class='ocrx_word' id='word_1_210' title='bbox 969 1061 1073 1088; x_wconf 91' lang='lat' dir='ltr'>Sollici-</span> 
     </span>
     <span class='ocr_line' id='line_1_25' title="bbox 229 1104 1072 1143; baseline -0.001 -11"><span class='ocrx_word' id='word_1_211' title='bbox 229 1111 306 1132; x_wconf 83' lang='lat' dir='ltr'>tator.</span> <span class='ocrx_word' id='word_1_212' title='bbox 334 1106 365 1132; x_wconf 68' lang='lat' dir='ltr'>l&#39;r.</span> <span class='ocrx_word' id='word_1_213' title='bbox 384 1107 408 1132; x_wconf 90' lang='lat'>9.</span> <span class='ocrx_word' id='word_1_214' title='bbox 427 1116 467 1143; x_wconf 88' lang='lat' dir='ltr'>pr.</span> <span class='ocrx_word' id='word_1_215' title='bbox 487 1106 509 1139; x_wconf 82' lang='lat'>5.</span> <span class='ocrx_word' id='word_1_216' title='bbox 529 1108 553 1133; x_wconf 86' lang='lat'>3.</span> <span class='ocrx_word' id='word_1_217' title='bbox 574 1106 604 1132; x_wconf 82' lang='lat' dir='ltr'>fr.</span> <span class='ocrx_word' id='word_1_218' title='bbox 626 1108 665 1132; x_wconf 92' lang='lat' dir='ltr'>ll.</span> <span class='ocrx_word' id='word_1_219' title='bbox 685 1106 765 1139; x_wconf 72' lang='lat'>551.</span> <span class='ocrx_word' id='word_1_220' title='bbox 786 1115 825 1142; x_wconf 81' lang='lat' dir='ltr'>sq.</span> <span class='ocrx_word' id='word_1_221' title='bbox 847 1106 876 1132; x_wconf 86' lang='lat' dir='ltr'>sr.</span> <span class='ocrx_word' id='word_1_222' title='bbox 899 1107 937 1131; x_wconf 87' lang='lat'>14.</span> <span class='ocrx_word' id='word_1_223' title='bbox 958 1105 980 1139; x_wconf 89' lang='lat'>5.</span> <span class='ocrx_word' id='word_1_224' title='bbox 994 1106 1018 1131; x_wconf 88' lang='grc'>9.</span> <span class='ocrx_word' id='word_1_225' title='bbox 1039 1104 1072 1131; x_wconf 83' lang='lat' dir='ltr'>dc</span> 
     </span>
     <span class='ocr_line' id='line_1_26' title="bbox 230 1147 1072 1184; baseline -0.001 -9"><span class='ocrx_word' id='word_1_226' title='bbox 230 1159 308 1175; x_wconf 87' lang='lat' dir='ltr'>servo</span> <span class='ocrx_word' id='word_1_227' title='bbox 328 1159 395 1175; x_wconf 88' lang='lat' dir='ltr'>corr.</span> <span class='ocrx_word' id='word_1_228' title='bbox 416 1150 456 1175; x_wconf 94' lang='grc'>11.</span> <span class='ocrx_word' id='word_1_229' title='bbox 476 1150 499 1175; x_wconf 85' lang='lat'>3.</span> <span class='ocrx_word' id='word_1_230' title='bbox 531 1159 551 1175; x_wconf 93' lang='grc'>0.</span> <span class='ocrx_word' id='word_1_231' title='bbox 571 1151 613 1175; x_wconf 97' lang='grc'>20.</span> <span class='ocrx_word' id='word_1_232' title='bbox 636 1148 668 1175; x_wconf 90' lang='lat' dir='ltr'>de</span> <span class='ocrx_word' id='word_1_233' title='bbox 688 1148 748 1175; x_wconf 87' lang='lat' dir='ltr'>furt.</span> <span class='ocrx_word' id='word_1_234' title='bbox 772 1149 796 1174; x_wconf 87' lang='grc'>6.</span> <span class='ocrx_word' id='word_1_235' title='bbox 817 1150 841 1174; x_wconf 88' lang='lat'>2.</span> <span class='ocrx_word' id='word_1_236' title='bbox 880 1149 933 1184; x_wconf 78' lang='lat' dir='ltr'>Qui</span> <span class='ocrx_word' id='word_1_237' title='bbox 953 1147 1072 1180; x_wconf 84' lang='lat' dir='ltr'>redemit,</span> 
     </span>
     <span class='ocr_line' id='line_1_27' title="bbox 230 1191 1071 1229; baseline -0.001 -11"><span class='ocrx_word' id='word_1_238' title='bbox 230 1202 250 1218; x_wconf 79' lang='lat' dir='ltr'>S.</span> <span class='ocrx_word' id='word_1_239' title='bbox 271 1192 388 1229; x_wconf 80' lang='lat' dir='ltr'>corrupit</span> <span class='ocrx_word' id='word_1_240' title='bbox 407 1191 585 1225; x_wconf 84' lang='lat' dir='ltr'>(delatorem).</span> <span class='ocrx_word' id='word_1_241' title='bbox 606 1191 637 1218; x_wconf 86' lang='lat' dir='ltr'>fr.</span> <span class='ocrx_word' id='word_1_242' title='bbox 651 1193 693 1218; x_wconf 76' lang='grc'>29.</span> <span class='ocrx_word' id='word_1_243' title='bbox 705 1202 744 1228; x_wconf 88' lang='lat' dir='ltr'>pr.</span> <span class='ocrx_word' id='word_1_244' title='bbox 766 1191 797 1218; x_wconf 83' lang='lat' dir='ltr'>de</span> <span class='ocrx_word' id='word_1_245' title='bbox 817 1192 872 1217; x_wconf 90' lang='lat' dir='ltr'>iure</span> <span class='ocrx_word' id='word_1_246' title='bbox 891 1192 958 1218; x_wconf 84' lang='lat' dir='ltr'>fisci.</span> <span class='ocrx_word' id='word_1_247' title='bbox 977 1192 1071 1218; x_wconf 85' lang='grc'><strong>49.14.</strong></span> 
     </span>
     <span class='ocr_line' id='line_1_28' title="bbox 230 1234 1073 1271; baseline -0.001 -10"><span class='ocrx_word' id='word_1_248' title='bbox 230 1250 263 1254; x_wconf 84' lang='grc'>-</span> <span class='ocrx_word' id='word_1_249' title='bbox 291 1235 322 1267; x_wconf 82' lang='lat'>§.</span> <span class='ocrx_word' id='word_1_250' title='bbox 341 1236 377 1261; x_wconf 67' lang='lat'>2.</span> <span class='ocrx_word' id='word_1_251' title='bbox 412 1236 597 1261; x_wconf 74' lang='lat' dir='ltr'>Falsarius.</span> <span class='ocrx_word' id='word_1_252' title='bbox 645 1234 688 1260; x_wconf 78' lang='lat' dir='ltr'>III.</span> <span class='ocrx_word' id='word_1_253' title='bbox 715 1235 781 1261; x_wconf 66' lang='lat'>(711.</span> <span class='ocrx_word' id='word_1_254' title='bbox 813 1234 967 1260; x_wconf 71' lang='lat' dir='ltr'>Prol&#39;anator</span> <span class='ocrx_word' id='word_1_255' title='bbox 995 1239 1073 1271; x_wconf 82' lang='lat' dir='ltr'>atque</span> 
     </span>
     <span class='ocr_line' id='line_1_29' title="bbox 231 1276 1072 1314; baseline 0 -11"><span class='ocrx_word' id='word_1_256' title='bbox 231 1281 372 1314; x_wconf 87' lang='lat' dir='ltr'>corruptor</span> <span class='ocrx_word' id='word_1_257' title='bbox 391 1277 535 1303; x_wconf 86' lang='lat' dir='ltr'>catholicae</span> <span class='ocrx_word' id='word_1_258' title='bbox 554 1293 587 1296; x_wconf 97' lang='lat'><strong>—</strong></span> <span class='ocrx_word' id='word_1_259' title='bbox 607 1276 771 1314; x_wconf 86' lang='lat' dir='ltr'>disciplinae.</span> <span class='ocrx_word' id='word_1_260' title='bbox 798 1276 848 1303; x_wconf 88' lang='lat' dir='ltr'>Th.</span> <span class='ocrx_word' id='word_1_261' title='bbox 864 1277 894 1303; x_wconf 92' lang='lat' dir='ltr'>C.</span> <span class='ocrx_word' id='word_1_262' title='bbox 914 1276 985 1303; x_wconf 83' lang='lat' dir='ltr'>XVI.</span> <span class='ocrx_word' id='word_1_263' title='bbox 1005 1279 1029 1304; x_wconf 91' lang='lat'>5.</span> <span class='ocrx_word' id='word_1_264' title='bbox 1050 1287 1072 1303; x_wconf 90' lang='grc'>0.</span> 
     </span>
     <span class='ocr_line' id='line_1_30' title="bbox 229 1319 1072 1357; baseline 0 -11"><span class='ocrx_word' id='word_1_265' title='bbox 229 1321 253 1346; x_wconf 87' lang='lat'>9.</span> <span class='ocrx_word' id='word_1_266' title='bbox 272 1330 313 1357; x_wconf 87' lang='lat' dir='ltr'>pr.</span> <span class='ocrx_word' id='word_1_267' title='bbox 333 1319 365 1346; x_wconf 88' lang='lat' dir='ltr'>dc</span> <span class='ocrx_word' id='word_1_268' title='bbox 384 1319 506 1347; x_wconf 80' lang='lat' dir='ltr'>haeretic.</span> <span class='ocrx_word' id='word_1_269' title='bbox 533 1336 565 1340; x_wconf 95' lang='lat'>—</span> <span class='ocrx_word' id='word_1_270' title='bbox 591 1321 622 1354; x_wconf 72' lang='lat'>§0</span> <span class='ocrx_word' id='word_1_271' title='bbox 642 1322 679 1347; x_wconf 79' lang='lat'>3.</span> <span class='ocrx_word' id='word_1_272' title='bbox 710 1322 902 1355; x_wconf 77' lang='lat' dir='ltr'>stuprator.</span> <span class='ocrx_word' id='word_1_273' title='bbox 939 1320 983 1346; x_wconf 88' lang='lat' dir='ltr'>Ill.</span> <span class='ocrx_word' id='word_1_274' title='bbox 1006 1321 1072 1348; x_wconf 76' lang='lat' dir='ltr'>Gn.</span> 
     </span>
     <span class='ocr_line' id='line_1_31' title="bbox 229 1362 1073 1400; baseline 0 -11"><span class='ocrx_word' id='word_1_275' title='bbox 229 1362 331 1389; x_wconf 88' lang='lat' dir='ltr'>Poenas</span> <span class='ocrx_word' id='word_1_276' title='bbox 351 1373 409 1390; x_wconf 91' lang='lat' dir='ltr'>cum</span> <span class='ocrx_word' id='word_1_277' title='bbox 429 1367 584 1400; x_wconf 77' lang='lat' dir='ltr'>corruptore</span> <span class='ocrx_word' id='word_1_278' title='bbox 608 1363 723 1400; x_wconf 84' lang='lat' dir='ltr'>patiatur</span> <span class='ocrx_word' id='word_1_279' title='bbox 748 1363 804 1395; x_wconf 89' lang='lat' dir='ltr'>(sc.</span> <span class='ocrx_word' id='word_1_280' title='bbox 825 1362 998 1396; x_wconf 82' lang='lat' dir='ltr'>diaconissa).</span> <span class='ocrx_word' id='word_1_281' title='bbox 1033 1363 1073 1390; x_wconf 87' lang='lat' dir='ltr'>Iu-</span> 
     </span>
     <span class='ocr_line' id='line_1_32' title="bbox 230 1405 648 1443; baseline 0 -11"><span class='ocrx_word' id='word_1_282' title='bbox 230 1405 293 1432; x_wconf 88' lang='lat' dir='ltr'>liani</span> <span class='ocrx_word' id='word_1_283' title='bbox 313 1407 375 1443; x_wconf 86' lang='lat' dir='ltr'>epit.</span> <span class='ocrx_word' id='word_1_284' title='bbox 400 1416 460 1432; x_wconf 81' lang='lat' dir='ltr'>nov.</span> <span class='ocrx_word' id='word_1_285' title='bbox 482 1416 502 1432; x_wconf 91' lang='lat' dir='ltr'>c.</span> <span class='ocrx_word' id='word_1_286' title='bbox 522 1407 546 1432; x_wconf 87' lang='grc'>6.</span> <span class='ocrx_word' id='word_1_287' title='bbox 566 1406 587 1440; x_wconf 89' lang='lat'>5.</span> <span class='ocrx_word' id='word_1_288' title='bbox 607 1407 648 1432; x_wconf 87' lang='lat'>29.</span> 
     </span>
    </p>
   </div>
   <div class='ocr_carea' id='block_1_11' title="bbox 265 1456 1097 1491">
    <p class='ocr_par' dir='ltr' id='par_1_12' title="bbox 265 1456 1097 1491">
     <span class='ocr_line' id='line_1_33' title="bbox 265 1456 1097 1491; baseline -0.001 -7"><span class='ocrx_word' id='word_1_289' title='bbox 265 1456 484 1490; x_wconf 70' lang='lat' dir='ltr'>Corruptus.</span> <span class='ocrx_word' id='word_1_290' title='bbox 514 1456 643 1490; x_wconf 78' lang='lat' dir='ltr'>(Partir.)</span> <span class='ocrx_word' id='word_1_291' title='bbox 681 1457 713 1490; x_wconf 66' lang='grc' dir='ltr'>ξ.</span> <span class='ocrx_word' id='word_1_292' title='bbox 734 1458 769 1483; x_wconf 91' lang='lat' dir='ltr'>l.</span> <span class='ocrx_word' id='word_1_293' title='bbox 798 1458 1016 1491; x_wconf 60' lang='lat' dir='ltr'>Demaratus.</span> <span class='ocrx_word' id='word_1_294' title='bbox 1054 1457 1097 1487; x_wconf 61' lang='lat' dir='ltr'>I.&#39;‚</span> 
     </span>
    </p>
   </div>
   <div class='ocr_carea' id='block_1_12' title="bbox 229 1499 1074 1620">
    <p class='ocr_par' dir='ltr' id='par_1_13' title="bbox 229 1499 1074 1620">
     <span class='ocr_line' id='line_1_34' title="bbox 230 1499 1072 1537; baseline 0 -11"><span class='ocrx_word' id='word_1_295' title='bbox 230 1500 292 1534; x_wconf 76' lang='lat' dir='ltr'>Sy·</span> <span class='ocrx_word' id='word_1_296' title='bbox 320 1499 439 1537; x_wconf 81' lang='lat' dir='ltr'>Ruptus⁷</span> <span class='ocrx_word' id='word_1_297' title='bbox 463 1499 582 1526; x_wconf 78' lang='lat' dir='ltr'>Fractus.</span> <span class='ocrx_word' id='word_1_298' title='bbox 616 1499 647 1526; x_wconf 83' lang='lat' dir='ltr'>fr.</span> <span class='ocrx_word' id='word_1_299' title='bbox 666 1502 708 1526; x_wconf 80' lang='lat'>27.</span> <span class='ocrx_word' id='word_1_300' title='bbox 729 1500 827 1534; x_wconf 77' lang='lat'>5513.</span> <span class='ocrx_word' id='word_1_301' title='bbox 849 1501 889 1526; x_wconf 85' lang='grc'>16.</span> <span class='ocrx_word' id='word_1_302' title='bbox 909 1510 967 1536; x_wconf 84' lang='lat' dir='ltr'>sqq.</span> <span class='ocrx_word' id='word_1_303' title='bbox 992 1499 1024 1526; x_wconf 86' lang='lat' dir='ltr'>ad</span> <span class='ocrx_word' id='word_1_304' title='bbox 1042 1499 1072 1527; x_wconf 94' lang='lat' dir='ltr'>L.</span> 
     </span>
     <span class='ocr_line' id='line_1_35' title="bbox 229 1541 1072 1580; baseline 0.002 -12"><span class='ocrx_word' id='word_1_305' title='bbox 229 1542 299 1578; x_wconf 90' lang='lat' dir='ltr'>Aqu.</span> <span class='ocrx_word' id='word_1_306' title='bbox 318 1544 342 1569; x_wconf 88' lang='lat'>9.</span> <span class='ocrx_word' id='word_1_307' title='bbox 360 1545 384 1569; x_wconf 88' lang='grc'>2.</span> <span class='ocrx_word' id='word_1_308' title='bbox 421 1542 466 1569; x_wconf 88' lang='lat' dir='ltr'>Ill.</span> <span class='ocrx_word' id='word_1_309' title='bbox 485 1544 551 1571; x_wconf 77' lang='lat' dir='ltr'>Cn.</span> <span class='ocrx_word' id='word_1_310' title='bbox 574 1541 628 1569; x_wconf 79' lang='lat' dir='ltr'>Res</span> <span class='ocrx_word' id='word_1_311' title='bbox 647 1544 724 1569; x_wconf 84' lang='lat' dir='ltr'>tritas</span> <span class='ocrx_word' id='word_1_312' title='bbox 745 1547 935 1580; x_wconf 78' lang='lat' dir='ltr'>corruptasque</span> <span class='ocrx_word' id='word_1_313' title='bbox 954 1543 1072 1570; x_wconf 73' lang='lat' dir='ltr'>reddere.</span> 
     </span>
     <span class='ocr_line' id='line_1_36' title="bbox 230 1584 1074 1620; baseline 0.002 -9"><span class='ocrx_word' id='word_1_314' title='bbox 230 1584 261 1611; x_wconf 78' lang='lat' dir='ltr'>fr.</span> <span class='ocrx_word' id='word_1_315' title='bbox 280 1586 322 1612; x_wconf 78' lang='lat'>29.</span> <span class='ocrx_word' id='word_1_316' title='bbox 343 1586 364 1620; x_wconf 88' lang='lat'>5.</span> <span class='ocrx_word' id='word_1_317' title='bbox 385 1587 408 1612; x_wconf 95' lang='lat'>7.</span> <span class='ocrx_word' id='word_1_318' title='bbox 429 1586 459 1612; x_wconf 88' lang='lat' dir='ltr'>fr.</span> <span class='ocrx_word' id='word_1_319' title='bbox 479 1588 520 1612; x_wconf 69' lang='lat'>4⁴2.</span> <span class='ocrx_word' id='word_1_320' title='bbox 541 1585 576 1612; x_wconf 89' lang='lat' dir='ltr'>ib.</span> <span class='ocrx_word' id='word_1_321' title='bbox 596 1587 620 1611; x_wconf 86' lang='lat'>9.</span> <span class='ocrx_word' id='word_1_322' title='bbox 639 1588 663 1611; x_wconf 80' lang='lat'>2.</span> <span class='ocrx_word' id='word_1_323' title='bbox 708 1585 737 1611; x_wconf 89' lang='lat' dir='ltr'>Si</span> <span class='ocrx_word' id='word_1_324' title='bbox 756 1587 941 1612; x_wconf 76' lang='lat' dir='ltr'>vestimentum</span> <span class='ocrx_word' id='word_1_325' title='bbox 960 1587 1074 1613; x_wconf 89' lang='lat' dir='ltr'>scissum</span> 
     </span>
    </p>
   </div>
   <div class='ocr_carea' id='block_1_13' title="bbox 231 1627 1097 1666">
    <p class='ocr_par' dir='ltr' id='par_1_14' title="bbox 231 1627 1097 1666">
     <span class='ocr_line' id='line_1_37' title="bbox 231 1627 1097 1666; baseline 0.002 -13"><span class='ocrx_word' id='word_1_326' title='bbox 231 1627 367 1661; x_wconf 79' lang='lat' dir='ltr'>reddatur,</span> <span class='ocrx_word' id='word_1_327' title='bbox 393 1628 435 1655; x_wconf 85' lang='lat' dir='ltr'>vel</span> <span class='ocrx_word' id='word_1_328' title='bbox 459 1639 501 1655; x_wconf 81' lang='lat' dir='ltr'>res</span> <span class='ocrx_word' id='word_1_329' title='bbox 527 1632 649 1665; x_wconf 85' lang='lat' dir='ltr'>corrupta</span> <span class='ocrx_word' id='word_1_330' title='bbox 670 1628 770 1655; x_wconf 87' lang='lat' dir='ltr'>reddita</span> <span class='ocrx_word' id='word_1_331' title='bbox 795 1630 836 1655; x_wconf 84' lang='lat' dir='ltr'>sit.</span> <span class='ocrx_word' id='word_1_332' title='bbox 866 1629 896 1655; x_wconf 80' lang='lat' dir='ltr'>fr.</span> <span class='ocrx_word' id='word_1_333' title='bbox 918 1630 957 1655; x_wconf 81' lang='grc'>14.</span> <span class='ocrx_word' id='word_1_334' title='bbox 977 1639 1017 1666; x_wconf 86' lang='lat' dir='ltr'>pr.</span> <span class='ocrx_word' id='word_1_335' title='bbox 1041 1629 1074 1656; x_wconf 84' lang='lat' dir='ltr'>‹le</span> <span class='ocrx_word' id='word_1_336' title='bbox 1095 1631 1097 1658; x_wconf 73' lang='lat' dir='ltr'><strong><em>J</em></strong></span> 
     </span>
    </p>
   </div>
   <div class='ocr_carea' id='block_1_14' title="bbox 231 1669 1073 1794">
    <p class='ocr_par' dir='ltr' id='par_1_15' title="bbox 231 1669 1073 1794">
     <span class='ocr_line' id='line_1_38' title="bbox 231 1669 1072 1708; baseline 0.005 -13"><span class='ocrx_word' id='word_1_337' title='bbox 231 1669 263 1696; x_wconf 82' lang='lat' dir='ltr'>V.</span> <span class='ocrx_word' id='word_1_338' title='bbox 284 1670 310 1697; x_wconf 90' lang='lat' dir='ltr'>S.</span> <span class='ocrx_word' id='word_1_339' title='bbox 330 1674 371 1698; x_wconf 89' lang='lat'>50.</span> <span class='ocrx_word' id='word_1_340' title='bbox 392 1673 432 1698; x_wconf 87' lang='lat'>16.</span> <span class='ocrx_word' id='word_1_341' title='bbox 457 1671 487 1697; x_wconf 85' lang='lat' dir='ltr'>fr.</span> <span class='ocrx_word' id='word_1_342' title='bbox 510 1673 531 1697; x_wconf 96' lang='lat' dir='ltr'>l.</span> <span class='ocrx_word' id='word_1_343' title='bbox 552 1671 574 1704; x_wconf 84' lang='lat'>5.</span> <span class='ocrx_word' id='word_1_344' title='bbox 595 1672 618 1697; x_wconf 82' lang='grc'>6.</span> <span class='ocrx_word' id='word_1_345' title='bbox 640 1671 672 1697; x_wconf 88' lang='lat' dir='ltr'>de</span> <span class='ocrx_word' id='word_1_346' title='bbox 692 1671 716 1697; x_wconf 87' lang='lat' dir='ltr'>h.</span> <span class='ocrx_word' id='word_1_347' title='bbox 737 1682 778 1708; x_wconf 85' lang='lat' dir='ltr'>qu.</span> <span class='ocrx_word' id='word_1_348' title='bbox 800 1671 881 1698; x_wconf 83' lang='lat' dir='ltr'>deice.</span> <span class='ocrx_word' id='word_1_349' title='bbox 901 1674 925 1698; x_wconf 89' lang='lat'>9.</span> <span class='ocrx_word' id='word_1_350' title='bbox 944 1674 968 1698; x_wconf 97' lang='lat'>3.</span> <span class='ocrx_word' id='word_1_351' title='bbox 998 1672 1028 1699; x_wconf 80' lang='lat' dir='ltr'>fr.</span> <span class='ocrx_word' id='word_1_352' title='bbox 1049 1675 1072 1699; x_wconf 69' lang='lat'>4.</span> 
     </span>
     <span class='ocr_line' id='line_1_39' title="bbox 232 1712 1073 1751; baseline 0.002 -12"><span class='ocrx_word' id='word_1_353' title='bbox 232 1712 254 1746; x_wconf 85' lang='lat'>5.</span> <span class='ocrx_word' id='word_1_354' title='bbox 275 1715 314 1740; x_wconf 85' lang='lat'>10.</span> <span class='ocrx_word' id='word_1_355' title='bbox 335 1714 367 1740; x_wconf 85' lang='lat' dir='ltr'>de</span> <span class='ocrx_word' id='word_1_356' title='bbox 386 1715 411 1740; x_wconf 77' lang='lat' dir='ltr'>vi</span> <span class='ocrx_word' id='word_1_357' title='bbox 430 1714 491 1740; x_wconf 91' lang='lat' dir='ltr'>bon.</span> <span class='ocrx_word' id='word_1_358' title='bbox 511 1718 578 1750; x_wconf 89' lang='lat' dir='ltr'>rapt.</span> <span class='ocrx_word' id='word_1_359' title='bbox 597 1716 639 1740; x_wconf 74' lang='lat'>47.</span> <span class='ocrx_word' id='word_1_360' title='bbox 659 1716 682 1740; x_wconf 63' lang='grc' dir='ltr'>ὅ.</span> <span class='ocrx_word' id='word_1_361' title='bbox 727 1714 795 1751; x_wconf 84' lang='lat' dir='ltr'>Ipsis</span> <span class='ocrx_word' id='word_1_362' title='bbox 815 1715 955 1751; x_wconf 78' lang='lat' dir='ltr'>speciebus</span> <span class='ocrx_word' id='word_1_363' title='bbox 974 1716 1073 1742; x_wconf 72' lang='lat' dir='ltr'>vitiatis</span> 
     </span>
     <span class='ocr_line' id='line_1_40' title="bbox 233 1755 1072 1794; baseline 0.004 -13"><span class='ocrx_word' id='word_1_364' title='bbox 233 1760 311 1792; x_wconf 89' lang='lat' dir='ltr'>atque</span> <span class='ocrx_word' id='word_1_365' title='bbox 336 1758 476 1794; x_wconf 66' lang='lat' dir='ltr'>corruptis</span> <span class='ocrx_word' id='word_1_366' title='bbox 514 1755 565 1783; x_wconf 86' lang='lat' dir='ltr'>Th.</span> <span class='ocrx_word' id='word_1_367' title='bbox 591 1756 621 1783; x_wconf 91' lang='lat' dir='ltr'>C.</span> <span class='ocrx_word' id='word_1_368' title='bbox 648 1756 704 1783; x_wconf 56' lang='grc' dir='ltr'>ΥΠ.</span> <span class='ocrx_word' id='word_1_369' title='bbox 728 1759 752 1783; x_wconf 89' lang='lat'>4.</span> <span class='ocrx_word' id='word_1_370' title='bbox 778 1767 799 1783; x_wconf 94' lang='grc'>0.</span> <span class='ocrx_word' id='word_1_371' title='bbox 821 1760 844 1783; x_wconf 96' lang='lat' dir='ltr'>l.</span> <span class='ocrx_word' id='word_1_372' title='bbox 869 1757 901 1784; x_wconf 75' lang='lat' dir='ltr'>dc</span> <span class='ocrx_word' id='word_1_373' title='bbox 925 1768 994 1794; x_wconf 89' lang='lat' dir='ltr'>erog.</span> <span class='ocrx_word' id='word_1_374' title='bbox 1019 1758 1072 1784; x_wconf 91' lang='lat' dir='ltr'>mil.</span> 
     </span>
    </p>
   </div>
   <div class='ocr_carea' id='block_1_15' title="bbox 232 1841 1073 1881">
    <p class='ocr_par' dir='ltr' id='par_1_16' title="bbox 232 1841 1073 1881">
     <span class='ocr_line' id='line_1_41' title="bbox 232 1841 1073 1881; baseline 0.002 -14"><span class='ocrx_word' id='word_1_375' title='bbox 232 1842 263 1867; x_wconf 82' lang='lat' dir='ltr'>t&#39;r.</span> <span class='ocrx_word' id='word_1_376' title='bbox 284 1843 306 1868; x_wconf 90' lang='lat'>7.</span> <span class='ocrx_word' id='word_1_377' title='bbox 333 1841 365 1868; x_wconf 87' lang='lat' dir='ltr'>de</span> <span class='ocrx_word' id='word_1_378' title='bbox 389 1842 488 1879; x_wconf 84' lang='lat' dir='ltr'>sepulc.</span> <span class='ocrx_word' id='word_1_379' title='bbox 513 1842 575 1868; x_wconf 78' lang='lat' dir='ltr'>viol.</span> <span class='ocrx_word' id='word_1_380' title='bbox 600 1844 642 1869; x_wconf 87' lang='lat'>47.</span> <span class='ocrx_word' id='word_1_381' title='bbox 671 1845 710 1868; x_wconf 69' lang='lat'>12.</span> <span class='ocrx_word' id='word_1_382' title='bbox 753 1842 892 1869; x_wconf 77' lang='lat' dir='ltr'>Vetustate</span> <span class='ocrx_word' id='word_1_383' title='bbox 920 1849 1073 1881; x_wconf 86' lang='lat' dir='ltr'>corruptum</span> 
     </span>
    </p>
   </div>
   <div class='ocr_carea' id='block_1_16' title="bbox 232 1884 1095 1923">
    <p class='ocr_par' dir='ltr' id='par_1_17' title="bbox 232 1884 1095 1923">
     <span class='ocr_line' id='line_1_42' title="bbox 232 1884 1095 1923; baseline 0.003 -13"><span class='ocrx_word' id='word_1_384' title='bbox 232 1884 389 1917; x_wconf 83' lang='lat' dir='ltr'>(aedificare</span> <span class='ocrx_word' id='word_1_385' title='bbox 409 1886 484 1917; x_wconf 85' lang='lat' dir='ltr'>etc.).</span> <span class='ocrx_word' id='word_1_386' title='bbox 512 1885 541 1911; x_wconf 83' lang='lat' dir='ltr'>l&#39;r.</span> <span class='ocrx_word' id='word_1_387' title='bbox 561 1887 602 1911; x_wconf 81' lang='lat'>32.</span> <span class='ocrx_word' id='word_1_388' title='bbox 623 1886 645 1919; x_wconf 93' lang='lat'>5</span> <span class='ocrx_word' id='word_1_389' title='bbox 665 1888 688 1911; x_wconf 89' lang='lat'>5.</span> <span class='ocrx_word' id='word_1_390' title='bbox 709 1885 741 1911; x_wconf 84' lang='lat' dir='ltr'>de</span> <span class='ocrx_word' id='word_1_391' title='bbox 761 1895 810 1911; x_wconf 92' lang='lat' dir='ltr'>usu</span> <span class='ocrx_word' id='word_1_392' title='bbox 830 1890 855 1911; x_wconf 85' lang='lat' dir='ltr'>et</span> <span class='ocrx_word' id='word_1_393' title='bbox 874 1886 941 1912; x_wconf 79' lang='lat' dir='ltr'>usus.</span> <span class='ocrx_word' id='word_1_394' title='bbox 962 1886 1010 1923; x_wconf 73' lang='lat' dir='ltr'>leg.</span> <span class='ocrx_word' id='word_1_395' title='bbox 1030 1888 1071 1913; x_wconf 81' lang='lat'>33.</span> <span class='ocrx_word' id='word_1_396' title='bbox 1094 1909 1095 1913; x_wconf 69' lang='grc'>,</span> 
     </span>
    </p>
   </div>
   <div class='ocr_carea' id='block_1_17' title="bbox 231 1927 1073 1965">
    <p class='ocr_par' dir='ltr' id='par_1_18' title="bbox 231 1927 1073 1965">
     <span class='ocr_line' id='line_1_43' title="bbox 231 1927 1073 1965; baseline 0.002 -12"><span class='ocrx_word' id='word_1_397' title='bbox 231 1930 256 1953; x_wconf 79' lang='grc'>2.</span> <span class='ocrx_word' id='word_1_398' title='bbox 276 1927 306 1953; x_wconf 84' lang='lat' dir='ltr'>fr.</span> <span class='ocrx_word' id='word_1_399' title='bbox 326 1929 349 1953; x_wconf 84' lang='grc'>5.</span> <span class='ocrx_word' id='word_1_400' title='bbox 371 1938 409 1964; x_wconf 91' lang='lat' dir='ltr'>pr.</span> <span class='ocrx_word' id='word_1_401' title='bbox 434 1927 466 1953; x_wconf 88' lang='lat' dir='ltr'>ad</span> <span class='ocrx_word' id='word_1_402' title='bbox 485 1927 514 1954; x_wconf 81' lang='lat' dir='ltr'>L.</span> <span class='ocrx_word' id='word_1_403' title='bbox 533 1927 581 1954; x_wconf 84' lang='lat' dir='ltr'>Iul.</span> <span class='ocrx_word' id='word_1_404' title='bbox 601 1929 659 1954; x_wconf 85' lang='lat' dir='ltr'>mai.</span> <span class='ocrx_word' id='word_1_405' title='bbox 680 1929 720 1954; x_wconf 62' lang='grc'>48.</span> <span class='ocrx_word' id='word_1_406' title='bbox 741 1929 764 1954; x_wconf 82' lang='grc'>4.</span> <span class='ocrx_word' id='word_1_407' title='bbox 808 1928 837 1954; x_wconf 89' lang='lat' dir='ltr'>Si</span> <span class='ocrx_word' id='word_1_408' title='bbox 857 1930 916 1965; x_wconf 83' lang='lat' dir='ltr'>quis</span> <span class='ocrx_word' id='word_1_409' title='bbox 935 1929 997 1955; x_wconf 88' lang='lat' dir='ltr'>fimo</span> <span class='ocrx_word' id='word_1_410' title='bbox 1018 1940 1073 1955; x_wconf 87' lang='lat' dir='ltr'>cor-</span> 
     </span>
    </p>
   </div>
   <div class='ocr_carea' id='block_1_18' title="bbox 232 1970 1095 2007">
    <p class='ocr_par' dir='ltr' id='par_1_19' title="bbox 232 1970 1095 2007">
     <span class='ocr_line' id='line_1_44' title="bbox 232 1970 1095 2007; baseline 0.002 -11"><span class='ocrx_word' id='word_1_411' title='bbox 232 1975 310 2007; x_wconf 88' lang='lat' dir='ltr'>rupto</span> <span class='ocrx_word' id='word_1_412' title='bbox 334 1970 447 2006; x_wconf 79' lang='lat' dir='ltr'>aliquem</span> <span class='ocrx_word' id='word_1_413' title='bbox 471 1970 624 2007; x_wconf 80' lang='lat' dir='ltr'>perfuderit.</span> <span class='ocrx_word' id='word_1_414' title='bbox 658 1970 688 1996; x_wconf 81' lang='lat' dir='ltr'>sr.</span> <span class='ocrx_word' id='word_1_415' title='bbox 716 1972 738 1997; x_wconf 89' lang='lat' dir='ltr'>l.</span> <span class='ocrx_word' id='word_1_416' title='bbox 763 1971 784 2004; x_wconf 89' lang='lat'>5.</span> <span class='ocrx_word' id='word_1_417' title='bbox 807 1973 829 1997; x_wconf 97' lang='lat' dir='ltr'>l.</span> <span class='ocrx_word' id='word_1_418' title='bbox 855 1971 886 1998; x_wconf 87' lang='lat' dir='ltr'>de</span> <span class='ocrx_word' id='word_1_419' title='bbox 911 1977 976 1999; x_wconf 74' lang='lat' dir='ltr'>extr.</span> <span class='ocrx_word' id='word_1_420' title='bbox 1001 1973 1072 1998; x_wconf 87' lang='lat' dir='ltr'>crim.</span> <span class='ocrx_word' id='word_1_421' title='bbox 1094 1978 1095 1992; x_wconf 65' lang='lat'>1</span> 
     </span>
    </p>
   </div>
   <div class='ocr_carea' id='block_1_19' title="bbox 232 2014 1073 2210">
    <p class='ocr_par' dir='ltr' id='par_1_20' title="bbox 232 2014 1073 2210">
     <span class='ocr_line' id='line_1_45' title="bbox 232 2014 1073 2046; baseline 0.004 -8"><span class='ocrx_word' id='word_1_422' title='bbox 232 2014 274 2038; x_wconf 81' lang='grc'>47.</span> <span class='ocrx_word' id='word_1_423' title='bbox 295 2014 334 2038; x_wconf 82' lang='grc'>11.</span> <span class='ocrx_word' id='word_1_424' title='bbox 359 2029 391 2032; x_wconf 87' lang='grc'>-</span> <span class='ocrx_word' id='word_1_425' title='bbox 416 2014 446 2046; x_wconf 63' lang='grc' dir='ltr'>ξ.</span> <span class='ocrx_word' id='word_1_426' title='bbox 466 2015 500 2039; x_wconf 65' lang='grc'>2.</span> <span class='ocrx_word' id='word_1_427' title='bbox 534 2016 663 2040; x_wconf 74' lang='lat' dir='ltr'>Pessum</span> <span class='ocrx_word' id='word_1_428' title='bbox 682 2016 786 2040; x_wconf 77' lang='lat' dir='ltr'>datus.</span> <span class='ocrx_word' id='word_1_429' title='bbox 823 2014 865 2040; x_wconf 90' lang='lat' dir='ltr'>III.</span> <span class='ocrx_word' id='word_1_430' title='bbox 882 2016 947 2042; x_wconf 73' lang='lat' dir='ltr'>Cn.</span> <span class='ocrx_word' id='word_1_431' title='bbox 979 2014 1073 2041; x_wconf 62' lang='lat' dir='ltr'>Vtrum</span> 
     </span>
     <span class='ocr_line' id='line_1_46' title="bbox 232 2055 1073 2093; baseline 0.004 -12"><span class='ocrx_word' id='word_1_432' title='bbox 232 2055 304 2087; x_wconf 75' lang='lat' dir='ltr'>furti,</span> <span class='ocrx_word' id='word_1_433' title='bbox 323 2066 355 2082; x_wconf 85' lang='lat' dir='ltr'>an</span> <span class='ocrx_word' id='word_1_434' title='bbox 374 2057 443 2082; x_wconf 76' lang='lat' dir='ltr'>servi</span> <span class='ocrx_word' id='word_1_435' title='bbox 464 2057 581 2093; x_wconf 72' lang='lat' dir='ltr'>corrupti</span> <span class='ocrx_word' id='word_1_436' title='bbox 596 2056 693 2083; x_wconf 86' lang='lat' dir='ltr'>iudicio</span> <span class='ocrx_word' id='word_1_437' title='bbox 707 2058 843 2083; x_wconf 77' lang='lat' dir='ltr'>teneatur?</span> <span class='ocrx_word' id='word_1_438' title='bbox 862 2073 894 2077; x_wconf 90' lang='lat'>——</span> <span class='ocrx_word' id='word_1_439' title='bbox 908 2062 1000 2084; x_wconf 85' lang='lat' dir='ltr'>neutro</span> <span class='ocrx_word' id='word_1_440' title='bbox 1015 2068 1073 2084; x_wconf 85' lang='lat' dir='ltr'>eum</span> 
     </span>
     <span class='ocr_line' id='line_1_47' title="bbox 233 2099 1072 2137; baseline 0.005 -13"><span class='ocrx_word' id='word_1_441' title='bbox 233 2099 329 2131; x_wconf 86' lang='lat' dir='ltr'>teneri,</span> <span class='ocrx_word' id='word_1_442' title='bbox 353 2115 385 2118; x_wconf 94' lang='lat'>—</span> <span class='ocrx_word' id='word_1_443' title='bbox 410 2100 479 2125; x_wconf 83' lang='lat' dir='ltr'>servi</span> <span class='ocrx_word' id='word_1_444' title='bbox 504 2100 622 2137; x_wconf 76' lang='lat' dir='ltr'>corrupti</span> <span class='ocrx_word' id='word_1_445' title='bbox 645 2099 718 2131; x_wconf 79' lang='lat' dir='ltr'>ideo,</span> <span class='ocrx_word' id='word_1_446' title='bbox 748 2100 819 2136; x_wconf 84' lang='lat' dir='ltr'>quod</span> <span class='ocrx_word' id='word_1_447' title='bbox 842 2100 957 2127; x_wconf 75' lang='lat' dir='ltr'>deterior</span> <span class='ocrx_word' id='word_1_448' title='bbox 980 2111 1072 2128; x_wconf 84' lang='lat' dir='ltr'>servus</span> 
     </span>
     <span class='ocr_line' id='line_1_48' title="bbox 235 2138 1072 2178; baseline 0.006 -12"><span class='ocrx_word' id='word_1_449' title='bbox 235 2139 317 2167; x_wconf 77' lang='lat' dir='ltr'>factus</span> <span class='ocrx_word' id='word_1_450' title='bbox 336 2151 388 2167; x_wconf 87' lang='lat' dir='ltr'>non</span> <span class='ocrx_word' id='word_1_451' title='bbox 408 2147 455 2168; x_wconf 84' lang='lat' dir='ltr'>est.</span> <span class='ocrx_word' id='word_1_452' title='bbox 485 2138 542 2168; x_wconf 74' lang='lat' dir='ltr'>Gai.</span> <span class='ocrx_word' id='word_1_453' title='bbox 562 2142 604 2168; x_wconf 86' lang='lat' dir='ltr'>III.</span> <span class='ocrx_word' id='word_1_454' title='bbox 625 2143 682 2169; x_wconf 77' lang='lat'>198.</span> <span class='ocrx_word' id='word_1_455' title='bbox 704 2142 736 2169; x_wconf 88' lang='lat' dir='ltr'>cf.</span> <span class='ocrx_word' id='word_1_456' title='bbox 756 2143 787 2169; x_wconf 87' lang='lat' dir='ltr'>l&#39;r.</span> <span class='ocrx_word' id='word_1_457' title='bbox 802 2144 842 2170; x_wconf 85' lang='grc'>14.</span> <span class='ocrx_word' id='word_1_458' title='bbox 863 2144 884 2178; x_wconf 89' lang='lat'>5.</span> <span class='ocrx_word' id='word_1_459' title='bbox 906 2146 928 2170; x_wconf 91' lang='lat'>1.</span> <span class='ocrx_word' id='word_1_460' title='bbox 949 2143 981 2170; x_wconf 87' lang='lat' dir='ltr'>de</span> <span class='ocrx_word' id='word_1_461' title='bbox 995 2154 1072 2171; x_wconf 81' lang='lat' dir='ltr'>servo</span> 
     </span>
     <span class='ocr_line' id='line_1_49' title="bbox 237 2186 404 2210; baseline 0.012 -2"><span class='ocrx_word' id='word_1_462' title='bbox 237 2192 300 2209; x_wconf 87' lang='lat' dir='ltr'>corr.</span> <span class='ocrx_word' id='word_1_463' title='bbox 321 2186 360 2210; x_wconf 93' lang='lat'>11.</span> <span class='ocrx_word' id='word_1_464' title='bbox 379 2186 404 2210; x_wconf 83' lang='lat'>3.</span> 
     </span>
    </p>
   </div>
   <div class='ocr_carea' id='block_1_20' title="bbox 238 2233 1074 2311">
    <p class='ocr_par' dir='ltr' id='par_1_21' title="bbox 238 2233 1074 2311">
     <span class='ocr_line' id='line_1_50' title="bbox 272 2233 1072 2273; baseline 0.005 -12"><span class='ocrx_word' id='word_1_465' title='bbox 272 2233 433 2262; x_wconf 80' lang='lat' dir='ltr'>Corsica.</span> <span class='ocrx_word' id='word_1_466' title='bbox 452 2237 566 2263; x_wconf 75' lang='lat' dir='ltr'>Insula</span> <span class='ocrx_word' id='word_1_467' title='bbox 579 2238 718 2268; x_wconf 80' lang='lat' dir='ltr'>Italiae,</span> <span class='ocrx_word' id='word_1_468' title='bbox 738 2238 771 2263; x_wconf 83' lang='lat' dir='ltr'>in</span> <span class='ocrx_word' id='word_1_469' title='bbox 790 2239 872 2263; x_wconf 81' lang='lat' dir='ltr'>mari</span> <span class='ocrx_word' id='word_1_470' title='bbox 886 2239 1072 2273; x_wconf 58' lang='lat' dir='ltr'>Ligustico.</span> 
     </span>
     <span class='ocr_line' id='line_1_51' title="bbox 238 2274 1074 2311; baseline 0.007 -10"><span class='ocrx_word' id='word_1_471' title='bbox 238 2274 279 2301; x_wconf 88' lang='lat' dir='ltr'>Ill.</span> <span class='ocrx_word' id='word_1_472' title='bbox 303 2277 367 2304; x_wconf 77' lang='lat' dir='ltr'>Gn.</span> <span class='ocrx_word' id='word_1_473' title='bbox 400 2278 496 2305; x_wconf 82' lang='lat' dir='ltr'>Officia</span> <span class='ocrx_word' id='word_1_474' title='bbox 520 2279 635 2305; x_wconf 90' lang='lat' dir='ltr'>iudicum</span> <span class='ocrx_word' id='word_1_475' title='bbox 653 2278 771 2311; x_wconf 74' lang='lat' dir='ltr'>Africae,</span> <span class='ocrx_word' id='word_1_476' title='bbox 790 2295 823 2298; x_wconf 92' lang='lat'>——-</span> <span class='ocrx_word' id='word_1_477' title='bbox 842 2290 890 2306; x_wconf 85' lang='lat' dir='ltr'>nec</span> <span class='ocrx_word' id='word_1_478' title='bbox 915 2290 967 2307; x_wconf 90' lang='lat' dir='ltr'>non</span> <span class='ocrx_word' id='word_1_479' title='bbox 987 2280 1074 2307; x_wconf 87' lang='lat' dir='ltr'>Sardi-</span> 
     </span>
    </p>
   </div>
   <div class='ocr_carea' id='block_1_21' title="bbox 238 2318 1074 2386">
    <p class='ocr_par' dir='ltr' id='par_1_22' title="bbox 238 2318 1074 2386">
     <span class='ocr_line' id='line_1_52' title="bbox 238 2318 1074 2350; baseline 0.008 -7"><span class='ocrx_word' id='word_1_480' title='bbox 238 2319 309 2349; x_wconf 76' lang='lat' dir='ltr'>niae.</span> <span class='ocrx_word' id='word_1_481' title='bbox 329 2318 432 2347; x_wconf 79' lang='lat' dir='ltr'>Siciliae</span> <span class='ocrx_word' id='word_1_482' title='bbox 452 2326 475 2347; x_wconf 85' lang='lat' dir='ltr'>et</span> <span class='ocrx_word' id='word_1_483' title='bbox 496 2321 630 2348; x_wconf 80' lang='lat' dir='ltr'>Corsicae.</span> <span class='ocrx_word' id='word_1_484' title='bbox 665 2322 714 2348; x_wconf 91' lang='lat' dir='ltr'>Th.</span> <span class='ocrx_word' id='word_1_485' title='bbox 739 2322 770 2348; x_wconf 89' lang='lat' dir='ltr'>C.</span> <span class='ocrx_word' id='word_1_486' title='bbox 790 2321 846 2348; x_wconf 68' lang='lat' dir='ltr'>VII.</span> <span class='ocrx_word' id='word_1_487' title='bbox 867 2325 907 2349; x_wconf 79' lang='lat'>13.</span> <span class='ocrx_word' id='word_1_488' title='bbox 933 2333 954 2349; x_wconf 82' lang='grc'>0.</span> <span class='ocrx_word' id='word_1_489' title='bbox 975 2326 1016 2350; x_wconf 85' lang='grc'>20.</span> <span class='ocrx_word' id='word_1_490' title='bbox 1042 2324 1074 2350; x_wconf 83' lang='lat' dir='ltr'>de</span> 
     </span>
     <span class='ocr_line' id='line_1_53' title="bbox 238 2362 315 2386; baseline 0 0"><span class='ocrx_word' id='word_1_491' title='bbox 238 2362 315 2386; x_wconf 85' lang='lat' dir='ltr'>tiron.</span> 
     </span>
    </p>
   </div>
   <div class='ocr_carea' id='block_1_22' title="bbox 239 2412 1075 2495">
    <p class='ocr_par' dir='ltr' id='par_1_23' title="bbox 239 2412 1075 2495">
     <span class='ocr_line' id='line_1_54' title="bbox 274 2412 1074 2452; baseline 0.008 -15"><span class='ocrx_word' id='word_1_492' title='bbox 274 2412 360 2442; x_wconf 76' lang='lat' dir='ltr'>CoS,</span> <span class='ocrx_word' id='word_1_493' title='bbox 383 2412 508 2447; x_wconf 80' lang='lat' dir='ltr'>(cotis).</span> <span class='ocrx_word' id='word_1_494' title='bbox 545 2417 662 2450; x_wconf 80' lang='lat' dir='ltr'>Lapis,</span> <span class='ocrx_word' id='word_1_495' title='bbox 687 2427 745 2451; x_wconf 79' lang='lat' dir='ltr'>qno</span> <span class='ocrx_word' id='word_1_496' title='bbox 766 2417 975 2452; x_wconf 81' lang='lat' dir='ltr'>ferramenta</span> <span class='ocrx_word' id='word_1_497' title='bbox 999 2428 1074 2444; x_wconf 71' lang='lat' dir='ltr'>aru-</span> 
     </span>
     <span class='ocr_line' id='line_1_55' title="bbox 239 2454 1075 2495; baseline 0.01 -17"><span class='ocrx_word' id='word_1_498' title='bbox 239 2465 253 2479; x_wconf 71' lang='grc' dir='ltr'>ιι</span> <span class='ocrx_word' id='word_1_499' title='bbox 262 2461 314 2480; x_wconf 76' lang='lat' dir='ltr'>utu</span> <span class='ocrx_word' id='word_1_500' title='bbox 323 2464 341 2479; x_wconf 87' lang='lat' dir='ltr'>r.</span> <span class='ocrx_word' id='word_1_501' title='bbox 380 2454 421 2480; x_wconf 89' lang='lat' dir='ltr'>lll.</span> <span class='ocrx_word' id='word_1_502' title='bbox 439 2457 502 2483; x_wconf 76' lang='lat' dir='ltr'>Cn.</span> <span class='ocrx_word' id='word_1_503' title='bbox 535 2458 628 2485; x_wconf 81' lang='lat' dir='ltr'>Cotem</span> <span class='ocrx_word' id='word_1_504' title='bbox 647 2459 716 2485; x_wconf 87' lang='lat' dir='ltr'>serro</span> <span class='ocrx_word' id='word_1_505' title='bbox 736 2459 882 2495; x_wconf 77' lang='lat' dir='ltr'>subigendo</span> <span class='ocrx_word' id='word_1_506' title='bbox 902 2461 1075 2487; x_wconf 85' lang='lat' dir='ltr'>necessariam</span> 
     </span>
    </p>
   </div>
   <div class='ocr_carea' id='block_1_23' title="bbox 240 2541 1073 2614">
    <p class='ocr_par' dir='ltr' id='par_1_24' title="bbox 240 2541 1073 2614">
     <span class='ocr_line' id='line_1_56' title="bbox 240 2541 1073 2579; baseline 0.011 -15"><span class='ocrx_word' id='word_1_507' title='bbox 240 2541 298 2575; x_wconf 74' lang='lat' dir='ltr'>quis</span> <span class='ocrx_word' id='word_1_508' title='bbox 318 2556 350 2559; x_wconf 85' lang='lat'>—</span> <span class='ocrx_word' id='word_1_509' title='bbox 374 2545 459 2566; x_wconf 72' lang='lat' dir='ltr'>rotem</span> <span class='ocrx_word' id='word_1_510' title='bbox 484 2551 515 2568; x_wconf 79' lang='lat' dir='ltr'>ex</span> <span class='ocrx_word' id='word_1_511' title='bbox 538 2544 622 2570; x_wconf 85' lang='lat' dir='ltr'>insula</span> <span class='ocrx_word' id='word_1_512' title='bbox 647 2544 725 2571; x_wconf 74' lang='lat' dir='ltr'>Creta</span> <span class='ocrx_word' id='word_1_513' title='bbox 749 2545 845 2577; x_wconf 78' lang='lat' dir='ltr'>fodito,</span> <span class='ocrx_word' id='word_1_514' title='bbox 868 2556 934 2572; x_wconf 87' lang='lat' dir='ltr'>neve</span> <span class='ocrx_word' id='word_1_515' title='bbox 959 2547 1073 2579; x_wconf 75' lang='lat' dir='ltr'>eximito,</span> 
     </span>
     <span class='ocr_line' id='line_1_57' title="bbox 240 2582 713 2614; baseline 0.015 -7"><span class='ocrx_word' id='word_1_516' title='bbox 240 2593 304 2608; x_wconf 75' lang='lat' dir='ltr'>neve</span> <span class='ocrx_word' id='word_1_517' title='bbox 324 2582 438 2609; x_wconf 78' lang='lat' dir='ltr'>avellito.</span> <span class='ocrx_word' id='word_1_518' title='bbox 466 2584 496 2610; x_wconf 82' lang='lat' dir='ltr'>sr.</span> <span class='ocrx_word' id='word_1_519' title='bbox 518 2586 557 2611; x_wconf 81' lang='lat'>15.</span> <span class='ocrx_word' id='word_1_520' title='bbox 576 2586 610 2612; x_wconf 93' lang='lat' dir='ltr'>ib.</span> <span class='ocrx_word' id='word_1_521' title='bbox 629 2588 670 2614; x_wconf 82' lang='lat'>39.</span> <span class='ocrx_word' id='word_1_522' title='bbox 689 2589 713 2614; x_wconf 95' lang='lat'>4.</span> 
     </span>
    </p>
   </div>
   <div class='ocr_carea' id='block_1_24' title="bbox 239 2635 1075 2798">
    <p class='ocr_par' dir='ltr' id='par_1_25' title="bbox 239 2635 1075 2798">
     <span class='ocr_line' id='line_1_58' title="bbox 274 2635 1073 2676; baseline 0.006 -16"><span class='ocrx_word' id='word_1_523' title='bbox 274 2635 437 2661; x_wconf 78' lang='lat' dir='ltr'>Costuln.</span> <span class='ocrx_word' id='word_1_524' title='bbox 475 2637 579 2662; x_wconf 80' lang='lat' dir='ltr'>Herba</span> <span class='ocrx_word' id='word_1_525' title='bbox 599 2640 779 2674; x_wconf 77' lang='lat' dir='ltr'>odorifera.</span> <span class='ocrx_word' id='word_1_526' title='bbox 817 2639 940 2667; x_wconf 66' lang='grc'><strong>111071.</strong></span> <span class='ocrx_word' id='word_1_527' title='bbox 965 2639 1073 2676; x_wconf 84' lang='lat' dir='ltr'>Species</span> 
     </span>
     <span class='ocr_line' id='line_1_59' title="bbox 239 2676 1075 2714; baseline 0.008 -12"><span class='ocrx_word' id='word_1_528' title='bbox 239 2678 401 2714; x_wconf 72' lang='lat' dir='ltr'>pertinentes</span> <span class='ocrx_word' id='word_1_529' title='bbox 421 2676 453 2703; x_wconf 86' lang='lat' dir='ltr'>ad</span> <span class='ocrx_word' id='word_1_530' title='bbox 471 2678 594 2714; x_wconf 81' lang='lat' dir='ltr'>vectigal:</span> <span class='ocrx_word' id='word_1_531' title='bbox 619 2680 820 2714; x_wconf 74' lang='lat' dir='ltr'>cinnamomum,</span> <span class='ocrx_word' id='word_1_532' title='bbox 841 2698 873 2701; x_wconf 98' lang='lat'><strong>—</strong></span> <span class='ocrx_word' id='word_1_533' title='bbox 897 2687 1012 2714; x_wconf 84' lang='lat' dir='ltr'>costum,</span> <span class='ocrx_word' id='word_1_534' title='bbox 1033 2692 1075 2709; x_wconf 80' lang='lat' dir='ltr'>co—</span> 
     </span>
     <span class='ocr_line' id='line_1_60' title="bbox 239 2724 1074 2757; baseline 0.01 -12"><span class='ocrx_word' id='word_1_535' title='bbox 239 2724 405 2751; x_wconf 57' lang='lat' dir='ltr'>stramoniam,</span> <span class='ocrx_word' id='word_1_536' title='bbox 427 2736 458 2739; x_wconf 97' lang='lat'><strong>—</strong></span> <span class='ocrx_word' id='word_1_537' title='bbox 478 2731 618 2753; x_wconf 79' lang='lat' dir='ltr'>amomum,</span> <span class='ocrx_word' id='word_1_538' title='bbox 638 2737 671 2741; x_wconf 87' lang='lat'>—-</span> <span class='ocrx_word' id='word_1_539' title='bbox 689 2733 775 2751; x_wconf 78' lang='lat' dir='ltr'>aroma</span> <span class='ocrx_word' id='word_1_540' title='bbox 793 2725 919 2757; x_wconf 88' lang='lat' dir='ltr'>Indicum,</span> <span class='ocrx_word' id='word_1_541' title='bbox 938 2741 971 2745; x_wconf 90' lang='lat'>—-</span> <span class='ocrx_word' id='word_1_542' title='bbox 988 2725 1074 2752; x_wconf 81' lang='lat' dir='ltr'>carda-</span> 
     </span>
     <span class='ocr_line' id='line_1_61' title="bbox 239 2762 721 2798; baseline 0.004 -9"><span class='ocrx_word' id='word_1_543' title='bbox 239 2772 360 2789; x_wconf 88' lang='lat' dir='ltr'>momum.</span> <span class='ocrx_word' id='word_1_544' title='bbox 387 2762 416 2789; x_wconf 80' lang='lat' dir='ltr'>l&#39;r.</span> <span class='ocrx_word' id='word_1_545' title='bbox 438 2764 477 2790; x_wconf 89' lang='lat'>16.</span> <span class='ocrx_word' id='word_1_546' title='bbox 497 2765 519 2798; x_wconf 82' lang='lat'>5.</span> <span class='ocrx_word' id='word_1_547' title='bbox 539 2766 562 2791; x_wconf 96' lang='lat'>7.</span> <span class='ocrx_word' id='word_1_548' title='bbox 582 2764 617 2791; x_wconf 87' lang='lat' dir='ltr'>ib.</span> <span class='ocrx_word' id='word_1_549' title='bbox 636 2766 677 2791; x_wconf 89' lang='lat'>39.</span> <span class='ocrx_word' id='word_1_550' title='bbox 697 2767 721 2791; x_wconf 82' lang='lat'>4.</span> 
     </span>
    </p>
   </div>
   <div class='ocr_carea' id='block_1_25' title="bbox 275 2814 1073 2851">
    <p class='ocr_par' dir='ltr' id='par_1_26' title="bbox 275 2814 1073 2851">
     <span class='ocr_line' id='line_1_62' title="bbox 275 2814 1073 2851; baseline 0.008 -11"><span class='ocrx_word' id='word_1_551' title='bbox 275 2814 462 2843; x_wconf 65' lang='lat' dir='ltr'>,Coton-iae.</span> <span class='ocrx_word' id='word_1_552' title='bbox 502 2815 629 2842; x_wconf 76' lang='lat' dir='ltr'>Catium</span> <span class='ocrx_word' id='word_1_553' title='bbox 644 2817 788 2851; x_wconf 80' lang='lat' dir='ltr'>fodinae.</span> <span class='ocrx_word' id='word_1_554' title='bbox 825 2818 867 2845; x_wconf 85' lang='grc'><strong>[11.</strong></span> <span class='ocrx_word' id='word_1_555' title='bbox 882 2819 947 2846; x_wconf 79' lang='lat' dir='ltr'>Gn.</span> <span class='ocrx_word' id='word_1_556' title='bbox 967 2818 1073 2850; x_wconf 73' lang='lat' dir='ltr'>Caesar.</span> 
     </span>
    </p>
   </div>
   <div class='ocr_carea' id='block_1_26' title="bbox 1090 245 1096 869">
    <p class='ocr_par' dir='ltr' id='par_1_27' title="bbox 1090 245 1096 869">
     <span class='ocr_line' id='line_1_63' title="bbox 1090 245 1096 869; baseline 0 0"><span class='ocrx_word' id='word_1_557' title='bbox 1090 245 1096 869; x_wconf 95' lang='lat' dir='ltr'> </span> 
     </span>
    </p>
   </div>
   <div class='ocr_carea' id='block_1_27' title="bbox 1093 1185 1185 1214">
    <p class='ocr_par' dir='ltr' id='par_1_28' title="bbox 1093 1185 1185 1214">
     <span class='ocr_line' id='line_1_64' title="bbox 1093 1185 1185 1214; baseline -0.022 0"><span class='ocrx_word' id='word_1_558' title='bbox 1093 1185 1095 1198; x_wconf 55' lang='lat'>¹*</span> <span class='ocrx_word' id='word_1_559' title='bbox 1119 1187 1185 1214; x_wconf 78' lang='lat' dir='ltr'>Gn.</span> 
     </span>
    </p>
   </div>
   <div class='ocr_carea' id='block_1_28' title="bbox 1093 1074 1102 2852">
    <p class='ocr_par' dir='ltr' id='par_1_29' title="bbox 1093 1074 1102 2852">
     <span class='ocr_line' id='line_1_65' title="bbox 1093 1074 1102 2852; baseline 0 0"><span class='ocrx_word' id='word_1_560' title='bbox 1093 1074 1102 2852; x_wconf 95' lang='lat' dir='ltr'> </span> 
     </span>
    </p>
   </div>
   <div class='ocr_carea' id='block_1_29' title="bbox 1890 163 1952 193">
    <p class='ocr_par' dir='ltr' id='par_1_30' title="bbox 1890 163 1952 193">
     <span class='ocr_line' id='line_1_66' title="bbox 1890 163 1952 193; baseline 0.016 -1"><span class='ocrx_word' id='word_1_561' title='bbox 1890 163 1952 193; x_wconf 77' lang='lat'>227</span> 
     </span>
    </p>
   </div>
   <div class='ocr_carea' id='block_1_30' title="bbox 1113 242 1953 279">
    <p class='ocr_par' dir='ltr' id='par_1_31' title="bbox 1113 242 1953 279">
     <span class='ocr_line' id='line_1_67' title="bbox 1113 242 1953 279; baseline -0.002 -8"><span class='ocrx_word' id='word_1_562' title='bbox 1113 254 1172 271; x_wconf 90' lang='lat' dir='ltr'>cum</span> <span class='ocrx_word' id='word_1_563' title='bbox 1191 242 1293 271; x_wconf 81' lang='lat' dir='ltr'>insulae</span> <span class='ocrx_word' id='word_1_564' title='bbox 1312 242 1408 270; x_wconf 79' lang='lat' dir='ltr'>Cretae</span> <span class='ocrx_word' id='word_1_565' title='bbox 1428 244 1541 270; x_wconf 83' lang='lat' dir='ltr'>cotorias</span> <span class='ocrx_word' id='word_1_566' title='bbox 1560 242 1668 275; x_wconf 75' lang='lat' dir='ltr'>locaret,</span> <span class='ocrx_word' id='word_1_567' title='bbox 1688 242 1771 279; x_wconf 82' lang='lat' dir='ltr'>Iegem</span> <span class='ocrx_word' id='word_1_568' title='bbox 1790 243 1824 269; x_wconf 81' lang='lat' dir='ltr'>ita</span> <span class='ocrx_word' id='word_1_569' title='bbox 1844 243 1953 269; x_wconf 78' lang='lat' dir='ltr'>dixerat.</span> 
     </span>
    </p>
   </div>
   <div class='ocr_carea' id='block_1_31' title="bbox 1090 286 1384 314">
    <p class='ocr_par' dir='ltr' id='par_1_32' title="bbox 1090 286 1384 314">
     <span class='ocr_line' id='line_1_68' title="bbox 1090 286 1384 314; baseline -0.007 0"><span class='ocrx_word' id='word_1_570' title='bbox 1090 294 1092 303; x_wconf 75' lang='lat'><em>&#39;</em></span> <span class='ocrx_word' id='word_1_571' title='bbox 1113 287 1144 314; x_wconf 85' lang='lat' dir='ltr'>fr.</span> <span class='ocrx_word' id='word_1_572' title='bbox 1166 289 1205 314; x_wconf 86' lang='lat'>15.</span> <span class='ocrx_word' id='word_1_573' title='bbox 1225 286 1243 313; x_wconf 88' lang='grc'>1.</span> <span class='ocrx_word' id='word_1_574' title='bbox 1262 286 1279 313; x_wconf 88' lang='lat' dir='ltr'>l.</span> <span class='ocrx_word' id='word_1_575' title='bbox 1298 288 1340 313; x_wconf 85' lang='lat'>39.</span> <span class='ocrx_word' id='word_1_576' title='bbox 1359 288 1384 312; x_wconf 86' lang='lat'>4.</span> 
     </span>
    </p>
   </div>
   <div class='ocr_carea' id='block_1_32' title="bbox 1114 328 1955 451">
    <p class='ocr_par' dir='ltr' id='par_1_33' title="bbox 1114 328 1955 451">
     <span class='ocr_line' id='line_1_69' title="bbox 1149 328 1728 364; baseline -0.005 -7"><span class='ocrx_word' id='word_1_577' title='bbox 1149 329 1398 357; x_wconf 68' lang='lat' dir='ltr'>Cotti-uanus.</span> <span class='ocrx_word' id='word_1_578' title='bbox 1437 328 1478 356; x_wconf 91' lang='lat' dir='ltr'>Cf.</span> <span class='ocrx_word' id='word_1_579' title='bbox 1497 339 1521 355; x_wconf 88' lang='lat' dir='ltr'>v.</span> <span class='ocrx_word' id='word_1_580' title='bbox 1542 328 1728 364; x_wconf 80' lang='lat' dir='ltr'>Quotidiauus.</span> 
     </span>
     <span class='ocr_line' id='line_1_70' title="bbox 1150 372 1953 399; baseline -0.002 0"><span class='ocrx_word' id='word_1_581' title='bbox 1150 372 1365 399; x_wconf 70' lang='lat' dir='ltr'>CrabattuS.</span> <span class='ocrx_word' id='word_1_582' title='bbox 1407 373 1560 398; x_wconf 71' lang='lat' dir='ltr'>Lectulus</span> <span class='ocrx_word' id='word_1_583' title='bbox 1585 373 1787 398; x_wconf 80' lang='lat' dir='ltr'>meridiando</span> <span class='ocrx_word' id='word_1_584' title='bbox 1813 373 1953 397; x_wconf 76' lang='lat' dir='ltr'>idoneus.</span> 
     </span>
     <span class='ocr_line' id='line_1_71' title="bbox 1114 413 1955 451; baseline -0.001 -11"><span class='ocrx_word' id='word_1_585' title='bbox 1114 414 1156 440; x_wconf 88' lang='lat' dir='ltr'>III.</span> <span class='ocrx_word' id='word_1_586' title='bbox 1181 415 1246 442; x_wconf 74' lang='lat' dir='ltr'>Gn.</span> <span class='ocrx_word' id='word_1_587' title='bbox 1276 413 1418 440; x_wconf 80' lang='lat' dir='ltr'>Crabattus</span> <span class='ocrx_word' id='word_1_588' title='bbox 1438 413 1482 447; x_wconf 89' lang='lat' dir='ltr'>[al.</span> <span class='ocrx_word' id='word_1_589' title='bbox 1502 414 1636 450; x_wconf 75' lang='lat' dir='ltr'>grabatus]</span> <span class='ocrx_word' id='word_1_590' title='bbox 1655 418 1762 451; x_wconf 79' lang='lat' dir='ltr'>argento</span> <span class='ocrx_word' id='word_1_591' title='bbox 1781 414 1899 439; x_wconf 86' lang='lat' dir='ltr'>inaurato</span> <span class='ocrx_word' id='word_1_592' title='bbox 1918 417 1955 439; x_wconf 85' lang='lat' dir='ltr'>te-</span> 
     </span>
    </p>
   </div>
   <div class='ocr_carea' id='block_1_33' title="bbox 1091 455 1954 535">
    <p class='ocr_par' dir='ltr' id='par_1_34' title="bbox 1091 455 1954 535">
     <span class='ocr_line' id='line_1_72' title="bbox 1091 455 1954 494; baseline -0.002 -11"><span class='ocrx_word' id='word_1_593' title='bbox 1091 461 1092 464; x_wconf 79' lang='grc'>’</span> <span class='ocrx_word' id='word_1_594' title='bbox 1115 462 1182 487; x_wconf 81' lang='lat' dir='ltr'>etus,</span> <span class='ocrx_word' id='word_1_595' title='bbox 1202 472 1235 476; x_wconf 91' lang='lat'><strong>—</strong></span> <span class='ocrx_word' id='word_1_596' title='bbox 1254 457 1281 483; x_wconf 89' lang='lat' dir='ltr'>in</span> <span class='ocrx_word' id='word_1_597' title='bbox 1299 456 1402 483; x_wconf 89' lang='lat' dir='ltr'>horreis</span> <span class='ocrx_word' id='word_1_598' title='bbox 1422 457 1550 494; x_wconf 83' lang='lat' dir='ltr'>tantisper</span> <span class='ocrx_word' id='word_1_599' title='bbox 1569 456 1699 483; x_wconf 85' lang='lat' dir='ltr'>conditus.</span> <span class='ocrx_word' id='word_1_600' title='bbox 1726 455 1757 482; x_wconf 74' lang='lat' dir='ltr'>fr.</span> <span class='ocrx_word' id='word_1_601' title='bbox 1775 458 1817 482; x_wconf 86' lang='grc'>20.</span> <span class='ocrx_word' id='word_1_602' title='bbox 1835 456 1858 489; x_wconf 88' lang='lat'>5.</span> <span class='ocrx_word' id='word_1_603' title='bbox 1877 458 1901 481; x_wconf 71' lang='grc' dir='ltr'>ὃ.</span> <span class='ocrx_word' id='word_1_604' title='bbox 1922 455 1954 482; x_wconf 87' lang='lat' dir='ltr'>de</span> 
     </span>
     <span class='ocr_line' id='line_1_73' title="bbox 1091 499 1362 535; baseline 0.004 -10"><span class='ocrx_word' id='word_1_605' title='bbox 1091 504 1093 515; x_wconf 70' lang='lat'><strong>⁴</strong></span> <span class='ocrx_word' id='word_1_606' title='bbox 1114 501 1189 526; x_wconf 89' lang='lat' dir='ltr'>instr.</span> <span class='ocrx_word' id='word_1_607' title='bbox 1209 499 1258 535; x_wconf 82' lang='lat' dir='ltr'>leg.</span> <span class='ocrx_word' id='word_1_608' title='bbox 1277 500 1319 526; x_wconf 82' lang='lat'>33.</span> <span class='ocrx_word' id='word_1_609' title='bbox 1339 501 1362 526; x_wconf 88' lang='lat'>7.</span> 
     </span>
    </p>
   </div>
   <div class='ocr_carea' id='block_1_34' title="bbox 1115 540 1955 792">
    <p class='ocr_par' dir='ltr' id='par_1_35' title="bbox 1115 540 1954 621">
     <span class='ocr_line' id='line_1_74' title="bbox 1150 540 1954 578; baseline -0.002 -9"><span class='ocrx_word' id='word_1_610' title='bbox 1150 543 1255 569; x_wconf 72' lang='lat' dir='ltr'>Cras.</span> <span class='ocrx_word' id='word_1_611' title='bbox 1282 541 1395 575; x_wconf 86' lang='lat' dir='ltr'>(Advb.)</span> <span class='ocrx_word' id='word_1_612' title='bbox 1432 542 1493 568; x_wconf 84' lang='lat' dir='ltr'>Die</span> <span class='ocrx_word' id='word_1_613' title='bbox 1510 544 1657 575; x_wconf 74' lang='lat' dir='ltr'>proxime</span> <span class='ocrx_word' id='word_1_614' title='bbox 1670 543 1799 578; x_wconf 83' lang='lat' dir='ltr'>futuro.</span> <span class='ocrx_word' id='word_1_615' title='bbox 1832 540 1862 566; x_wconf 95' lang='lat' dir='ltr'>II.</span> <span class='ocrx_word' id='word_1_616' title='bbox 1887 542 1954 574; x_wconf 78' lang='lat' dir='ltr'>Op.</span> 
     </span>
     <span class='ocr_line' id='line_1_75' title="bbox 1115 583 1727 621; baseline -0.002 -10"><span class='ocrx_word' id='word_1_617' title='bbox 1115 585 1207 611; x_wconf 78' lang='lat' dir='ltr'>Hodie.</span> <span class='ocrx_word' id='word_1_618' title='bbox 1237 586 1258 619; x_wconf 89' lang='lat'>5.</span> <span class='ocrx_word' id='word_1_619' title='bbox 1280 586 1319 611; x_wconf 91' lang='lat'>14.</span> <span class='ocrx_word' id='word_1_620' title='bbox 1338 584 1357 611; x_wconf 89' lang='lat' dir='ltr'>I.</span> <span class='ocrx_word' id='word_1_621' title='bbox 1376 584 1409 611; x_wconf 88' lang='lat' dir='ltr'>de</span> <span class='ocrx_word' id='word_1_622' title='bbox 1428 583 1512 610; x_wconf 89' lang='lat' dir='ltr'>inutil.</span> <span class='ocrx_word' id='word_1_623' title='bbox 1533 584 1623 621; x_wconf 86' lang='lat' dir='ltr'>stipul.</span> <span class='ocrx_word' id='word_1_624' title='bbox 1642 586 1666 610; x_wconf 97' lang='lat'>3.</span> <span class='ocrx_word' id='word_1_625' title='bbox 1685 586 1727 610; x_wconf 84' lang='grc'>20.</span> 
     </span>
    </p>

    <p class='ocr_par' dir='ltr' id='par_1_36' title="bbox 1115 625 1955 792">
     <span class='ocr_line' id='line_1_76' title="bbox 1151 625 1955 661; baseline -0.004 -6"><span class='ocrx_word' id='word_1_626' title='bbox 1151 629 1320 655; x_wconf 74' lang='lat' dir='ltr'>Crassus.</span> <span class='ocrx_word' id='word_1_627' title='bbox 1340 626 1469 660; x_wconf 83' lang='lat' dir='ltr'>(Adiect.)</span> <span class='ocrx_word' id='word_1_628' title='bbox 1495 628 1643 661; x_wconf 70' lang='lat' dir='ltr'>Amplns,</span> <span class='ocrx_word' id='word_1_629' title='bbox 1663 628 1799 653; x_wconf 74' lang='lat' dir='ltr'>Nimius.</span> <span class='ocrx_word' id='word_1_630' title='bbox 1828 625 1872 651; x_wconf 91' lang='grc' dir='ltr'><strong>ΙΙΙ.</strong></span> <span class='ocrx_word' id='word_1_631' title='bbox 1888 626 1955 653; x_wconf 74' lang='lat' dir='ltr'>Gn.</span> 
     </span>
     <span class='ocr_line' id='line_1_77' title="bbox 1115 669 1955 707; baseline -0.004 -10"><span class='ocrx_word' id='word_1_632' title='bbox 1115 670 1151 697; x_wconf 78' lang='lat' dir='ltr'>Vt</span> <span class='ocrx_word' id='word_1_633' title='bbox 1170 681 1256 707; x_wconf 80' lang='lat' dir='ltr'>neque</span> <span class='ocrx_word' id='word_1_634' title='bbox 1275 670 1432 706; x_wconf 80' lang='lat' dir='ltr'>negligentia</span> <span class='ocrx_word' id='word_1_635' title='bbox 1451 679 1552 701; x_wconf 82' lang='lat' dir='ltr'>crassa,</span> <span class='ocrx_word' id='word_1_636' title='bbox 1577 673 1621 695; x_wconf 89' lang='lat' dir='ltr'>aut</span> <span class='ocrx_word' id='word_1_637' title='bbox 1646 670 1723 695; x_wconf 85' lang='lat' dir='ltr'>nimia</span> <span class='ocrx_word' id='word_1_638' title='bbox 1742 669 1870 695; x_wconf 79' lang='lat' dir='ltr'>securitas</span> <span class='ocrx_word' id='word_1_639' title='bbox 1890 669 1955 695; x_wconf 85' lang='lat' dir='ltr'>satis</span> 
     </span>
     <span class='ocr_line' id='line_1_78' title="bbox 1116 711 1953 751; baseline -0.002 -11"><span class='ocrx_word' id='word_1_640' title='bbox 1116 714 1237 751; x_wconf 74' lang='lat' dir='ltr'>expedita</span> <span class='ocrx_word' id='word_1_641' title='bbox 1257 714 1306 745; x_wconf 81' lang='lat' dir='ltr'>sit,</span> <span class='ocrx_word' id='word_1_642' title='bbox 1325 723 1411 750; x_wconf 89' lang='lat' dir='ltr'>neque</span> <span class='ocrx_word' id='word_1_643' title='bbox 1430 711 1556 738; x_wconf 85' lang='lat' dir='ltr'>delatoria</span> <span class='ocrx_word' id='word_1_644' title='bbox 1576 712 1715 738; x_wconf 84' lang='lat' dir='ltr'>curiositas</span> <span class='ocrx_word' id='word_1_645' title='bbox 1735 713 1859 747; x_wconf 76' lang='lat' dir='ltr'>exigatur.</span> <span class='ocrx_word' id='word_1_646' title='bbox 1886 712 1916 738; x_wconf 78' lang='lat' dir='ltr'>l&#39;r.</span> <span class='ocrx_word' id='word_1_647' title='bbox 1930 713 1953 738; x_wconf 87' lang='grc'>6.</span> 
     </span>
     <span class='ocr_line' id='line_1_79' title="bbox 1116 754 1955 792; baseline -0.002 -10"><span class='ocrx_word' id='word_1_648' title='bbox 1116 756 1148 782; x_wconf 86' lang='lat' dir='ltr'>de</span> <span class='ocrx_word' id='word_1_649' title='bbox 1168 757 1216 782; x_wconf 91' lang='lat' dir='ltr'>iur.</span> <span class='ocrx_word' id='word_1_650' title='bbox 1236 761 1262 782; x_wconf 86' lang='lat' dir='ltr'>et</span> <span class='ocrx_word' id='word_1_651' title='bbox 1281 756 1342 782; x_wconf 85' lang='lat' dir='ltr'>facti</span> <span class='ocrx_word' id='word_1_652' title='bbox 1361 757 1412 792; x_wconf 81' lang='lat' dir='ltr'>ign.</span> <span class='ocrx_word' id='word_1_653' title='bbox 1431 757 1473 781; x_wconf 84' lang='lat'>22.</span> <span class='ocrx_word' id='word_1_654' title='bbox 1488 756 1511 781; x_wconf 87' lang='grc'>6.</span> <span class='ocrx_word' id='word_1_655' title='bbox 1548 754 1704 781; x_wconf 84' lang='lat' dir='ltr'>Huiusmodi</span> <span class='ocrx_word' id='word_1_656' title='bbox 1719 755 1874 781; x_wconf 80' lang='lat' dir='ltr'>sententiam</span> <span class='ocrx_word' id='word_1_657' title='bbox 1887 764 1955 781; x_wconf 88' lang='lat' dir='ltr'>cras-</span> 
     </span>
    </p>
   </div>
   <div class='ocr_carea' id='block_1_35' title="bbox 1093 796 1937 825">
    <p class='ocr_par' dir='ltr' id='par_1_37' title="bbox 1093 796 1937 825">
     <span class='ocr_line' id='line_1_80' title="bbox 1093 796 1937 825; baseline -0.002 0"><span class='ocrx_word' id='word_1_658' title='bbox 1093 796 1094 801; x_wconf 41' lang='lat'><em>*</em></span> <span class='ocrx_word' id='word_1_659' title='bbox 1116 800 1212 825; x_wconf 84' lang='lat' dir='ltr'>siorem</span> <span class='ocrx_word' id='word_1_660' title='bbox 1232 809 1291 825; x_wconf 87' lang='lat' dir='ltr'>esse</span> <span class='ocrx_word' id='word_1_661' title='bbox 1311 800 1499 825; x_wconf 70' lang='lat' dir='ltr'>existimamus.</span> <span class='ocrx_word' id='word_1_662' title='bbox 1528 808 1548 824; x_wconf 92' lang='grc'>0.</span> <span class='ocrx_word' id='word_1_663' title='bbox 1565 799 1604 824; x_wconf 88' lang='lat'>14.</span> <span class='ocrx_word' id='word_1_664' title='bbox 1625 797 1659 824; x_wconf 82' lang='lat' dir='ltr'>dc</span> <span class='ocrx_word' id='word_1_665' title='bbox 1676 796 1764 824; x_wconf 87' lang='lat' dir='ltr'>hered.</span> <span class='ocrx_word' id='word_1_666' title='bbox 1780 799 1840 823; x_wconf 91' lang='lat' dir='ltr'>inst.</span> <span class='ocrx_word' id='word_1_667' title='bbox 1861 798 1884 823; x_wconf 81' lang='lat'>6.</span> <span class='ocrx_word' id='word_1_668' title='bbox 1895 799 1937 823; x_wconf 82' lang='lat'>24.</span> 
     </span>
    </p>
   </div>
   <div class='ocr_carea' id='block_1_36' title="bbox 1116 842 1956 962">
    <p class='ocr_par' dir='ltr' id='par_1_38' title="bbox 1116 842 1956 962">
     <span class='ocr_line' id='line_1_81' title="bbox 1152 842 1954 875; baseline -0.004 -6"><span class='ocrx_word' id='word_1_669' title='bbox 1152 843 1298 869; x_wconf 66' lang='lat' dir='ltr'>Crater.</span> <span class='ocrx_word' id='word_1_670' title='bbox 1348 843 1621 875; x_wconf 72' lang='lat' dir='ltr'>conceptaculum</span> <span class='ocrx_word' id='word_1_671' title='bbox 1652 851 1755 874; x_wconf 78' lang='lat' dir='ltr'>aquae</span> <span class='ocrx_word' id='word_1_672' title='bbox 1785 842 1954 872; x_wconf 77' lang='lat' dir='ltr'>salientis,</span> 
     </span>
     <span class='ocr_line' id='line_1_82' title="bbox 1116 882 1955 914; baseline -0.005 -2"><span class='ocrx_word' id='word_1_673' title='bbox 1116 887 1164 912; x_wconf 81' lang='lat' dir='ltr'>vel</span> <span class='ocrx_word' id='word_1_674' title='bbox 1187 886 1258 911; x_wconf 80' lang='lat' dir='ltr'>vini</span> <span class='ocrx_word' id='word_1_675' title='bbox 1281 886 1442 910; x_wconf 74' lang='lat' dir='ltr'>miscendi.</span> <span class='ocrx_word' id='word_1_676' title='bbox 1479 883 1521 909; x_wconf 92' lang='lat' dir='ltr'>III.</span> <span class='ocrx_word' id='word_1_677' title='bbox 1547 885 1612 911; x_wconf 65' lang='lat'>(711.</span> <span class='ocrx_word' id='word_1_678' title='bbox 1641 882 1772 914; x_wconf 63' lang='lat' dir='ltr'>Fistulae,</span> <span class='ocrx_word' id='word_1_679' title='bbox 1799 888 1821 909; x_wconf 79' lang='lat' dir='ltr'>et</span> <span class='ocrx_word' id='word_1_680' title='bbox 1844 882 1955 914; x_wconf 80' lang='lat' dir='ltr'>canales,</span> 
     </span>
     <span class='ocr_line' id='line_1_83' title="bbox 1117 925 1956 962; baseline -0.004 -8"><span class='ocrx_word' id='word_1_681' title='bbox 1117 932 1143 954; x_wconf 84' lang='lat' dir='ltr'>et</span> <span class='ocrx_word' id='word_1_682' title='bbox 1161 932 1288 959; x_wconf 75' lang='lat' dir='ltr'>crateres,</span> <span class='ocrx_word' id='word_1_683' title='bbox 1314 931 1339 952; x_wconf 80' lang='lat' dir='ltr'>et</span> <span class='ocrx_word' id='word_1_684' title='bbox 1359 927 1381 952; x_wconf 90' lang='lat' dir='ltr'>si</span> <span class='ocrx_word' id='word_1_685' title='bbox 1401 936 1451 962; x_wconf 86' lang='lat' dir='ltr'>qua</span> <span class='ocrx_word' id='word_1_686' title='bbox 1471 931 1532 952; x_wconf 83' lang='lat' dir='ltr'>suut</span> <span class='ocrx_word' id='word_1_687' title='bbox 1551 925 1600 952; x_wconf 86' lang='lat' dir='ltr'>alia</span> <span class='ocrx_word' id='word_1_688' title='bbox 1619 925 1652 952; x_wconf 90' lang='lat' dir='ltr'>ad</span> <span class='ocrx_word' id='word_1_689' title='bbox 1671 936 1751 962; x_wconf 83' lang='lat' dir='ltr'>aquas</span> <span class='ocrx_word' id='word_1_690' title='bbox 1770 925 1895 952; x_wconf 82' lang='lat' dir='ltr'>salientes</span> <span class='ocrx_word' id='word_1_691' title='bbox 1914 936 1956 951; x_wconf 87' lang='lat' dir='ltr'>ne-</span> 
     </span>
    </p>
   </div>
   <div class='ocr_carea' id='block_1_37' title="bbox 1115 1056 1958 1520">
    <p class='ocr_par' dir='ltr' id='par_1_39' title="bbox 1115 1056 1369 1094">
     <span class='ocr_line' id='line_1_84' title="bbox 1115 1056 1369 1094; baseline -0.012 -11"><span class='ocrx_word' id='word_1_692' title='bbox 1115 1057 1178 1094; x_wconf 84' lang='lat' dir='ltr'>pell.</span> <span class='ocrx_word' id='word_1_693' title='bbox 1199 1056 1248 1093; x_wconf 81' lang='lat' dir='ltr'>leg.</span> <span class='ocrx_word' id='word_1_694' title='bbox 1267 1058 1308 1082; x_wconf 73' lang='grc'>33.</span> <span class='ocrx_word' id='word_1_695' title='bbox 1330 1057 1369 1081; x_wconf 89' lang='grc'>10.</span> 
     </span>
    </p>

    <p class='ocr_par' dir='ltr' id='par_1_40' title="bbox 1116 1097 1957 1310">
     <span class='ocr_line' id='line_1_85' title="bbox 1153 1097 1957 1134; baseline -0.002 -7"><span class='ocrx_word' id='word_1_696' title='bbox 1153 1099 1353 1127; x_wconf 76' lang='lat' dir='ltr'>Cratieius.</span> <span class='ocrx_word' id='word_1_697' title='bbox 1383 1097 1525 1131; x_wconf 82' lang='lat' dir='ltr'>(Adiect.)</span> <span class='ocrx_word' id='word_1_698' title='bbox 1564 1099 1717 1124; x_wconf 73' lang='lat' dir='ltr'>Crucibus</span> <span class='ocrx_word' id='word_1_699' title='bbox 1742 1100 1876 1124; x_wconf 77' lang='lat' dir='ltr'>insertis</span> <span class='ocrx_word' id='word_1_700' title='bbox 1900 1099 1957 1134; x_wconf 80' lang='lat' dir='ltr'>fu-</span> 
     </span>
     <span class='ocr_line' id='line_1_86' title="bbox 1116 1140 1956 1175; baseline -0.005 -5"><span class='ocrx_word' id='word_1_701' title='bbox 1116 1150 1200 1175; x_wconf 76' lang='lat' dir='ltr'>ctus,</span> <span class='ocrx_word' id='word_1_702' title='bbox 1913 1140 1956 1167; x_wconf 86' lang='lat' dir='ltr'>III.</span> 
     </span>
     <span class='ocr_line' id='line_1_87' title="bbox 1224 1183 1956 1221; baseline -0.003 -10"><span class='ocrx_word' id='word_1_703' title='bbox 1224 1185 1252 1211; x_wconf 84' lang='lat' dir='ltr'>Si</span> <span class='ocrx_word' id='word_1_704' title='bbox 1272 1186 1351 1211; x_wconf 77' lang='lat' dir='ltr'>vicini</span> <span class='ocrx_word' id='word_1_705' title='bbox 1371 1183 1519 1221; x_wconf 77' lang='lat' dir='ltr'>semipedes</span> <span class='ocrx_word' id='word_1_706' title='bbox 1539 1185 1606 1209; x_wconf 80' lang='lat' dir='ltr'>inter</span> <span class='ocrx_word' id='word_1_707' title='bbox 1625 1194 1654 1210; x_wconf 87' lang='lat' dir='ltr'>se</span> <span class='ocrx_word' id='word_1_708' title='bbox 1673 1183 1853 1215; x_wconf 74' lang='lat' dir='ltr'>contulerunt,</span> <span class='ocrx_word' id='word_1_709' title='bbox 1874 1188 1902 1209; x_wconf 87' lang='lat' dir='ltr'>ut</span> <span class='ocrx_word' id='word_1_710' title='bbox 1920 1183 1956 1209; x_wconf 87' lang='lat' dir='ltr'>ibi</span> 
     </span>
     <span class='ocr_line' id='line_1_88' title="bbox 1118 1226 1956 1265; baseline -0.005 -9"><span class='ocrx_word' id='word_1_711' title='bbox 1118 1230 1253 1256; x_wconf 85' lang='lat' dir='ltr'>craticium</span> <span class='ocrx_word' id='word_1_712' title='bbox 1272 1229 1398 1265; x_wconf 70' lang='lat' dir='ltr'>parietem</span> <span class='ocrx_word' id='word_1_713' title='bbox 1417 1228 1485 1253; x_wconf 85' lang='lat' dir='ltr'>inter</span> <span class='ocrx_word' id='word_1_714' title='bbox 1504 1236 1533 1253; x_wconf 85' lang='lat' dir='ltr'>se.</span> <span class='ocrx_word' id='word_1_715' title='bbox 1552 1227 1728 1253; x_wconf 76' lang='lat' dir='ltr'>aedificarent.</span> <span class='ocrx_word' id='word_1_716' title='bbox 1758 1227 1788 1252; x_wconf 86' lang='lat' dir='ltr'>l&#39;r.</span> <span class='ocrx_word' id='word_1_717' title='bbox 1808 1229 1849 1252; x_wconf 78' lang='lat'>52.</span> <span class='ocrx_word' id='word_1_718' title='bbox 1873 1226 1956 1260; x_wconf 72' lang='lat'>513.</span> 
     </span>
     <span class='ocr_line' id='line_1_89' title="bbox 1116 1273 1344 1310; baseline -0.009 -12"><span class='ocrx_word' id='word_1_719' title='bbox 1116 1282 1165 1310; x_wconf 92' lang='lat' dir='ltr'>pro</span> <span class='ocrx_word' id='word_1_720' title='bbox 1186 1282 1240 1298; x_wconf 85' lang='grc'><strong>500.</strong></span> <span class='ocrx_word' id='word_1_721' title='bbox 1261 1273 1301 1297; x_wconf 92' lang='lat'>17.</span> <span class='ocrx_word' id='word_1_722' title='bbox 1320 1273 1344 1297; x_wconf 87' lang='grc'>2.</span> 
     </span>
    </p>

    <p class='ocr_par' dir='ltr' id='par_1_41' title="bbox 1118 1313 1958 1471">
     <span class='ocr_line' id='line_1_90' title="bbox 1154 1313 1957 1345; baseline -0.007 -2"><span class='ocrx_word' id='word_1_723' title='bbox 1154 1315 1345 1345; x_wconf 72' lang='lat' dir='ltr'>Cratinus.</span> <span class='ocrx_word' id='word_1_724' title='bbox 1367 1317 1392 1339; x_wconf 81' lang='lat' dir='ltr'>et</span> <span class='ocrx_word' id='word_1_725' title='bbox 1413 1313 1609 1340; x_wconf 74' lang='lat' dir='ltr'>Cratistus.</span> <span class='ocrx_word' id='word_1_726' title='bbox 1631 1314 1801 1339; x_wconf 77' lang='lat' dir='ltr'>Servorum</span> <span class='ocrx_word' id='word_1_727' title='bbox 1821 1314 1957 1338; x_wconf 82' lang='lat' dir='ltr'>nomina.</span> 
     </span>
     <span class='ocr_line' id='line_1_91' title="bbox 1119 1354 1958 1393; baseline -0.007 -7"><span class='ocrx_word' id='word_1_728' title='bbox 1119 1358 1161 1385; x_wconf 90' lang='lat' dir='ltr'>III.</span> <span class='ocrx_word' id='word_1_729' title='bbox 1187 1360 1253 1386; x_wconf 66' lang='lat'>(721.</span> <span class='ocrx_word' id='word_1_730' title='bbox 1286 1358 1339 1393; x_wconf 83' lang='lat' dir='ltr'>Qui</span> <span class='ocrx_word' id='word_1_731' title='bbox 1358 1356 1471 1383; x_wconf 82' lang='lat' dir='ltr'>habebat</span> <span class='ocrx_word' id='word_1_732' title='bbox 1494 1366 1599 1382; x_wconf 82' lang='lat' dir='ltr'>servum</span> <span class='ocrx_word' id='word_1_733' title='bbox 1618 1354 1778 1386; x_wconf 75' lang='lat' dir='ltr'>Cratistum,</span> <span class='ocrx_word' id='word_1_734' title='bbox 1802 1359 1958 1380; x_wconf 86' lang='lat' dir='ltr'>testamento</span> 
     </span>
     <span class='ocr_line' id='line_1_92' title="bbox 1118 1397 1956 1435; baseline -0.006 -7"><span class='ocrx_word' id='word_1_735' title='bbox 1118 1403 1152 1428; x_wconf 87' lang='lat' dir='ltr'>ita</span> <span class='ocrx_word' id='word_1_736' title='bbox 1173 1402 1252 1428; x_wconf 83' lang='lat' dir='ltr'>cavit:</span> <span class='ocrx_word' id='word_1_737' title='bbox 1277 1401 1376 1427; x_wconf 84' lang='lat' dir='ltr'>Servus</span> <span class='ocrx_word' id='word_1_738' title='bbox 1396 1409 1469 1426; x_wconf 88' lang='lat' dir='ltr'>meus</span> <span class='ocrx_word' id='word_1_739' title='bbox 1490 1399 1614 1425; x_wconf 87' lang='lat' dir='ltr'>Cratinus</span> <span class='ocrx_word' id='word_1_740' title='bbox 1633 1397 1701 1424; x_wconf 89' lang='lat' dir='ltr'>liber</span> <span class='ocrx_word' id='word_1_741' title='bbox 1720 1398 1789 1424; x_wconf 87' lang='lat' dir='ltr'>esto!</span> <span class='ocrx_word' id='word_1_742' title='bbox 1809 1397 1840 1424; x_wconf 82' lang='lat' dir='ltr'>fr.</span> <span class='ocrx_word' id='word_1_743' title='bbox 1857 1399 1898 1424; x_wconf 86' lang='lat'>54.</span> <span class='ocrx_word' id='word_1_744' title='bbox 1918 1407 1956 1435; x_wconf 87' lang='lat' dir='ltr'>pr.</span> 
     </span>
     <span class='ocr_line' id='line_1_93' title="bbox 1119 1444 1464 1471; baseline -0.006 0"><span class='ocrx_word' id='word_1_745' title='bbox 1119 1445 1151 1471; x_wconf 88' lang='lat' dir='ltr'>de</span> <span class='ocrx_word' id='word_1_746' title='bbox 1170 1454 1237 1470; x_wconf 81' lang='lat' dir='ltr'>inan.</span> <span class='ocrx_word' id='word_1_747' title='bbox 1258 1448 1360 1470; x_wconf 85' lang='lat' dir='ltr'>testam.</span> <span class='ocrx_word' id='word_1_748' title='bbox 1379 1444 1420 1469; x_wconf 85' lang='grc'>40.</span> <span class='ocrx_word' id='word_1_749' title='bbox 1441 1444 1464 1469; x_wconf 75' lang='grc'>4.</span> 
     </span>
    </p>

    <p class='ocr_par' dir='ltr' id='par_1_42' title="bbox 1155 1482 1957 1520">
     <span class='ocr_line' id='line_1_94' title="bbox 1155 1482 1957 1520; baseline -0.006 -6"><span class='ocrx_word' id='word_1_750' title='bbox 1155 1488 1308 1515; x_wconf 72' lang='lat' dir='ltr'>Creare.</span> <span class='ocrx_word' id='word_1_751' title='bbox 1345 1487 1376 1520; x_wconf 64' lang='grc' dir='ltr'>ξ.</span> <span class='ocrx_word' id='word_1_752' title='bbox 1397 1487 1431 1512; x_wconf 82' lang='lat' dir='ltr'>l.</span> <span class='ocrx_word' id='word_1_753' title='bbox 1464 1487 1656 1516; x_wconf 82' lang='lat' dir='ltr'>Procreare,</span> <span class='ocrx_word' id='word_1_754' title='bbox 1685 1486 1879 1510; x_wconf 76' lang='lat' dir='ltr'>Provocare.</span> <span class='ocrx_word' id='word_1_755' title='bbox 1914 1482 1957 1509; x_wconf 85' lang='grc'><strong>111.</strong></span> 
     </span>
    </p>
   </div>
   <div class='ocr_carea' id='block_1_38' title="bbox 1232 1143 1867 1168">
    <p class='ocr_par' dir='ltr' id='par_1_43' title="bbox 1232 1143 1867 1168">
     <span class='ocr_line' id='line_1_95' title="bbox 1232 1143 1867 1168; baseline 0 0"><span class='ocrx_word' id='word_1_756' title='bbox 1232 1144 1396 1168; x_wconf 79' lang='lat' dir='ltr'>asseribus</span> <span class='ocrx_word' id='word_1_757' title='bbox 1428 1143 1573 1168; x_wconf 82' lang='lat' dir='ltr'>adrectis</span> <span class='ocrx_word' id='word_1_758' title='bbox 1603 1147 1630 1167; x_wconf 83' lang='lat' dir='ltr'>et</span> <span class='ocrx_word' id='word_1_759' title='bbox 1658 1143 1867 1168; x_wconf 74' lang='lat' dir='ltr'>transi-ersis.</span> 
     </span>
    </p>
   </div>
   <div class='ocr_carea' id='block_1_39' title="bbox 1095 1525 1959 1566">
    <p class='ocr_par' dir='ltr' id='par_1_44' title="bbox 1095 1525 1959 1566">
     <span class='ocr_line' id='line_1_96' title="bbox 1095 1525 1959 1566; baseline -0.008 -8"><span class='ocrx_word' id='word_1_760' title='bbox 1095 1543 1097 1550; x_wconf 93' lang='lat'>·</span> <span class='ocrx_word' id='word_1_761' title='bbox 1120 1532 1187 1558; x_wconf 71' lang='lat' dir='ltr'>Cn.</span> <span class='ocrx_word' id='word_1_762' title='bbox 1219 1530 1272 1566; x_wconf 74' lang='lat' dir='ltr'>Qui</span> <span class='ocrx_word' id='word_1_763' title='bbox 1292 1529 1325 1556; x_wconf 90' lang='lat' dir='ltr'>ad</span> <span class='ocrx_word' id='word_1_764' title='bbox 1344 1534 1452 1561; x_wconf 78' lang='lat' dir='ltr'>statuas,</span> <span class='ocrx_word' id='word_1_765' title='bbox 1472 1528 1514 1554; x_wconf 77' lang='lat' dir='ltr'>vel</span> <span class='ocrx_word' id='word_1_766' title='bbox 1534 1527 1648 1554; x_wconf 75' lang='lat' dir='ltr'>evitandi</span> <span class='ocrx_word' id='word_1_767' title='bbox 1667 1531 1752 1552; x_wconf 86' lang='lat' dir='ltr'>metus</span> <span class='ocrx_word' id='word_1_768' title='bbox 1771 1526 1813 1552; x_wconf 84' lang='lat' dir='ltr'>vel</span> <span class='ocrx_word' id='word_1_769' title='bbox 1832 1525 1959 1552; x_wconf 83' lang='lat' dir='ltr'>creandae</span> 
     </span>
    </p>
   </div>
   <div class='ocr_carea' id='block_1_40' title="bbox 1115 1568 1959 1778">
    <p class='ocr_par' dir='ltr' id='par_1_45' title="bbox 1115 1568 1959 1778">
     <span class='ocr_line' id='line_1_97' title="bbox 1119 1568 1959 1608; baseline -0.007 -8"><span class='ocrx_word' id='word_1_770' title='bbox 1119 1573 1233 1601; x_wconf 75' lang='lat' dir='ltr'>invidiae</span> <span class='ocrx_word' id='word_1_771' title='bbox 1253 1582 1343 1603; x_wconf 81' lang='lat' dir='ltr'>causa,</span> <span class='ocrx_word' id='word_1_772' title='bbox 1369 1571 1546 1608; x_wconf 61' lang='lat' dir='ltr'>confugerintg</span> <span class='ocrx_word' id='word_1_773' title='bbox 1570 1586 1602 1590; x_wconf 93' lang='lat'>—-</span> <span class='ocrx_word' id='word_1_774' title='bbox 1628 1571 1669 1596; x_wconf 87' lang='lat' dir='ltr'>sin</span> <span class='ocrx_word' id='word_1_775' title='bbox 1688 1569 1788 1606; x_wconf 87' lang='lat' dir='ltr'>proditi</span> <span class='ocrx_word' id='word_1_776' title='bbox 1806 1568 1903 1595; x_wconf 76' lang='lat' dir='ltr'>fuerint</span> <span class='ocrx_word' id='word_1_777' title='bbox 1921 1579 1959 1594; x_wconf 88' lang='lat' dir='ltr'>ar-</span> 
     </span>
     <span class='ocr_line' id='line_1_98' title="bbox 1119 1611 1957 1644; baseline -0.008 0"><span class='ocrx_word' id='word_1_778' title='bbox 1119 1618 1190 1644; x_wconf 89' lang='lat' dir='ltr'>tibus</span> <span class='ocrx_word' id='word_1_779' title='bbox 1211 1618 1266 1643; x_wconf 91' lang='lat' dir='ltr'>suis</span> <span class='ocrx_word' id='word_1_780' title='bbox 1286 1615 1411 1642; x_wconf 70' lang='lat' dir='ltr'>invidiam</span> <span class='ocrx_word' id='word_1_781' title='bbox 1430 1615 1543 1640; x_wconf 85' lang='lat' dir='ltr'>inimicis</span> <span class='ocrx_word' id='word_1_782' title='bbox 1559 1624 1646 1640; x_wconf 86' lang='lat' dir='ltr'>creare</span> <span class='ocrx_word' id='word_1_783' title='bbox 1659 1613 1777 1639; x_wconf 79' lang='lat' dir='ltr'>voluisse</span> <span class='ocrx_word' id='word_1_784' title='bbox 1791 1617 1838 1638; x_wconf 80' lang='lat' dir='ltr'>etc.</span> <span class='ocrx_word' id='word_1_785' title='bbox 1863 1611 1912 1638; x_wconf 91' lang='lat' dir='ltr'>Th.</span> <span class='ocrx_word' id='word_1_786' title='bbox 1926 1611 1957 1638; x_wconf 93' lang='lat' dir='ltr'>C.</span> 
     </span>
     <span class='ocr_line' id='line_1_99' title="bbox 1118 1655 1958 1694; baseline -0.008 -7"><span class='ocrx_word' id='word_1_787' title='bbox 1118 1661 1165 1687; x_wconf 84' lang='lat' dir='ltr'>IX.</span> <span class='ocrx_word' id='word_1_788' title='bbox 1186 1661 1226 1686; x_wconf 89' lang='lat'>44.</span> <span class='ocrx_word' id='word_1_789' title='bbox 1248 1670 1269 1685; x_wconf 89' lang='lat' dir='ltr'>c.</span> <span class='ocrx_word' id='word_1_790' title='bbox 1286 1661 1308 1685; x_wconf 94' lang='lat'>1.</span> <span class='ocrx_word' id='word_1_791' title='bbox 1329 1658 1361 1685; x_wconf 88' lang='lat' dir='ltr'>de.</span> <span class='ocrx_word' id='word_1_792' title='bbox 1374 1658 1399 1684; x_wconf 92' lang='lat' dir='ltr'>h.</span> <span class='ocrx_word' id='word_1_793' title='bbox 1415 1667 1458 1694; x_wconf 84' lang='lat' dir='ltr'>qn.</span> <span class='ocrx_word' id='word_1_794' title='bbox 1478 1657 1509 1683; x_wconf 85' lang='lat' dir='ltr'>ad</span> <span class='ocrx_word' id='word_1_795' title='bbox 1529 1661 1588 1682; x_wconf 83' lang='lat' dir='ltr'>stat.</span> <span class='ocrx_word' id='word_1_796' title='bbox 1609 1655 1712 1692; x_wconf 83' lang='lat' dir='ltr'>confug.</span> <span class='ocrx_word' id='word_1_797' title='bbox 1732 1671 1765 1674; x_wconf 97' lang='lat'><strong>—</strong></span> <span class='ocrx_word' id='word_1_798' title='bbox 1784 1655 1814 1688; x_wconf 59' lang='grc' dir='ltr'>ᾖ.</span> <span class='ocrx_word' id='word_1_799' title='bbox 1833 1656 1867 1681; x_wconf 72' lang='lat'>2.</span> <span class='ocrx_word' id='word_1_800' title='bbox 1887 1656 1958 1682; x_wconf 81' lang='lat' dir='ltr'><em>Eli-</em></span> 
     </span>
     <span class='ocr_line' id='line_1_100' title="bbox 1115 1696 1958 1739; baseline -0.008 -9"><span class='ocrx_word' id='word_1_801' title='bbox 1115 1713 1204 1739; x_wconf 81' lang='lat' dir='ltr'>gere,</span> <span class='ocrx_word' id='word_1_802' title='bbox 1225 1703 1507 1736; x_wconf 75' lang='lat' dir='ltr'>Electionesacttc</span> <span class='ocrx_word' id='word_1_803' title='bbox 1532 1701 1738 1726; x_wconf 74' lang='lat' dir='ltr'>constituere.</span> <span class='ocrx_word' id='word_1_804' title='bbox 1776 1697 1795 1724; x_wconf 88' lang='lat' dir='ltr'>I.</span> <span class='ocrx_word' id='word_1_805' title='bbox 1816 1699 1876 1732; x_wconf 81' lang='lat' dir='ltr'>Sy.</span> <span class='ocrx_word' id='word_1_806' title='bbox 1906 1696 1958 1724; x_wconf 87' lang='lat' dir='ltr'>Vo-</span> 
     </span>
     <span class='ocr_line' id='line_1_101' title="bbox 1119 1740 1957 1778; baseline -0.007 -6"><span class='ocrx_word' id='word_1_807' title='bbox 1119 1756 1190 1777; x_wconf 71' lang='lat' dir='ltr'>care,</span> <span class='ocrx_word' id='word_1_808' title='bbox 1210 1745 1323 1771; x_wconf 84' lang='lat' dir='ltr'>Invitare</span> <span class='ocrx_word' id='word_1_809' title='bbox 1342 1743 1388 1777; x_wconf 89' lang='lat' dir='ltr'>(ad</span> <span class='ocrx_word' id='word_1_810' title='bbox 1406 1743 1533 1774; x_wconf 87' lang='lat' dir='ltr'>munera).</span> <span class='ocrx_word' id='word_1_811' title='bbox 1553 1741 1583 1767; x_wconf 76' lang='lat' dir='ltr'>l&#39;r.</span> <span class='ocrx_word' id='word_1_812' title='bbox 1597 1742 1639 1767; x_wconf 80' lang='lat'>38.</span> <span class='ocrx_word' id='word_1_813' title='bbox 1653 1751 1692 1778; x_wconf 91' lang='lat' dir='ltr'>pr.</span> <span class='ocrx_word' id='word_1_814' title='bbox 1712 1740 1745 1767; x_wconf 87' lang='lat' dir='ltr'>ad</span> <span class='ocrx_word' id='word_1_815' title='bbox 1763 1741 1858 1767; x_wconf 91' lang='lat' dir='ltr'>munic.</span> <span class='ocrx_word' id='word_1_816' title='bbox 1877 1742 1918 1767; x_wconf 94' lang='grc'>50.</span> <span class='ocrx_word' id='word_1_817' title='bbox 1934 1742 1957 1766; x_wconf 95' lang='lat' dir='ltr'>l.</span> 
     </span>
    </p>
   </div>
   <div class='ocr_carea' id='block_1_41' title="bbox 233 1783 1958 1837">
    <p class='ocr_par' dir='ltr' id='par_1_46' title="bbox 233 1783 1958 1837">
     <span class='ocr_line' id='line_1_102' title="bbox 233 1783 1958 1837; baseline -0.004 -13"><span class='ocrx_word' id='word_1_818' title='bbox 233 1809 326 1825; x_wconf 87' lang='lat' dir='ltr'>annon.</span> <span class='ocrx_word' id='word_1_819' title='bbox 364 1799 525 1836; x_wconf 90' lang='lat' dir='ltr'>Corruptum</span> <span class='ocrx_word' id='word_1_820' title='bbox 544 1806 570 1825; x_wconf 87' lang='lat' dir='ltr'>et</span> <span class='ocrx_word' id='word_1_821' title='bbox 588 1799 691 1837; x_wconf 85' lang='lat' dir='ltr'>lapsum</span> <span class='ocrx_word' id='word_1_822' title='bbox 710 1805 905 1827; x_wconf 82' lang='lat' dir='ltr'>monumentum</span> <span class='ocrx_word' id='word_1_823' title='bbox 930 1801 1072 1834; x_wconf 79' lang='lat' dir='ltr'>(relicere).</span> <span class='ocrx_word' id='word_1_824' title='bbox 1119 1788 1150 1814; x_wconf 66' lang='lat' dir='ltr'>ss·</span> <span class='ocrx_word' id='word_1_825' title='bbox 1170 1790 1194 1814; x_wconf 78' lang='lat'>3‘</span> <span class='ocrx_word' id='word_1_826' title='bbox 1221 1787 1243 1821; x_wconf 51' lang='lat'>5·</span> <span class='ocrx_word' id='word_1_827' title='bbox 1263 1790 1286 1812; x_wconf 65' lang='lat'>²·</span> <span class='ocrx_word' id='word_1_828' title='bbox 1316 1786 1347 1812; x_wconf 61' lang='lat' dir='ltr'>ss·</span> <span class='ocrx_word' id='word_1_829' title='bbox 1366 1787 1390 1812; x_wconf 74' lang='grc'>6·</span> <span class='ocrx_word' id='word_1_830' title='bbox 1410 1795 1449 1822; x_wconf 60' lang='lat'>1¹¹⁹¹</span> <span class='ocrx_word' id='word_1_831' title='bbox 1474 1785 1504 1811; x_wconf 64' lang='lat' dir='ltr'>ss·</span> <span class='ocrx_word' id='word_1_832' title='bbox 1524 1785 1547 1810; x_wconf 86' lang='lat'>9·</span> <span class='ocrx_word' id='word_1_833' title='bbox 1575 1784 1607 1810; x_wconf 75' lang='lat' dir='ltr'>f¹&#39;-</span> <span class='ocrx_word' id='word_1_834' title='bbox 1628 1785 1668 1810; x_wconf 72' lang='lat'>14-</span> <span class='ocrx_word' id='word_1_835' title='bbox 1693 1784 1714 1818; x_wconf 88' lang='lat'>9</span> <span class='ocrx_word' id='word_1_836' title='bbox 1734 1785 1758 1810; x_wconf 78' lang='grc'>6·</span> <span class='ocrx_word' id='word_1_837' title='bbox 1788 1783 1821 1810; x_wconf 69' lang='lat' dir='ltr'>de</span> <span class='ocrx_word' id='word_1_838' title='bbox 1842 1793 1912 1810; x_wconf 73' lang='lat' dir='ltr'><strong>mun-</strong></span> <span class='ocrx_word' id='word_1_839' title='bbox 1933 1788 1958 1809; x_wconf 69' lang='lat' dir='ltr'>et</span> 
     </span>
    </p>
   </div>
   <div class='ocr_carea' id='block_1_42' title="bbox 1118 1826 1958 1995">
    <p class='ocr_par' dir='ltr' id='par_1_47' title="bbox 1118 1826 1958 1995">
     <span class='ocr_line' id='line_1_103' title="bbox 1118 1826 1958 1863; baseline -0.006 -6"><span class='ocrx_word' id='word_1_840' title='bbox 1118 1831 1179 1857; x_wconf 78' lang='lat' dir='ltr'>hon.</span> <span class='ocrx_word' id='word_1_841' title='bbox 1204 1832 1245 1856; x_wconf 83' lang='lat'>50.</span> <span class='ocrx_word' id='word_1_842' title='bbox 1265 1831 1288 1855; x_wconf 86' lang='lat'>4.</span> <span class='ocrx_word' id='word_1_843' title='bbox 1327 1829 1510 1860; x_wconf 81' lang='lat' dir='ltr'>Constituere,</span> <span class='ocrx_word' id='word_1_844' title='bbox 1528 1826 1626 1854; x_wconf 84' lang='lat' dir='ltr'>Facere</span> <span class='ocrx_word' id='word_1_845' title='bbox 1646 1827 1853 1863; x_wconf 71' lang='lat' dir='ltr'>(magistratum,</span> <span class='ocrx_word' id='word_1_846' title='bbox 1872 1836 1897 1853; x_wconf 77' lang='lat' dir='ltr'>v.</span> <span class='ocrx_word' id='word_1_847' title='bbox 1917 1836 1958 1853; x_wconf 92' lang='lat' dir='ltr'>cu—</span> 
     </span>
     <span class='ocr_line' id='line_1_104' title="bbox 1119 1869 1957 1906; baseline -0.005 -7"><span class='ocrx_word' id='word_1_848' title='bbox 1119 1878 1231 1900; x_wconf 74' lang='lat' dir='ltr'>ratorem</span> <span class='ocrx_word' id='word_1_849' title='bbox 1251 1872 1321 1905; x_wconf 86' lang='lat' dir='ltr'>etc.).</span> <span class='ocrx_word' id='word_1_850' title='bbox 1347 1871 1377 1898; x_wconf 84' lang='lat' dir='ltr'>fr.</span> <span class='ocrx_word' id='word_1_851' title='bbox 1396 1873 1420 1897; x_wconf 84' lang='lat'>2.</span> <span class='ocrx_word' id='word_1_852' title='bbox 1445 1871 1482 1905; x_wconf 88' lang='lat'>55.</span> <span class='ocrx_word' id='word_1_853' title='bbox 1502 1872 1543 1895; x_wconf 85' lang='grc'>20.</span> <span class='ocrx_word' id='word_1_854' title='bbox 1564 1879 1622 1906; x_wconf 84' lang='lat' dir='ltr'>sqq.</span> <span class='ocrx_word' id='word_1_855' title='bbox 1644 1870 1676 1896; x_wconf 90' lang='lat' dir='ltr'>de</span> <span class='ocrx_word' id='word_1_856' title='bbox 1695 1870 1728 1896; x_wconf 89' lang='grc' dir='ltr'>Ο.</span> <span class='ocrx_word' id='word_1_857' title='bbox 1748 1869 1766 1896; x_wconf 96' lang='lat' dir='ltr'>I.</span> <span class='ocrx_word' id='word_1_858' title='bbox 1788 1871 1810 1895; x_wconf 94' lang='lat' dir='ltr'>l.</span> <span class='ocrx_word' id='word_1_859' title='bbox 1830 1871 1854 1896; x_wconf 90' lang='lat'>2.</span> <span class='ocrx_word' id='word_1_860' title='bbox 1883 1869 1913 1896; x_wconf 82' lang='lat' dir='ltr'>fr.</span> <span class='ocrx_word' id='word_1_861' title='bbox 1934 1871 1957 1896; x_wconf 90' lang='lat' dir='ltr'>l.</span> 
     </span>
     <span class='ocr_line' id='line_1_105' title="bbox 1118 1911 1957 1950; baseline -0.005 -8"><span class='ocrx_word' id='word_1_862' title='bbox 1118 1917 1139 1950; x_wconf 90' lang='lat'>5.</span> <span class='ocrx_word' id='word_1_863' title='bbox 1159 1918 1183 1942; x_wconf 86' lang='lat'>3.</span> <span class='ocrx_word' id='word_1_864' title='bbox 1209 1915 1241 1942; x_wconf 86' lang='lat' dir='ltr'>de</span> <span class='ocrx_word' id='word_1_865' title='bbox 1260 1915 1303 1941; x_wconf 76' lang='lat' dir='ltr'>off.</span> <span class='ocrx_word' id='word_1_866' title='bbox 1324 1916 1433 1950; x_wconf 79' lang='lat' dir='ltr'>Quaest.</span> <span class='ocrx_word' id='word_1_867' title='bbox 1458 1916 1480 1940; x_wconf 95' lang='lat'>1.</span> <span class='ocrx_word' id='word_1_868' title='bbox 1502 1914 1541 1939; x_wconf 83' lang='lat'>13.</span> <span class='ocrx_word' id='word_1_869' title='bbox 1571 1912 1601 1938; x_wconf 79' lang='lat' dir='ltr'>fr.</span> <span class='ocrx_word' id='word_1_870' title='bbox 1621 1915 1644 1939; x_wconf 92' lang='lat'>1.</span> <span class='ocrx_word' id='word_1_871' title='bbox 1669 1914 1690 1947; x_wconf 88' lang='lat'>5.</span> <span class='ocrx_word' id='word_1_872' title='bbox 1712 1915 1734 1939; x_wconf 93' lang='lat' dir='ltr'>l.</span> <span class='ocrx_word' id='word_1_873' title='bbox 1767 1911 1798 1939; x_wconf 79' lang='lat' dir='ltr'>fr.</span> <span class='ocrx_word' id='word_1_874' title='bbox 1817 1914 1841 1938; x_wconf 89' lang='lat'>2.</span> <span class='ocrx_word' id='word_1_875' title='bbox 1861 1922 1900 1949; x_wconf 92' lang='lat' dir='ltr'>pr.</span> <span class='ocrx_word' id='word_1_876' title='bbox 1919 1913 1957 1946; x_wconf 87' lang='lat'>55.</span> 
     </span>
     <span class='ocr_line' id='line_1_106' title="bbox 1120 1955 1957 1995; baseline -0.005 -10"><span class='ocrx_word' id='word_1_877' title='bbox 1120 1961 1142 1985; x_wconf 92' lang='lat' dir='ltr'>l.</span> <span class='ocrx_word' id='word_1_878' title='bbox 1163 1968 1221 1995; x_wconf 86' lang='lat' dir='ltr'>sqq.</span> <span class='ocrx_word' id='word_1_879' title='bbox 1247 1958 1279 1984; x_wconf 74' lang='lat' dir='ltr'>tle</span> <span class='ocrx_word' id='word_1_880' title='bbox 1303 1968 1355 1984; x_wconf 88' lang='lat' dir='ltr'>cur.</span> <span class='ocrx_word' id='word_1_881' title='bbox 1380 1957 1440 1983; x_wconf 88' lang='lat' dir='ltr'>hon.</span> <span class='ocrx_word' id='word_1_882' title='bbox 1466 1955 1542 1983; x_wconf 80' lang='lat' dir='ltr'>(land.</span> <span class='ocrx_word' id='word_1_883' title='bbox 1567 1957 1608 1981; x_wconf 87' lang='grc'>42.</span> <span class='ocrx_word' id='word_1_884' title='bbox 1630 1957 1652 1982; x_wconf 87' lang='lat'>7.</span> <span class='ocrx_word' id='word_1_885' title='bbox 1693 1955 1736 1982; x_wconf 88' lang='lat' dir='ltr'>III.</span> <span class='ocrx_word' id='word_1_886' title='bbox 1758 1957 1823 1983; x_wconf 77' lang='lat' dir='ltr'>Gn.</span> <span class='ocrx_word' id='word_1_887' title='bbox 1855 1955 1957 1981; x_wconf 87' lang='lat' dir='ltr'>Aedilis</span> 
     </span>
    </p>
   </div>
   <div class='ocr_carea' id='block_1_43' title="bbox 1118 1999 1958 2038">
    <p class='ocr_par' dir='ltr' id='par_1_48' title="bbox 1118 1999 1958 2038">
     <span class='ocr_line' id='line_1_107' title="bbox 1118 1999 1958 2038; baseline -0.005 -10"><span class='ocrx_word' id='word_1_888' title='bbox 1118 2001 1229 2033; x_wconf 85' lang='lat' dir='ltr'>curulis,</span> <span class='ocrx_word' id='word_1_889' title='bbox 1255 2000 1346 2027; x_wconf 82' lang='lat' dir='ltr'>aedilis</span> <span class='ocrx_word' id='word_1_890' title='bbox 1366 2000 1450 2038; x_wconf 57' lang='lat' dir='ltr'>pleb..</span> <span class='ocrx_word' id='word_1_891' title='bbox 1477 2000 1521 2036; x_wconf 84' lang='lat' dir='ltr'>qui</span> <span class='ocrx_word' id='word_1_892' title='bbox 1540 2009 1609 2025; x_wconf 85' lang='lat' dir='ltr'>nunc</span> <span class='ocrx_word' id='word_1_893' title='bbox 1629 2003 1703 2030; x_wconf 82' lang='lat' dir='ltr'>sunt,</span> <span class='ocrx_word' id='word_1_894' title='bbox 1728 1999 1878 2035; x_wconf 86' lang='lat' dir='ltr'>quicunque</span> <span class='ocrx_word' id='word_1_895' title='bbox 1895 2003 1958 2035; x_wconf 89' lang='lat' dir='ltr'>post</span> 
     </span>
    </p>
   </div>
   <div class='ocr_carea' id='block_1_44' title="bbox 1094 2040 1956 2077">
    <p class='ocr_par' dir='ltr' id='par_1_49' title="bbox 1094 2040 1956 2077">
     <span class='ocr_line' id='line_1_108' title="bbox 1094 2040 1956 2077; baseline -0.005 -6"><span class='ocrx_word' id='word_1_896' title='bbox 1094 2051 1096 2057; x_wconf 82' lang='lat'><strong>¹</strong></span> <span class='ocrx_word' id='word_1_897' title='bbox 1118 2045 1142 2071; x_wconf 93' lang='lat' dir='ltr'>h.</span> <span class='ocrx_word' id='word_1_898' title='bbox 1162 2045 1180 2071; x_wconf 87' lang='lat' dir='ltr'>l.</span> <span class='ocrx_word' id='word_1_899' title='bbox 1201 2044 1261 2070; x_wconf 80' lang='lat' dir='ltr'>sacti</span> <span class='ocrx_word' id='word_1_900' title='bbox 1286 2045 1364 2070; x_wconf 83' lang='lat' dir='ltr'>creati</span> <span class='ocrx_word' id='word_1_901' title='bbox 1388 2048 1472 2070; x_wconf 85' lang='lat' dir='ltr'>erunt.</span> <span class='ocrx_word' id='word_1_902' title='bbox 1504 2041 1569 2068; x_wconf 88' lang='lat' dir='ltr'>Tab.</span> <span class='ocrx_word' id='word_1_903' title='bbox 1589 2040 1690 2067; x_wconf 90' lang='lat' dir='ltr'>Heracl.</span> <span class='ocrx_word' id='word_1_904' title='bbox 1715 2041 1760 2067; x_wconf 93' lang='lat' dir='ltr'>lin.</span> <span class='ocrx_word' id='word_1_905' title='bbox 1779 2043 1821 2067; x_wconf 85' lang='lat'>24.</span> <span class='ocrx_word' id='word_1_906' title='bbox 1841 2051 1880 2077; x_wconf 83' lang='lat' dir='ltr'>sq.</span> <span class='ocrx_word' id='word_1_907' title='bbox 1905 2050 1956 2067; x_wconf 84' lang='lat' dir='ltr'>aer.</span> 
     </span>
    </p>
   </div>
   <div class='ocr_carea' id='block_1_45' title="bbox 1117 2084 1957 2166">
    <p class='ocr_par' dir='ltr' id='par_1_50' title="bbox 1117 2084 1957 2166">
     <span class='ocr_line' id='line_1_109' title="bbox 1117 2084 1955 2124; baseline -0.005 -10"><span class='ocrx_word' id='word_1_908' title='bbox 1117 2088 1161 2115; x_wconf 70' lang='grc' dir='ltr'>ΒΓ.</span> <span class='ocrx_word' id='word_1_909' title='bbox 1199 2087 1309 2124; x_wconf 76' lang='lat' dir='ltr'>Populi,</span> <span class='ocrx_word' id='word_1_910' title='bbox 1329 2097 1353 2113; x_wconf 88' lang='lat' dir='ltr'>v.</span> <span class='ocrx_word' id='word_1_911' title='bbox 1375 2086 1502 2118; x_wconf 81' lang='lat' dir='ltr'>tribuum,</span> <span class='ocrx_word' id='word_1_912' title='bbox 1522 2085 1646 2120; x_wconf 75' lang='lat' dir='ltr'>suffragio</span> <span class='ocrx_word' id='word_1_913' title='bbox 1666 2085 1755 2110; x_wconf 78' lang='lat' dir='ltr'>creari.</span> <span class='ocrx_word' id='word_1_914' title='bbox 1780 2084 1810 2111; x_wconf 86' lang='lat' dir='ltr'>sr.</span> <span class='ocrx_word' id='word_1_915' title='bbox 1829 2086 1853 2110; x_wconf 86' lang='lat'>2.</span> <span class='ocrx_word' id='word_1_916' title='bbox 1873 2085 1896 2118; x_wconf 91' lang='lat'>5.</span> <span class='ocrx_word' id='word_1_917' title='bbox 1914 2086 1955 2110; x_wconf 82' lang='grc'>20.</span> 
     </span>
     <span class='ocr_line' id='line_1_110' title="bbox 1118 2126 1957 2166; baseline -0.005 -9"><span class='ocrx_word' id='word_1_918' title='bbox 1118 2131 1150 2158; x_wconf 90' lang='lat' dir='ltr'>de</span> <span class='ocrx_word' id='word_1_919' title='bbox 1170 2131 1201 2157; x_wconf 81' lang='lat' dir='ltr'>O.</span> <span class='ocrx_word' id='word_1_920' title='bbox 1222 2130 1241 2157; x_wconf 91' lang='lat' dir='ltr'>I.</span> <span class='ocrx_word' id='word_1_921' title='bbox 1266 2132 1289 2156; x_wconf 93' lang='lat'>1.</span> <span class='ocrx_word' id='word_1_922' title='bbox 1309 2131 1332 2156; x_wconf 86' lang='lat'>2.</span> <span class='ocrx_word' id='word_1_923' title='bbox 1362 2129 1393 2156; x_wconf 80' lang='lat' dir='ltr'>fr.</span> <span class='ocrx_word' id='word_1_924' title='bbox 1415 2131 1436 2155; x_wconf 96' lang='lat' dir='ltr'>l.</span> <span class='ocrx_word' id='word_1_925' title='bbox 1456 2139 1496 2166; x_wconf 88' lang='lat' dir='ltr'>pr.</span> <span class='ocrx_word' id='word_1_926' title='bbox 1522 2128 1554 2154; x_wconf 81' lang='lat' dir='ltr'>de</span> <span class='ocrx_word' id='word_1_927' title='bbox 1577 2128 1620 2153; x_wconf 82' lang='lat' dir='ltr'>off.</span> <span class='ocrx_word' id='word_1_928' title='bbox 1642 2127 1782 2162; x_wconf 81' lang='lat' dir='ltr'>Quaestor.</span> <span class='ocrx_word' id='word_1_929' title='bbox 1807 2129 1830 2153; x_wconf 94' lang='lat' dir='ltr'>l.</span> <span class='ocrx_word' id='word_1_930' title='bbox 1852 2129 1890 2153; x_wconf 82' lang='lat'>13.</span> <span class='ocrx_word' id='word_1_931' title='bbox 1927 2126 1957 2153; x_wconf 86' lang='lat' dir='ltr'>Si</span> 
     </span>
    </p>
   </div>
   <div class='ocr_carea' id='block_1_46' title="bbox 1119 2171 1956 2211">
    <p class='ocr_par' dir='ltr' id='par_1_51' title="bbox 1119 2171 1956 2211">
     <span class='ocr_line' id='line_1_111' title="bbox 1119 2171 1956 2211; baseline -0.006 -11"><span class='ocrx_word' id='word_1_932' title='bbox 1119 2175 1177 2211; x_wconf 83' lang='lat' dir='ltr'>quis</span> <span class='ocrx_word' id='word_1_933' title='bbox 1196 2174 1362 2209; x_wconf 82' lang='lat' dir='ltr'>magistratus</span> <span class='ocrx_word' id='word_1_934' title='bbox 1382 2173 1409 2198; x_wconf 92' lang='lat' dir='ltr'>in</span> <span class='ocrx_word' id='word_1_935' title='bbox 1427 2172 1570 2208; x_wconf 88' lang='lat' dir='ltr'>municipio</span> <span class='ocrx_word' id='word_1_936' title='bbox 1590 2175 1701 2201; x_wconf 69' lang='lat' dir='ltr'>creatus.</span> <span class='ocrx_word' id='word_1_937' title='bbox 1720 2180 1827 2196; x_wconf 88' lang='lat' dir='ltr'>munere</span> <span class='ocrx_word' id='word_1_938' title='bbox 1839 2171 1956 2196; x_wconf 90' lang='lat' dir='ltr'>iniuncto</span> 
     </span>
    </p>
   </div>
   <div class='ocr_carea' id='block_1_47' title="bbox 1095 2213 1954 2253">
    <p class='ocr_par' dir='ltr' id='par_1_52' title="bbox 1095 2213 1954 2253">
     <span class='ocr_line' id='line_1_112' title="bbox 1095 2213 1954 2253; baseline -0.006 -10"><span class='ocrx_word' id='word_1_939' title='bbox 1095 2219 1096 2228; x_wconf 68' lang='lat'>³</span> <span class='ocrx_word' id='word_1_940' title='bbox 1119 2217 1190 2253; x_wconf 75' lang='lat' dir='ltr'>fungi</span> <span class='ocrx_word' id='word_1_941' title='bbox 1210 2216 1346 2242; x_wconf 80' lang='lat' dir='ltr'>detrectet.</span> <span class='ocrx_word' id='word_1_942' title='bbox 1370 2215 1400 2241; x_wconf 82' lang='lat' dir='ltr'>fr.</span> <span class='ocrx_word' id='word_1_943' title='bbox 1420 2216 1444 2241; x_wconf 92' lang='lat'>9.</span> <span class='ocrx_word' id='word_1_944' title='bbox 1465 2214 1497 2240; x_wconf 83' lang='lat' dir='ltr'>de</span> <span class='ocrx_word' id='word_1_945' title='bbox 1516 2224 1585 2240; x_wconf 84' lang='lat' dir='ltr'>mun.</span> <span class='ocrx_word' id='word_1_946' title='bbox 1605 2218 1630 2239; x_wconf 89' lang='lat' dir='ltr'>et</span> <span class='ocrx_word' id='word_1_947' title='bbox 1650 2213 1710 2239; x_wconf 89' lang='lat' dir='ltr'>hon.</span> <span class='ocrx_word' id='word_1_948' title='bbox 1730 2215 1771 2239; x_wconf 85' lang='lat'>50.</span> <span class='ocrx_word' id='word_1_949' title='bbox 1791 2214 1815 2239; x_wconf 83' lang='grc'>4.</span> <span class='ocrx_word' id='word_1_950' title='bbox 1841 2213 1871 2239; x_wconf 83' lang='lat' dir='ltr'>fr.</span> <span class='ocrx_word' id='word_1_951' title='bbox 1892 2215 1914 2239; x_wconf 87' lang='lat'>1.</span> <span class='ocrx_word' id='word_1_952' title='bbox 1933 2213 1954 2246; x_wconf 97' lang='lat'>5.</span> 
     </span>
    </p>
   </div>
   <div class='ocr_carea' id='block_1_48' title="bbox 1118 2255 1956 2379">
    <p class='ocr_par' dir='ltr' id='par_1_53' title="bbox 1118 2255 1956 2379">
     <span class='ocr_line' id='line_1_113' title="bbox 1119 2255 1956 2296; baseline -0.006 -10"><span class='ocrx_word' id='word_1_953' title='bbox 1119 2262 1143 2286; x_wconf 89' lang='lat'>3.</span> <span class='ocrx_word' id='word_1_954' title='bbox 1174 2259 1278 2295; x_wconf 80' lang='lat' dir='ltr'>Quand.</span> <span class='ocrx_word' id='word_1_955' title='bbox 1300 2257 1395 2296; x_wconf 84' lang='lat' dir='ltr'>appell.</span> <span class='ocrx_word' id='word_1_956' title='bbox 1422 2259 1463 2283; x_wconf 88' lang='lat'>49.</span> <span class='ocrx_word' id='word_1_957' title='bbox 1483 2259 1506 2283; x_wconf 84' lang='lat'>4.</span> <span class='ocrx_word' id='word_1_958' title='bbox 1549 2256 1604 2283; x_wconf 65' lang='lat' dir='ltr'>&#39;Nec</span> <span class='ocrx_word' id='word_1_959' title='bbox 1623 2260 1744 2283; x_wconf 80' lang='lat' dir='ltr'>creantur</span> <span class='ocrx_word' id='word_1_960' title='bbox 1767 2258 1819 2289; x_wconf 86' lang='lat' dir='ltr'>(sc.</span> <span class='ocrx_word' id='word_1_961' title='bbox 1840 2255 1956 2282; x_wconf 82' lang='lat' dir='ltr'>decurio-</span> 
     </span>
     <span class='ocr_line' id='line_1_114' title="bbox 1119 2298 1953 2336; baseline -0.006 -7"><span class='ocrx_word' id='word_1_962' title='bbox 1119 2304 1188 2336; x_wconf 77' lang='lat' dir='ltr'>nes),</span> <span class='ocrx_word' id='word_1_963' title='bbox 1208 2302 1266 2328; x_wconf 84' lang='lat' dir='ltr'>velc</span> <span class='ocrx_word' id='word_1_964' title='bbox 1279 2303 1344 2328; x_wconf 87' lang='lat' dir='ltr'>reati</span> <span class='ocrx_word' id='word_1_965' title='bbox 1357 2300 1508 2336; x_wconf 78' lang='lat' dir='ltr'>suffragium</span> <span class='ocrx_word' id='word_1_966' title='bbox 1527 2299 1622 2326; x_wconf 83' lang='lat' dir='ltr'>ferunt.</span> <span class='ocrx_word' id='word_1_967' title='bbox 1642 2299 1672 2326; x_wconf 89' lang='lat' dir='ltr'>fr.</span> <span class='ocrx_word' id='word_1_968' title='bbox 1684 2303 1708 2325; x_wconf 70' lang='grc' dir='ltr'>ὅ.</span> <span class='ocrx_word' id='word_1_969' title='bbox 1729 2299 1761 2325; x_wconf 86' lang='lat' dir='ltr'>de</span> <span class='ocrx_word' id='word_1_970' title='bbox 1771 2309 1840 2325; x_wconf 87' lang='lat' dir='ltr'>mun.</span> <span class='ocrx_word' id='word_1_971' title='bbox 1854 2303 1879 2325; x_wconf 88' lang='lat' dir='ltr'>et</span> <span class='ocrx_word' id='word_1_972' title='bbox 1893 2298 1953 2324; x_wconf 89' lang='lat' dir='ltr'>hon.</span> 
     </span>
     <span class='ocr_line' id='line_1_115' title="bbox 1118 2342 1955 2379; baseline -0.007 -7"><span class='ocrx_word' id='word_1_973' title='bbox 1118 2348 1160 2372; x_wconf 87' lang='grc'>50.</span> <span class='ocrx_word' id='word_1_974' title='bbox 1174 2347 1197 2371; x_wconf 81' lang='lat'>4.</span> <span class='ocrx_word' id='word_1_975' title='bbox 1227 2344 1377 2372; x_wconf 81' lang='lat' dir='ltr'>Convenire</span> <span class='ocrx_word' id='word_1_976' title='bbox 1391 2343 1544 2374; x_wconf 74' lang='lat' dir='ltr'>creditores,</span> <span class='ocrx_word' id='word_1_977' title='bbox 1564 2353 1696 2379; x_wconf 84' lang='lat' dir='ltr'>unumque</span> <span class='ocrx_word' id='word_1_978' title='bbox 1715 2352 1801 2369; x_wconf 85' lang='lat' dir='ltr'>creare</span> <span class='ocrx_word' id='word_1_979' title='bbox 1815 2342 1855 2367; x_wconf 89' lang='lat' dir='ltr'>cui</span> <span class='ocrx_word' id='word_1_980' title='bbox 1868 2350 1955 2366; x_wconf 85' lang='lat' dir='ltr'>cavea-</span> 
     </span>
    </p>
   </div>
   <div class='ocr_carea' id='block_1_49' title="bbox 1096 2384 1936 2420">
    <p class='ocr_par' dir='ltr' id='par_1_54' title="bbox 1096 2384 1936 2420">
     <span class='ocr_line' id='line_1_116' title="bbox 1096 2384 1936 2420; baseline -0.007 -5"><span class='ocrx_word' id='word_1_981' title='bbox 1096 2402 1097 2415; x_wconf 64' lang='grc'>1</span> <span class='ocrx_word' id='word_1_982' title='bbox 1118 2394 1160 2415; x_wconf 88' lang='lat' dir='ltr'>tur</span> <span class='ocrx_word' id='word_1_983' title='bbox 1180 2389 1295 2414; x_wconf 91' lang='lat' dir='ltr'>omnimn</span> <span class='ocrx_word' id='word_1_984' title='bbox 1314 2388 1426 2413; x_wconf 89' lang='lat' dir='ltr'>nomine.</span> <span class='ocrx_word' id='word_1_985' title='bbox 1451 2386 1481 2412; x_wconf 84' lang='lat' dir='ltr'>fr.</span> <span class='ocrx_word' id='word_1_986' title='bbox 1496 2387 1519 2412; x_wconf 89' lang='lat'>4.</span> <span class='ocrx_word' id='word_1_987' title='bbox 1540 2387 1560 2420; x_wconf 97' lang='lat'>5.</span> <span class='ocrx_word' id='word_1_988' title='bbox 1574 2388 1598 2413; x_wconf 88' lang='lat'>9.</span> <span class='ocrx_word' id='word_1_989' title='bbox 1619 2386 1651 2412; x_wconf 87' lang='lat' dir='ltr'>de</span> <span class='ocrx_word' id='word_1_990' title='bbox 1670 2385 1754 2412; x_wconf 88' lang='lat' dir='ltr'>fideic.</span> <span class='ocrx_word' id='word_1_991' title='bbox 1776 2384 1837 2410; x_wconf 89' lang='lat' dir='ltr'>libb.</span> <span class='ocrx_word' id='word_1_992' title='bbox 1858 2384 1899 2408; x_wconf 82' lang='lat'>40.</span> <span class='ocrx_word' id='word_1_993' title='bbox 1913 2385 1936 2409; x_wconf 93' lang='lat'>5.</span> 
     </span>
    </p>
   </div>
   <div class='ocr_carea' id='block_1_50' title="bbox 1155 2425 1954 2463">
    <p class='ocr_par' dir='ltr' id='par_1_55' title="bbox 1155 2425 1954 2463">
     <span class='ocr_line' id='line_1_117' title="bbox 1155 2425 1954 2463; baseline -0.009 -5"><span class='ocrx_word' id='word_1_994' title='bbox 1155 2431 1318 2458; x_wconf 77' lang='lat' dir='ltr'>Creatio.</span> <span class='ocrx_word' id='word_1_995' title='bbox 1362 2430 1393 2463; x_wconf 64' lang='grc' dir='ltr'>ξ.</span> <span class='ocrx_word' id='word_1_996' title='bbox 1417 2430 1451 2455; x_wconf 82' lang='lat' dir='ltr'>l·</span> <span class='ocrx_word' id='word_1_997' title='bbox 1485 2431 1688 2456; x_wconf 78' lang='lat' dir='ltr'>Procreatio.</span> <span class='ocrx_word' id='word_1_998' title='bbox 1725 2427 1766 2454; x_wconf 88' lang='lat' dir='ltr'>III.</span> <span class='ocrx_word' id='word_1_999' title='bbox 1793 2427 1858 2453; x_wconf 76' lang='lat' dir='ltr'>Gn·</span> <span class='ocrx_word' id='word_1_1000' title='bbox 1886 2425 1954 2452; x_wconf 65' lang='lat' dir='ltr'>Num</span> 
     </span>
    </p>
   </div>
   <div class='ocr_carea' id='block_1_51' title="bbox 240 2469 1954 2539">
    <p class='ocr_par' dir='ltr' id='par_1_56' title="bbox 240 2469 1954 2539">
     <span class='ocr_line' id='line_1_118' title="bbox 321 2469 1954 2510; baseline -0.009 -1"><span class='ocrx_word' id='word_1_1001' title='bbox 321 2498 326 2502; x_wconf 88' lang='lat'><em>-</em></span> <span class='ocrx_word' id='word_1_1002' title='bbox 410 2508 413 2510; x_wconf 91' lang='grc'>,</span> <span class='ocrx_word' id='word_1_1003' title='bbox 542 2502 547 2507; x_wconf 96' lang='grc'>.</span> <span class='ocrx_word' id='word_1_1004' title='bbox 605 2502 610 2507; x_wconf 86' lang='lat'>.</span> <span class='ocrx_word' id='word_1_1005' title='bbox 830 2503 834 2507; x_wconf 83' lang='lat'><em>,</em></span> <span class='ocrx_word' id='word_1_1006' title='bbox 1095 2488 1096 2504; x_wconf 57' lang='grc' dir='ltr'>ι</span> <span class='ocrx_word' id='word_1_1007' title='bbox 1119 2474 1186 2501; x_wconf 73' lang='lat' dir='ltr'>forte</span> <span class='ocrx_word' id='word_1_1008' title='bbox 1206 2475 1291 2500; x_wconf 86' lang='lat' dir='ltr'>minor</span> <span class='ocrx_word' id='word_1_1009' title='bbox 1310 2472 1358 2499; x_wconf 81' lang='lat' dir='ltr'>LX</span> <span class='ocrx_word' id='word_1_1010' title='bbox 1378 2473 1452 2498; x_wconf 86' lang='lat' dir='ltr'>annis</span> <span class='ocrx_word' id='word_1_1011' title='bbox 1471 2473 1519 2504; x_wconf 83' lang='lat' dir='ltr'>sit,</span> <span class='ocrx_word' id='word_1_1012' title='bbox 1539 2473 1583 2508; x_wconf 82' lang='lat' dir='ltr'>qni</span> <span class='ocrx_word' id='word_1_1013' title='bbox 1602 2472 1720 2503; x_wconf 63' lang='lat' dir='ltr'>adrogat:</span> <span class='ocrx_word' id='word_1_1014' title='bbox 1745 2470 1804 2505; x_wconf 73' lang='lat' dir='ltr'>quia</span> <span class='ocrx_word' id='word_1_1015' title='bbox 1826 2470 1907 2505; x_wconf 79' lang='lat' dir='ltr'>magis</span> <span class='ocrx_word' id='word_1_1016' title='bbox 1925 2469 1954 2495; x_wconf 93' lang='lat' dir='ltr'>li-</span> 
     </span>
     <span class='ocr_line' id='line_1_119' title="bbox 240 2496 1677 2539; baseline -0.002 -13"><span class='ocrx_word' id='word_1_1017' title='bbox 240 2496 378 2527; x_wconf 69' lang='lat' dir='ltr'>(hostibus</span> <span class='ocrx_word' id='word_1_1018' title='bbox 399 2499 574 2533; x_wconf 59' lang='lat' dir='ltr'>xenumdari).</span> <span class='ocrx_word' id='word_1_1019' title='bbox 599 2503 628 2528; x_wconf 84' lang='lat' dir='ltr'>tr.</span> <span class='ocrx_word' id='word_1_1020' title='bbox 651 2503 691 2528; x_wconf 78' lang='lat' dir='ltr'>ll.</span> <span class='ocrx_word' id='word_1_1021' title='bbox 711 2501 743 2528; x_wconf 90' lang='lat' dir='ltr'>de</span> <span class='ocrx_word' id='word_1_1022' title='bbox 761 2501 893 2539; x_wconf 82' lang='lat' dir='ltr'>publican.</span> <span class='ocrx_word' id='word_1_1023' title='bbox 912 2503 954 2529; x_wconf 80' lang='lat'>39.</span> <span class='ocrx_word' id='word_1_1024' title='bbox 974 2504 997 2529; x_wconf 79' lang='lat'>4.</span> <span class='ocrx_word' id='word_1_1025' title='bbox 1034 2503 1074 2530; x_wconf 84' lang='lat' dir='ltr'>Ne</span> <span class='ocrx_word' id='word_1_1026' title='bbox 1667 2500 1677 2508; x_wconf 53' lang='lat'>⁸</span> 
     </span>
    </p>
   </div>
   <div class='ocr_carea' id='block_1_52' title="bbox 1119 2511 1953 2549">
    <p class='ocr_par' dir='ltr' id='par_1_57' title="bbox 1119 2511 1953 2549">
     <span class='ocr_line' id='line_1_120' title="bbox 1119 2511 1953 2549; baseline -0.006 -5"><span class='ocrx_word' id='word_1_1027' title='bbox 1119 2518 1242 2544; x_wconf 80' lang='lat' dir='ltr'>berorum</span> <span class='ocrx_word' id='word_1_1028' title='bbox 1262 2516 1387 2543; x_wconf 84' lang='lat' dir='ltr'>creationi</span> <span class='ocrx_word' id='word_1_1029' title='bbox 1403 2515 1509 2541; x_wconf 79' lang='lat' dir='ltr'>studere</span> <span class='ocrx_word' id='word_1_1030' title='bbox 1523 2514 1624 2541; x_wconf 82' lang='lat' dir='ltr'>debeat.</span> <span class='ocrx_word' id='word_1_1031' title='bbox 1644 2514 1673 2540; x_wconf 66' lang='grc' dir='ltr'><strong>[ι’.</strong></span> <span class='ocrx_word' id='word_1_1032' title='bbox 1689 2516 1727 2538; x_wconf 87' lang='grc'>15.</span> <span class='ocrx_word' id='word_1_1033' title='bbox 1742 2512 1763 2545; x_wconf 90' lang='lat'>5.</span> <span class='ocrx_word' id='word_1_1034' title='bbox 1777 2514 1801 2537; x_wconf 82' lang='grc'>2.</span> <span class='ocrx_word' id='word_1_1035' title='bbox 1821 2511 1853 2537; x_wconf 86' lang='lat' dir='ltr'>de</span> <span class='ocrx_word' id='word_1_1036' title='bbox 1866 2511 1953 2549; x_wconf 86' lang='lat' dir='ltr'>adopt.</span> 
     </span>
    </p>
   </div>
   <div class='ocr_carea' id='block_1_53' title="bbox 1095 2555 1954 2592">
    <p class='ocr_par' dir='ltr' id='par_1_58' title="bbox 1095 2555 1954 2592">
     <span class='ocr_line' id='line_1_121' title="bbox 1095 2555 1954 2592; baseline -0.007 -6"><span class='ocrx_word' id='word_1_1037' title='bbox 1095 2577 1096 2581; x_wconf 61' lang='lat'><em>=</em></span> <span class='ocrx_word' id='word_1_1038' title='bbox 1120 2562 1142 2586; x_wconf 87' lang='lat' dir='ltr'>l.</span> <span class='ocrx_word' id='word_1_1039' title='bbox 1163 2562 1185 2586; x_wconf 89' lang='lat'>7.</span> <span class='ocrx_word' id='word_1_1040' title='bbox 1206 2576 1239 2579; x_wconf 87' lang='lat'><strong>—</strong></span> <span class='ocrx_word' id='word_1_1041' title='bbox 1258 2560 1290 2592; x_wconf 84' lang='lat'>§.</span> <span class='ocrx_word' id='word_1_1042' title='bbox 1305 2560 1340 2585; x_wconf 72' lang='lat'>2.</span> <span class='ocrx_word' id='word_1_1043' title='bbox 1364 2560 1500 2585; x_wconf 84' lang='lat' dir='ltr'>Electio.</span> <span class='ocrx_word' id='word_1_1044' title='bbox 1528 2558 1570 2584; x_wconf 93' lang='lat' dir='ltr'>Ill.</span> <span class='ocrx_word' id='word_1_1045' title='bbox 1587 2559 1651 2585; x_wconf 70' lang='lat' dir='ltr'>Cn.</span> <span class='ocrx_word' id='word_1_1046' title='bbox 1671 2555 1867 2590; x_wconf 71' lang='lat' dir='ltr'>magistratuum</span> <span class='ocrx_word' id='word_1_1047' title='bbox 1886 2565 1954 2581; x_wconf 76' lang='lat' dir='ltr'>crea-</span> 
     </span>
    </p>
   </div>
   <div class='ocr_carea' id='block_1_54' title="bbox 1118 2597 1952 2639">
    <p class='ocr_par' dir='ltr' id='par_1_59' title="bbox 1118 2597 1952 2639">
     <span class='ocr_line' id='line_1_122' title="bbox 1118 2597 1952 2639; baseline -0.007 -10"><span class='ocrx_word' id='word_1_1048' title='bbox 1118 2604 1155 2629; x_wconf 85' lang='lat' dir='ltr'>tio</span> <span class='ocrx_word' id='word_1_1049' title='bbox 1175 2603 1307 2639; x_wconf 84' lang='lat' dir='ltr'>(pertinet</span> <span class='ocrx_word' id='word_1_1050' title='bbox 1326 2601 1358 2628; x_wconf 83' lang='lat' dir='ltr'>ad</span> <span class='ocrx_word' id='word_1_1051' title='bbox 1378 2611 1465 2628; x_wconf 87' lang='lat' dir='ltr'>curam</span> <span class='ocrx_word' id='word_1_1052' title='bbox 1484 2601 1634 2637; x_wconf 85' lang='lat' dir='ltr'>Principis).</span> <span class='ocrx_word' id='word_1_1053' title='bbox 1654 2598 1684 2624; x_wconf 83' lang='lat' dir='ltr'>fr.</span> <span class='ocrx_word' id='word_1_1054' title='bbox 1706 2600 1728 2624; x_wconf 92' lang='lat' dir='ltr'>l.</span> <span class='ocrx_word' id='word_1_1055' title='bbox 1748 2607 1787 2634; x_wconf 86' lang='lat' dir='ltr'>pr.</span> <span class='ocrx_word' id='word_1_1056' title='bbox 1807 2597 1839 2624; x_wconf 87' lang='lat' dir='ltr'>ad</span> <span class='ocrx_word' id='word_1_1057' title='bbox 1856 2597 1886 2624; x_wconf 90' lang='lat' dir='ltr'>L.</span> <span class='ocrx_word' id='word_1_1058' title='bbox 1905 2598 1952 2624; x_wconf 84' lang='lat' dir='ltr'>Iul.</span> 
     </span>
    </p>
   </div>
   <div class='ocr_carea' id='block_1_55' title="bbox 1095 2641 1953 2678">
    <p class='ocr_par' dir='ltr' id='par_1_60' title="bbox 1095 2641 1953 2678">
     <span class='ocr_line' id='line_1_123' title="bbox 1095 2641 1953 2678; baseline -0.007 -6"><span class='ocrx_word' id='word_1_1059' title='bbox 1095 2649 1096 2666; x_wconf 55' lang='grc' dir='ltr'><strong><em>Ἰ</em></strong></span> <span class='ocrx_word' id='word_1_1060' title='bbox 1119 2646 1184 2672; x_wconf 87' lang='lat' dir='ltr'>amb.</span> <span class='ocrx_word' id='word_1_1061' title='bbox 1204 2647 1245 2672; x_wconf 75' lang='grc'>48.</span> <span class='ocrx_word' id='word_1_1062' title='bbox 1268 2646 1307 2671; x_wconf 89' lang='lat'>14.</span> <span class='ocrx_word' id='word_1_1063' title='bbox 1345 2644 1442 2671; x_wconf 86' lang='lat' dir='ltr'>Divina</span> <span class='ocrx_word' id='word_1_1064' title='bbox 1465 2645 1585 2670; x_wconf 87' lang='lat' dir='ltr'>maiestas</span> <span class='ocrx_word' id='word_1_1065' title='bbox 1611 2646 1637 2667; x_wconf 85' lang='lat' dir='ltr'>et</span> <span class='ocrx_word' id='word_1_1066' title='bbox 1659 2646 1749 2667; x_wconf 78' lang='lat' dir='ltr'>nostra</span> <span class='ocrx_word' id='word_1_1067' title='bbox 1768 2642 1864 2667; x_wconf 87' lang='lat' dir='ltr'>creatio</span> <span class='ocrx_word' id='word_1_1068' title='bbox 1884 2641 1953 2678; x_wconf 82' lang='lat' dir='ltr'>(pie-</span> 
     </span>
    </p>
   </div>
   <div class='ocr_carea' id='block_1_56' title="bbox 1118 2683 1952 2812">
    <p class='ocr_par' dir='ltr' id='par_1_61' title="bbox 1118 2683 1952 2812">
     <span class='ocr_line' id='line_1_124' title="bbox 1119 2683 1952 2725; baseline -0.007 -10"><span class='ocrx_word' id='word_1_1069' title='bbox 1119 2690 1165 2715; x_wconf 88' lang='lat' dir='ltr'>tati</span> <span class='ocrx_word' id='word_1_1070' title='bbox 1185 2690 1241 2715; x_wconf 89' lang='lat' dir='ltr'>eius</span> <span class='ocrx_word' id='word_1_1071' title='bbox 1260 2688 1364 2725; x_wconf 85' lang='lat' dir='ltr'>plenam</span> <span class='ocrx_word' id='word_1_1072' title='bbox 1383 2689 1484 2724; x_wconf 85' lang='lat' dir='ltr'>imperii</span> <span class='ocrx_word' id='word_1_1073' title='bbox 1504 2685 1661 2713; x_wconf 81' lang='lat' dir='ltr'>commiserit</span> <span class='ocrx_word' id='word_1_1074' title='bbox 1679 2684 1858 2722; x_wconf 84' lang='lat' dir='ltr'>potestatem).</span> <span class='ocrx_word' id='word_1_1075' title='bbox 1885 2683 1952 2710; x_wconf 73' lang='lat' dir='ltr'>Nov.</span> 
     </span>
     <span class='ocr_line' id='line_1_125' title="bbox 1118 2726 1952 2764; baseline -0.007 -5"><span class='ocrx_word' id='word_1_1076' title='bbox 1118 2732 1240 2759; x_wconf 87' lang='lat' dir='ltr'>Anthem.</span> <span class='ocrx_word' id='word_1_1077' title='bbox 1261 2731 1293 2758; x_wconf 88' lang='lat' dir='ltr'>de</span> <span class='ocrx_word' id='word_1_1078' title='bbox 1311 2731 1372 2757; x_wconf 89' lang='lat' dir='ltr'>bon.</span> <span class='ocrx_word' id='word_1_1079' title='bbox 1392 2740 1447 2756; x_wconf 84' lang='lat' dir='ltr'>vac.</span> <span class='ocrx_word' id='word_1_1080' title='bbox 1467 2729 1509 2755; x_wconf 87' lang='lat' dir='ltr'>VI.</span> <span class='ocrx_word' id='word_1_1081' title='bbox 1529 2730 1552 2754; x_wconf 87' lang='lat'>3.</span> <span class='ocrx_word' id='word_1_1082' title='bbox 1574 2738 1594 2754; x_wconf 91' lang='lat' dir='ltr'>c.</span> <span class='ocrx_word' id='word_1_1083' title='bbox 1610 2729 1631 2753; x_wconf 94' lang='lat' dir='ltr'>l.</span> <span class='ocrx_word' id='word_1_1084' title='bbox 1646 2737 1685 2764; x_wconf 90' lang='lat' dir='ltr'>pr.</span> <span class='ocrx_word' id='word_1_1085' title='bbox 1723 2726 1808 2754; x_wconf 90' lang='lat' dir='ltr'>Tutor</span> <span class='ocrx_word' id='word_1_1086' title='bbox 1821 2727 1897 2754; x_wconf 85' lang='lat' dir='ltr'>datus</span> <span class='ocrx_word' id='word_1_1087' title='bbox 1911 2727 1952 2753; x_wconf 86' lang='lat' dir='ltr'>ad-</span> 
     </span>
     <span class='ocr_line' id='line_1_126' title="bbox 1118 2769 1951 2812; baseline -0.007 -10"><span class='ocrx_word' id='word_1_1088' title='bbox 1118 2785 1212 2801; x_wconf 80' lang='lat' dir='ltr'>versus</span> <span class='ocrx_word' id='word_1_1089' title='bbox 1236 2776 1319 2812; x_wconf 82' lang='lat' dir='ltr'>ipsam</span> <span class='ocrx_word' id='word_1_1090' title='bbox 1344 2774 1499 2800; x_wconf 83' lang='lat' dir='ltr'>creationem</span> <span class='ocrx_word' id='word_1_1091' title='bbox 1523 2771 1683 2808; x_wconf 80' lang='lat' dir='ltr'>provocavit.</span> <span class='ocrx_word' id='word_1_1092' title='bbox 1716 2770 1746 2797; x_wconf 82' lang='lat' dir='ltr'>fr.</span> <span class='ocrx_word' id='word_1_1093' title='bbox 1766 2772 1807 2797; x_wconf 84' lang='lat'>39.</span> <span class='ocrx_word' id='word_1_1094' title='bbox 1832 2771 1853 2805; x_wconf 88' lang='lat'>5.</span> <span class='ocrx_word' id='word_1_1095' title='bbox 1873 2772 1895 2796; x_wconf 85' lang='lat'>6.</span> <span class='ocrx_word' id='word_1_1096' title='bbox 1920 2769 1951 2795; x_wconf 84' lang='lat' dir='ltr'>de</span> 
     </span>
    </p>
   </div>
   <div class='ocr_carea' id='block_1_57' title="bbox 1096 2816 1460 2858">
    <p class='ocr_par' dir='ltr' id='par_1_62' title="bbox 1096 2816 1460 2858">
     <span class='ocr_line' id='line_1_127' title="bbox 1096 2816 1460 2858; baseline -0.011 -13"><span class='ocrx_word' id='word_1_1097' title='bbox 1096 2854 1098 2858; x_wconf 44' lang='grc' dir='ltr'>Ι</span> <span class='ocrx_word' id='word_1_1098' title='bbox 1119 2818 1214 2845; x_wconf 85' lang='lat' dir='ltr'>admin.</span> <span class='ocrx_word' id='word_1_1099' title='bbox 1235 2823 1260 2844; x_wconf 90' lang='lat' dir='ltr'>et</span> <span class='ocrx_word' id='word_1_1100' title='bbox 1278 2818 1358 2854; x_wconf 80' lang='lat' dir='ltr'>peric.</span> <span class='ocrx_word' id='word_1_1101' title='bbox 1377 2817 1417 2842; x_wconf 86' lang='lat'>26.</span> <span class='ocrx_word' id='word_1_1102' title='bbox 1439 2816 1460 2841; x_wconf 88' lang='lat'>7.</span> 
     </span>
    </p>
   </div>
   <div class='ocr_carea' id='block_1_58' title="bbox 1453 2858 1508 2883">
    <p class='ocr_par' dir='ltr' id='par_1_63' title="bbox 1453 2858 1508 2883">
     <span class='ocr_line' id='line_1_128' title="bbox 1453 2858 1508 2883; baseline 0 0"><span class='ocrx_word' id='word_1_1103' title='bbox 1453 2858 1508 2883; x_wconf 53' lang='lat'>29⁴»</span> 
     </span>
    </p>
   </div>
  </div>
 </body>
</html>
