2197 3121
248 184 313 215 958

249 265 350 292 Aurum
370 276 417 303 pro
437 266 568 292 tironibus
589 264 760 292 inferendum.
781 264 831 291 Th.
852 264 883 292 C.
904 264 948 291 VI.
967 266 1010 291 23.
1031 275 1052 291 c.
1068 265 1095 290 2.

249 308 282 335 de
302 308 388 335 decur.
410 314 435 335 et
454 309 540 335 silent.
564 308 615 334 Vll.
633 310 671 334 13.
692 318 713 334 c.
728 309 750 334 7.
771 308 793 341 ξ.
808 310 832 334 2.
854 318 876 335 c.
891 309 931 335 13.
951 307 984 334 de
997 308 1076 334 tiron.

285 352 534 379 Tirocinium.
571 351 602 384 §.
622 352 657 378 1.
678 352 820 378 Primum
840 352 985 377 militiae
1003 351 1096 376 rudi-

248 401 393 421 mentum.
430 394 472 420 lll.
485 395 551 421 Gn.
572 393 716 420 Tirociuiis
736 394 915 420 castrensibus
935 393 1024 419 imbui.
1045 392 1096 419 Th.
1119 407 1120 411 ι

249 436 281 464 C.
302 436 356 463 Vll.
376 439 417 463 20.
442 446 463 462 c.
485 438 525 462 12.
545 447 585 474 pr.
605 436 637 463 de
656 441 771 463 veteran.
809 436 837 463 In
860 436 1010 463 tirocinium
1030 435 1097 462 mili-

250 481 300 507 tiae
318 481 420 506 offerre.
441 479 478 506 lb.
501 490 520 506 c.
538 481 577 506 ll.
594 496 621 500 —
644 480 675 513 ξ.
690 481 726 506 2.
746 481 1013 514 Experimeutnm
1033 489 1097 505 mu-

248 525 338 550 neris
361 524 516 557 cuiusque
540 524 682 549 obeundi.
723 522 766 549 111.
787 524 854 551 Cn.
879 522 1019 548 Novicium
1043 531 1097 548 non

248 566 370 592 tirocinio
385 566 471 597 animi,
492 564 539 591 sed
555 565 708 592 conditione
721 567 859 592 servitutis
873 564 993 601 intelligi.
1013 563 1095 591 11:65.

248 609 269 643 ξ.
290 610 313 634 2.
335 607 367 634 de
387 608 473 634 Aedil.
495 607 574 635 edict.
593 609 635 635 21.
657 610 682 635 1.

286 651 504 679 Tironatus.
542 650 623 677 Idem.
660 650 703 677 III.
716 652 783 679 Cn.
803 649 937 688 Tempore
958 651 1098 682 tironatus,

1079 692 1088 701 w

248 704 337 721 eorum
358 698 591 731 procuratores—
611 694 637 720 in
657 693 756 720 iudicio
770 697 981 731 praesententur.
1001 692 1051 719 Th.
1066 693 1089 720 L
1119 718 1120 724 .

247 737 303 764 VII.
326 739 364 764 13.
386 747 407 763 c.
427 738 469 763 21.
490 736 522 763 de
541 737 619 763 tiron.

282 780 474 807 Tithasus.
513 781 629 806 Nomen
648 781 741 806 sert-i.
769 779 811 806 III.
831 780 898 807 Cn.
919 778 1054 811 Tithaws,
1075 780 1098 806 si

248 824 274 849 in
294 822 446 860 capitolium
466 822 642 854 adscenderit,
664 821 741 848 heres
761 826 827 848 esto.
848 822 878 848 fr.
893 823 934 848 67.
955 822 988 849 de
1007 822 1096 849 hered.

247 867 308 892 inst.
328 869 370 892 25.
391 868 414 893 5.

283 909 399 936 Titia.
436 909 467 943 ἓ.
481 910 516 935 1.
538 909 694 935 Mulieris
712 918 827 935 nomen.
857 907 899 934 III.
915 909 981 936 Cn.
1002 907 1097 941 Titiae,

248 953 326 979 uxori
344 962 426 983 meae,
446 952 542 978 tutoris
562 952 698 988 optionem
719 950 760 977 do.
782 950 839 977 Gai.
859 950 878 977 I.
901 953 960 977 150.
982 954 1041 978 152.
1065 968 1095 973 —

246 995 277 1028 §0
294 996 329 1022 2.
352 997 470 1022 Nomen
489 996 573 1030 legis
593 996 627 1020 de
645 996 884 1029 sponsionibus.
921 994 964 1021 Ill.
981 996 1048 1022 Cn.
1068 994 1097 1021 In

246 1037 343 1075 quibus
370 1038 449 1064 rebus
474 1048 506 1064 ex
524 1037 555 1064 L.
576 1036 660 1068 Titia,
689 1038 731 1070 (et
750 1036 900 1069 Publicia.)
925 1042 951 1063 et
970 1036 1096 1064 Cornelia
1119 1053 1120 1077 ι

246 1082 323 1107 etiam
344 1082 516 1118 sponsionem
536 1080 621 1106 facere
640 1079 710 1106 licet.
730 1079 760 1106 fr.
774 1081 798 1106 3.
819 1079 851 1106 de
871 1079 946 1106 aleat.
967 1082 1007 1107 ll.
1022 1083 1045 1106 5.
1062 1095 1096 1100 —

246 1124 277 1157 ξ.
292 1125 329 1150 3.
350 1126 467 1151 Nomen
487 1126 587 1159 Iegis,
606 1126 640 1150 de
660 1125 826 1150 tutoribus
846 1133 861 1149 α
882 1125 1095 1157 magistrati·

245 1169 300 1193 bus
319 1169 443 1194 dandis.
480 1166 524 1193 III.
546 1168 612 1194 Cn.
637 1165 667 1192 L.
687 1165 751 1192 Iulia
771 1170 797 1192 et
817 1165 894 1192 Titia.
915 1165 957 1192 Cf.
978 1175 1001 1192 v.
1021 1165 1094 1193 Iulia.

247 1210 266 1236 ἵ.
288 1211 312 1236 9.

245 1222 257 1244 ὃ
281 1253 470 1280 Titianus.
490 1252 621 1285 (Adiect.)
648 1253 695 1278 Ad
716 1253 841 1278 Titium
858 1253 1037 1286 pertinens.
1075 1252 1094 1279 I.

245 1296 307 1331 Sy.
328 1295 402 1328 Tan.
422 1295 527 1322 Titiana
547 1294 724 1327 (hereditas.)
755 1294 783 1320 n.
803 1296 844 1321 25.
871 1295 893 1328 ξ.
916 1296 953 1320 ιι,
975 1294 1007 1321 ..ι
1027 1294 1094 1322 S.C.
1117 1284 1119 1303 ³

245 1338 325 1365 Trcb.
344 1340 386 1365 36.
409 1340 430 1365 l.
468 1338 511 1365 111.
532 1339 598 1366 Gn.
623 1337 652 1364 Si
673 1337 830 1364 mandavero
850 1337 916 1365 tibi.
940 1342 969 1364 ut
988 1337 1094 1364 domum
1117 1345 1119 1373 g

245 1381 367 1408 Seianam
387 1381 410 1408 C
429 1391 539 1413 emeres,
560 1386 641 1417 tuque
659 1380 789 1407 Titianam
809 1381 912 1406 emeris.
933 1380 962 1407 i'r.
983 1383 1007 1407 5.
1027 1382 1050 1414 ᾗ.
1070 1383 1094 1407 2.

244 1424 331 1451 mand.
360 1426 400 1451 l7.
422 1426 443 1451 l.
486 1424 523 1450 Vt
549 1424 646 1450 fundus
671 1423 792 1450 Titianus
818 1423 850 1449 de
874 1424 980 1450 nomine
1004 1429 1095 1451 vestro

246 1478 379 1504 nunquam
399 1472 481 1494 exeat.
502 1467 532 1493 fr.
551 1468 593 1493 35.
613 1467 635 1500 ξ
656 1468 680 1493 3.
701 1466 734 1493 de
753 1466 829 1502 legat
849 1466 891 1492 III.
913 1468 980 1499 (32.)

282 1511 446 1538 TifissuS.
487 1512 670 1537 Titillaeio.
709 1509 752 1535 III.
774 1510 840 1536 Cn.
865 1509 957 1546 Virga.
983 1515 1027 1536 aut
1051 1510 1096 1536 ssa-

245 1564 332 1590 grum.
358 1554 431 1579 cuius
457 1553 482 1578 in
508 1552 620 1589 cuspide
644 1552 741 1578 infixus
766 1552 854 1578 brevis
880 1552 987 1579 aculeus
1011 1555 1095 1590 pigre-

245 1602 350 1623 scentes
370 1601 441 1622 artus
464 1597 578 1622 innocuo
603 1595 682 1621 titillo
702 1596 801 1632 poterit
820 1595 970 1623 admonere.
991 1596 1041 1624 Th.
1062 1596 1093 1624 C.

246 1639 314 1666 Ytll.
334 1642 357 1665 5.
379 1650 399 1665 c.
419 1642 443 1665 2.
465 1638 497 1665 de
518 1648 596 1665 cursu
617 1638 679 1675 pub.

282 1683 395 1709 Titio.
434 1684 574 1717 Lignum
604 1683 768 1713 adustum,
801 1683 922 1709 Turris.
961 1682 1004 1708 III.
1027 1684 1094 1710 Cn.

246 1725 381 1756 Titiones,
402 1730 428 1751 et
447 1724 495 1752 alia
516 1725 584 1761 ligna
605 1729 679 1750 cocta
699 1734 731 1750 ne
751 1724 849 1751 furnum
871 1724 973 1751 saciant.
1003 1724 1033 1752 fr.
1053 1728 1094 1752 55.

244 1770 265 1802 ᾗ.
287 1770 309 1795 7.
331 1768 363 1795 de
383 1768 458 1804 legat.
479 1768 521 1794 III.
542 1768 609 1800 (32.)

280 1812 415 1838 Titius.
445 1812 563 1838 Nomen
582 1820 741 1845 personae
755 1812 876 1847 fictae.
905 1810 1030 1839 111ίή.
1050 1812 1096 1839 Ait
1117 1805 1119 1831 3

246 1854 367 1880 Praetor:
394 1854 422 1880 Si
442 1853 471 1880 L.
493 1853 580 1880 Titius
605 1854 632 1879 iu
652 1858 784 1890 potestate
804 1853 833 1880 L.
855 1853 919 1881 Titii
944 1859 991 1881 est.
1022 1855 1051 1882 I'r.
1070 1857 1094 1882 3.

246 1907 286 1934 pr.
299 1897 330 1923 cf.
351 1898 382 1923 t'r.
398 1899 420 1923 l.
434 1907 474 1934 pr.
494 1896 526 1923 de
546 1896 620 1923 liber.
642 1896 730 1923 exhib.
743 1898 784 1924 43.
804 1899 846 1924 30.
884 1896 956 1924 Titio
977 1898 1094 1930 fundum,

246 1950 324 1977 quem
339 1951 351 1965 a
366 1939 438 1966 Titio
459 1941 516 1969 emi,
537 1939 570 1966 do
592 1938 658 1974 lego.
681 1939 851 1977 Ylp.X.x·1Y.
869 1942 907 1967 19.
936 1940 983 1967 Illa
1003 1942 1095 1968 verba:

247 1983 406 2015 „Arbitratu
426 1981 455 2008 L.
471 1981 535 2008 Titii
555 1983 639 2011 tieriss·
659 1983 699 2009 ius
720 1984 879 2019 significant,
899 1988 925 2010 et
944 1985 969 2010 in
989 1994 1096 2011 servum

246 2036 299 2052 non
319 2025 424 2051 cadunt.
450 2025 480 2051 sr.
500 2028 540 2051 fis.
562 2025 594 2051 de
616 2025 646 2052 V.
667 2026 693 2052 S.
714 2028 756 2052 50.
778 2028 817 2053 16.
839 2026 870 2053 cs.
895 2026 952 2053 Gai.
972 2026 1014 2054 III.
1037 2030 1094 2054 140.

247 2070 381 2105 Quantum
411 2067 554 2094 adiudicari
584 2073 707 2105 oportet.
736 2069 815 2096 iudex
839 2069 912 2096 Titio
936 2069 1094 2097 adiudicato.

247 2112 305 2137 Gai.
326 2110 369 2137 lv.
390 2112 430 2136 42.
469 2110 498 2137 Si
523 2111 554 2137 A.
575 2110 687 2147 Agerius
712 2128 741 2131 —
771 2111 798 2138 l..
825 2112 889 2139 Titii
914 2112 990 2139 heres
1015 2118 1095 2140 essct.

247 2154 283 2180 Id.
304 2153 347 2180 IV.
368 2155 409 2180 34.
447 2153 528 2180 Iudex
548 2153 577 2180 N.
601 2153 739 2189 Negidium
759 2154 788 2181 L.
803 2155 875 2181 Titio
896 2155 948 2182 IIS.
969 2156 994 2183 X
1014 2156 1095 2183 millia

248 2197 401 2224 condemna.
426 2196 462 2222 ld.
484 2196 526 2223 lV.
546 2198 587 2223 86.
609 2197 639 2224 ci'.
660 2199 701 2224 (it.
739 2198 806 2224 Cum
827 2199 861 2224 ita
881 2200 1011 2236 mancipio
1030 2201 1096 2227 acci-

247 2241 314 2277 piat:
344 2239 416 2266 lianc
440 2250 493 2265 rem
518 2250 549 2266 ex
577 2241 632 2267 iure
654 2241 730 2276 Quir.
755 2240 784 2267 L.
806 2240 883 2272 Titii.
912 2241 1011 2268 domini
1035 2244 1095 2270 mei.

249 2292 308 2309 esse
328 2284 375 2309 aio.
396 2282 433 2308 ld.
454 2282 495 2308 Ill.
518 2285 574 2310 167.
614 2285 727 2319 Quoties
748 2285 877 2321 paciscor,
898 2293 930 2309 ne
950 2295 962 2310 a
983 2295 1094 2321 persona

248 2331 350 2363 petam,
371 2327 385 2352 i.
408 2336 428 2351 e.
450 2335 482 2351 nc
502 2336 514 2351 a
534 2325 562 2352 L.
585 2326 656 2353 Titio
677 2332 769 2363 petam.
792 2327 821 2353 [ι’.
843 2329 866 2353 7.
887 2327 908 2360 ξ.
930 2330 953 2353 δ’.
975 2328 1007 2354 de
1026 2335 1094 2366 pact.
1117 2341 1118 2349 ι

247 2372 271 2394 2.
294 2370 332 2394 1-1.
353 2367 382 2394 L.
404 2368 504 2395 Titium
524 2368 615 2395 liberis
636 2371 699 2396 meis
721 2375 833 2396 tutorem
854 2370 896 2396 do.
920 2371 977 2397 (ini.
998 2370 1015 2397 l.
1039 2373 1094 2398 149.

250 2410 309 2448 le.
322 2410 417 2438 XXIV.
428 2414 469 2437 25.
491 2411 518 2437 L.
535 2411 622 2438 Titius
637 2414 733 2439 crinwn
748 2413 860 2439 intendit
874 2413 904 2440 C.
920 2414 990 2440 Seio.
1011 2414 1041 2440 sr.
1052 2416 1094 2440 21.
1117 2411 1118 2415 ¹

249 2453 281 2480 de
306 2453 329 2479 Ιι.
355 2455 398 2490 qui
425 2459 478 2480 not.
504 2454 549 2481 inf.
574 2456 597 2480 3.
621 2457 645 2481 2.
683 2455 795 2491 Rogavit
820 2456 921 2483 Titius.
949 2457 1096 2494 spopondit

250 2496 374 2523 Maevius.
395 2496 425 2523 sr.
446 2499 469 2523 7.
489 2498 510 2531 ξ.
526 2500 566 2524 12.
586 2498 618 2524 (1(-
638 2503 697 2535 pact
717 2502 740 2524 2.
764 2501 802 2526 14.
841 2499 904 2526 Titii
925 2510 1030 2526 servum
1051 2510 1095 2536 pn-

250 2544 321 2569 tans.
347 2541 391 2576 qui
416 2545 471 2566 erat
495 2540 653 2578 Sempronii.
680 2541 709 2567 sr.
729 2543 752 2568 (i.
779 2543 799 2575 ξ.
821 2544 844 2568 S.
870 2542 902 2568 de
923 2542 953 2569 N.
975 2542 1006 2569 G.
1026 2544 1050 2569 3.
1070 2545 1093 2568 5.

251 2581 416 2615 Magistratus
430 2588 532 2610 actores
546 2584 675 2611 bonorum
690 2584 797 2612 Titium.
812 2589 837 2610 et
848 2584 946 2615 Seium.
961 2590 986 2611 et
1000 2585 1094 2612 Caium
1116 2578 1117 2583 ¹

250 2624 360 2650 idoneos
385 2632 549 2653 creaverunt.
575 2627 604 2653 sr.
624 2629 664 2653 26.
690 2627 724 2653 ib.
744 2628 769 2653 3.
789 2629 812 2653 5.
850 2628 911 2654 Duo
932 2627 996 2654 Titii
1022 2628 1094 2655 illius

251 2666 351 2693 insulae
371 2668 481 2695 Ino-redes
502 2675 589 2696 sunto.
610 2670 639 2696 I'r.
662 2672 701 2696 ll.
722 2669 754 2696 de
774 2669 861 2696 Inered.
883 2672 942 2697 inst.
963 2673 1005 2697 28.
1025 2673 1050 2698 5.

285 2710 482 2739 Titunare.
519 2713 550 2746 ᾗ.
566 2714 600 2739 1.
621 2714 783 2739 Incertum
803 2723 882 2745 esse,
904 2715 1094 2741 fluctuare.

252 2752 268 2779 I.
290 2754 350 2787 Sy.
375 2752 505 2782 Incertus.
530 2754 660 2781 Titubans
684 2756 830 2788 (animuS.)
854 2766 875 2782 c.
896 2757 936 2782 11.
962 2756 994 2782 de
1017 2757 1094 2784 cond.

252 2795 338 2822 indeb.
359 2797 382 2821 4.
402 2797 425 2821 5.
447 2806 468 2821 c.
487 2800 528 2823 22.
548 2798 569 2832 ς’.
592 2800 613 2825 l.
634 2797 666 2824 dc
686 2799 741 2825 iure
762 2798 841 2825 delib.
858 2800 881 2825 6.
901 2801 941 2825 30.
970 2799 1094 2827 111οη.

252 2837 279 2864 In
300 2839 456 2864 tutissimam
477 2842 596 2875 pervenit
616 2841 738 2877 quietem,
759 2841 832 2868 nullo
849 2841 979 2869 titubante
993 2842 1094 2869 relicto.

1016 182 1091 213 TIR
1105 200 1143 206 —-

1160 181 1243 213 TIT.

1142 273 1162 290 e.
1182 265 1206 290 2.
1234 264 1255 297 §.
1278 264 1317 289 10.
1343 262 1376 290 (18
1395 268 1447 290 vet.
1467 264 1523 291 iure
1548 264 1633 291 enncl.
1655 266 1677 291 1.
1700 267 1740 291 17.
1777 264 1888 292 Incertis
1911 268 1991 293 vesti·

1141 307 1190 343 giis
1211 306 1308 333 titubat
1327 306 1493 344 (imperfecta
1507 307 1660 334 Latinorum
1681 307 1811 340 libertas.)
1832 318 1853 335 c.
1869 310 1891 335 l.
1904 319 1942 346 pr.
1957 309 1991 336 de

1119 369 1120 382 ,
1141 349 1198 376 Lat.
1218 349 1306 376 libert.
1323 351 1345 376 7.
1358 351 1381 376 6.
1398 367 1427 370 —
1449 350 1749 383 §.².1)ebi!itari,
1774 352 1905 377 Viribus
1922 354 1991 386 pri·

1144 393 1222 419 vari.
1259 391 1290 419 lI.
1307 394 1375 426 ⁰11.
1395 392 1559 422 Permanere.
1580 393 1763 420 Perseverate.
1783 392 1886 420 Valere.
1907 404 1928 420 c.
1948 396 1990 421 43.

1142 434 1174 461 de
1199 439 1322 462 transact.
1342 438 1366 461 2.
1386 438 1410 462 4.
1441 435 1490 462 Th.
1511 435 1543 462 C.
1562 435 1621 462 XV.
1643 438 1683 462 14.
1704 446 1725 463 c.
1745 437 1769 462 9.
1793 436 1826 462 de
1850 437 1945 464 infirm.
1965 436 1990 464 h.

1142 488 1185 514 qu.
1205 487 1226 504 S.
1247 483 1296 514 tyr.
1334 478 1378 505 III.
1399 480 1466 506 (711.
1495 479 1524 505 Si
1550 479 1575 505 in
1600 478 1685 515 aliqua
1710 484 1785 516 parte
1809 479 1991 512 titubaverint,

1142 521 1264 547 restituta
1283 522 1332 554 (sc.
1348 521 1508 559 privilegia.)
1527 521 1565 548 lb.
1579 521 1650 548 le.
1664 524 1688 549 2.
1709 533 1730 549 c.
1748 524 1768 549 1.
1789 522 1822 549 de
1836 523 1902 560 priv.
1917 532 1990 560 corp.

1142 563 1199 590 urb.
1220 563 1252 590 R.
1290 563 1358 591 Cum
1383 564 1574 591 navarchorum
1598 569 1690 591 coetus
1714 581 1746 585 —
1771 566 1860 602 inopia
1885 567 1991 592 navium

1142 606 1276 633 titubaret.
1305 607 1343 634 lb.
1364 607 1434 634 XIII.
1454 610 1480 634 5.
1505 617 1526 634 c.
1546 610 1589 634 32.
1613 607 1646 634 de
1669 608 1782 634 navicuI.
1808 608 1850 635 Ct'.
1874 607 1938 635 Iust.
1958 607 1990 635 C.

1143 660 1164 676 c.
1179 651 1202 675 5.
1223 650 1244 683 §.
1259 651 1280 676 1.
1299 649 1332 676 de
1351 655 1431 687 temp.
1452 655 1478 676 ct
1498 660 1582 688 repar.
1604 652 1626 677 7.
1647 652 1689 678 63.

1178 692 1341 720 Titulus.
1379 694 1410 726 ξ.
1431 694 1466 720 1.
1496 695 1688 728 Inscriptio.
1727 696 1906 729 Scriptura
1931 704 1990 729 pa-

1142 737 1203 762 lam
1227 737 1412 770 proposita.
1450 735 1492 762 lII.
1513 737 1580 763 Cn.
1607 735 1642 762 Vt
1666 735 1750 763 eidem
1778 738 1853 774 operi
1877 747 1909 764 ex
1933 738 1990 764 eius

1142 779 1248 805 nomine
1268 778 1361 805 titulus
1380 778 1518 805 scribatur.
1540 778 1590 805 Th.
1610 778 1641 806 C.
1662 778 1706 806 VI.
1725 781 1750 806 4.
1769 790 1791 806 c.
1813 782 1852 807 13.
1872 781 1893 814 §.
1915 782 1937 806 1.
1958 779 1991 807 de

1142 820 1228 847 Praet.
1248 826 1274 847 et
1294 821 1346 857 Qu.
1366 821 1439 848 Paul.
1459 821 1477 848 I.
1491 823 1532 848 21.
1553 822 1574 856 §.
1595 823 1618 848 8.
1657 822 1763 858 Quibus
1783 824 1832 856 (sc.
1852 822 1990 859 gradibus)

1142 863 1236 890 titulus
1256 864 1375 901 figendus
1396 869 1437 891 cst
1455 874 1560 896 aeneuS,
1580 866 1606 891 in
1627 875 1704 902 quem
1724 871 1750 892 et
1763 866 1838 903 panis
1851 865 1990 892 modus—

1143 907 1251 934 debebit
1271 907 1360 934 incidi.
1385 907 1435 935 Th.
1455 907 1486 934 C.
1507 907 1578 934 XlV.
1600 910 1640 934 17.
1661 918 1682 935 c.
1702 911 1726 935 5.
1746 908 1779 935 de
1798 919 1857 935 ann.
1877 910 1927 935 civ.
1947 907 1990 936 Cf.

1142 949 1188 976 IX.
1208 952 1249 976 42.
1271 961 1292 977 c.
1314 952 1354 977 ll.
1375 961 1396 977 c.
1415 952 1456 976 20.
1478 950 1511 976 dc
1530 950 1591 977 bon.
1611 961 1713 988 proscr.
1750 951 1926 979 Diversorum
1945 961 1991 978 no-

1142 992 1258 1019 minibus
1279 998 1304 1019 et
1323 993 1409 1020 titulis
1431 994 1499 1019 tueri
1519 996 1612 1025 (naves
1631 995 1714 1027 suas)
1734 994 1771 1021 lb.
1789 995 1859 1022 XIII.
1880 997 1903 1022 7.
1924 1005 1946 1022 c.
1964 997 1989 1021 ⁴2.

1143 1035 1175 1062 de
1194 1046 1252 1062 nav.
1272 1046 1296 1062 n.
1318 1046 1374 1063 exc.
1411 1035 1516 1062 Alienis
1535 1037 1617 1072 agris,
1643 1037 1685 1064 vel
1710 1039 1876 1070 erwsteriis.
1896 1037 1990 1064 titulos

1118 1081 1120 1092 '
1141 1079 1286 1115 imponere,
1306 1084 1331 1105 et
1345 1089 1440 1105 nomen
1454 1088 1530 1104 suum
1543 1079 1696 1107 inscribere.
1717 1067 1764 1108 lui.
1778 1092 1818 1119 ep.
1832 1091 1892 1108 (ιον.
1913 1091 1933 1108 c.
1947 1082 1990 1107 21.

1118 1118 1120 1143 .*
1141 1122 1162 1155 ξ.
1182 1123 1224 1147 80.
1245 1131 1265 1147 c.
1285 1123 1327 1148 22.
1348 1122 1370 1156 ξ.
1389 1123 1431 1148 86.
1451 1121 1519 1148 Nov.
1534 1121 1590 1148 VaI.
1604 1121 1647 1149 111.
1667 1123 1700 1150 de
1720 1124 1811 1151 tribut.
1831 1125 1889 1151 fise.
1903 1123 1932 1150 II.
1948 1125 1989 1150 19.

1118 1170 1119 1189 ἒ
1142 1174 1163 1190 8.
1185 1166 1207 1190 1.
1228 1164 1249 1198 ξ.
1270 1165 1294 1190 6.
1315 1180 1346 1184 --
1372 1165 1403 1198 §0
1424 1165 1511 1191 LA.
1531 1166 1647 1197 Index,
1667 1168 1885 1194 Snmmarium
1905 1167 1989 1200 (eiuS‚

1118 1223 1119 1226 =
1141 1206 1212 1243 quod
1232 1208 1258 1233 in
1278 1207 1382 1244 singulo
1403 1207 1534 1234 uberioris
1554 1209 1700 1245 scripturae
1719 1210 1804 1246 capite
1817 1210 1989 1242 continetur.)

1141 1250 1159 1276 l.
1180 1251 1242 1284 Sy.
1262 1249 1326 1276 Pars
1347 1250 1462 1283 (edicti.)
1485 1250 1526 1277 Cf.
1547 1250 1574 1277 h.
1594 1261 1618 1277 v.
1638 1251 1659 1285 §.
1682 1253 1704 1277 l.
1740 1251 1783 1278 111.
1801 1254 1867 1280 Gn.
1888 1252 1930 1285 Si.
1950 1263 1990 1279 ca-

1140 1292 1234 1330 pitulis
1255 1293 1369 1320 diversis
1390 1294 1535 1331 expressis,
1560 1293 1591 1320 ad
1611 1293 1703 1331 plures
1722 1294 1814 1322 titulos
1834 1297 1989 1323 constitutio

1141 1346 1191 1362 una
1211 1337 1351 1373 pertineat.
1371 1336 1422 1363 Th.
1443 1336 1474 1363 C.
1495 1336 1513 1363 1.
1535 1339 1557 1363 1.
1578 1347 1599 1363 c.
1619 1339 1644 1363 5.
1665 1337 1770 1371 (ἵνά.)
1789 1337 1823 1364 (18
1841 1344 1926 1366 const.
1946 1338 1988 1366 Pr.

1117 1375 1119 1378 ’
1141 1378 1222 1405 Multa
1243 1395 1274 1398 —
1295 1379 1344 1405 sub
1364 1378 1415 1405 hoc
1435 1379 1512 1406 titulo
1532 1379 1642 1407 Praetor
1665 1381 1785 1407 inseruit.
1810 1381 1840 1408 fr.
1862 1383 1886 1408 1.
1905 1381 1938 1408 de
1956 1382 1988 1409 R.

1141 1422 1172 1449 C.
1194 1424 1233 1449 12.
1256 1424 1278 1449 1.
1299 1422 1330 1449 cf.
1352 1422 1381 1449 fr.
1398 1424 1419 1448 1.
1441 1422 1474 1449 de
1492 1423 1510 1450 1.
1530 1422 1549 1450 1.
1563 1423 1594 1450 R.
1614 1425 1639 1450 4.
1661 1425 1683 1450 l.
1719 1423 1763 1450 Ad
1782 1423 1888 1451 titulum
1906 1425 1933 1452 in
1952 1426 1990 1451 in-

1117 1478 1119 1504 '.
1141 1470 1204 1502 tegr.
1233 1466 1410 1492 restitutionis
1434 1468 1599 1503 pertinentes
1623 1468 1678 1500 (sc.
1701 1468 1840 1500 maiores.)
1868 1477 1889 1494 c.
1908 1470 1933 1494 5.
1956 1467 1990 1494 de

1118 1539 1119 1543 Ἰ
1141 1510 1225 1535 restit.
1246 1507 1321 1534 milit.
1335 1510 1360 1534 2.
1380 1510 1422 1535 51.
1459 1508 1496 1535 Vt
1514 1511 1540 1536 iu
1561 1510 1648 1536 edicto
1662 1509 1795 1536 Praetoris
1815 1510 1989 1543 ostendimus,

1141 1552 1190 1578 sub
1210 1551 1288 1578 titulo
1309 1551 1341 1577 de
1361 1551 1447 1578 furtis.
1467 1552 1497 1579 fr.
1518 1554 1576 1579 195.
1596 1554 1618 1587 §.
1631 1554 1656 1580 3.
1677 1553 1709 1580 de
1728 1552 1759 1579 V.
1773 1554 1800 1580 S.
1815 1555 1855 1580 50.
1871 1555 1910 1580 16.
1931 1553 1990 1581 Gai.

1117 1599 1119 1635 ᾗ
1140 1594 1183 1621 IV.
1204 1596 1245 1621 46.
1275 1594 1348 1621 Paul.
1367 1594 1413 1621 lib.
1438 1596 1461 1621 8.
1486 1605 1638 1633 responsor.
1662 1596 1757 1623 titulo:
1782 1596 1814 1623 (18
1837 1607 1865 1623 re
1889 1598 1988 1624 uxoria.

1142 1637 1225 1664 vatic.
1240 1638 1335 1672 §.1⁰8
1350 1638 1382 1664 cl’.
1397 1638 1434 1672 ἐξ.
1446 1640 1487 1665 90.
1502 1648 1560 1675 sqq.
1575 1654 1607 1658 —
1622 1640 1652 1673 ξ.
1666 1641 1701 1666 2.
1717 1641 1845 1672 Nomen,
1860 1642 1988 1667 Forma.

1141 1681 1159 1707 l.
1179 1682 1241 1715 Sy.
1261 1680 1349 1707 Causa
1368 1682 1583 1715 (excusationis.)
1602 1682 1640 1708 lb.
1660 1683 1698 1717 §§.
1720 1685 1778 1709 155.
1798 1692 1837 1719 sq.
1874 1683 1904 1710 11.
1920 1685 1989 1718 ⁰1).

1117 1754 1118 1759 ¹
1141 1724 1248 1751 Titulus
1268 1725 1388 1750 actionis.
1409 1740 1441 1744 -—
1463 1724 1554 1761 Origo.
1576 1724 1663 1752 Causa
1683 1725 1885 1762 (obligationis.
1905 1736 1926 1753 S.
1946 1726 1989 1753 de-

1140 1767 1215 1798 biti.)
1240 1766 1271 1793 I'r.
1291 1768 1333 1793 69.
1358 1767 1391 1794 (18
1410 1767 1529 1794 fideiuss.
1549 1770 1590 1795 46.
1614 1770 1634 1795 1.
1655 1779 1676 1795 c.
1696 1771 1720 1795 3.
1741 1768 1772 1795 ad
1793 1768 1859 1795 S.C.
1878 1769 1944 1796 Mac.
1963 1773 1988 1797 4.

1139 1812 1182 1836 28.
1220 1809 1263 1836 III.
1280 1811 1347 1838 Cn.
1367 1810 1454 1846 Quem
1474 1810 1587 1847 dignitas
1607 1811 1784 1844 commendat,
1805 1827 1837 1832 —
1857 1812 1899 1839 vel
1919 1814 1989 1840 vitae

1140 1853 1276 1885 honestas,
1296 1853 1339 1880 vel
1359 1855 1422 1880 artis
1435 1853 1577 1881 laudabilis
1590 1854 1692 1881 titulus.
1712 1854 1760 1881 lul.
1774 1865 1814 1892 ep.
1828 1865 1888 1882 nov,
1910 1866 1931 1883 c.
1945 1857 1987 1884 83.

1117 1908 1118 1912 ¹
1140 1897 1162 1930 ξ.
1181 1898 1240 1922 324.
1279 1896 1332 1931 Qui
1352 1896 1494 1923 honorario
1513 1896 1591 1924 titulo
1610 1897 1742 1924 illustrem
1761 1898 1914 1934 dignitatem
1928 1910 1988 1926 con-

1141 1940 1225 1965 secuti
1246 1944 1316 1965 sunt.
1336 1949 1358 1966 c.
1377 1941 1420 1966 21.
1440 1939 1473 1967 de
1493 1941 1574 1977 episc.
1595 1945 1621 1966 et
1640 1940 1701 1967 cler.
1717 1943 1739 1967 1.
1758 1943 1782 1968 3.
1821 1942 1850 1969 Si
1869 1942 1987 1970 eiusdem

1141 1981 1211 2008 tituli
1232 1982 1337 2008 suerunt
1357 1984 1406 2015 (sc.
1421 1982 1581 2020 privilegia,)
1595 1990 1764 2011 concurrunt.
1786 1985 1816 2012 fr.
1829 1988 1871 2012 32.
1886 1986 1918 2013 (18
1931 1986 1986 2013 reb.

1116 2058 1118 2060 Ι
1141 2030 1208 2052 auct.
1229 2025 1282 2052 iud.
1302 2026 1343 2051 42.
1364 2027 1387 2052 5.
1425 2026 1576 2052 Deficiente
1599 2026 1676 2053 titulo
1702 2028 1832 2059 criminis,
1851 2029 1924 2062 (hoc
1938 2029 1986 2056 cri-

1140 2078 1200 2095 men
1219 2067 1306 2094 locum
1326 2068 1427 2102 habet.)
1447 2068 1477 2095 fr.
1496 2071 1520 2096 3.
1540 2070 1562 2103 ξ.
1579 2071 1602 2096 1.
1616 2070 1738 2097 ·3ῑ811ἰοιι.
1753 2073 1795 2097 47.
1813 2074 1855 2097 20.
1893 2071 1985 2104 Color,

1117 2143 1118 2146 Ἴ
1140 2111 1183 2138 vel
1202 2111 1296 2138 titulus
1316 2113 1357 2143 (ut
1376 2113 1416 2138 sic
1434 2111 1558 2144 dixerim)
1579 2112 1715 2140 donationi
1733 2115 1876 2150 quaesitus.
1897 2114 1920 2141 [ι’
1943 2116 1985 2142 49.

1141 2155 1173 2181 ‹le
1193 2154 1253 2181 dou.
1275 2156 1319 2181 int.
1340 2153 1372 2181 V.
1391 2156 1432 2181 24.
1456 2157 1476 2181 l.
1516 2155 1607 2182 Titulo
1632 2161 1710 2182 tenus
1734 2167 1792 2183 acre.
1811 2157 1896 2183 alieno
1916 2157 1985 2184 adle-

1141 2203 1209 2234 gato,
1229 2199 1357 2235 (pecnnia
1377 2197 1475 2230 abuti.)
1501 2197 1530 2225 fr.
1550 2200 1573 2224 5.
1597 2199 1619 2232 ς’.
1642 2201 1680 2225 13.
1702 2199 1734 2226 (18
1753 2200 1807 2226 reb.
1827 2210 1879 2226 eor.
1901 2210 1942 2236 qu.
1963 2210 1984 2228 s.

1141 2246 1187 2268 tut.
1208 2243 1250 2267 27.
1270 2243 1293 2267 9.
1330 2240 1372 2267 Ex
1391 2250 1420 2266 se
1439 2245 1543 2270 natum.
1564 2241 1613 2268 sub
1634 2242 1710 2269 titulo
1729 2242 1855 2268 naturalis
1875 2243 1933 2272 filii.
1952 2259 1983 2263 —

1140 2285 1331 2310 manumittere.
1353 2283 1382 2310 fr.
1396 2285 1438 2309 21.
1455 2294 1493 2321 pr.
1515 2284 1547 2310 dc
1567 2286 1662 2322 captiv.
1675 2287 1716 2311 49.
1737 2286 1777 2311 15.
1813 2285 1896 2312 Adire
1909 2286 1984 2314 Prae-

1141 2332 1239 2357 torem,
1266 2332 1292 2353 et
1316 2326 1420 2353 titulum
1444 2328 1622 2354 excusationis
1641 2337 1704 2354 suae
1723 2327 1790 2364 apud
1812 2339 1870 2355 cum
1890 2339 1985 2367 expro-

1141 2380 1219 2396 mere.
1242 2369 1326 2396 Vatic.
1347 2371 1369 2404 ς’.
1391 2372 1448 2396 156.
1469 2369 1500 2396 cs.
1526 2371 1548 2403 ξ.
1569 2372 1626 2396 128.
1650 2369 1680 2396 fl.
1700 2372 1741 2396 60.
1761 2371 1783 2404 §.
1803 2373 1827 2397 4.
1848 2371 1880 2398 de
1898 2372 1929 2399 R.
1950 2372 1982 2400 N.

1139 2416 1180 2439 23.
1200 2415 1224 2440 2.
1245 2413 1275 2439 cf.
1302 2412 1332 2439 I'r.
1352 2414 1375 2438 4.
1396 2423 1435 2450 pr.
1461 2412 1493 2439 de
1513 2417 1581 2439 naut.
1601 2412 1670 2438 soen.
1690 2415 1731 2439 22.
1751 2416 1775 2439 2.
1800 2413 1829 2440 i'r.
1852 2417 1891 2441 10.
1916 2415 1937 2449 ᾗ.
1957 2417 1982 2442 2.

1116 2473 1118 2493 ι
1140 2456 1172 2482 de
1192 2456 1250 2493 adp.
1277 2461 1302 2482 et
1325 2455 1399 2482 relat.
1419 2457 1461 2482 49.
1483 2458 1504 2482 1.
1542 2455 1646 2485 Petere.
1672 2456 1749 2482 titulo
1774 2458 1828 2490 (rei
1849 2459 1983 2491 uxoriae.)

1141 2498 1224 2525 vatic.
1245 2500 1266 2533 ς’,
1290 2501 1346 2525 1015.
1369 2515 1397 2518 —
1419 2499 1450 2531 ξ.
1471 2500 1508 2524 3.
1529 2500 1647 2530 Causa,
1671 2500 1724 2525 Ius
1746 2503 1980 2535 (adquirendi.)

1140 2541 1157 2568 l.
1177 2544 1238 2576 Sy.
1259 2542 1346 2568 Causa
1366 2541 1571 2578 (possessionis,
1591 2550 1614 2567 v.
1635 2543 1830 2579 usucapionis)
1851 2542 1891 2570 Cf.
1912 2543 1936 2570 h.
1956 2554 1981 2571 v.

1140 2585 1161 2618 ξ.
1183 2587 1205 2611 7.
1243 2585 1342 2611 lustum
1363 2585 1464 2611 initium
1484 2583 1630 2619 (legitimae
1649 2586 1855 2621 possessionis.)
1879 2585 1929 2613 Th.
1949 2586 1980 2613 C.

1139 2627 1182 2654 IV.
1197 2630 1220 2653 8.
1242 2639 1262 2654 c.
1277 2630 1299 2654 7.
1320 2627 1423 2660 (ch.)
1443 2626 1475 2652 de
1493 2626 1595 2653 liberali
1616 2638 1636 2653 c.
1672 2627 1793 2655 Ilion.
1814 2628 1982 2666 Quocunque
2004 2644 2006 2646 v

1140 2670 1225 2701 titulo,
1245 2671 1287 2697 vel
1308 2672 1372 2701 iure,
1390 2669 1556 2702 (conferre.)
1576 2669 1613 2696 lb.
1635 2670 1699 2696 VIII.
1721 2672 1761 2697 19.
1782 2681 1803 2697 e.
1825 2673 1847 2698 1.
1867 2671 1900 2698 de
1919 2672 1980 2699 bon.

1140 2723 1182 2750 qu.
1204 2713 1301 2740 filiam.
1322 2713 1352 2739 cf.
1379 2711 1445 2739 VIII.
1468 2714 1507 2739 15.
1533 2724 1554 2739 c.
1575 2715 1598 2739 7.
1622 2712 1654 2739 de
1677 2718 1785 2740 matern.
1810 2713 1871 2740 bon.
1892 2714 1936 2741 IX.
1955 2717 1980 2742 9.

1140 2767 1162 2783 c.
1183 2758 1204 2782 1.
1225 2756 1246 2789 §.
1266 2758 1290 2783 2.
1310 2755 1343 2782 de
1362 2755 1422 2782 mul.
1444 2766 1486 2792 qu.
1506 2766 1536 2782 se
1554 2765 1622 2782 serv.
1661 2755 1713 2782 Cui
1734 2772 1763 2776 —
1784 2766 1859 2783 error
1877 2767 1980 2784 eausam

1139 2800 1328 2837 possessionis,
1343 2800 1399 2825 sine
1412 2809 1475 2826 vero
1488 2799 1574 2831 titulo,
1588 2800 1726 2836 praestitit.
1747 2809 1770 2826 c.
1782 2801 1805 2826 5.
1820 2799 1853 2826 (18
1865 2809 1978 2837 praescr.

1140 2842 1156 2869 l.
1176 2846 1194 2868 t.
1215 2843 1238 2868 7.
1257 2843 1299 2869 33.
1324 2842 1355 2869 cs.
1379 2853 1400 2869 c.
1421 2845 1444 2869 7.
1465 2842 1497 2869 (18
1516 2842 1547 2869 Λ.
1567 2852 1591 2868 v.
1610 2841 1642 2868 R.
1662 2841 1690 2868 P.
1711 2843 1733 2868 7.
1752 2844 1795 2869 32.
1819 2853 1841 2869 c.
1859 2844 1901 2868 22.
1919 2842 1978 2869 sam.
