2197 3121
242 199 307 230 322

244 280 416 318 phyteuseos.
436 280 669 318 Emphyteuticum
689 280 934 313 (instrumentum.)
959 289 980 305 c.
999 281 1024 305 2.
1049 288 1089 315 sq.

244 323 262 351 l.
282 324 298 351 l.
318 328 342 351 4.
362 326 403 351 66.
440 323 473 350 II.
493 325 559 357 ΟΡ.
584 322 703 354 Privato.v
724 339 756 342 —
776 322 981 360 Empliyteutico
1006 323 1089 355 (iure,

245 378 282 395 sc.
302 367 463 405 possidere.)
491 366 541 393 Th.
562 366 592 392 C.
612 365 644 392 V.
666 367 706 392 13.
726 376 747 392 c.
769 367 808 392 17.
829 366 933 398 (ch.)
963 365 1090 392 Patrimo-
1112 390 1113 393 ,

244 411 322 438 nialis
341 411 415 440 iuris,
436 426 468 429 —
487 409 685 446 Emphyteutici
705 408 814 442 (fundi.)
834 408 870 435 lb.
888 408 904 435 l.
925 408 941 435 l.
956 419 977 435 c.
995 410 1034 435 19.
1048 418 1088 445 sq.

245 454 288 481 111.
314 455 381 482 θη.
401 453 443 480 Ius
463 452 700 489 emphyteuticum,
720 452 763 478 vel
783 452 993 479 cmbateuticum.
1013 451 1044 478 fr.
1063 453 1088 478 3.

245 498 266 531 §.
287 498 311 523 4.
335 496 368 523 dc
392 497 446 523 rob.
472 505 524 521 eor.
550 505 593 531 qu.
613 505 634 522 s.
660 500 708 521 tut.
727 497 769 522 27.
790 498 814 522 9.
839 506 860 521 c.
888 496 926 521 13.
948 494 980 521 de
999 495 1088 532 praed.
1111 512 1112 519 1

245 545 272 566 et
291 539 323 566 al.
342 539 397 566 reb.
417 540 477 565 min.
497 541 521 565 5.
542 540 583 565 71.
621 538 707 565 Fundi
726 537 933 576 patrimoniales.
954 543 979 564 et
998 539 1090 574 quiex

245 582 444 620 emphyteutico
464 582 520 608 iure
539 581 571 608 ad
590 581 696 608 domum
709 587 826 608 nostram
841 597 873 601 —
887 581 1006 608 devoluti
1019 586 1088 608 sunt.

246 636 266 653 c.
292 628 316 652 4.
341 625 373 652 de
397 624 468 651 fund.
493 625 596 662 patrim.
624 627 664 651 11.
688 626 729 651 61.
755 624 805 651 Th.
831 624 862 651 C.
883 623 914 650 V.
941 626 974 650 13
1006 635 1027 651 c.
1048 626 1089 651 19.

245 668 350 701 (ch.)
376 667 485 694 Praedia
509 669 574 695 iuris
595 668 784 705 emphyteutici
809 673 835 694 et
859 667 953 694 domus
977 667 1089 694 divinae.
1135 677 1175 701 50·
1198 676 1237 701 17.
1275 674 1318 702 ΠΙ,
1338 677 1405 703 0„-
1424 676 1535 706 Εωῑοῇ9
1555 676 1730 713 omnibusque
1749 675 1781 702 ad
1801 686 1869 712 quos
1889 686 1918 702 ea
1936 686 1980 703 res

245 711 312 738 Nov.
338 710 441 738 Valent.
461 711 503 738 [11.
529 711 562 738 de
580 711 668 749 praed.
689 712 782 748 pistor.
806 710 837 737 II.
861 712 903 737 34.
929 721 950 737 c.
976 712 998 736 1.
1023 710 1045 744 §.
1064 712 1089 736 3.
1112 711 1113 714 ’

245 755 277 782 cf.
298 754 347 781 Th.
363 754 394 782 C.
408 754 453 782 XI.
472 757 497 781 5.
521 765 543 781 e.
562 757 586 781 2.
611 754 643 781 de
667 754 803 780 indiction.
842 754 895 789 Qui
919 752 1087 789 vectigalem,
1112 746 1114 773 Ῐ

245 799 260 824 i.
285 808 306 825 e.
336 798 574 836 emphyteuticum.
605 808 694 835 agrum
717 797 847 834 possidet.
878 797 908 823 fr.
940 798 979 823 15.
1014 797 1036 830 ᾗ.
1068 798 1089 822 l.

245 842 297 877 Qu.
326 840 418 868 satisd.
447 851 502 877 cog.
525 843 549 866 2.
573 842 597 866 8.
645 839 794 877 Vectigalc,
824 840 865 867 vel
894 839 1089 877 patrimoniale.

244 886 300 912 sive
324 884 547 922 emphyteuticum
567 883 710 921 praedium.
736 894 757 910 c.
783 885 822 910 13.
848 884 880 910 de
903 883 992 920 praed.
1012 887 1038 909 et
1058 882 1089 909 al.

243 928 298 954 reb.
318 929 380 954 min.
399 930 423 953 5.
447 929 487 953 71.
524 926 591 953 luris
606 928 729 964 perpetui
750 927 950 964 emphyteutici,
968 927 1091 963 patrimo-

243 971 330 1003 nialis,
350 972 415 997 iuris
438 971 503 1007 reip.
529 970 622 1006 (vagae
643 975 816 1007 aeternaeque
836 969 1001 1001 calumniae.)
1023 968 1090 995 Nov.

244 1014 348 1041 Valent.
372 1013 414 1040 ΠΙ.
434 1013 467 1040 de.
484 1013 563 1040 XXX
583 1023 641 1040 ann.
660 1024 701 1051 pr.
716 1013 748 1040 II.
767 1015 810 1040 27.
831 1024 851 1040 c.
873 1015 895 1040 1.
915 1023 954 1050 pr.

278 1066 551 1098 Emplastrum.
591 1066 874 1095 Medicamentum,
899 1074 955 1098 quo
975 1073 1090 1097 corpo·

244 1194 462 1221 dicameutorum.
482 1193 555 1220 Paul.
575 1193 617 1220 111.
637 1194 660 1220 6.
681 1193 702 1227 §.
723 1194 764 1219 62.
785 1192 816 1219 cs.
837 1191 894 1218 Gai.
914 1191 944 1219 II.
966 1194 1006 1219 79.

566 1247 807 1275 Melioratio.1.
823 1248 884 1281 Sy.
904 1246 980 1283 Quae
999 1246 1090 1273 labore

892 1290 1089 1327 Emponemata.

277 1251 528 1283 Emponema.

245 1293 428 1320 contrahentis
458 1292 485 1318 iu
516 1302 577 1328 agro
607 1290 743 1318 meliorata
775 1295 844 1317 sunt.

244 1335 337 1363 Iuliani
357 1346 397 1373 ep.
418 1345 478 1361 nov.
500 1345 521 1361 c.
541 1336 564 1361 7.
585 1335 606 1369 §.
626 1336 667 1361 34.
688 1334 720 1361 ct'.
741 1344 762 1360 c.
782 1335 823 1360 58.
843 1334 865 1368 §
885 1335 945 1360 202.
967 1333 1089 1361 HLCn.
1112 1353 1113 1366 2

244 1379 325 1406 'Nulla
345 1395 377 1399 -—
398 1378 563 1414 :allegatione
588 1379 694 1404 nomine
712 1377 916 1409 meliorationis.
936 1375 979 1403 vel
999 1386 1088 1403 eorum
1112 1367 1113 1403 l
1134 1375 1182 1403 ΡΓΟ
1203 1369 1264 1391 ⁰¹¹st
1285 1366 1326 1391 41·
1346 1366 1369 1391 4·

244 1432 311 1459 quae
331 1426 512 1459 emponemata
531 1421 663 1453 dicuntur,
683 1420 725 1447 vel
738 1431 824 1458 poena
843 1419 1008 1457 opponenda.
1031 1430 1052 1446 c.
1063 1421 1088 1446 2.

245 1475 286 1502 sq.
306 1465 339 1492 de
358 1466 415 1491 iure
434 1464 520 1502 emph.
540 1467 564 1491 4.
584 1466 625 1491 66.

278 1520 417 1547 Emtio.
455 1520 486 1553 ᾖ.
506 1521 541 1546 1.
574 1521 755 1546 Alienatio.
792 1518 835 1545 III.
866 1519 933 1547 Cn.
964 1517 1021 1544 Lex
1039 1517 1089 1544 XII

244 1562 328 1590 Tabb.
355 1563 477 1589 emtionis
505 1562 586 1589 verbo
611 1572 715 1588 omnem
743 1561 928 1588 alienationem
951 1560 1089 1598 complexa
1111 1585 1113 1594 Α

244 1606 356 1633 videtur.
376 1606 407 1632 fr.
426 1607 468 1632 29.
489 1606 511 1640 §.
533 1608 555 1632 1.
576 1605 609 1632 de
628 1604 746 1631 statulib.
766 1606 807 1631 40.
828 1605 937 1638 7.—§.
951 1605 987 1630 2.
1009 1606 1090 1631 Con-
1111 1597 1113 1617 ³

243 1655 387 1681 tractim,
413 1659 471 1684 quo
496 1659 561 1675 rem
585 1650 729 1675 alienam
754 1651 832 1674 data
849 1649 989 1682 pecunia
1009 1657 1113 1674 com-1

241 1702 407 1728 paramus.
444 1691 486 1718 III.
500 1693 566 1719 Gn.
586 1691 637 1718 Per
655 1692 876 1728 permutationem
894 1701 981 1717 rerum
1001 1691 1091 1716 emtio—
1112 1712 1113 1719 ,

244 1746 302 1763 nem
326 1741 352 1762 et
375 1735 555 1762 venditionem
575 1734 707 1767 contrahi.
733 1744 842 1770 eamque
867 1735 982 1770 speciem
1001 1735 1091 1760 emtio-

245 1822 386 1849 Consensu
405 1822 472 1848 fiunt
491 1821 666 1858 obligationes
685 1822 712 1847 in
737 1820 897 1847 emtionibus
917 1825 943 1847 et
961 1820 1091 1847 venditio—

245 1866 336 1895 nibus,
355 1865 541 1897 locationibus,
560 1864 796 1896 conductionibus,
815 1863 1001 1895 societatibus,
1021 1873 1091 1889 man-

245 1909 322 1936 datis.
342 1908 379 1935 lb.
399 1908 440 1935 111.
463 1910 519 1935 135.
540 1908 573 1934 cf.
593 1909 650 1934 129.
678 1906 709 1933 fr.
730 1909 753 1933 7.
778 1907 815 1941 ἓξ.
836 1908 860 1933 5.
880 1917 919 1943 sq.
946 1906 976 1933 t'r.
996 1908 1037 1933 58.
1058 1906 1091 1933 de
1113 1901 1114 1920 l

244 1957 313 1990 pact.
331 1954 355 1978 2.
382 1953 421 1978 14.
459 1951 518 1977 Non
543 1955 643 1977 tantum
668 1951 694 1976 in
718 1950 919 1981 traditionibus,
943 1949 992 1976 sed
1015 1954 1041 1976 et
1063 1951 1090 1976 in

246 1996 414 2027 emtionibus,
435 2000 460 2021 et
479 1993 709 2031 stipulationibus,
735 1998 761 2019 et
779 1994 944 2019 testamentis
964 1992 1090 2025 (adiectio

246 2039 309 2065 haec
334 2039 400 2072 etc.)
426 2038 455 2065 fr.
482 2039 538 2064 169.
565 2037 598 2063 de
620 2035 652 2062 V.
678 2036 705 2063 S.
730 2038 771 2062 50.
800 2037 839 2062 16.
887 2035 1089 2067 Adiunetiones‚

247 2092 311 2118 quas
331 2081 412 2108 fundo
432 2081 518 2117 legato
538 2084 648 2106 testator
673 2090 706 2106 ex
730 2080 810 2106 variis
829 2079 989 2105 emtionibus
1008 2078 1091 2116 adpli-

247 2130 358 2151 caverat.
377 2123 450 2151 Paul.
472 2123 514 2150 ΙΙΙ.
534 2125 558 2149 6.
578 2123 600 2156 ξ.
617 2124 657 2149 49.
694 2123 735 2149 Ex
754 2122 870 2149 secunda
890 2122 1011 2153 emtione,
1031 2122 1047 2148 i.
1068 2132 1089 2148 e.

247 2178 279 2194 ex
299 2167 353 2194 litis
373 2168 563 2197 aestimatione,
584 2167 676 2192 emtori
696 2166 793 2192 habere
812 2165 900 2197 licere,
921 2175 973 2191 non
987 2175 1019 2191 ex
1038 2166 1091 2202 pri-

246 2212 324 2237 stina.
344 2210 374 2236 fr.
394 2212 435 2236 21.
456 2210 477 2244 ξ.
496 2211 520 2236 2.
541 2209 574 2235 de
594 2210 670 2236 evict.
689 2211 731 2235 21.
751 2211 774 2235 2.
795 2208 826 2235 fr.
845 2210 868 2235 3.
889 2218 914 2245 p.
935 2213 995 2234 emt.
1009 2210 1051 2234 41.
1065 2210 1088 2234 4.

247 2307 299 2333 que
318 2297 405 2323 mutio.
426 2306 510 2331 neque
529 2295 625 2322 locatio
645 2296 683 2322 rei
702 2305 763 2321 suae
782 2296 928 2321 consistere
947 2299 1044 2331 potest.
1059 2294 1089 2321 sr.

247 2341 288 2366 45.
308 2350 347 2377 pr.
367 2339 400 2366 de
413 2338 444 2365 R.
464 2338 483 2365 1.
503 2341 543 2364 50.
560 2341 598 2365 17.
637 2339 787 2370 Successio,
808 2348 874 2374 quae
894 2337 971 2364 nobis
991 2348 1023 2364 ex
1039 2348 1089 2364 em-

249 2383 320 2408 tione
338 2382 468 2408 bonorum
487 2383 620 2418 competit.
641 2381 697 2408 Gai.
717 2381 759 2408 111.
785 2383 825 2407 77.
858 2397 890 2401 —
921 2381 953 2415 ξ.
973 2382 1010 2408 3.
1038 2383 1089 2408 In-

248 2431 460 2451 strumeneum
479 2431 669 2451 coutrarlux
693 2427 780 2451 inter
802 2431 952 2451 emtorcm
971 2430 999 2450 et
1022 2435 1089 2450 ven-
1111 2442 1113 2454 s

249 2470 388 2494 ditarem
407 2469 570 2494 celebrati.
608 2466 626 2492 I.
651 2470 712 2501 Sy·
737 2466 932 2504 Chirograplia,
952 2467 1089 2493 Emtiones

250 2510 459 2547 (praediorum.)
477 2510 508 2536 fr.
530 2512 587 2536 102.
609 2520 648 2546 pr.
668 2509 700 2536 de
719 2509 794 2545 legat.
815 2510 857 2536 111.
878 2510 954 2543 (32.)
990 2509 1090 2539 lustru·
1110 2510 1112 2539 ἶ

250 2558 364 2579 mentum
384 2552 531 2585 emtionale‚
551 2563 572 2579 s.
587 2557 736 2579 contractus
755 2553 944 2579 venditionum.
965 2552 1089 2579 Conscri—
1111 2566 1112 2587 ;

252 2596 306 2632 ptio
327 2595 482 2622 emtionalis.
502 2606 523 2622 c.
545 2597 584 2622 17.
604 2595 636 2622 de
655 2595 707 2622 fide
727 2596 845 2621 instrum.
866 2597 890 2622 4.
909 2597 951 2622 21.
972 2606 993 2622 c.
1013 2598 1037 2622 3.
1057 2596 1090 2622 de

252 2638 342 2674 quadr.
362 2649 475 2675 praescr.
497 2640 519 2664 7.
539 2640 581 2665 37.
605 2638 652 2665 Iul.
673 2648 714 2675 cp.
733 2648 792 2664 nov.
814 2648 834 2664 e.
851 2640 907 2665 lll.
927 2639 949 2673 ᾖ.
963 2641 1022 2665 410.
1046 2639 1089 2665 lll.

253 2683 319 2709 Gn.
339 2680 483 2707 Cantium-s
503 2681 652 2708 debitorum
672 2682 851 2717 emtionesque
870 2692 1006 2709 servorum
1025 2684 1090 2715 (non

251 2723 336 2750 videri
355 2723 474 2759 legatas.)
494 2724 525 2751 fr.
546 2726 585 2750 12.
606 2724 627 2758 ᾗ.
648 2726 689 2751 45.
709 2724 742 2751 de
761 2725 834 2751 instr.
856 2724 903 2761 leg.
922 2727 964 2751 33.
984 2727 1008 2751 7.
1037 2726 1091 2761 Qui

253 2767 381 2793 emtione-s
402 2776 521 2801 agrorum
539 2777 648 2794 suorum
667 2768 769 2804 pignori
787 2768 884 2804 posuit.
905 2770 961 2794 c.2.
982 2768 1033 2804 Qu.
1048 2778 1090 2795 res

252 2810 322 2847 pign.
341 2811 365 2834 ὅ.
387 2810 426 2834 17.

287 2859 527 2887 Emtionalis.
548 2860 677 2895 (Adiect.)
696 2863 743 2888 Ad
754 2863 919 2889 emtionem
932 2867 1089 2895 spectans.

1113 966 1114 1000 ἶ
1136 976 1193 1003 Gai.
1214 976 1255 1003 111.
1276 978 1318 1003 81.
1343 976 1375 1003 ο(
1398 978 1443 1003 so.
1463 976 1508 1004 lv.
1532 979 1574 1005 35.

244 1780 285 1806 nis
310 1784 335 1805 et
358 1778 519 1805 venditionis
542 1779 750 1804 vetustissimam
775 1787 842 1803 esse.
885 1776 942 1803 Gai.
967 1776 1010 1803 III.
1032 1779 1089 1803 141.
1112 1782 1113 1806 ζ
1134 1769 1179 1795 Hl-
1200 1770 1276 1802 (32)
1301 1768 1331 1795 fl'·
1353 1771 1392 1796 10·
1414 1768 1446 1795 de
1465 1778 1529 1795 ‘¹¹¹¹'0
1549 1778 1601 1806 asg-
1625 1770 1667 1795 34-
1687 1770 1711 1794 2-

246 2253 340 2290 Neque
359 2254 463 2290 pignuS,
483 2262 568 2288 nequo
587 2252 747 2289 depositum.
767 2262 853 2288 neque
871 2252 1028 2288 precarium,
1048 2261 1090 2277 ne·
1111 2256 1113 2276 ι’
1134 2243 1165 2270 fl‘-
1186 2244 1226 2269 1⁴-
1247 2243 1269 2276 5
1292 2244 1312 2268 Ῑ-
1333 2241 1417 2268 mnnd-
1439 2243 1478 2267 17·
1500 2243 1522 2267 l-

972 196 1060 227 EMP
1086 215 1125 220 —
1151 196 1247 227 ENA.

1136 278 1154 305 1.
1172 280 1234 313 Sy.
1252 278 1340 305 Emtio
1361 279 1399 316 (p.
1420 290 1449 307 se
1468 280 1542 318 pos.)
1563 280 1736 318 Conscriptio
1762 282 1910 310 emtionalis
1931 288 1978 310 etc.

1135 321 1167 348 cf.
1187 332 1211 348 v.
1231 322 1326 349 Emtio.
1347 323 1369 354 ξ.
1389 323 1414 348 3.

1169 374 1313 400 Emtor.
1334 373 1365 407 ξ.
1376 375 1411 400 l.
1433 375 1602 408 Mam-ipio
1622 376 1797 408 accipimu.
1817 375 1909 410 [Sy.
1925 377 1979 412 Qui

1111 448 1112 452 Ἰ
1134 429 1147 444 a
1167 422 1295 444 testatore
1315 416 1437 443 familiam
1457 417 1603 454 accipiebat
1622 419 1761 455 mancipio.
1786 417 1910 445 Familiae
1930 429 1980 445 em·

1135 465 1183 487 tor.
1205 460 1261 486 Gai.
1286 459 1317 486 ΙΙ.
1340 462 1397 486 103.
1425 462 1482 487 105.
1507 470 1546 497 sq.
1566 460 1627 498 ἾἾΡ,
1647 461 1707 487 XX.
1732 463 1756 487 2.
1777 471 1816 498 sq.
1837 477 1869 481 --
1889 462 1920 495 ξ.
1943 463 1979 489 2·

1136 506 1212 537 Qui,
1234 505 1321 530 iusto
1338 505 1449 537 pretio
1474 505 1724 532 interveniente.
1751 514 1812 530 rem
1837 506 1978 532 alienam

1134 552 1308 580 comparat.
1346 546 1364 572 I.
1385 547 1446 581 Sy.
1479 546 1533 582 Qui
1551 548 1637 584 pretio
1657 548 1726 573 emit.
1748 546 1777 573 l'r.
1800 548 1838 573 19.
1859 548 1881 581 §.
1902 549 1927 574 5.
1947 547 1980 574 de

1134 588 1220 615 Aedil.
1236 589 1275 615 ed.
1288 591 1330 616 21.
1344 591 1366 616 1.
1380 589 1487 624 nvp.
1502 588 1638 616 venditor.
1653 590 1762 616 Auctor.
1777 589 1837 627 le.
1853 590 1870 616 1.
1887 591 1926 616 16.
1946 589 1977 617 fr.

1137 634 1157 658 1.
1182 641 1220 669 pr.
1247 631 1279 658 de
1304 642 1353 659 rer.
1378 637 1489 670 permut.
1516 634 1556 659 19.
1580 634 1604 659 4.
1629 633 1660 660 fr.
1682 634 1738 659 156.
1765 633 1786 667 ξ.
1811 635 1835 659 3.
1857 633 1890 660 de
1908 632 1940 660 R.
1960 633 1978 660 1.

1135 718 1262 755 pertinet,
1288 718 1431 751 (iudicium
1455 719 1601 751 dabimus.)
1630 719 1736 751 Emtor,
1758 724 1783 745 et
1807 728 1980 746 successores

1136 761 1200 787 eius.
1221 760 1251 787 fr.
1273 762 1312 787 19.
1331 761 1353 795 ξ.
1373 763 1397 788 5.
1417 761 1434 788 l.
1454 764 1496 788 21.
1518 764 1539 788 l.
1560 762 1590 788 fr.
1611 764 1652 789 22.
1678 773 1717 800 pr.
1737 763 1759 796 ξ.
1779 763 1804 788 4.
1824 761 1858 789 de
1877 761 1981 788 liberali

1137 814 1157 830 c.
1176 805 1218 830 40.
1239 805 1279 830 12.
1317 802 1346 830 Si
1366 803 1482 831 deterior
1501 815 1543 832 res
1557 805 1682 832 reddatur
1699 807 1807 832 emtoris
1827 815 1917 842 opera.
1937 809 1981 831 aut

1113 838 1115 878 ἓ
1136 846 1249 873 familiae
1273 847 1337 873 eius.
1362 846 1392 873 fr.
1418 849 1475 874 195.
1495 849 1517 882 ξ.
1537 850 1562 875 3.
1587 848 1619 875 de
1638 847 1670 874 v.
1691 847 1718 874 S.
1738 850 1780 874 50.
1802 850 1841 875 16.
1878 848 1979 879 Euam,

1113 906 1114 918 ι
1136 890 1258 927 idemque
1277 900 1420 927 possessor
1439 890 1546 924 (fundi.)
1566 892 1596 918 fr.
1611 894 1652 918 75.
1672 891 1705 918 de
1724 901 1829 928 procur.
1848 893 1872 918 3.
1886 893 1910 917 3.
1930 890 1981 917 Ne·

1137 944 1187 970 que
1210 933 1340 960 bonorum
1370 943 1557 970 possessores,
1584 945 1670 972 neque
1699 934 1829 960 bonorum
1857 939 1979 961 emtores.

1620 978 1719 1014 Quanti
1744 982 1872 1004 emtorem
1891 981 1981 1014 potest

1136 1021 1268 1052 invenire,
1294 1021 1359 1046 tanti
1384 1019 1547 1047 damnandus
1571 1026 1618 1048 est.
1643 1021 1674 1047 t'r.
1693 1023 1735 1047 52.
1759 1021 1781 1054 §.
1800 1022 1843 1047 29.
1868 1019 1901 1046 de
1919 1019 1979 1046 furt.

1113 1056 1114 1096 ζ
1135 1065 1176 1089 47.
1196 1065 1221 1089 2.
1241 1062 1273 1089 cf.
1294 1062 1325 1089 sr.
1345 1063 1387 1089 66.
1412 1062 1445 1089 de
1464 1062 1541 1099 legat.
1560 1063 1578 1090 I.
1599 1064 1675 1097 (30.)
1702 1063 1731 1090 fr.
1754 1066 1793 1090 15.
1814 1064 1836 1098 ξ
1855 1065 1880 1089 5.
1900 1062 1933 1089 de
1952 1072 1981 1089 re

243 1110 290 1134 ris
312 1118 392 1142 pars
416 1110 562 1135 morbosa
587 1109 771 1134 obducitur.
808 1106 851 1133 III.
872 1107 938 1134 Cn.
959 1106 1089 1142 Collyria,
1112 1130 1114 1142 a

244 1156 270 1177 et
293 1150 447 1188 emplastra,
471 1156 497 1177 et
521 1150 660 1188 adparatus
685 1151 771 1176 omnis
796 1149 1022 1176 conficiendorum
1039 1159 1091 1176 me-
1112 1162 1114 1172 >

1136 1106 1189 1133 iud.
1209 1108 1251 1132 42.
1273 1108 1295 1133 1.
1332 1105 1392 1132 Nisi
1414 1106 1579 1143 praedictum
1603 1108 1651 1139 sit,
1675 1117 1708 1133 nc
1730 1106 1806 1133 aliter
1825 1107 1919 1133 emtori
1937 1114 1980 1132 res

1135 1149 1296 1181 traderetur,
1321 1159 1398 1186 quam
1422 1150 1444 1176 si
1468 1150 1583 1187 pretium
1607 1154 1690 1176 emtor
1713 1149 1832 1176 solverit.
1857 1148 1915 1175 Gai.
1935 1147 1980 1175 IV.

1136 1194 1194 1219 126.
1232 1192 1349 1219 Emtoris
1373 1192 1433 1219 loco
1458 1202 1525 1219 esse.
1551 1191 1581 1219 fr.
1601 1194 1625 1219 9.
1645 1193 1667 1226 ξ.
1686 1194 1710 1219 3.
1749 1193 1800 1228 Qu.
1820 1193 1918 1230 potior.
1936 1193 1979 1218 ⁶20.

1135 1238 1159 1263 4.
1195 1235 1247 1262 Pro
1268 1240 1367 1262 emtore
1387 1235 1549 1273 (possidere,
1569 1246 1593 1262 v.
1613 1236 1781 1273 usucapere.)
1802 1235 1834 1262 fr.
1852 1237 1892 1262 13.
1912 1236 1934 1269 ξ.
1956 1236 1978 1261 l.

1112 1289 1113 1292 ¹
1135 1279 1166 1306 fr.
1182 1280 1224 1305 19.
1244 1279 1266 1313 ᾖ.
1283 1281 1304 1305 1.
1320 1278 1353 1305 de
1372 1278 1461 1305 hered.
1481 1284 1534 1316 pet.
1554 1281 1579 1306 5.
1598 1280 1623 1305 3.
1643 1278 1673 1305 fr.
1695 1281 1734 1305 15.
1753 1289 1793 1316 pr.
1814 1278 1844 1305 fr.
1858 1279 1900 1305 33.
1919 1278 1942 1312 §.
1956 1279 1979 1304 1.

1135 1322 1165 1349 fr.
1186 1324 1227 1349 48.
1248 1322 1281 1349 de
1299 1332 1389 1359 usurp.
1416 1323 1458 1349 41.
1476 1324 1501 1348 3.
1522 1321 1552 1349 fr.
1573 1323 1596 1348 l.
1616 1332 1656 1359 sq.
1681 1322 1711 1349 fr.
1731 1323 1755 1348 6.
1779 1332 1818 1359 pr.
1844 1321 1875 1348 fr.
1895 1323 1919 1348 7.
1938 1331 1978 1359 pr.

1168 1416 1330 1443 Emtrix.
1378 1417 1515 1449 Mulier,
1545 1426 1624 1451 quae
1650 1417 1733 1443 emit.
1770 1415 1814 1442 ΠΙ.
1838 1417 1904 1444 Gn·
1934 1414 1979 1448 Vt,

1111 1485 1113 1504 1
1135 1460 1186 1486 nisi
1211 1460 1279 1486 intra
1302 1464 1402 1486 certum
1425 1464 1530 1497 tempus
1552 1460 1666 1497 pretium
1696 1458 1792 1485 fuisset
1821 1458 1980 1490 exsolutum,

1135 1503 1229 1529 emtrix
1254 1512 1326 1529 arras
1349 1502 1480 1540 perderet.
1506 1513 1527 1529 c.
1549 1504 1571 1529 l.
1597 1502 1629 1528 de
1653 1507 1721 1539 pact.
1746 1503 1792 1528 int.
1813 1506 1873 1528 emt.
1892 1503 1916 1528 4.
1937 1503 1979 1528 54.

1136 1545 1168 1572 cf.
1188 1545 1219 1572 fr.
1239 1547 1280 1572 63.
1300 1546 1321 1579 §.
1344 1548 1365 1572 1.
1386 1545 1419 1572 de
1439 1546 1516 1573 evict.
1536 1547 1578 1572 21.
1597 1547 1622 1571 2.

1168 1598 1337 1624 Emtum.
1362 1595 1483 1630 (Partic.)
1503 1597 1534 1631 ξ.
1554 1597 1589 1623 1.
1609 1598 1760 1623 Enztione
1779 1597 1980 1631 quaesitum,

1135 1641 1249 1666 Pretio
1273 1646 1508 1674 comparatum.
1546 1639 1588 1666 ΠΙ.
1614 1640 1681 1667 Cn.
1718 1639 1747 1666 In
1771 1644 1839 1666 emto
1860 1643 1980 1676 paratum

1135 1684 1231 1715 inesse,
1251 1683 1278 1709 in
1297 1687 1387 1719 parato
1408 1692 1461 1709 non
1480 1683 1605 1709 continuo
1626 1687 1723 1709 emtum
1737 1683 1874 1709 contineri.
1894 1681 1925 1708 sr.
1937 1683 1979 1708 47.

1135 1727 1156 1760 ξ.
1178 1727 1201 1752 l.
1221 1725 1251 1752 fr.
1271 1727 1313 1752 48.
1338 1736 1378 1762 sq.
1404 1725 1435 1752 cs.
1460 1725 1490 1752 fr.
1515 1727 1556 1752 45.
1582 1735 1622 1762 sq.
1647 1724 1678 1752 sr.
1704 1726 1745 1751 78.
1765 1725 1786 1758 ξ.
1806 1726 1830 1751 6.
1851 1724 1883 1752 de
1902 1724 1980 1761 legat.

1758 1767 1804 1794 Sic
1823 1773 1921 1794 emtum
1939 1778 1980 1794 ro-

1135 1822 1207 1848 gare,
1231 1822 1255 1838 v.
1280 1813 1443 1848 interrogare
1467 1811 1619 1845 (fundum.)
1643 1811 1745 1843 Petere,
1765 1827 1798 1830 —
1818 1816 1847 1838 ut
1869 1810 1981 1838 fundum

1136 1860 1208 1882 certo
1226 1856 1313 1892 pretio
1333 1859 1429 1882 emtum
1448 1854 1564 1881 haberet.
1586 1854 1616 1881 fr.
1636 1856 1677 1881 41.
1702 1865 1742 1891 pr.
1763 1853 1795 1881 de
1815 1859 1898 1881 contr.
1919 1858 1978 1880 emt.

1137 1899 1177 1925 18.
1198 1900 1221 1924 1.
1241 1897 1272 1925 t'r.
1291 1900 1333 1924 31.
1353 1898 1387 1924 de
1405 1898 1476 1935 pign.
1497 1903 1545 1924 act.
1568 1899 1607 1924 13.
1623 1899 1646 1924 7.
1683 1897 1792 1924 Fundus
1812 1897 1980 1934 Sempronia-

1135 1952 1198 1973 nus,
1223 1941 1352 1978 quidquid
1372 1940 1522 1978 Sempronii
1546 1941 1611 1967 iuris
1635 1940 1724 1969 fucrit.
1750 1941 1799 1966 erit
1822 1939 1870 1966 tibi
1894 1943 1979 1965 emtus

1135 1989 1175 2011 tot
1194 1985 1314 2011 nummis.
1339 1983 1369 2011 fr.
1388 1985 1430 2010 48.
1450 1983 1483 2010 dc
1502 1984 1534 2010 A.
1553 1983 1584 2010 E.
1604 1982 1636 2009 V.
1657 1984 1697 2009 19.
1718 1985 1741 2009 1.
1765 1982 1796 2009 sr.
1818 1984 1840 2009 7.
1860 1982 1882 2016 ξ.
1902 1983 1926 2008 2.
1946 1981 1978 2008 fr.

1134 2030 1177 2055 37.
1197 2027 1226 2054 fr.
1247 2029 1289 2053 41.
1308 2037 1348 2064 pr.
1369 2026 1401 2053 de
1421 2031 1504 2053 contr.
1525 2031 1584 2052 emt.
1606 2028 1645 2052 18,
1667 2027 1688 2052 l.
1714 2025 1743 2051 sr.
1765 2027 1788 2051 1.
1812 2024 1845 2051 de
1864 2026 1890 2051 in
1910 2024 1979 2051 diem

1112 2072 1113 2075 ’
1135 2070 1193 2097 add.
1216 2072 1255 2097 18.
1275 2072 1299 2096 2.
1320 2085 1353 2089 -
1373 2070 1403 2102 §.
1427 2071 1463 2096 2.
1482 2071 1606 2101 Emtio,
1628 2070 1828 2095 Contractus
1847 2069 1978 2094 emendi.

1112 2118 1113 2130 ¹
1135 2113 1177 2140 III.
1198 2115 1264 2141 Cn.
1284 2112 1342 2139 Iure
1361 2113 1422 2138 emti
1443 2113 1581 2143 contineri.
1600 2121 1623 2138 v.
1645 2110 1788 2138 dominium
1808 2111 1929 2136 retinere.
1946 2110 1978 2137 fr.

1112 2163 1113 2167 ¹
1136 2159 1176 2183 15.
1201 2156 1234 2183 de
1261 2155 1286 2182 d.
1310 2165 1342 2182 m.
1364 2166 1420 2182 exc.
1440 2157 1481 2182 44.
1501 2157 1525 2181 4.
1554 2154 1639 2181 vatic.
1659 2154 1680 2187 ξ.
1702 2155 1725 2180 9.

1772 2153 1825 2179 Aut
1844 2163 1877 2180 ex
1896 2154 1979 2190 stipu-

1134 2200 1198 2231 latu,
1217 2204 1261 2226 aut
1280 2209 1312 2225 ex
1331 2203 1400 2225 emto
1420 2198 1576 2234 (obligatum
1589 2197 1685 2223 habere
1705 2195 1861 2223 coheredem
1880 2195 1978 2230 suum.)

1565 2240 1594 2267 Si
1615 2241 1656 2267 cui
1676 2250 1708 2266 ex
1728 2243 1806 2270 emto,
1827 2238 1869 2265 vel
1889 2249 1922 2265 ex
1940 2238 1978 2266 lo-

1135 2291 1202 2314 cato,
1221 2285 1264 2312 vel
1284 2295 1317 2311 ex
1337 2284 1387 2311 alio
1409 2284 1462 2311 ullo
1482 2284 1600 2311 debetur.
1621 2282 1651 2309 sr.
1673 2283 1713 2308 12.
1733 2292 1773 2319 pr.
1794 2281 1826 2307 de
1841 2281 1872 2308 V.
1893 2281 1921 2309 S.
1935 2283 1977 2308 50.

1136 2331 1176 2356 16.
1213 2328 1303 2355 Bonae
1326 2327 1389 2354 {idei
1412 2327 1521 2354 iudicia:
1542 2343 1574 2346 —
1594 2336 1626 2352 ex
1650 2329 1720 2351 emto
1740 2324 1864 2357 vendito,
1889 2324 1977 2352 locato

1135 2372 1275 2403 conducto,
1295 2372 1460 2407 negotiorum
1479 2375 1611 2406 gestorum
1631 2373 1680 2394 etc.
1701 2367 1757 2394 Gai.
1777 2367 1822 2394 IV.
1842 2369 1884 2394 62.
1907 2367 1977 2394 Emti

1135 2420 1286 2442 contractus
1311 2419 1337 2440 et
1359 2413 1466 2440 venditi.
1496 2412 1545 2439 Th.
1572 2411 1603 2438 C.
1628 2411 1669 2437 111.
1697 2413 1718 2437 l.
1744 2422 1765 2437 c.
1792 2413 1815 2437 7.
1840 2410 1872 2437 de
1891 2415 1976 2437 contr.

1135 2464 1194 2485 emt.
1218 2457 1346 2484 Iudicium
1370 2457 1443 2487 emti,
1469 2465 1490 2481 s.
1515 2465 1547 2482 ex
1572 2459 1648 2481 emto.
1674 2453 1759 2480 Vatic.
1783 2454 1820 2488 ἐξ.
1842 2455 1864 2480 7.
1885 2463 1924 2491 sq.
1945 2453 1975 2480 fr.

1134 2504 1175 2528 84.
1195 2502 1217 2536 ᾗ.
1237 2503 1261 2527 5.
1281 2500 1313 2527 de
1332 2499 1407 2535 legat.
1428 2499 1445 2525 1.
1466 2498 1543 2532 (30.)
1575 2497 1644 2524 Emti
1668 2497 1769 2524 venditi
1788 2498 1864 2524 actio.
1883 2496 1914 2523 fr.
1935 2498 1975 2523 16.

1134 2545 1167 2572 dc
1186 2546 1212 2571 in
1231 2544 1300 2571 diem
1324 2542 1382 2569 add.
1408 2544 1448 2568 15.
1472 2543 1496 2568 2.
1533 2541 1575 2567 An
1596 2552 1627 2567 ex
1647 2545 1730 2573 emto,
1755 2539 1797 2567 vel
1817 2539 1913 2578 duplae
1931 2540 1976 2566 sti-

1134 2588 1235 2625 pulatio
1256 2586 1448 2614 committatur?
1468 2584 1497 2610 fr.
1519 2586 1559 2611 71.
1580 2584 1612 2610 de
1632 2584 1754 2610 eviction.
1773 2585 1814 2609 21.
1833 2585 1858 2609 2.

1169 2637 1403 2665 Emumlare.
1441 2637 1593 2662 Mundum
1611 2636 1758 2671 efficere.
1778 2633 1796 2660 1.
1812 2635 1874 2668 Sy.
1893 2632 1971 2659 Com-

1134 2680 1267 2707 mundare.
1288 2678 1320 2706 cf.
1340 2678 1364 2705 h.
1384 2688 1408 2704 v.
1431 2677 1474 2705 III.
1492 2679 1558 2706 (7η.
1579 2678 1654 2713 Quae
1673 2687 1702 2703 se
1721 2676 1917 2703 emundaverint
1936 2674 1973 2700 lo-

1135 2729 1176 2750 tae
1200 2724 1226 2749 in
1251 2721 1357 2753 balneo,
1382 2730 1467 2757 neque
1491 2731 1519 2747 se
1543 2721 1701 2747 ornaverint.
1726 2719 1756 2746 fr.
1776 2721 1818 2746 25.
1837 2719 1858 2752 §.
1879 2719 1919 2743 10.
1940 2716 1973 2743 dc·

1135 2776 1197 2793 auro
1216 2775 1267 2801 arg.
1285 2766 1327 2791 34.
1347 2766 1371 2790 2.

1169 2818 1379 2844 Eum-rare.
1400 2817 1542 2851 Referre.
1561 2813 1605 2840 111.
1626 2815 1692 2842 Cn.
1716 2811 1815 2849 Regula
1834 2815 1883 2841 est.
1905 2820 1972 2847 quac

1135 2869 1197 2891 rem,
1217 2869 1282 2895 quae
1302 2863 1351 2886 est.
1371 2858 1487 2885 breviter
1506 2862 1616 2884 enarrat.
1636 2856 1666 2883 fr.
1688 2858 1711 2882 l.
1731 2855 1763 2881 de
1781 2853 1810 2880 R.
1831 2853 1849 2879 l.
1870 2854 1911 2879 50.
1932 2855 1970 2880 17.
