2197 3121
928 153 1002 183 IDE
1028 171 1068 175 —
1093 154 1180 184 IDO.

200 236 244 263 lv,
264 238 288 263 s.
309 237 330 270 ξ.
352 238 391 262 15.
413 236 443 262 vs.
465 236 521 262 Ga.
542 235 559 261 1.
579 236 620 261 61.

662 234 754 261 Plures
779 234 918 261 earundem
939 234 1040 261 aedium

199 280 305 306 domini.
327 279 357 305 fr.
377 281 418 305 27.
439 279 471 305 de
495 278 579 305 damn.
606 277 650 303 int'.
674 279 715 303 39.
735 279 758 303 2.
796 277 856 303 Duo
877 278 914 303 rei
934 279 1041 314 promit—

198 322 272 349 tendi
293 322 409 348 ciusdem
430 323 562 359 pecuniae.
583 320 612 346 sr.
632 322 674 345 25.
695 321 716 354 5.
735 322 759 346 ’3.
778 320 810 346 de
830 321 935 346 iureiur.
957 323 996 346 12.
1015 322 1039 346 2.
1062 316 1063 326 ’

990 362 1040 389 Ne·
1062 356 1063 365 ¹

198 365 228 391 cf.
249 365 280 391 fr.
301 368 325 391 2.
346 365 376 391 sr.
398 366 437 390 12.
458 364 525 397 5.1.
545 363 575 390 fr.
596 364 635 389 19.
657 362 689 388 de
709 362 787 390 duob.
807 364 867 389 reis.
882 364 922 388 45.
937 365 960 389 2.

198 418 248 444 que
269 407 358 434 vadem
379 406 482 433 duobus
503 411 583 443 nupta
604 416 662 431 esse
676 410 772 442 pote-st.
793 405 873 431 Gai.1
895 407 936 431 (53.
962 405 1040 440 Quis-

199 452 267 487 quis.
288 467 319 470 —
340 449 409 476 idem
435 454 483 475 etc.
509 448 538 475 sr.
565 450 605 474 70.
630 458 668 485 pr.
694 448 726 474 dc
746 448 777 474 V.
798 448 824 474 S.
851 450 892 474 50.
914 449 952 473 16.
991 447 1041 473 Per

199 503 279 529 quos.
300 509 331 512 —
352 502 399 529 per
423 491 530 517 cosdem
555 496 603 517 etc.
632 491 661 517 fr.
682 493 722 517 59.
747 491 779 517 de
810 495 878 528 pact.
902 492 925 516 2.
948 492 986 516 14.
1008 490 1039 516 cs.

199 536 255 562 Gai.
276 536 294 562 1.
316 536 373 561 165.
411 534 480 560 Idem
501 534 565 560 hoc.
589 544 612 559 v.
633 534 730 560 Eadem
754 534 826 560 haec.
853 533 882 559 fr.
906 535 947 559 27.
974 533 1039 567 5.1.

199 578 228 604 sr.
248 581 308 604 225.
334 578 366 604 de
386 577 416 603 V.
442 578 469 603 S.
494 579 535 603 50.
563 579 601 603 16.

200 621 361 656 adrogatoris
381 620 528 648 subiicitur.
548 619 595 645 sed
616 621 691 645 etiam
711 618 786 645 liberi
801 619 856 645 eius
877 619 902 644 in
922 617 1039 644 eiusdem

199 665 267 690 liunt>
285 668 423 700 potestate.
443 662 499 688 Gai.
522 662 539 688 l.
563 664 618 688 107.
656 662 748 688 Plures
767 661 888 693 heredes.
907 661 1039 697 iidemque

645 576 704 602 Nou
729 576 814 602 solum
837 577 895 613 ipse
914 577 1040 612 potestati

200 707 316 742 legitimi.
342 705 414 733 Paul.
434 704 477 730 IV.
498 708 521 730 ὃ.
548 705 569 738 5.
590 707 632 731 26.
669 704 807 735 Creditor,
827 703 950 740 idemque
969 704 1040 730 debi—
1062 706 1063 711 ¹

200 755 249 775 tor.
273 749 304 775 fr.
323 751 348 775 2.
373 748 405 774 de
431 758 564 784 compens.
590 750 629 774 16.
653 749 678 774 2.

200 802 297 818 sessor.
318 791 347 817 sr.
369 793 409 817 75.
429 791 461 817 dc
480 801 584 827 procur.
603 794 627 816 “3.
651 792 676 816 3.
714 789 829 821 Fratres,
849 789 980 825 iidemque
1000 799 1042 815 co·
1062 794 1063 805 ¹

200 834 318 860 heredes.
341 844 362 860 c.
384 836 406 860 7.
432 833 464 859 de
489 833 575 860 collat.
595 835 617 859 6.
637 834 678 858 20.
716 832 837 864 Praetor,
863 832 984 868 idemque
1003 837 1043 858 tu·
1063 839 1064 842 ’

200 883 250 903 tor.
271 876 300 903 sr.
324 879 344 903 1.
366 877 398 903 (le
418 887 528 902 manum.
554 876 624 902 vind.
650 877 691 902 4⁰.
711 877 735 902 2.
774 875 804 902 Si
822 875 900 905 idem.
922 885 979 901 cum
999 885 1041 901 eo-

200 920 268 947 ‹tc-m.
290 919 411 956 pluribus
431 919 577 945 actionibus
597 923 661 954 agat.
682 918 711 944 sr.
734 920 773 944 11.
794 928 832 955 pr.
853 918 885 944 de
905 918 996 944 iurisd.
1017 920 1041 944 2.

203 965 223 988 1.
245 962 302 988 Gai.
322 961 365 988 IV.
388 964 444 988 122.
481 962 551 988 Idem
571 963 682 990 crimen,
702 961 733 987 ab
754 960 859 991 eodem.
885 962 911 987 in
931 961 1042 987 eundem

200 1006 340 1031 instaurari
360 1014 412 1030 non
431 1014 518 1041 posse.
544 1004 574 1030 t'r.
595 1006 617 1029 4.
643 1004 656 1037 5
686 1005 708 1029 l.
734 1003 766 1029 ad
790 1003 817 1030 S.
839 1003 869 1030 C.
897 1003 1042 1041 Turp.-18.

201 1050 242 1074 16.
282 1049 340 1083 Qua
365 1047 421 1083 lege
448 1047 500 1079 (sc.
521 1046 664 1077 Cornelia)
691 1046 760 1072 idem
785 1057 832 1084 pro
853 1046 954 1077 eodem,
974 1047 1043 1084 apud
1064 1048 1066 1065 '¹

202 1090 326 1119 eundem.
346 1089 437 1116 eodem
463 1100 544 1116 anno.
568 1095 671 1116 vetatur
690 1090 716 1116 in
740 1089 894 1126 ampliorem
918 1100 1044 1116 summam

202 1133 311 1169 obligari
332 1132 447 1159 creditae
467 1133 607 1168 pecuniae.
634 1143 710 1169 quani
734 1133 760 1158 in
779 1132 959 1159 XXmillium.
987 1132 1044 1159 Gai.

202 1176 243 1203 III.
267 1177 322 1202 124.
343 1174 374 1201 cs.
395 1175 426 1201 fr.
446 1176 487 1201 56.
508 1176 528 1209 5
551 1177 573 1201 1.
599 1176 628 1202 sr.
649 1177 689 1202 71.
710 1185 748 1212 pr.
769 1174 802 1201 dc
820 1175 939 1202 fideiuSS.
959 1177 999 1202 46.
1021 1178 1044 1202 1.

201 1218 231 1245 fr.
252 1220 292 1245 19.
312 1228 351 1255 pr.
372 1217 404 1244 ad
423 1219 450 1244 S.
472 1218 501 1244 C.
524 1217 591 1244 Vell.
614 1220 654 1244 16.
676 1220 698 1244 1.
718 1234 750 1238 -—
770 1219 801 1251 ᾗ.
821 1220 856 1245 2.
877 1220 1043 1253 Aequalis.

201 1261 219 1287 l.
235 1262 297 1295 Sy.
316 1261 389 1291 Item.
409 1260 509 1296 Aeque.
535 1260 564 1287 fr.
585 1263 608 1287 3.
634 1262 655 1295 5.
676 1263 699 1287 1.
725 1262 775 1296 Qu.
796 1262 882 1298 quisq.
908 1262 956 1288 iur.
976 1263 1000 1288 2.
1019 1264 1044 1288 2.

202 1303 232 1330 fr.
252 1306 276 1330 5.
297 1304 378 1337 551.
399 1313 437 1339 sq.
459 1305 481 1330 si
502 1314 544 1340 qu.
565 1309 643 1330 eautt.
663 1306 687 1330 2.
708 1306 748 1330 11.
775 1304 804 1330 fr.
825 1307 849 1330 5.
870 1314 909 1341 pr.
929 1304 951 1338 5
973 1306 994 1331 l.
1014 1304 1045 1331 fr.

200 1348 242 1373 46.
268 1356 308 1383 pr.
334 1345 366 1372 dc
391 1345 422 1372 N.
444 1346 475 1372 G.
499 1349 523 1373 3.
547 1349 572 1372 5.
600 1347 631 1373 sr.
652 1349 692 1373 70.
717 1357 756 1384 pr.
781 1346 814 1372 de
832 1346 864 1372 V.
885 1346 913 1373 S.
937 1349 977 1373 50.
1004 1349 1045 1374 16.

202 1389 232 1415 11,
252 1391 319 1423 Op.
339 1389 452 1415 Diversa
472 1390 592 1422 (causa.)
612 1390 712 1426 Dispar
731 1391 870 1422 (nomen.)
895 1389 926 1416 sr.
948 1393 986 1416 15.
1007 1391 1044 1425 55

202 1434 225 1458 1.
246 1434 270 1458 4.
290 1432 342 1467 Qu.
363 1431 454 1457 satisd.
475 1441 530 1468 cog.
549 1435 573 1458 2.
594 1436 618 1458 ὅ.
639 1442 660 1459 c.
679 1434 703 1459 8.
727 1432 748 1466 5.
768 1434 792 1458 2.
813 1432 847 1458 de
865 1432 961 1459 haeret.
979 1435 1000 1460 l.
1020 1435 1044 1459 5.

202 1474 273 1501 Idem
293 1484 360 1501 esse.
380 1490 412 1493 —
432 1473 571 1501 Interesse.
592 1474 622 1501 fr.
642 1477 666 1502 2.
685 1476 707 1510 5.
727 1478 749 1501 ὅ.
771 1475 803 1502 de
823 1475 856 1502 O.
877 1475 894 1502 I.
916 1477 938 1502 l.
958 1478 982 1503 2,
1002 1475 1044 1502 111.

203 1519 271 1545 Cn.
288 1517 317 1544 In
338 1516 449 1553 singulis
469 1517 549 1544 simili
573 1519 674 1544 ratione
694 1517 763 1544 idem
782 1519 917 1554 contingit.
938 1518 995 1545 Gai.
1014 1519 1046 1546 ΙΙ,

205 1561 262 1586 176.
299 1560 393 1596 Aeque
412 1559 520 1586 eandem
540 1560 637 1586 babere
656 1560 857 1593 (definitionem,
876 1572 900 1587 v.
920 1563 994 1594 vim.)
1014 1562 1045 1589 fr.

203 1605 245 1629 55.
265 1603 287 1636 5.
307 1604 331 1630 8.
352 1603 384 1629 de
408 1602 482 1638 legat.
507 1603 549 1630 111.
569 1604 646 1637 (32.)
675 1603 704 1630 fr.
725 1606 766 1630 47.
792 1604 824 1630 de
844 1604 876 1631 V.
896 1604 922 1631 S.
943 1607 983 1631 50.
1005 1607 1045 1631 16.

206 1645 305 1672 Eadem
324 1645 363 1672 illi
382 1645 518 1683 privilegia
538 1646 665 1677 tribuunt,
687 1657 752 1683 quac
772 1648 823 1684 ipsi
837 1647 942 1674 habent.
964 1648 994 1675 tr.
1004 1650 1046 1675 31.

205 1688 238 1714 de
257 1687 310 1714 LL.
332 1690 353 1714 1.
373 1690 397 1715 3.
434 1688 529 1714 Iisdem
550 1689 750 1725 exceptionibus
769 1691 859 1721 utitur,
885 1691 982 1727 quibus
997 1696 1047 1717 etc.

205 1731 235 1757 sr.
257 1732 279 1756 7.
300 1732 321 1756 si
341 1741 383 1767 qu.
410 1736 487 1757 eautt.
512 1733 536 1757 2.
561 1733 601 1757 11.
638 1732 765 1759 Eiusdem
791 1733 951 1760 conditionis
970 1733 1047 1760 liberi

205 1774 277 1803 fiant.
301 1774 374 1799 cuius
394 1773 554 1800 conditionis
573 1780 635 1801 sunt
655 1780 703 1801 etc.
729 1775 785 1801 Gai.
805 1775 824 1802 I.
846 1778 885 1802 13.
921 1776 1047 1802 Eiusdem

206 1816 348 1852 potestatis
368 1817 485 1851 iurisque
504 1826 575 1845 esse.
596 1819 670 1843 cuius
690 1818 740 1844 fuit
759 1818 934 1851 (defunctus.)
955 1818 985 1845 [Γ.
1005 1820 1048 1845 59.

206 1858 238 1884 de
257 1857 289 1884 11.
310 1857 327 1883 Ι.
349 1860 389 1883 50.
411 1860 450 1883 17.
495 1859 575 1894 Quod
598 1860 697 1896 placuit
722 1860 754 1887 de
780 1866 828 1887 etc.
850 1878 881 1881 -
901 1861 970 1887 idem
988 1871 1048 1899 pro-

205 1901 282 1927 batur
302 1902 378 1926 etiam
398 1900 430 1926 de
450 1905 498 1927 ete.
520 1901 576 1928 Gai.
596 1902 627 1929 ΙΙ.
647 1904 688 1929 92.
709 1903 740 1929 cl'.
760 1903 778 1929 I.
799 1905 856 1930 172.
893 1904 964 1930 Idem
983 1905 1048 1930 iuris

206 1948 247 1970 est:
266 1943 439 1979 aliquatenus.
460 1945 482 1969 si
502 1949 550 1971 etc.
571 1945 640 1971 1b.1.
660 1947 701 1972 68.
722 1945 753 1972 cf.
768 1948 808 1973 70.
846 1946 917 1973 Idem
936 1948 976 1974 ius
997 1947 1048 1973 sibi

207 1986 258 2012 dici
279 1989 350 2018 (non
371 1986 550 2023 adspernari.)
571 1988 642 2024 quod
661 1989 719 2025 ipse
739 1988 798 2015 aliis
818 1989 892 2016 dixit.
913 1989 943 2016 fr.
966 1992 988 2016 l.
1007 2000 1047 2027 pr.

206 2029 220 2062 5
251 2031 272 2055 1.
294 2028 325 2055 cl'.
345 2028 376 2055 fr.
395 2031 419 2055 3.
440 2039 479 2065 pr.
500 2029 537 2062 55.
554 2032 574 2056 l.
589 2033 612 2057 5.
633 2032 684 2066 Qu.
706 2033 791 2068 quisq.
811 2033 859 2059 iur.
879 2035 902 2059 2.
922 2035 948 2060 2.
968 2033 1048 2068 Quod

208 2071 335 2103 diximus.
361 2073 384 2098 si
409 2076 458 2098 etc.
478 2088 510 2091 —
530 2073 599 2099 idem
623 2073 762 2101 dicendum
789 2076 837 2102 erit
861 2081 887 2102 et
906 2077 928 2102 si
948 2081 997 2102 etc.
1017 2075 1047 2102 fr.

209 2116 249 2140 16.
267 2124 306 2151 pr.
327 2116 379 2150 Qu.
399 2120 458 2141 met.
480 2125 501 2141 c.
521 2118 544 2142 4.
564 2118 588 2142 2.
637 2117 717 2152 Quod
742 2117 811 2144 idem
835 2118 930 2156 placet.
956 2119 986 2145 fr.
1007 2120 1048 2145 70.

209 2156 241 2182 de
261 2162 342 2183 contr.
363 2162 422 2184 emt.
444 2159 482 2184 18.
505 2160 526 2184 l.
564 2159 663 2185 Eadem
682 2159 752 2186 dicta
771 2171 830 2187 esse
848 2161 1003 2194 intelligere,
1022 2172 1048 2188 v.

210 2198 306 2225 Eadem
330 2200 381 2226 dici
404 2210 493 2237 posse.
522 2201 551 2227 fr.
575 2204 617 2228 28.
642 2202 675 2228 de
699 2203 787 2240 adopt.
813 2206 836 2230 l.
861 2207 884 2230 7.
910 2191 946 2232 fr?
966 2206 1006 2230 14.
1027 2205 1049 2230 si

211 2251 254 2277 qu.
275 2246 351 2268 cautt.
371 2245 394 2269 2.
418 2245 454 2270 ll.
493 2243 563 2270 Idem
583 2255 740 2282 responsum
760 2248 826 2278 scio.
845 2257 868 2273 v.
888 2246 1049 2284 responden·
1071 2245 1072 2255 ¹

212 2284 272 2309 dum
293 2289 339 2309 est.
365 2284 394 2310 l'r.
416 2288 437 2312 7.
463 2287 484 2320 5.
504 2290 527 2313 5.
548 2287 579 2313 (1(-
599 2294 665 2324 pact.
690 2292 713 2315 2.
740 2292 778 2316 14.
803 2290 833 2316 fr.
858 2292 895 2316 17.
916 2290 948 2316 de
967 2295 1050 2316 trans-

212 2331 260 2352 act.
280 2328 303 2351 2.
326 2328 364 2351 15.
401 2327 456 2354 Hoc
481 2329 572 2356 eodem
596 2330 712 2357 valente.
739 2336 763 2357 et
787 2333 809 2358 si
834 2333 893 2368 quis
914 2337 962 2358 ete.
983 2342 1004 2358 c.
1024 2335 1048 2358 5.

213 2368 245 2395 dc
264 2368 295 2394 V.
317 2368 342 2395 S.
364 2370 387 2394 6.
406 2371 447 2395 3⁸.

168 2413 171 2415 ’
249 2411 476 2438 Identidelu-
514 2414 626 2448 (Advb.)
664 2419 812 2444 Subinde.
851 2418 892 2444 111.
913 2418 979 2445 Gn·
1000 2417 1050 2444 Ve-

214 2459 304 2480 tainus.
328 2469 356 2472 —
377 2454 526 2489 Quinetiam
546 2457 624 2485 ideut.
646 2470 848 2487 commonemus.
869 2460 919 2487 Th.
936 2460 1049 2487 C.V111.

217 2498 254 2521 13.
281 2506 301 2522 c.
325 2497 349 2521 4.
374 2496 406 2523 de
429 2507 516 2523 revoc.
541 2499 627 2527 donat.

214 2538 361 2565 desiderata
380 2539 516 2566 tribuatur.
536 2540 572 2566 Ib.
585 2542 644 2569 XV.
660 2546 699 2571 14.
720 2556 740 2572 c.
754 2548 777 2572 9.
798 2546 830 2573 de
844 2547 939 2573 infirm.
959 2547 983 2573 11.
1005 2557 1048 2583 qu.

215 2592 235 2607 s.
255 2586 305 2607 txr.

250 2625 356 2650 Ideo.
394 2625 506 2657 (Advb.)
546 2627 588 2653 Ob
611 2637 675 2654 eam
697 2640 767 2657 rem.
805 2631 822 2657 I.
848 2633 910 2666 Sy.
941 2632 1074 2664 Idcireo‚=

216 2666 266 2692 Per
284 2666 342 2693 hoc.
363 2666 474 2704 Propter
492 2668 549 2695 hoc.
588 2668 628 2695 Cf.
648 2680 671 2696 v.
690 2671 799 2700 Idcirco.
836 2674 879 2701 111.
895 2677 961 2703 Cn.
982 2675 1052 2708 Ideo,

216 2714 245 2735 ut.
265 2714 313 2735 cte.
334 2719 356 2735 v.
377 2719 409 2735 ne
430 2715 478 2736 etc.
498 2711 529 2738 fr.
550 2713 588 2739 17.
614 2722 653 2749 pr.
673 2713 705 2739 de
724 2715 811 2753 adopt.
832 2719 854 2744 l.
875 2720 897 2744 7.
918 2717 948 2744 fr.
970 2720 1010 2745 19.
1029 2719 1051 2753 5

216 2753 240 2777 3.
260 2751 293 2778 de
312 2751 343 2778 N.
365 2751 396 2778 G.
415 2754 438 2778 3.
459 2755 481 2779 5.
504 2752 534 2779 fr.
555 2755 594 2780 16.
615 2755 647 2781 dc
667 2756 742 2783 cond.
763 2768 832 2785 caus.
852 2760 903 2786 dat.
925 2763 965 2787 12.
978 2763 1002 2787 4.
1022 2761 1051 2788 fr.

217 2795 258 2820 23.
278 2804 316 2831 pr.
339 2795 370 2821 de
390 2795 475 2821 Aedil.
496 2796 573 2822 edict.
592 2799 633 2823 21.
653 2799 673 2823 l.
711 2798 781 2828 Ideo.
802 2803 860 2837 quia
880 2808 928 2830 etc.
949 2814 969 2829 s.
990 2814 1054 2840 quo-

715 747 819 778 Emtor.
840 746 962 783 idemque
981 757 1041 784 pos-
1062 744 1063 749 ¹

674 2502 767 2529 Valeat
790 2504 945 2532 vindicatio„
970 2503 1049 2531 ident.
1072 2499 1074 2511 ⁸

1860 159 1921 189 427

1085 236 1161 261 niam.
1186 235 1242 262 Gai.
1268 235 1285 261 I.
1310 237 1351 261 3⁰,
1371 239 1411 263 (313.
1444 237 1473 263 ll.
1495 239 1551 263 153.
1574 238 1629 263 164.
1662 237 1702 263 111.
1722 240 1764 264 20.
1786 240 1842 265 136.
1864 241 1920 266 198.

1062 301 1063 306 .
1085 277 1128 304 IV.
1151 280 1190 304 11.
1211 280 1268 304 114.
1290 280 1346 305 144.
1368 280 1397 305 fr.
1417 282 1458 306 27.
1483 280 1515 307 de
1538 280 1591 306 LL.
1620 282 1638 306 l.
1659 283 1682 306 3.
1710 281 1738 307 sr.
1761 283 1783 308 7.
1804 282 1825 315 5.
1846 284 1868 308 4.
1889 282 1922 308 de

1085 320 1176 347 iurisd.
1195 323 1218 347 2.
1241 323 1262 347 l.
1284 321 1314 347 sr.
1335 324 1357 348 5.
1379 323 1443 355 5.1.
1464 322 1496 349 de
1516 323 1602 349 liervd.
1628 328 1679 360 pet.
1700 325 1723 350 5.
1743 325 1766 350 3.
1788 324 1817 350 fr.
1838 326 1861 351 6.
1882 335 1920 361 pr.

1062 371 1063 389 t
1085 363 1117 389 de
1137 363 1212 390 cond.
1233 363 1319 390 iudet).
1342 366 1381 390 12.
1401 367 1423 390 6.
1462 365 1589 402 Ideoque.
1614 366 1675 392 licet
1699 371 1746 392 etc.
1772 377 1795 392 v.
1817 369 1880 397 etsi.
1901 378 1921 393 s.

1086 407 1194 432 etiamsi.
1215 406 1271 433 Gai.
1292 407 1321 433 11.
1343 409 1399 433 187.
1421 407 1464 434 IV.
1485 411 1524 435 75.
1550 408 1610 446 le.
1630 409 1712 435 XXII.
1732 411 1774 436 30.
1811 410 1845 435 Et.
1863 409 1923 436 ideo

1085 450 1222 481 (videntur
1241 459 1334 476 errare.
1355 460 1378 476 v.
1399 455 1462 487 puto
1484 453 1545 483 etc.)
1571 452 1600 478 fr.
1628 454 1647 477 l.
1672 462 1711 488 pr.
1736 451 1769 478 de.
1793 452 1836 478 off.
1858 454 1921 479 eius.

1086 494 1108 518 1.
1127 495 1168 519 21.
1190 492 1219 519 fr.
1241 495 1263 519 7.
1284 493 1305 526 5.
1325 495 1349 519 2.
1369 492 1401 518 de
1420 498 1487 529 pact.
1512 496 1536 520 2.
1559 496 1596 521 11.
1635 495 1810 521 Indubitatum
1831 500 1879 527 est,
1898 506 1922 522 v.

1086 535 1192 561 Susticit.
1213 540 1260 561 etc.
1281 552 1313 555 —
1334 541 1359 562 et
1378 536 1439 562 ideo
1464 543 1512 562 etc.
1538 537 1566 563 fr.
1588 539 1610 563 6.
1636 538 1658 571 5
1678 540 1717 564 12.
1742 538 1772 564 fr.
1793 540 1833 565 10.
1857 539 1922 572 5.1.

1085 578 1117 604 de
1137 577 1167 603 N.
1189 578 1220 604 G.
1239 580 1262 604 3.
1284 581 1307 605 5.
1329 579 1359 605 cf.
1381 578 1410 605 fr.
1434 581 1470 605 12.
1491 579 1523 605 de
1543 585 1612 606 statu
1632 580 1700 606 boin.
1725 583 1743 606 l.
1764 583 1787 607 5.
1816 581 1924 609 lustum.

1087 620 1200 657 ideoque
1223 621 1380 648 servandum
1404 627 1451 648 est..
1476 622 1506 649 fr.
1532 625 1572 648 52.
1598 623 1619 656 5.
1639 625 1662 649 2.
1690 624 1720 649 cl'.
1747 623 1777 650 fr.
1800 626 1837 650 13.
1858 625 1923 658 5.1.

1062 689 1063 693 ,
1086 663 1117 689 de
1141 668 1209 700 pact.
1233 666 1259 690 2.
1284 666 1324 691 14.
1361 664 1423 691 'Non
1440 670 1529 702 potest
1554 670 1599 691 etc.
1623 682 1654 685 —
1676 666 1787 702 ideoque
1806 677 1855 693 nec
1875 672 1917 693 etc

1086 706 1143 732 Gai.
1163 706 1192 732 11.
1213 708 1270 733 237.
1293 707 1323 733 cf.
1344 710 1402 734 217.
1423 718 1462 744 sq.
1484 708 1544 745 le.
1563 708 1660 735 XXIV.
1680 711 1721 735 21.
1741 709 1862 736 XXVIII.
1884 712 1924 736 12.

1085 749 1119 775 Et
1139 750 1198 785 quia
1219 754 1267 775 etc.
1289 766 1321 769 —
1342 750 1456 787 ideoque
1476 752 1499 777 si
1519 756 1566 777 etc.
1587 751 1618 777 fr.
1638 753 1660 778 6.
1682 752 1714 778 de
1733 752 1823 778 iurisd.
1844 755 1867 779 2.
1885 755 1907 779 l.

1121 792 1394 820 ldioeheirunn.
1433 796 1612 828 Scriptura
1629 797 1779 829 propria.
1806 796 1926 822 Manus

1084 837 1232 869 propria.
1270 835 1312 861 111.
1337 838 1402 863 (711.
1423 836 1481 863 Nisi
1501 837 1567 863 sorte
1586 853 1619 857 —
1638 838 1724 869 trium.
1744 837 1786 863 vel
1806 838 1926 875 amplius,

1086 879 1202 904 virorum
1222 877 1432 915 subscriptiones
1452 879 1551 906 eisdem
1565 879 1716 906 idiocbeiris
1736 880 1926 907 contineantur.

1064 940 1065 950 ,
1087 931 1108 947 c.
1130 922 1170 946 11.
1191 921 1243 955 Qu.
1264 922 1359 957 potior.
1379 926 1402 948 ὃ.
1424 923 1463 948 18.
1496 923 1571 957 Quae
1590 925 1712 958 «’ὸιόχειρν,
1731 933 1822 959 graece
1841 923 1929 960 adpel-

1086 963 1181 990 lantur.
1202 963 1238 990 lb.
1259 963 1275 989 l.
1291 962 1307 989 l.
1327 966 1351 989 ὅ.
1374 966 1411 990 18.

1123 1008 1290 1033 Ῑίίοἰιιιιι.
1329 1008 1545 1034 Simulacrum
1571 1010 1716 1034 inanium
1736 1010 1872 1034 deornm.
1910 1008 1928 1034 1.

1088 1048 1355 1086 SyaSimulacrum,
1375 1049 1468 1085 lunago.
1490 1050 1668 1077 Th.C.XV1.
1690 1052 1711 1076 7,
1733 1060 1754 1076 e.
1774 1052 1797 1077 6.
1817 1050 1850 1077 de.
1868 1060 1929 1088 apo-

1089 1097 1148 1118 stat.
1173 1091 1244 1118 XVI.
1271 1094 1310 1118 10.
1335 1103 1356 1119 c.
1381 1094 1405 1118 6.
1430 1103 1451 1118 c.
1476 1094 1501 1119 S.
1527 1104 1547 1119 c.
1574 1095 1612 1119 12.
1637 1103 1676 1129 pr.
1696 1093 1717 1126 5.
1743 1095 1768 1119 2.
1788 1104 1808 1120 c.
1836 1095 1876 1120 18.
1897 1093 1930 1120 de

1088 1145 1179 1173 pagan.

1125 1179 1284 1205 Idonee.
1322 1177 1434 1211 (Advb.)
1474 1180 1712 1215 Sufficienter‚
1735 1180 1929 1205 Convenien-

1089 1228 1144 1248 ter.
1183 1220 1226 1247 111.
1248 1222 1314 1249 Cn.
1345 1221 1399 1247 Aut
1418 1222 1523 1247 omnino
1543 1231 1608 1253 uon,
1632 1226 1676 1247 aut
1695 1231 1747 1247 non
1767 1221 1860 1247 idonee
1879 1222 1931 1254 (sa-

1091 1264 1198 1295 tisdare,
1218 1274 1242 1290 v.
1264 1265 1381 1296 cavere.)
1405 1264 1426 1298 5.
1446 1266 1470 1290 2.
1495 1263 1513 1290 I.
1534 1264 1566 1290 de
1586 1264 1705 1290 satisdat.
1727 1269 1773 1290 tut.
1793 1266 1815 1290 1.
1835 1266 1877 1290 24.
1898 1264 1930 1290 cs.

1090 1308 1120 1334 fr.
1142 1310 1164 1334 l.
1185 1307 1268 1340 5.17.
1289 1307 1321 1333 de.
1339 1317 1403 1343 mag.
1427 1317 1537 1333 conven.
1562 1308 1604 1333 27.
1624 1308 1647 1333 8.
1686 1306 1759 1342 Quid
1779 1312 1818 1332 est
1838 1307 1931 1333 idonee

1090 1351 1225 1385 (cavei-est
1245 1349 1379 1376 Sutisdato
1399 1351 1502 1386 utique,
1523 1355 1566 1376 aut
1585 1349 1740 1386 pignoribus
1760 1349 1835 1376 datis.
1856 1349 1886 1376 fr.
1907 1351 1930 1375 4.

1090 1395 1112 1428 5.
1132 1395 1155 1420 8.
1177 1393 1211 1420 de
1228 1393 1314 1419 fideic.
1339 1392 1403 1418 libb.
1428 1395 1469 1419 40.
1490 1395 1513 1419 5.
1556 1392 1609 1428 Qui
1629 1392 1772 1430 stipulante
1791 1402 1868 1419 servo
1886 1402 1922 1429 pu

1091 1437 1160 1463 blico
1181 1437 1245 1462 satis
1265 1435 1360 1462 idonee
1379 1434 1489 1462 dederit.
1509 1446 1530 1462 c.
1550 1436 1574 1461 3.
1595 1435 1627 1461 de
1646 1435 1763 1473 postlim.
1781 1445 1835 1461 rev.
1853 1438 1877 1461 8.
1891 1437 1932 1462 51.

1091 1480 1219 1516 Quamvis
1239 1488 1314 1504 nemo
1335 1479 1455 1513 gesserit.
1475 1483 1518 1504 aut
1538 1477 1639 1504 statius
1659 1478 1753 1504 idonee
1772 1479 1891 1513 gesserit.
1902 1477 1933 1504 fr.

1090 1525 1114 1549 ὃ.
1134 1523 1157 1556 5.
1177 1524 1200 1549 6.
1221 1521 1306 1548 mand.
1328 1523 1404 1547 17.1.
1442 1521 1478 1547 Id.
1499 1521 1601 1556 negotia
1621 1531 1667 1547 sua
1687 1521 1754 1547 tueri
1773 1530 1826 1547 non
1845 1530 1934 1557 posse.

1091 1566 1177 1592 Minus
1199 1565 1232 1591 id.
1253 1575 1308 1590 rem
1329 1574 1401 1590 suam
1421 1563 1611 1589 administrare.
1631 1563 1800 1600 le.X11.4.
1822 1572 1843 1588 c.
1860 1564 1882 1589 1.
1902 1562 1934 1589 de

1092 1609 1115 1636 h.
1137 1619 1179 1645 qu.
1199 1618 1255 1634 ven.
1282 1612 1331 1633 aet.
1350 1609 1374 1633 2.
1395 1608 1434 1632 45.
1473 1606 1552 1642 Quod
1578 1605 1696 1632 interfuit
1714 1605 1748 1632 id.
1769 1606 1882 1631 venisse.
1902 1605 1934 1631 ΥΡ.

1093 1653 1132 1677 13.
1154 1661 1192 1688 pr.
1213 1650 1246 1677 de
1265 1650 1296 1676 Α.
1316 1650 1345 1676 E.
1366 1649 1397 1675 V.
1419 1650 1457 1675 19.
1480 1651 1501 1675 1.
1539 1649 1592 1684 Qui
1611 1650 1692 1684 magis
1711 1648 1806 1675 idonee
1825 1648 1935 1674 reficere

1092 1696 1217 1732 parictem
1237 1692 1308 1718 velit.
1329 1692 1359 1718 fr.
1381 1694 1421 1717 41.
1443 1691 1474 1717 de
1494 1691 1578 1717 damu.
1600 1690 1643 1717 int.
1665 1692 1705 1717 39.
1726 1693 1749 1717 2.
1788 1691 1858 1717 Satis
1878 1690 1923 1717 ido

1092 1747 1140 1763 nec
1160 1737 1343 1773 (prospectum
1364 1734 1424 1766 cst.)
1445 1744 1465 1760 c.
1488 1735 1508 1759 l.
1529 1734 1612 1769 Quor.
1633 1733 1706 1769 legat.
1728 1734 1750 1759 8.
1765 1735 1789 1759 3.
1828 1734 1881 1768 Qui
1896 1743 1934 1759 sa-

1092 1780 1125 1805 tis
1151 1778 1245 1805 idonee
1270 1777 1360 1804 habet.
1387 1778 1452 1813 (pro
1478 1776 1657 1813 magnitudine
1681 1777 1719 1802 rei
1739 1777 1805 1808 etc.)
1825 1776 1934 1802 11:234.

1092 1823 1115 1856 5.
1136 1823 1158 1847 1.
1180 1821 1213 1847 de
1232 1820 1262 1846 V.
1284 1820 1310 1845 S.
1331 1822 1372 1845 50.
1394 1821 1433 1845 16.

1128 1865 1309 1891 Idoneus.
1348 1862 1477 1895 (Adiect.)
1515 1863 1545 1895 §-
1565 1863 1600 1889 1.
1637 1863 1787 1893 Habilis,
1808 1863 1934 1894 Iustus,

1093 1908 1290 1934 Probabilis.
1328 1905 1346 1931 1.
1367 1906 1428 1939 sy.
1453 1904 1524 1930 Satis
1544 1909 1628 1941 aptus.
1648 1904 1739 1930 Bonus
1762 1904 1883 1941 (parieS.)
1903 1904 1933 1930 fr.

1092 1951 1134 1976 35.
1154 1959 1212 1985 sqq.
1238 1948 1270 1974 de
1295 1947 1379 1974 damn.
1408 1947 1452 1974 inf.
1477 1949 1519 1973 39.
1539 1950 1563 1973 ’2.
1600 1946 1684 1979 Iusta,
1708 1946 1804 1973 Idonea
1824 1947 1935 1980 (causa.)

1092 1993 1123 2019 fr.
1146 1994 1185 2018 15.
1204 2001 1244 2028 pr.
1264 1990 1296 2017 de
1316 1990 1370 2017 reb.
1391 1995 1457 2017 auct.
1477 1989 1530 2016 iud.
1549 1991 1589 2016 42.
1610 1992 1633 2015 5.
1655 1990 1684 2016 sr.
1701 1991 1721 2015 l.
1743 1989 1776 2016 de
1790 1989 1842 2016 div.
1856 1994 1935 2026 temp.

1093 2045 1132 2072 pr.
1152 2036 1193 2060 44.
1213 2036 1237 2060 3.
1258 2034 1287 2060 fr.
1307 2036 1332 2060 2.
1356 2034 1377 2068 5.
1397 2036 1421 2060 3.
1442 2033 1475 2060 de
1499 2033 1523 2059 d.
1548 2043 1581 2059 m.
1606 2043 1661 2059 exc.
1682 2034 1723 2058 44.
1744 2034 1767 2058 4.
1805 2032 1847 2058 111.
1869 2033 1935 2059 Cn.

1092 2078 1235 2109 Exercere,
1254 2078 1385 2103 instruere
1405 2078 1454 2110 (sc.
1469 2075 1599 2108 fundum.)
1627 2075 1738 2101 fertilem
1760 2074 1936 2111 idoneumque

1094 2125 1236 2158 praestare.
1257 2119 1306 2145 Th.
1327 2119 1357 2146 C.
1378 2119 1409 2146 V.
1432 2121 1470 2145 13.
1492 2129 1513 2145 c.
1532 2121 1573 2145 30.
1594 2118 1698 2151 (Wek.)
1736 2117 1881 2143 Emendare
1900 2117 1936 2142 vi-

1094 2165 1158 2190 tium
1178 2163 1322 2200 (parietis.)
1342 2168 1367 2188 et
1386 2162 1508 2188 idoneum
1533 2166 1673 2198 praestare.
1699 2160 1728 2186 fr.
1754 2162 1775 2186 7.
1802 2161 1825 2186 si
1845 2160 1934 2185 servit.

1094 2210 1116 2233 ὅ.
1137 2209 1161 2232 5.
1198 2206 1322 2241 Quietam
1346 2216 1375 2232 ac
1400 2204 1588 2231 verecundam.
1614 2209 1690 2240 atque
1711 2204 1787 2230 etiam
1807 2202 1934 2231 idoneam,

1071 2263 1072 2272 κ
1093 2264 1126 2268 —
1147 2248 1252 2275 domum
1271 2249 1354 2284 sequi.
1381 2248 1410 2274 sc.
1438 2250 1475 2273 10.
1497 2258 1528 2284 pr
1560 2247 1592 2272 de
1617 2246 1686 2272 alim.
1708 2257 1731 2272 v.
1752 2245 1830 2271 cibar.
1850 2246 1891 2270 34.
1912 2245 1933 2268 l.

1095 2292 1251 2329 Suspectam
1270 2290 1384 2322 liabens,
1404 2290 1446 2317 vel
1466 2292 1552 2316 minus
1572 2289 1706 2317 idoneam.
1726 2287 1869 2314 custodiam
1890 2286 1935 2311 do-

1095 2344 1162 2361 mus.
1182 2333 1254 2360 Paul.
1269 2333 1298 2360 11.
1321 2336 1359 2360 12,
1379 2334 1402 2368 5.
1421 2334 1444 2359 4.
1482 2332 1553 2358 Vitio
1574 2332 1660 2363 animi,
1680 2331 1721 2357 vel
1742 2330 1869 2366 corporiS,
1889 2329 1934 2354 mi-

1095 2387 1144 2403 nus
1164 2376 1283 2403 idoneus.
1303 2375 1334 2402 sr.
1356 2377 1395 2401 13.
1415 2376 1436 2408 5.
1456 2376 1479 2401 3.
1501 2374 1533 2401 de.
1552 2374 1582 2401 R.
1602 2374 1636 2401 M.
1656 2376 1697 2400 49.
1719 2375 1756 2399 16,
1788 2371 1817 2397 Si
1836 2370 1878 2397 vel
1898 2371 1935 2396 in>-

1097 2421 1151 2446 vito
1172 2419 1278 2445 domino
1298 2418 1367 2449 fecit.
1388 2418 1431 2444 vel
1450 2428 1501 2454 quo
1523 2428 1576 2443 non
1595 2417 1684 2443 debuit
1706 2421 1830 2450 tempore.
1850 2417 1892 2439 aut
1912 2414 1934 2439 si

1096 2464 1182 2489 minus
1202 2461 1311 2488 idoneae
1330 2462 1389 2487 navi
1409 2461 1543 2498 imposuit.
1563 2460 1593 2486 fr.
1616 2462 1654 2485 13.
1674 2459 1738 2492 51.
1758 2456 1834 2482 locat.
1856 2457 1895 2482 19.
1909 2458 1933 2482 2.

1096 2505 1182 2532 Minus
1203 2504 1305 2530 idoneis
1329 2503 1479 2530 hominibus
1504 2503 1665 2529 committere
1689 2501 1814 2530 (navem.)
1839 2498 1869 2524 fr.
1894 2500 1927 2525 16

1073 2580 1074 2584 ¹
1096 2549 1118 2582 5.
1139 2550 1161 2573 l.
1182 2547 1214 2573 de
1233 2547 1263 2573 R.
1284 2546 1315 2573 V.
1335 2548 1358 2572 6.
1380 2548 1402 2572 1.
1444 2546 1614 2572 Liberantur.
1640 2547 1667 2568 ut
1693 2541 1843 2567 idoneiorcs
1863 2551 1934 2578 prae-

1073 2605 1074 2638 1
1097 2591 1148 2617 diis
1167 2589 1303 2616 fiscalibus
1323 2589 1476 2615 habeantur.
1502 2589 1531 2614 [Γ.
1550 2589 1573 2612 5.
1598 2586 1618 2618 5.
1641 2586 1679 2611 11.
1704 2584 1736 2610 de
1756 2585 1811 2610 iure
1829 2584 1926 2611 immun

1073 2666 1074 2669 Ἴ
1097 2635 1137 2659 50.
1157 2634 1181 2658 6.
1219 2631 1249 2658 Si
1267 2642 1381 2669 persona
1406 2632 1525 2658 idoneior
1549 2628 1596 2661 [al.
1616 2627 1744 2660 idoneor]
1765 2626 1871 2653 accedat
1890 2626 1933 2659 (ad

1073 2673 1074 2688 ¹
1100 2675 1264 2709 emtionem.)
1284 2674 1315 2702 sr.
1334 2677 1358 2701 4.
1378 2676 1399 2708 5.
1418 2676 1442 2700 6.
1463 2673 1494 2699 de
1513 2673 1539 2697 in
1559 2670 1627 2697 diem
1646 2669 1741 2696 addict.
1763 2670 1802 2696 18.
1822 2671 1846 2696 2.
1882 2668 1924 2695 Eli

1097 2718 1206 2754 gendus‚
1225 2727 1250 2744 v.
1269 2717 1468 2746 Praeferendus.
1488 2715 1510 2740 is
1531 2714 1574 2750 qui
1594 2713 1715 2739 idoneior
1734 2717 1781 2739 est.
1802 2711 1832 2738 fr.
1850 2712 1887 2737 18.
1902 2710 1934 2736 de

1073 2761 1075 2788 l
1097 2766 1198 2787 testam.
1219 2765 1267 2787 tut.
1285 2762 1327 2787 26,
1347 2762 1370 2786 2.
1391 2759 1420 2785 fr.
1440 2760 1464 2784 3.
1484 2757 1505 2791 5.
1527 2759 1567 2782 12.
1588 2755 1620 2782 de
1638 2755 1684 2782 lib.
1704 2755 1774 2782 hom.
1794 2753 1933 2781 extimum.

1073 2791 1075 2844 ὲ
1097 2805 1138 2830 29.
1178 2804 1230 2839 Qui
1250 2813 1302 2829 non
1323 2808 1374 2828 tam
1395 2801 1516 2827 idoneum
1536 2799 1667 2825 hominem
1683 2798 1797 2834 elegerit.
1818 2801 1844 2822 ut
1864 2800 1931 2821 rect·-

1434 2845 1466 2869 54
1478 2844 1491 2857 ⁴*
