2197 3121
152 650 154 653 .
205 626 223 653 1.
237 628 298 661 Sy.
317 626 415 653 Locum
435 628 491 653 eius
505 626 632 653 obtinere.
659 626 731 653 Loco
751 627 805 652 cius
825 626 922 652 baberi.
954 626 1043 653 Vicem

1038 161 1126 192 HC.

208 252 255 279 per
274 243 353 274 vices,
373 242 516 269 secundum
536 246 633 268 aetates
653 246 678 267 et
698 240 845 277 dignitates,
865 242 977 279 (iniungi
996 252 1049 268 mu-

207 286 289 318 nera.)
310 285 338 312 fr.
358 287 383 312 3.
402 286 423 319 3.
445 287 483 312 15.
503 284 536 311 de
554 295 623 312 mun.
648 289 673 310 et
694 284 752 311 bon.
766 286 806 310 50.
821 287 844 311 4.
875 284 925 311 Per
939 290 992 312 tres
1011 285 1048 311 vi-

209 338 261 355 ces.
287 339 308 355 c.
331 330 369 354 13.
393 329 415 362 ξ.
433 330 457 354 2.
482 322 514 354 df}
532 327 610 354 indic.
629 329 653 354 3.
676 329 697 353 1.
722 326 770 353 Th.
791 327 822 354 c.
843 326 899 353 XII.
920 329 943 354 6.
965 338 985 354 e.
1009 330 1046 354 15.

207 371 239 398 de.
258 375 404 408 susceptor.
443 370 507 397 Vice
525 375 612 396 mutua
633 370 783 408 (praebere,
803 380 826 397 v.
846 371 963 407 accipere
983 372 1046 403 etc.)

206 413 290 440 Vatic.
310 414 330 447 3.
350 415 374 439 2.
395 412 424 439 fr.
442 415 480 439 ll.
499 423 538 450 pr.
559 412 591 439 de
611 413 688 440 duob.
709 415 768 440 reis.
788 415 828 439 45.
841 415 866 439 2.
886 412 969 439 Versa
988 414 1046 439 vice
1068 433 1069 442 .

207 458 356 493 (quaerere.
375 466 399 482 v.
419 455 528 485 dicere.)
548 455 578 482 fr.
594 457 615 482 1.
635 456 657 490 3.
672 458 710 482 ll.
731 462 759 482 ut
778 455 854 492 legat.
874 466 942 482 serv.
963 467 983 483 c.
1003 457 1045 483 36.

205 501 229 526 3.
250 499 279 525 fr.
302 501 322 525 1.
349 499 370 532 3.
391 500 413 525 l.
438 498 470 524 (18
489 497 591 525 liberali
616 509 637 525 c.
656 500 696 525 40.
720 500 758 525 12.
782 498 813 525 cf.
835 498 864 524 fr.
885 500 907 525 6.
927 500 948 532 3.
969 502 992 525 3.
1013 499 1045 525 de

205 552 270 578 aqua
294 546 320 567 et
343 551 401 578 aqu.
427 541 462 577 pl.
481 543 522 567 39.
541 543 565 568 3.
591 541 620 568 fr.
639 543 664 567 3.
689 551 727 578 pr.
747 541 779 567 de
802 540 847 567 lib.
868 540 936 567 hom.
957 541 1043 568 exhib.

205 587 246 611 43.
266 586 307 610 29.
329 601 359 606 -
386 585 416 618 ξ.
433 585 468 610 2·
497 585 611 616 Locus,
632 586 698 615 lus,
719 586 834 611 Partes
860 586 1041 614 (alterius.)

205 671 344 696 sustinere.
365 669 395 696 fr.
410 671 434 696 9.
455 679 494 706 pr.
516 669 548 695 de
568 674 636 706 pact.
649 672 673 696 ¹2.
694 671 733 695 14.
754 668 783 695 sr.
797 671 838 695 51.
858 670 879 702 3.
896 671 916 696 1.
937 669 969 695 de
984 679 1044 706 pro-

205 723 258 739 cur.
277 714 301 738 3.
321 714 344 739 3.
365 712 395 738 fr.
415 714 438 738 4.
459 713 524 746 3.1.
544 711 576 738 de
595 712 711 738 fideinsS.
731 712 772 737 46.
795 713 816 737 l.
846 711 936 738 Vicem
956 721 1043 748 agens.
1064 725 1065 739 1

204 754 333 782 Vicarius.
354 754 396 782 Cf.
416 755 440 781 h.
460 765 484 781 v.
504 755 525 789 3..
545 757 568 781 2.
600 754 730 791 Vigorem,
752 753 841 780 vicem
864 754 956 791 (legis,
978 755 1044 782 obti-
1064 762 1065 775 ¹

204 800 286 829 nere.)
306 798 485 835 Exaequatum
505 807 564 824 esse
582 797 717 833 (legibus)
738 796 794 823 Gai.
814 797 869 823 1.3.
890 808 948 834 sqq.
969 800 992 824 7.
1013 798 1042 825 fr.

202 843 227 867 2.
251 841 273 875 3.
293 842 316 867 8.
337 841 368 867 (18
388 842 420 867 0.
441 840 458 867 I.
481 842 502 866 1.
521 843 545 867 2.
569 841 606 874 33.
625 842 648 865 4.
668 840 692 865 6.
716 839 734 865 Ι.
754 839 786 866 de
806 840 823 866 1.
844 840 875 866 N.
898 843 918 866 l.
938 843 962 867 2.
1000 841 1042 868 111.
1064 845 1066 858 f

204 885 270 911 Gn.
299 884 371 916 Vice,
396 888 421 910 ct
440 883 528 910 officio
548 883 617 919 fungi
643 883 774 915 (omnium
793 882 892 909 Romae
911 885 1044 920 magistra-

203 927 297 959 tuum.)
321 927 351 953 fr.
373 929 412 953 12.
438 926 470 953 de
490 927 532 953 off.
553 925 639 952 Praes.
661 926 683 950 l.
705 926 744 951 18.
769 925 801 952 cf.
821 925 851 951 fr.
873 928 895 952 7.
920 927 942 960 3.
961 929 985 952 2.
1011 926 1043 952 de.

203 970 246 996 off.
267 969 340 996 Pron.
362 975 387 996 et
405 969 467 1005 Leg.
489 971 510 996 1.
532 970 571 995 16.
591 968 671 995 Tueri
691 969 774 995 vicem
795 968 962 1001 (praesidis)
982 979 1002 995 c.
1018 970 1042 995 4.

203 1012 235 1039 ad
253 1012 283 1040 L.
305 1012 365 1039 Fab.
386 1012 418 1039 (18
437 1012 503 1049 plag.
523 1013 546 1038 9.
565 1013 607 1037 20.
628 1012 681 1046 Qui
700 1013 757 1038 vice
770 1011 909 1048 PrincipiS,
929 1022 950 1038 S.
971 1022 1043 1038 sacra
1065 1018 1067 1045 ᾗ

202 1056 268 1085 vice.
295 1057 437 1091 cognoscit.
461 1064 483 1080 c.
502 1055 526 1080 3.
547 1055 569 1080 si
594 1053 651 1080 adv.
672 1065 725 1080 rem
749 1054 803 1081 iud.
821 1057 844 1081 2.
864 1056 905 1080 27.
927 1054 977 1080 Th.
997 1054 1043 1081 XI.
1065 1051 1067 1066 ³

1065 1101 1178 1135 {moda
1206 1101 1392 1126 consistens.
1431 1102 1498 1127 Non
1526 1105 1602 1128 adeo
1632 1109 1779 1128 remotus.

202 1100 244 1124 30.
259 1109 280 1125 c.
297 1100 335 1124 11.
351 1109 371 1125 c.
387 1100 425 1124 16.
443 1107 463 1123 c.
477 1098 519 1123 28.
540 1097 571 1123 de
591 1097 649 1134 adp.
671 1102 695 1123 et
714 1107 790 1133 pot-11.
811 1096 954 1123 Gravitatis
975 1102 1042 1129 tuae,

203 1142 244 1168 cui
264 1146 378 1167 nostram
393 1141 476 1166 vicem
491 1141 676 1171 commisimus,
691 1140 717 1166 S.
731 1140 896 1166 auditorium.
916 1140 953 1166 lb.
969 1150 990 1166 c.
1003 1142 1042 1166 13.
1064 1160 1065 1164 .

203 1195 224 1210 c.
247 1186 284 1210 15.
304 1183 320 1209 l.
340 1183 407 1209 Intra
428 1183 536 1209 alien-'1111
556 1184 647 1212 vicem,
667 1183 682 1209 i.
703 1193 724 1209 e.
744 1184 840 1220 prioris
861 1182 964 1219 gradus.
986 1193 1006 1209 c.
1018 1185 1041 1208 9.
1064 1217 1065 1221 Ἰ

202 1226 255 1262 Qui
274 1226 338 1252 adul.
360 1225 391 1252 ad
410 1225 439 1252 B.
456 1225 483 1251 P.
501 1227 525 1251 6.
544 1226 567 1251 9.
595 1225 744 1251 Defendere
763 1231 804 1251 est
823 1225 930 1252 candem
950 1227 1041 1257 vicem,
1064 1252 1065 1255 ,

202 1279 276 1306 quam
295 1279 363 1299 reus,
389 1268 485 1294 subire.
506 1268 536 1294 sr.
556 1269 597 1294 51.
622 1268 643 1302 3.
665 1270 685 1294 1.
706 1268 738 1294 de
757 1279 861 1305 procur.
881 1270 905 1295 3.
925 1270 949 1295 3.
987 1269 1042 1295 Do·
1063 1270 1065 1301 ἒ

201 1313 272 1343 mini,
297 1311 338 1338 vel
359 1311 384 1337 l1i
404 1312 447 1347 qui
467 1312 524 1337 vice
543 1310 706 1337 dominorum
729 1316 797 1337 sunt.
823 1311 852 1337 fr.
874 1313 929 1338 157.
957 1311 989 1338 de
1009 1311 1039 1338 R.

200 1354 218 1381 I.
238 1357 279 1381 50.
296 1355 334 1380 17.
355 1354 461 1390 Quique
481 1354 606 1391 deinceps
625 1354 708 1380 vicem
727 1364 816 1380 eorum
836 1360 990 1391 sequuntur.
1010 1355 1040 1381 fr.

200 1399 258 1424 195.
283 1396 315 1423 de
334 1395 364 1423 V.
385 1396 412 1423 s.
437 1399 478 1423 50.
501 1399 540 1423 16.
567 1396 598 1422 cf.
619 1396 648 1422 fr.
668 1399 691 1422 4.
718 1397 739 1430 §.
759 1399 800 1423 31.
826 1397 859 1423 de
883 1397 906 1424 d.
927 1408 959 1424 m.
986 1408 1040 1424 exc.
1062 1390 1064 1430 j

199 1442 240 1466 44.
260 1442 284 1466 4.
312 1438 354 1466 Ad
372 1440 456 1465 vicem
475 1439 586 1466 familiae
606 1439 783 1471 erciscundae,
803 1440 918 1467 officium
939 1446 1041 1467 senten·
1062 1451 1063 1462 ¹

199 1484 250 1509 tiae
269 1492 331 1509 suae
350 1482 452 1518 legibus
472 1483 635 1520 temperabit.
664 1482 745 1509 Vatic.
766 1484 787 1517 3.
806 1484 865 1509 ⁴281.
894 1483 1039 1520 Scriptura.
1062 1474 1063 1511 l

200 1536 266 1562 quae
283 1526 431 1551 testamenti
451 1526 508 1551 vice
528 1525 628 1562 prolata
649 1531 695 1551 est.
721 1536 742 1552 c.
762 1528 785 1552 4.
811 1526 844 1553 (18
866 1528 914 1553 iur.
935 1532 960 1553 et
979 1526 1040 1553 facti
1062 1523 1063 1550 J

199 1570 282 1605 ignor.
304 1570 325 1595 1.
347 1570 386 1594 ls.
411 1568 440 1594 fr.
459 1569 482 1594 3.
503 1567 536 1594 de
554 1567 628 1594 milit.
649 1573 749 1595 testam.
768 1571 809 1595 29.
831 1571 853 1595 1.
890 1568 955 1595 Vice.
975 1569 1042 1605 lega·
1062 1560 1063 1596 l

199 1617 294 1643 torum,
313 1622 336 1637 v.
351 1612 438 1641 sortis,
459 1611 536 1647 fungi.
552 1611 581 1637 fr.
595 1613 618 1637 3.
634 1612 655 1645 3.
672 1613 710 1637 17.
725 1611 757 1637 de
771 1612 831 1638 bon.
852 1612 939 1638 libert.
958 1614 999 1639 38.
1015 1614 1039 1638 2.
1062 1614 1063 1643 J

201 1654 243 1680 Cf.
263 1653 292 1680 fr.
312 1655 352 1681 58.
377 1654 398 1688 3.
420 1656 440 1680 1.
467 1653 499 1680 (18
518 1653 584 1680 adm.
605 1659 630 1680 et
650 1655 729 1691 peric.
748 1657 789 1682 26.
810 1657 832 1682 7.
870 1655 953 1691 Quasi
972 1660 1040 1682 taxa·
1062 1649 1064 1675 l

200 1697 279 1723 tionis
298 1698 381 1723 vicem
402 1696 527 1723 obtinere.
552 1697 581 1723 fr.
601 1699 624 1723 5.
645 1697 678 1724 de
696 1699 749 1724 trit.
769 1699 838 1724 vin0.
858 1700 899 1724 33.
920 1699 943 1724 G.
974 1698 1039 1729 Dos.
1062 1690 1063 1694 .

199 1739 242 1766 vel
261 1739 330 1776 quod
351 1749 397 1776 pro
418 1739 480 1765 dote
499 1739 611 1776 legatum
632 1745 680 1771 est.
700 1741 742 1767 vel
762 1740 832 1777 quod
852 1742 878 1767 in
893 1742 974 1767 vicem
994 1740 1040 1766 do·
1062 1761 1063 1769 .

201 1783 234 1809 tis
253 1782 303 1808 sibi
322 1782 482 1820 adscriptum
502 1787 549 1808 est.
570 1783 599 1809 fr.
613 1785 637 1809 2.
651 1793 690 1820 pr.
710 1783 743 1810 de
762 1783 824 1810 dote
844 1783 923 1820 prael.
942 1785 983 1809 33.
998 1785 1022 1809 4.
1061 1776 1063 1791 ¹

234 1825 433 1852 Vicesima.
456 1826 638 1860 Vectigalis
654 1837 763 1861 genus,
783 1830 847 1863 (quo
867 1825 973 1852 Vasses
991 1836 1039 1863 pro

201 1867 436 1905 Cpendebantur.)
473 1867 516 1893 111.
537 1869 602 1895 Gn.
625 1867 694 1904 Lege
714 1870 835 1895 vicesima
855 1869 1039 1895 hereditatium
1061 1889 1062 1894 .

200 1915 313 1937 cavetur.
334 1909 390 1936 Gai.
410 1909 450 1936 111.
466 1912 522 1936 125.
553 1910 674 1937 Edictum
694 1911 726 1937 D.
747 1911 879 1943 Hadriani.
899 1911 970 1948 quod
990 1912 1038 1938 sub
1061 1908 1062 1912 ¹

200 1955 338 1980 occasione
361 1954 500 1979 vicesimae
524 1952 675 1980 hereditatis
697 1954 874 1981 introductum
894 1959 942 1981 est.
967 1965 989 1982 c.
1013 1957 1037 1981 3.
1060 1958 1061 1966 ¹

200 2006 238 2033 pr.
259 1996 290 2022 de
311 1996 396 2022 edicto
416 1996 447 2022 D.
460 1995 538 2022 Hadr.
558 1997 581 2022 6.
601 1998 642 2022 33.

232 2039 452 2066 Vicesimus.
490 2038 627 2071 (Adieet.)
668 2041 808 2066 Vltimus
828 2050 865 2066 ex
885 2041 955 2067 XX.
995 2040 1037 2067 ΙΙΙ.

200 2083 265 2110 Gn.
285 2081 394 2108 Maxima
409 2082 464 2114 150.
478 2083 560 2118 parS.)
581 2086 606 2108 et
620 2083 742 2108 vicesima
763 2082 810 2117 [al.
824 2082 991 2118 vicensima]
1013 2088 1038 2109 ct

199 2125 283 2155 tertia,
304 2129 329 2150 et
347 2130 425 2161 prout
444 2124 557 2151 libuerit.
578 2124 607 2151 fr.
628 2126 685 2152 164.
705 2126 727 2159 3.
748 2127 770 2151 l.
791 2125 823 2151 de
842 2125 873 2152 V.
894 2126 922 2152 S.
940 2128 981 2152 50.
998 2127 1036 2152 16,

200 2166 292 2193 Statim
312 2173 396 2194 motae
419 2168 472 2200 (sc.
493 2169 611 2199 causae.)
635 2172 661 2194 et
680 2172 777 2194 tractae
796 2168 863 2194 ultra
883 2170 1036 2195 vicesimum

202 2207 248 2242 [al.
267 2209 452 2244 vicensimmn]
473 2220 576 2236 annum.
599 2209 629 2236 fr.
652 2213 673 2237 1.
699 2211 719 2245 3.
740 2213 763 2237 4.
783 2211 815 2237 de
834 2212 890 2237 iure
908 2212 975 2238 fisci.
995 2213 1036 2238 49.

201 2252 241 2276 14.
260 2250 284 2276 A
302 2253 382 2287 prima
402 2258 492 2283 aetate.
512 2262 595 2289 usque
614 2252 647 2279 ad
665 2264 760 2280 aunum
774 2255 935 2281 vicesimum.
952 2254 981 2280 fr.
996 2256 1037 2281 68.

201 2303 240 2330 pr.
261 2293 293 2319 ad
312 2293 341 2320 L.
359 2294 428 2322 Falc.
448 2297 490 2322 35.
508 2298 532 2322 2.

235 2336 427 2364 Vicinalis.
438 2338 565 2371 (Adiect.)
581 2340 627 2365 Ad
638 2341 725 2365 vicos
737 2341 913 2373 pertinens.
943 2340 962 2367 1.
975 2341 1037 2375 Sy.

201 2379 275 2414 Quae
295 2380 320 2405 in
340 2380 405 2404 vicis
424 2386 492 2413 sunt,
511 2392 534 2408 v.
549 2381 580 2407 ad
594 2382 667 2407 vicos
681 2381 787 2411 ducunt,
808 2386 855 2414 (sc.
870 2384 948 2415 viae.)
968 2383 998 2409 fr.
1012 2386 1035 2409 2.
1058 2394 1059 2411 1

201 2422 222 2455 ξ,
241 2424 283 2447 22.
308 2431 340 2447 ne
360 2431 402 2457 qn.
423 2423 448 2447 in
472 2422 529 2450 loco
553 2424 612 2461 pub.
635 2426 676 2450 43.
696 2426 719 2450 8.
766 2424 808 2450 III.
834 2427 899 2452 Cn.
930 2425 1036 2452 Vim-um

202 2465 325 2501 quaedam
339 2463 458 2501 publicae
471 2470 540 2497 sunt,
559 2467 684 2503 quaedam
698 2468 822 2503 privatae,
837 2468 961 2504 quaedam
975 2470 1037 2495 vici·
1057 2493 1059 2500 ,

200 2507 280 2534 mles.
300 2507 329 2533 fr.
349 2509 373 2533 2.
398 2507 419 2540 ξ.
438 2509 479 2533 22.
499 2507 514 2533 1.
534 2510 575 2534 43.
594 2511 617 2536 8.
643 2510 684 2537 Cf.
704 2510 734 2537 fr.
752 2512 776 2537 3.
801 2511 821 2543 ς.
845 2513 865 2537 1.
890 2510 922 2537 de
942 2511 990 2538 loc.
1011 2517 1036 2538 et
1057 2506 1059 2534 ἲ

200 2551 256 2576 itin.
277 2550 338 2587 pub.
357 2551 397 2575 43.
419 2551 441 2576 7.

234 2593 429 2619 Vicinitas.
447 2592 519 2625 §.L
534 2594 803 2630 Propuinqnitas,
821 2597 959 2623 Vieinia.
990 2597 1033 2623 III.
1057 2589 1058 2611 }

201 2636 266 2663 Gn.
286 2635 354 2670 Quia
366 2636 480 2661 vicinum
497 2635 632 2672 praedium
651 2637 749 2664 nullum
769 2638 854 2669 habet,
874 2648 926 2664 non
946 2644 1034 2676 potest
1056 2668 1057 2682 χ

200 2679 299 2704 ratione
318 2678 460 2704 vicinitatis
480 2683 527 2704 etc.
553 2677 583 2704 fr.
604 2679 626 2704 7.
650 2679 671 2712 3.
691 2681 714 2705 5.
739 2680 772 2707 de
792 2681 823 2707 A.
844 2681 875 2707 R.
895 2681 928 2707 D.
948 2683 989 2708 41,
1010 2684 1033 2708 l.

199 2720 347 2747 Vicinitatis
366 2722 421 2747 iure
441 2722 528 2752 (nemo
542 2721 630 2757 potior
642 2721 823 2757 existimetur.)
843 2723 927 2751 Vatic.
941 2725 1032 2758 §.158.
1055 2731 1056 2757 1

200 2763 255 2790 Sub
274 2764 365 2789 mortis
384 2764 518 2790 vicinitate
536 2762 669 2799 languens.
690 2763 739 2790 Th.
753 2764 783 2792 C.
797 2766 827 2793 11.
840 2769 882 2794 27.
902 2777 923 2793 c.
939 2769 960 2793 l.
975 2768 996 2801 3.
1010 2769 1032 2793 l.

202 2807 224 2833 si
244 2811 306 2833 cert.
326 2810 378 2843 pet.
398 2805 431 2832 de
450 2805 513 2832 chir.
533 2822 564 2825 —
589 2806 666 2839 §.2
686 2808 843 2841 Homines,
863 2812 919 2844 qui
937 2812 968 2836 in
987 2812 1033 2836 vi-

1875 168 1937 197 999

1094 244 1184 270 cinia
1203 245 1364 271 habitant.
1401 244 1443 271 111.
1459 246 1523 273 Cn.
1538 245 1672 272 Advocata
1692 247 1833 279 vicinitate,
1853 249 1934 274 omni-

1094 285 1196 322 busque
1215 286 1321 313 arbitris
1341 287 1472 314 adhibitis.
1511 288 1546 315 lb.
1570 288 1635 315 VIII.
1658 290 1697 315 12.
1722 299 1743 316 c.
1766 291 1786 315 1.
1811 290 1833 323 3.
1852 293 1875 316 2.
1900 291 1933 317 de

1094 328 1181 355 donat.
1201 328 1230 355 Si
1250 345 1282 349 -
1302 340 1333 356 ex
1353 330 1394 356 his
1414 330 1561 358 incendium
1581 348 1612 351 —
1632 332 1753 358 vicinitas
1772 333 1931 360 reformidet.

1092 371 1129 398 Ib.
1151 371 1207 398 XV.
1230 374 1250 398 1.
1271 382 1292 399 c.
1312 374 1354 399 39.
1376 373 1407 399 de
1428 383 1488 411 opp.
1510 374 1571 411 pub.

1127 415 1322 442 vicinitus.
1351 415 1471 449 (Advb.)
1503 418 1632 444 Circum
1658 419 1756 444 circa.
1802 417 1844 444 ΙΙΙ.
1865 419 1931 445 Cn.

1092 457 1192 484 Omnes
1216 459 1282 484 intra
1306 457 1421 495 Cpedes
1446 460 1568 486 vicinitus
1588 476 1620 479 —
1639 461 1784 487 arceantur.
1814 460 1850 487 lb.
1871 461 1929 488 XV.

1092 501 1115 527 l.
1136 510 1156 526 c.
1177 502 1200 526 4.
1236 520 1238 523 ,

1124 543 1292 570 Vicinus.
1311 543 1428 576 (Subst.)
1454 546 1516 577 Qui
1534 547 1566 572 in
1585 547 1711 572 vicinia
1730 548 1930 574 domicilium

1066 602 1067 614 η
1089 587 1180 613 habet
1199 588 1423 613 constitutum.
1459 587 1501 613 111.
1523 589 1588 615 Cn.
1608 587 1667 614 Nou
1687 588 1773 615 solum
1792 591 1929 626 proximus

1065 619 1067 647 ¹.
1089 629 1199 660 vicinus,
1219 628 1266 655 sed
1286 630 1362 655 ctiam
1381 630 1509 666 superior.
1529 629 1644 657 Proximi
1664 633 1751 663 vicini,
1774 648 1805 651 —
1822 632 1929 659 ulterio-

1090 681 1140 703 res,
1160 673 1221 708 (per
1240 682 1351 708 quorum
1371 671 1448 698 aedes
1469 672 1555 699 cloaca
1575 675 1678 705 currit.)
1704 674 1733 700 l'r.
1755 676 1776 700 1.
1797 675 1877 708 311.
1897 675 1930 702 de

1089 713 1169 740 cloac.
1184 716 1224 740 43.
1235 716 1276 740 23.
1297 714 1407 746 Vicinis,
1421 714 1463 741 vel
1477 714 1544 747 aliis,
1558 716 1703 742 scientibus
1723 718 1843 749 (υΧοιῚ-ιη
1858 717 1927 744 domi

1089 756 1233 789 habuisse.)
1254 768 1274 783 c.
1294 759 1317 784 9.
1338 757 1370 784 de
1388 762 1461 795 nupt.
1481 760 1503 784 5.
1523 759 1546 783 4.
1572 758 1603 784 cf.
1624 759 1653 785 fr.
1674 761 1697 785 6.
1718 759 1749 786 de
1769 759 1792 786 11.
1814 761 1857 796 qui
1877 761 1926 787 sui.

1090 801 1112 826 1.
1131 801 1154 825 6.
1175 800 1340 826 Adtestando
1359 802 1469 827 vicinos.
1497 800 1714 828 Testificantibus
1732 803 1834 829 vicinis.
1854 802 1926 829 Paul.

1088 841 1118 868 11.
1138 844 1178 869 26.
1199 843 1221 876 ξ.
1240 845 1263 869 3.
1285 842 1367 870 Vatic.
1387 844 1409 877 ξ.
1428 845 1469 870 35.
1490 843 1540 870 Th.
1561 843 1591 870 C.
1611 844 1647 870 lx
1674 846 1715 870 24.
1737 856 1756 871 c.
1774 847 1794 871 l.
1815 845 1836 878 ξ.
1850 847 1874 871 -.>.
1895 845 1927 872 d..

1088 890 1163 921 raptu
1177 887 1257 922 virgg.
1287 886 1408 913 Formula
1422 886 1511 913 linium
1526 886 1709 922 regundorum,
1728 898 1792 924 quae
1806 893 1846 914 est
1860 890 1928 915 inter

1088 929 1197 954 vicinos.
1218 928 1278 966 le.
1298 929 1368 955 XIX.
1389 930 1428 955 16.
1449 929 1505 956 Gai.
1526 929 1568 956 lv.
1582 931 1622 956 42.
1642 929 1780 956 Luminum
1800 932 1926 957 servitute

1088 972 1243 1001 constituta,
1272 971 1297 997 id
1323 972 1480 1008 adquisitum
1505 972 1621 1004 videtur,
1650 978 1678 999 ut
1701 974 1803 999 vicinus
1828 973 1924 1000 lumina

1089 1018 1177 1039 nostra
1197 1015 1315 1050 excipiat.
1337 1014 1366 1041 fr.
1387 1017 1409 1042 4.
1430 1015 1462 1041 cf.
1482 1014 1513 1041 fr.
1534 1017 1574 1041 11.
1594 1026 1633 1052 pr.
1654 1015 1686 1042 de
1705 1016 1731 1042 S.
1747 1015 1775 1042 P.
1791 1015 1820 1042 V.
1839 1019 1862 1043 8,
1882 1019 1907 1043 ’2.

1121 1056 1288 1082 Vicinus·
1319 1057 1456 1090 (Adieet.)
1487 1058 1518 1092 §.
1538 1059 1572 1084 l.
1598 1061 1633 1085 In
1655 1061 1829 1086 vicinitate
1845 1070 1924 1086 com-

1087 1140 1173 1178 Prope
1193 1142 1319 1178 (ripam.)
1350 1141 1469 1169 Vicinum
1489 1143 1629 1180 praedium.
1655 1144 1684 1170 fr.
1705 1146 1727 1171 7.
1753 1145 1774 1178 3.
1794 1147 1816 1171 5.
1842 1145 1874 1172 de
1893 1146 1923 1172 A.

1064 1187 1065 1209 1
1087 1183 1117 1210 R.
1139 1184 1171 1210 D.
1191 1186 1231 1210 41.
1252 1186 1274 1210 l.
1314 1184 1357 1211 111.
1376 1186 1441 1212 Cn.
1470 1185 1525 1212 Hoc
1549 1187 1672 1213 iudicium
1696 1187 1781 1214 locum
1801 1188 1879 1214 babet
1899 1189 1924 1214 in

1088 1227 1200 1253 confinio
1220 1227 1386 1264 praediorum
1405 1229 1573 1256 rusticorum:
1594 1230 1760 1261 urbanorum,
1777 1230 1923 1268 displicuit3

1087 1280 1171 1306 neque
1190 1271 1258 1296 enim
1277 1270 1395 1297 confines
1415 1270 1453 1303 hi,
1478 1271 1524 1298 sed
1544 1274 1623 1308 magis
1642 1274 1721 1299 vicini
1740 1273 1875 1305 dicuntur,
1900 1279 1925 1299 et

1063 1319 1064 1341 1
1087 1323 1114 1339 ea
1131 1313 1311 1340 communibus
1328 1314 1472 1351 parietibus
1489 1314 1643 1351 plerumque
1658 1315 1878 1343 disterminantur.
1893 1316 1923 1343 Γπ.

1086 1358 1109 1382 4.
1129 1356 1205 1389 310.
1226 1356 1262 1382 s111
1281 1357 1388 1393 regund.
1410 1359 1449 1382 10.
1472 1359 1493 1383 l.
1514 1357 1545 1383 cf.
1565 1358 1652 1384 1'1·.29.
1673 1358 1704 1384 de
1723 1358 1748 1384 S.
1763 1358 1790 1384 P.
1811 1359 1841 1385 R.
1862 1364 1884 1386 δ.
1899 1361 1922 1385 3.

1087 1398 1224 1431 Columna,
1249 1410 1314 1436 quae
1334 1409 1400 1426 onus
1419 1400 1561 1426 vicinarum
1581 1400 1682 1426 aedium
1702 1400 1808 1427 serebat.
1834 1401 1863 1428 fr.
1882 1403 1923 1428 33.

1086 1441 1117 1468 de
1137 1442 1164 1468 S.
1184 1441 1212 1468 P.
1232 1441 1262 1468 V.
1285 1443 1309 1468 8.
1328 1444 1352 1468 2.
1389 1442 1543 1469 Intermisso
1568 1442 1682 1478 legitimo
1702 1445 1787 1480 spatio
1808 1455 1821 1470 a
1840 1446 1924 1471 v1cina

1085 1484 1178 1510 insula.
1198 1484 1227 1510 fr.
1249 1487 1289 1511 1-1.
1309 1485 1342 1511 ib.
1363 1486 1387 1511 8.
1405 1488 1429 1512 2.
1459 1484 1499 1512 Ne
1518 1485 1607 1512 umbra
1627 1485 1727 1512 arboris
1747 1488 1833 1513 vicino
1853 1498 1925 1525 prae-

1086 1527 1128 1553 dio
1149 1532 1264 1553 noceret.
1284 1527 1314 1554 fr.
1336 1529 1357 1553 1.
1378 1528 1398 1562 3
1418 1529 1442 1555 8.
1468 1528 1500 1555 de
1519 1529 1603 1555 arbor.
1624 1527 1693 1554 caed.
1713 1530 1754 1555 43.
1774 1531 1815 1556 27.
1841 1530 1873 1557 cf.
1893 1531 1923 1558 fr.

1087 1572 1125 1596 16.
1146 1580 1237 1596 comm.
1256 1570 1345 1607 praed.
1369 1572 1392 1597 8.
1413 1572 1436 1597 4.
1475 1571 1537 1598 Sive
1556 1572 1581 1598 in
1601 1570 1689 1597 eadem
1709 1573 1844 1608 provincia
1863 1575 1924 1606 sint,

1086 1615 1141 1640 sive
1160 1614 1185 1639 i11
1204 1614 1297 1645 vicina.
1322 1613 1364 1640 vel
1384 1619 1455 1640 trans
1474 1624 1544 1640 mare
1563 1615 1665 1651 positae
1685 1616 1734 1647 (sc.
1754 1616 1817 1648 res)
1840 1626 1861 1642 c.
1882 1618 1921 1643 1·.’.

1086 1656 1118 1683 de
1137 1666 1250 1694 praescr.
1276 1656 1292 1682 1.
1313 1661 1330 1682 t.
1350 1658 1373 1683 7.
1393 1658 1434 1683 33.
1460 1656 1489 1683 fr.
1513 1659 1533 1683 l.
1558 1658 1640 1691 310.
1662 1656 1693 1683 de
1713 1658 1827 1692 magistr.
1847 1669 1922 1686 conv.

1062 1711 1064 1731 ¹,
1084 1702 1125 1726 27.
1145 1702 1168 1725 8.
1188 1698 1217 1725 Si
1237 1700 1316 1735 magis
1336 1699 1432 1726 fuerint
1451 1701 1476 1726 in
1495 1701 1589 1726 vicino.
1610 1698 1659 1725 Tb.
1680 1699 1711 1726 C.
1731 1700 1748 1726 l.
1764 1702 1786 1727 7.
1807 1712 1827 1727 c.
1849 1704 1871 1728 l.
1891 1702 1924 1729 (le

1086 1743 1127 1769 off.
1148 1742 1221 1768 Rect.
1242 1741 1283 1768 Pr.
1305 1758 1335 1763 —-
1360 1743 1391 1776 ξ.
1411 1744 1445 1769 2.
1472 1744 1680 1774 Coniunctus,
1703 1745 1841 1771 Similis.
1879 1745 1922 1771 III.

1061 1793 1063 1814 ἱ
1085 1787 1150 1813 Cn.
1170 1784 1369 1812 Coniectionem
1388 1785 1453 1815 fieri.
1477 1799 1510 1804 -
1534 1784 1576 1811 vel
1600 1795 1631 1811 ex
1655 1786 1749 1812 vicinis
1773 1788 1922 1824 scripturis,

1085 1828 1124 1855 vel
1144 1839 1175 1855 ex
1195 1827 1384 1854 consuetudine
1403 1828 1545 1865 patrisfam.
1565 1827 1595 1854 fr.
1609 1829 1650 1854 21.
1665 1828 1687 1861 3.
1705 1831 1725 1854 1.
1746 1829 1800 1864 Qui
1820 1834 1921 1856 testam.

1085 1871 1131 1897 l'ac.
1150 1882 1175 1908 p.
1194 1872 1235 1897 28.
1252 1872 1273 1897 l.
1292 1870 1359 1897 Huic
1378 1872 1480 1897 vicinus
1500 1875 1625 1896 tractatus
1646 1876 1694 1902 est,
1715 1873 1758 1908 qui
1778 1877 1826 1898 etc.
1847 1872 1877 1899 fr.
1897 1875 1920 1899 9.

1061 1939 1062 1943 ,
1084 1914 1104 1947 3
1124 1917 1148 1940 4.
1169 1913 1201 1940 (lc
1220 1914 1300 1940 usufr.
1321 1916 1343 1940 7.
1366 1916 1386 1940 1.
1407 1914 1437 1940 fr.
1456 1916 1479 1939 2.
1500 1913 1532 1940 de
1550 1923 1600 1939 rer.
1619 1919 1730 1950 permut.
1752 1916 1790 1941 19.
1811 1917 1834 1941 4.

1117 1957 1301 1984 Vicissim.
1314 1956 1426 1989 (Advb.)
1447 1958 1560 1983 Mutua
1574 1958 1646 1982 vice.
1662 1958 1844 1991 Reciproce.
1876 1957 1919 1984 111.

1060 2010 1062 2030 j
1084 2001 1149 2027 Cn.
1170 1999 1412 2026 Fideicommissum
1427 2010 1439 2025 a
1453 2004 1535 2036 patre,
1554 2000 1624 2025 inter
1641 2004 1667 2025 te
1687 2005 1711 2026 et
1729 2000 1832 2026 fratrem
1848 2005 1920 2026 tuum

1059 2068 1061 2088 ἲ,
1083 2044 1141 2073 vic.,
1161 2042 1256 2068 datum.
1277 2053 1298 2069 c.
1321 2044 1360 2069 ll.
1380 2042 1413 2069 de
1432 2047 1554 2068 transact.
1573 2044 1597 2069 2.
1617 2043 1640 2068 4.

1116 2086 1353 2112 Vicissitudo.
1381 2086 1411 2119 ξ.
1427 2087 1460 2112 l.
1486 2087 1684 2112 Alter-natio.
1720 2085 1738 2111 1.
1753 2086 1814 2120 Sy.
1833 2085 1919 2112 Alter-

1059 2144 1060 2148 «
1082 2129 1122 2154 nis
1141 2128 1256 2160 vicibus,
1281 2128 1330 2155 Per
1349 2127 1547 2155 vicissitudines
1567 2129 1632 2159 (rite
1652 2129 1792 2161 servatas.)
1817 2127 1865 2154 Th.
1886 2128 1918 2155 C.

1059 2164 1060 2170 ¹
1082 2170 1124 2197 VI.
1143 2172 1185 2197 32.
1210 2181 1231 2197 c.
1250 2174 1273 2197 2.
1299 2171 1331 2198 de
1350 2172 1518 2198 castrensian.
1539 2170 1606 2196 XIII.
1627 2172 1650 2196 5.
1671 2180 1692 2196 c.
1712 2172 1735 2196 6.
1756 2171 1789 2197 de
1807 2168 1917 2198 navicul-

1082 2229 1108 2233 -
1133 2213 1164 2246 §0
1181 2215 1216 2240 2.
1248 2215 1361 2241 Mutua
1379 2214 1579 2248 praestatio,
1600 2215 1836 2240 Retnnneratio.
1873 2213 1915 2241 ΙΙΙ.

1082 2258 1148 2284 οη.
1168 2256 1392 2292 Quemadmodum
1411 2255 1502 2282 liberis
1521 2255 1682 2282 naturalibus
1702 2256 1849 2282 consultum
1870 2261 1917 2287 est,

1082 2301 1120 2326 sic
1140 2304 1165 2326 et
1183 2300 1234 2336 ipsi
1259 2299 1355 2325 debent
1377 2298 1496 2335 patribus
1522 2299 1577 2324 suis
1601 2298 1763 2325 naturalibus
1787 2300 1917 2325 vicissitu-

1082 2342 1167 2369 dinem
1187 2342 1255 2368 ἆται-8.
1275 2341 1320 2367 Iul.
1341 2351 1380 2376 ep.
1400 2350 1460 2366 nov.
1481 2350 1502 2366 c.
1521 2342 1562 2367 82.
1583 2341 1603 2374 3.
1623 2343 1680 2367 321.

1115 2385 1289 2411 Victima.
1304 2385 1436 2410 Animal
1449 2386 1622 2420 sacrificio
1637 2386 1841 2411 destinatum.
1873 2383 1916 2410 Ill.

1082 2429 1146 2455 Gn.
1158 2426 1240 2452 Nemo
1259 2436 1288 2452 se
1307 2425 1402 2452 hostiis
1422 2425 1531 2462 polluat,
1550 2436 1625 2452 nemo
1640 2427 1768 2453 insontem
1787 2427 1916 2453 victimam

1081 2469 1177 2496 caedat.
1206 2468 1256 2495 Th.
1281 2468 1310 2495 C.
1334 2468 1402 2494 XVI.
1430 2470 1470 2495 10.
1494 2479 1515 2495 c.
1537 2471 1575 2494 10,
1601 2478 1621 2495 c.
1643 2470 1681 2495 12.
1706 2479 1743 2506 pr.
1768 2468 1800 2495 de
1825 2479 1915 2506 pagan.

1080 2512 1144 2538 Nov.
1165 2511 1214 2538 Th.
1235 2511 1264 2537 lI.
1284 2510 1317 2537 de
1335 2510 1389 2537 lud.
1409 2511 1427 2537 I.
1447 2512 1470 2537 6.
1491 2521 1512 2537 c.
1533 2513 1554 2536 1.
1574 2511 1595 2544 3.
1615 2512 1639 2537 8.

1114 2554 1367 2580 Vietimarius.
1390 2556 1451 2587 Qui
1469 2555 1621 2580 victimas
1639 2555 1752 2580 caedit.
1789 2553 1831 2580 111.
1848 2555 1914 2582 Cn.

1081 2597 1167 2628 Lami,
1191 2601 1341 2628 venatores,
1365 2597 1501 2623 victimarii
1520 2601 1568 2622 etc.
1590 2595 1620 2623 fr.
1640 2597 1663 2622 6.
1684 2595 1715 2622 (18
1734 2597 1791 2622 iure
1809 2597 1913 2624 immun.

1056 2639 1058 2643 ⁴
1079 2641 1119 2665 50.
1139 2640 1163 2665 6.

1112 2682 1251 2708 Victor.
1272 2682 1302 2715 ἓ.
1320 2682 1354 2707 1.
1378 2682 1439 2713 Qui
1458 2682 1489 2707 in
1508 2683 1683 2708 certamine
1701 2683 1804 2708 hostes
1825 2683 1911 2708 vicit.

1078 2724 1119 2750 111.
1132 2725 1197 2751 Cn.
1210 2724 1370 2750 Libertatem
1388 2724 1463 2748 victis
1483 2723 1604 2749 hostibus
1624 2725 1750 2751 victorum
1770 2724 1911 2751 dominatio

1078 2766 1193 2793 abstulit.
1213 2766 1261 2793 Th.
1283 2766 1311 2792 C.
1333 2765 1376 2791 lv.
1391 2766 1414 2790 S.
1435 2775 1454 2791 c.
1470 2767 1493 2791 5.
1514 2765 1535 2799 3
1551 2768 1573 2792 5.
1594 2766 1698 2799 (ch.)
1719 2767 1750 2794 de
1769 2765 1869 2793 libs-mli
1889 2775 1909 2791 c.

1077 2810 1205 2836 Dominus
1225 2808 1457 2843 (Valentinianus)
1477 2808 1601 2843 inclytus,
1621 2810 1704 2836 victor
1722 2820 1750 2836 ac
1770 2807 1910 2845 triumpha·
