2197 3121
981 144 1054 176 LIG
1064 163 1102 169 -

220 229 299 261 modi,
319 228 448 255 adiuvare.
481 227 530 255 Th.
551 226 582 254 C.
602 226 657 253 Vll.
677 227 700 253 9.
721 236 742 252 c.
764 226 786 252 l.
807 235 865 262 sqq.
885 225 918 252 de
937 225 1059 262 salgamo.

219 273 251 306 §·
271 273 306 299 2.
330 274 451 299 Fustis.
488 270 531 297 ΙΙΙ.
552 272 618 298 Gn.
642 268 678 295 Vt
702 273 727 295 et.
751 268 832 305 lapis,
858 273 883 295 et
902 268 1014 304 lignum,
1035 273 1061 295 et

220 314 317 341 ferrum
336 314 387 340 hoc
406 315 510 341 nomine
529 315 578 345 (sc.
598 312 657 345 teli)
677 312 848 338 contineatur.
868 311 899 337 fr.
918 312 977 337 233.
998 312 1020 345 §.
1035 313 1060 338 2.

220 356 253 384 de
271 355 303 383 V.
324 357 350 384 S.
370 359 411 384 50.
434 358 472 383 16.
510 355 642 392 Flagellis,
661 355 703 381 vel
724 355 800 391 lignis
820 354 980 389 (castigare.)
1012 353 1059 380 Iul.

220 409 261 437 ep.
281 410 340 426 nov.
360 410 380 426 c.
402 401 458 426 108.
480 400 501 433 ᾗ.
520 400 580 425 390.
605 414 637 418 —
666 399 696 431 §.
717 399 753 424 3.
781 399 922 425 Tabulae
943 400 1060 427 (testa-
1082 400 1083 418 ἰ

219 443 345 475 menti.)
380 442 400 468 I.
421 443 482 476 Sy.
511 440 627 467 Tabulae
647 441 781 477 (ligneae,
806 441 862 466 sive
882 440 1061 475 cuiuscunque

220 484 328 511 alterius
348 484 495 517 materiae.)
523 483 554 510 fr.
582 485 620 510 19.
646 483 678 509 de
697 484 728 510 13.
748 483 776 510 P.
797 492 818 509 c.
838 487 855 508 t.
874 483 916 508 37.
936 484 960 508 4.
986 482 1016 508 fr.
1038 483 1060 508 1.

220 538 259 565 pr.
280 527 312 554 de
331 528 361 554 B.
382 527 409 554 P.
430 537 449 553 s.
470 532 488 553 t.
507 529 549 553 37.
570 528 609 552 11.

256 571 360 604 Ligo.
397 572 649 597 lustramentum
673 571 846 599 rusticum,
866 569 1059 604 fossorium.

220 612 263 639 ΙΙΙ.
283 614 349 641 Cn.
374 612 444 640 Vasa
464 612 536 638 utilia
557 612 686 644 culturae,
707 628 738 632 —
758 616 853 642 aratra,
878 611 988 647 ligone-S,
1009 620 1061 637 sar·
1082 619 1083 647 ς

221 655 273 682 culi
293 661 340 682 etc.
369 655 398 682 fr.
419 657 442 682 8.
468 665 506 692 pr.
535 655 565 681 sr.
592 656 630 681 16.
659 655 681 689 ᾗ.
703 657 725 681 1.
750 654 782 681 de
805 655 880 680 instr.
906 654 953 690 leg.
973 655 1015 680 33.
1036 655 1059 680 7.

221 697 286 726 Tela
305 699 330 724 in
351 708 425 724 usum
444 699 558 725 vomeris
582 697 728 734 ligonisque
752 702 914 724 convertere.
939 707 959 723 c.
980 698 1002 723 4.
1029 696 1061 723 de

220 750 301 767 manc.
322 745 348 766 et
368 741 416 768 col.
437 746 503 778 patr.
525 743 564 767 11.
584 743 625 768 62.

255 783 502 818 Ligusticum.
547 785 655 811 Oleris
675 793 795 818 genus,
819 785 912 809 odore
936 792 1061 809 aroma-
1083 789 1084 821 ζ

220 828 294 853 tica.
331 825 372 853 111.
394 828 460 854 Cn.
480 826 566 864 Piper,
587 831 613 853 et
631 826 789 862 ligusticum,
809 830 835 851 et
854 835 964 857 careum.
984 830 1009 851 et
1028 824 1062 851 la-

220 878 272 899 ser,
293 869 330 901 (in
344 879 413 906 penu
428 879 480 896 non
495 870 573 904 esse.)
593 869 624 896 fr.
643 871 668 895 5.
687 869 708 903 ξ.
726 871 747 895 1.
767 868 799 895 de
819 878 888 905 penu
908 868 957 904 leg.
966 870 1007 894 33
1019 869 1043 894 9.

256 912 541 945 Lilybaetanus.
566 912 695 945 (Adiect.)
720 914 767 938 Ad
785 913 973 946 Lilybaeum
990 921 1062 945 per-

220 956 342 986 tinens,
365 957 623 989 promontorium
643 956 790 981 Siciliae.
827 953 869 980 III.
891 955 956 981 (Vn.
989 953 1062 980 Sicu-

220 996 262 1023 lus
286 1007 445 1033 possessor,
466 1013 496 1017 —
521 996 721 1033 Syracusanus,
743 1014 773 1017 —
798 996 988 1032 Lilybaetauus
1008 996 1061 1030 [al.

219 1038 422 1074 Lylibetanus,]
443 1045 490 1067 etc.
521 1039 588 1066 Nov.
609 1039 666 1066 Val.
688 1039 729 1067 Ill.
749 1039 781 1066 dc
800 1039 899 1075 indulg.
918 1039 1011 1076 reliqu.
1030 1039 1061 1066 11.

221 1083 244 1108 l.
265 1092 286 1108 c.
305 1084 330 1109 2.
353 1083 374 1116 ξ.
395 1085 417 1109 1.

256 1125 421 1152 Iailnal'e·
458 1127 631 1158 Scrutari,
660 1127 791 1152 Eruet-e.
827 1125 869 1151 III.
890 1126 955 1152 Cn.
987 1124 1062 1161 Quae

220 1172 279 1194 tuae
298 1168 455 1203 cognitionis
474 1167 576 1195 limavit
594 1178 710 1195 examen.
731 1167 781 1195 Th.
801 1167 831 1194 C.
851 1167 920 1194 XIII.
941 1170 964 1194 5.
984 1178 1006 1194 c.
1020 1170 1061 1194 32.

220 1210 253 1237 de
274 1210 414 1237 navicular.

254 1253 437 1280 Limatus·
456 1253 577 1287 (Partic.)
598 1255 746 1280 Subtilis.
776 1253 819 1280 III.
835 1254 901 1281 Cn.
921 1253 1062 1290 DelIgendi

218 1295 268 1322 viri
288 1301 350 1322 sunt
375 1296 514 1332 singularis
539 1296 615 1327 lidei,
644 1296 782 1323 limatioris
806 1297 910 1333 ingenii.
941 1296 979 1322 lb.
999 1296 1017 1323 I.
1039 1299 1060 1323 l.
1082 1303 1084 1318 ἐ

219 1348 241 1365 c.
261 1340 285 1364 5.
306 1338 410 1372 (ch.)
430 1338 463 1365 de
483 1344 566 1365 const.
586 1338 628 1365 Pr.

254 1381 401 1409 Limen.
439 1383 470 1415 ᾖ.
489 1384 523 1409 1.
550 1384 667 1408 Aditus
686 1384 803 1408 duntur.
840 1384 942 1409 Aedes
961 1384 1060 1416 ipsae.

218 1423 237 1450 Ῑ.
258 1425 320 1458 Sy.
348 1424 451 1450 Domus
470 1425 611 1458 (alterius.)
637 1423 687 1450 Th.
708 1423 739 1451 C.
758 1424 803 1451 IX.
825 1426 864 1451 16.
885 1436 906 1452 c.
929 1427 949 1451 l.
969 1435 1009 1462 sq.
1029 1425 1062 1452 de

218 1466 328 1494 malefic.
366 1467 408 1493 ΙΙΙ.
430 1468 495 1494 Cu.
520 1467 597 1494 Circa
617 1466 705 1493 limina
725 1467 814 1505 palatii
834 1469 931 1500 nostri,
957 1469 1062 1494 comita-

218 1514 316 1536 tnmve.
346 1509 384 1536 lb.
403 1510 448 1536 ΧΙ.
468 1512 509 1536 30.
535 1521 555 1537 c.
574 1511 616 1536 34.
637 1520 677 1547 pr.
704 1510 736 1536 de
755 1521 814 1548 app.
835 1516 860 1537 et
879 1521 956 1548 poen.
994 1511 1061 1538 Iudi-

220 1553 320 1579 ciorum
339 1552 429 1579 limIne
448 1553 580 1590 (expelli.)
600 1553 636 1579 lb.
656 1552 700 1579 IV.
722 1554 760 1579 16.
782 1564 802 1580 c.
825 1555 845 1579 l.
867 1553 900 1580 de
918 1564 946 1580 re
965 1554 1016 1580 iud.
1029 1570 1061 1574 —

220 1596 252 1629 ἓ.
272 1597 307 1622 2.
332 1597 441 1627 Finis,
469 1597 646 1623 Terminus.
683 1595 702 1622 I.
723 1597 784 1631 Sy.
808 1596 904 1623 Limes.
937 1596 1010 1623 Finis
1036 1601 1062 1623 et

220 1639 346 1664 terminus
366 1639 502 1675 (imperii.)
522 1639 543 1672 ξ
558 1641 581 1665 5.
601 1639 611 1665 I
640 1638 691 1674 Qu.
712 1639 781 1666 mod.
800 1640 841 1666 ins
860 1644 915 1677 pot.
936 1641 958 1666 1.
974 1642 1014 1666 10.
1028 1656 1060 1659 —

220 1681 252 1714 ἕ.
274 1681 311 1707 3.
334 1683 551 1715 Principium.
588 1682 607 1709 I.
628 1683 690 1716 Sy·
713 1682 865 1709 Exordium.
887 1693 907 1709 c.
929 1684 951 1709 l.
971 1682 1004 1709 de
1022 1693 1061 1709 sa-

220 1722 281 1750 tisd.
300 1725 324 1750 2.
343 1725 384 1749 57.
421 1723 463 1750 lll.
484 1725 549 1751 Cn.
568 1724 597 1751 In
615 1725 674 1762 ipso
693 1724 783 1751 limine
802 1725 987 1759 (contractus.)
1011 1724 1060 1752 Va-

220 1767 263 1793 tic.
284 1766 305 1799 §.
327 1767 366 1792 12.

256 1809 522 1835 Limenarcha.
544 1810 605 1841 Qui
621 1812 739 1844 portui
754 1817 893 1845 praeest.
930 1809 973 1836 111.
994 1812 1059 1838 Gn·

220 1850 406 1878 Limenarchae
426 1855 451 1876 et
470 1851 623 1878 stationarii.
660 1851 733 1879 Paul.
753 1852 771 1879 1.
791 1853 853 1879 6.Α.
873 1854 895 1887 §.
914 1855 938 1879 3.
975 1852 1060 1879 Lime-

220 1894 340 1926 narchae,
359 1893 401 1920 vel
421 1898 554 1919 curatores
573 1893 606 1920 ad
625 1894 783 1921 exstruenda
802 1895 843 1921 vel
862 1896 1002 1922 reficienda
1021 1906 1060 1922 ae-

221 1937 306 1964 dificia
327 1936 439 1973 publica.
460 1936 490 1962 sr.
512 1937 551 1962 18.
572 1937 593 1969 §.
615 1939 653 1963 10.
674 1937 706 1963 de
726 1947 794 1963 mun.
815 1943 840 1964 et
859 1938 919 1965 hon.
939 1941 980 1965 50.
1000 1940 1024 1965 4.

255 1980 393 2006 Limen.
431 1979 462 2012 §0
483 1980 517 2005 1.
550 1982 671 2007 Semita
695 1986 901 2013 transversa,
926 1983 957 2007 in
977 1992 1059 2016 agro

220 2025 389 2050 secuudum
414 2028 513 2048 artem
538 2032 714 2048 mensorum
738 2025 894 2050 limitato.
930 2024 974 2050 Ill.
994 2025 1059 2052 Gn.

220 2064 286 2091 Viae
304 2064 434 2102 publicae,
453 2064 558 2095 liinitcS,
579 2064 639 2097 luci,
660 2066 705 2101 qui
724 2064 832 2092 fundum
851 2070 966 2102 tangunt.
986 2067 1016 2094 fr.
1037 2069 1060 2093 7.

222 2107 244 2141 §.
269 2109 290 2134 1.
314 2108 346 2134 de
369 2109 450 2145 perio.
475 2112 500 2133 et
526 2117 617 2134 comm.
644 2108 684 2134 18.
709 2109 732 2134 6.
770 2107 799 2134 Si
824 2110 958 2137 veteribus
981 2110 1060 2136 finem

223 2159 280 2176 cum
299 2151 381 2187 signis
399 2150 475 2177 limes
494 2149 613 2176 inclusus
632 2160 775 2187 congruum
794 2151 895 2178 erudita
916 2158 971 2179 arte
989 2163 1061 2189 prae.-

223 2193 327 2219 stiterit.
358 2193 408 2219 Th.
433 2192 463 2220 C.
488 2193 518 2219 ll.
543 2194 584 2219 26.
612 2203 632 2219 c.
652 2196 675 2220 4.
697 2194 807 2227 (ch.)
832 2195 876 2222 fin.
901 2196 1007 2232 regund.
1026 2210 1059 2214 —

224 2235 255 2268 §.
276 2235 310 2260 2.
339 2237 432 2262 Finis
452 2238 587 2270 imperii
605 2238 637 2262 R.
658 2236 774 2268 (militari
794 2237 926 2274 praesidio
945 2240 1060 2265 munitus

224 2277 349 2304 adversus
367 2277 535 2305 harbarorum
555 2280 741 2312 incursiones.)
778 2279 796 2306 1.
813 2282 874 2314 Sy.
899 2280 998 2307 Limen.
1019 2280 1059 2307 CI'.

224 2320 249 2346 h.
262 2328 285 2345 v.
306 2320 327 2353 ξ.
347 2322 371 2345 2.
407 2320 449 2347 111.
464 2323 530 2349 Gn.
550 2321 669 2348 Comites
689 2327 715 2348 et
734 2322 813 2349 duces
827 2323 989 2350 diversarum
1003 2334 1062 2361 pro-

224 2363 368 2389 vinciarum
387 2366 413 2387 et
425 2362 541 2390 limitum.
560 2365 598 2391 lb.
612 2365 630 2391 I.
645 2367 667 2391 7.
688 2375 709 2391 c.
721 2368 743 2391 3.
765 2365 868 2399 (ch.)
889 2366 921 2393 de
937 2368 981 2394 off.
996 2377 1060 2403 mag.

225 2405 278 2432 mil.
316 2404 455 2431 Terrarum
474 2409 569 2442 spatia,
590 2418 656 2444 quae
673 2408 829 2444 gentilibus,
847 2414 957 2446 propter
975 2420 1061 2437 curam

226 2449 450 2483 munitionemque
474 2447 563 2476 limitis
587 2456 665 2487 atque
688 2452 794 2483 fossati,
819 2468 849 2472 —
878 2452 979 2479 fuerant
1002 2463 1062 2479 con-

227 2500 309 2517 cessa.
333 2490 369 2516 Ib.
389 2489 444 2517 Vll.
466 2492 505 2517 15.
530 2502 550 2518 c.
571 2494 592 2519 l.
612 2493 644 2520 de
662 2495 852 2529 terr.,limitan.
889 2495 978 2522 Duces
998 2495 1063 2522 limi-

229 2539 292 2565 tum,
312 2538 337 2559 et
356 2534 496 2570 praecipue
516 2534 610 2569 quibus
633 2543 722 2572 gentes
742 2538 966 2576 adpropinquant,
986 2555 1017 2558 —
1036 2540 1063 2565 in

228 2577 295 2614 ipsis
320 2575 475 2612 plerumque
500 2576 626 2604 limitibus
648 2582 802 2607 commorari
825 2597 857 2601 —
880 2583 1064 2619 praecipimus

227 2619 296 2646 Νῦν.
318 2618 366 2645 Τ11.
387 2618 416 2644 ll.
437 2618 469 2645 de
488 2619 554 2646 amb.
575 2625 600 2646 et
622 2620 671 2648 loc.
695 2623 769 2650 limit.
789 2624 819 2650 ΙΙ.
839 2627 880 2651 24.
909 2635 929 2651 c.
951 2627 973 2651 1.
998 2625 1020 2658 §.
1042 2627 1063 2651 l.

230 2662 262 2689 cf.
283 2672 322 2698 pr.
361 2661 499 2688 Armeniae
522 2667 632 2695 tractust
657 2665 684 2690 in
707 2666 765 2702 ipso
784 2677 866 2704 paene
885 2667 975 2694 limitis
994 2668 1065 2694 aditu

231 2704 370 2731 Persarum
389 2707 557 2732 constitutus.
576 2705 612 2731 lb.
633 2705 665 2732 de
683 2709 818 2743 patrimon.
837 2709 855 2737 I.
873 2712 897 2736 3.
918 2721 939 2737 c.
956 2712 980 2737 3.
999 2712 1021 2745 §.
1042 2712 1064 2737 I.

232 2747 307 2782 Quas
327 2748 375 2780 (sc.
394 2749 571 2784 parangarias)
590 2748 756 2776 Rhaetiarum
774 2750 861 2784 limes,
883 2753 1066 2790 expeditiones
1086 2776 1087 2784 .

230 2788 354 2825 Illyricae
375 2807 403 2810 —
426 2790 579 2827 deposcunt.
600 2791 649 2818 Th.
670 2792 699 2818 C.
719 2793 762 2819 XI.
785 2796 822 2820 16.
842 2797 918 2822 018.
938 2796 969 2823 cf.
989 2807 1010 2823 c.
1025 2798 1065 2822 15.

1081 2282 1083 2288 ’
1105 2283 1135 2309 fr.
1154 2284 1195 2309 27.
1215 2283 1236 2316 ξ.
1250 2284 1291 2308 30.
1312 2281 1344 2308 ad
1357 2280 1386 2307 L.
1402 2281 1469 2317 Aqn.
1489 2282 1513 2307 9.
1532 2282 1556 2306 2.

1112 145 1194 175 LIN.
1882 147 1944 178 545

1082 228 1083 237 ¹
1106 226 1138 252 de
1157 231 1223 253 extr.
1242 236 1263 252 s.
1283 226 1354 253 sord.
1376 243 1406 248 -
1432 227 1463 261 §-
1484 228 1522 254 ³.
1542 228 1662 259 Series,
1685 227 1776 253 Ordo.
1814 226 1856 253 ΙΙΙ.
1878 228 1943 255 (ᾆή.

1082 298 1083 311 ¹
1105 269 1246 296 Stemmata
1266 270 1449 305 cognationum
1462 269 1562 297 directo
1581 269 1664 296 limite
1684 270 1709 295 in
1725 269 1789 296 duas
1808 269 1890 296 lineas
1904 280 1943 297 se·

1082 313 1083 322 ¹
1105 317 1235 349 parantur.
1258 311 1289 339 fr.
1310 314 1334 338 9.
1354 312 1386 338 de
1405 312 1475 349 grad.
1497 318 1522 339 et
1541 312 1590 339 adf.
1610 314 1651 339 38.
1673 314 1713 339 10.

1139 355 1388 382 Limitaneus.
1420 355 1558 388 (Adiect.)
1596 357 1643 382 Ad
1664 356 1798 381 limitem
1818 357 1943 381 milita-

1104 408 1165 424 rem
1183 399 1360 432 pertinens.
1397 397 1441 424 Ill.
1461 399 1526 425 Gn.
1547 397 1643 424 Milites
1663 397 1802 429 limitanei,
1822 399 1866 434 qui
1885 408 1945 435 pos-

1105 441 1157 466 sint
1181 445 1206 467 et
1225 444 1310 467 castra
1329 444 1355 466 et
1380 441 1493 467 civitatis
1517 440 1614 467 limites
1633 440 1787 471 defendere,
1813 445 1838 465 et
1861 445 1944 466 terras

1106 482 1199 509 colere.
1219 493 1240 509 c.
1260 485 1284 509 2.
1305 484 1326 517 §.
1345 484 1369 509 8.
1389 482 1422 509 de
1441 483 1485 509 off.
1505 482 1558 509 Prf.
1578 483 1619 509 Pr.
1639 483 1695 510 Afr.
1718 485 1740 510 l.
1759 484 1800 509 27.
1821 483 1853 509 cf.
1877 482 1944 510 Nov.

1082 514 1083 559 l
1105 525 1154 552 Th.
1175 525 1204 552 ΙΙ.
1224 525 1256 552 de
1275 525 1342 552 amb.
1363 530 1389 552 et
1407 525 1456 552 loc.
1477 525 1551 552 limit.
1571 525 1590 552 l.
1609 529 1651 553 24,
1676 537 1697 553 c.
1719 529 1741 553 1.
1765 527 1786 560 ξ.
1807 528 1830 552 4.
1867 525 1945 552 Limi-

1082 561 1083 606 l
1105 569 1173 594 tanei
1192 568 1292 600 militis,
1312 572 1338 594 et
1356 577 1541 605 possessorum
1560 568 1695 601 (utilitas.)
1723 568 1773 595 Th.
1793 569 1824 596 C.
1844 569 1900 595 Vll.
1919 571 1943 595 4.

1106 621 1126 637 c.
1145 614 1187 637 30.
1207 611 1240 637 de
1260 621 1329 647 erog.
1344 610 1396 637 mil.
1411 621 1469 638 ann.
1498 611 1643 643 Dneianns,
1658 628 1689 631 —
1710 611 1869 640 Limitaneus
1888 614 1945 646 (mi-

1082 653 1083 698 i
1105 653 1170 687 les.)
1195 653 1262 681 Nov.
1283 653 1331 680 Th.
1351 653 1381 680 Il.
1402 663 1434 680 ne,
1453 653 1554 681 ducian.
1574 664 1598 680 v.
1619 654 1693 681 linuit.
1713 654 1730 681 I.
1750 658 1774 681 2.
1796 666 1815 681 c.
1837 657 1858 682 1.
1878 656 1900 689 §.
1922 658 1943 682 l.

1082 702 1083 717 ἒ
1106 696 1315 728 comitatenses,
1335 712 1366 716 -
1391 695 1531 723 Limitanei
1555 696 1697 730 (milites.)
1727 696 1767 724 Cf.
1787 708 1810 724 v.
1831 698 1945 725 Comita-

1082 745 1083 757 ¹
1105 741 1197 766 tensis,

1082 770 1084 788 A
1140 782 1336 810 Limina-e.
1383 783 1551 818 Definire,
1581 784 1864 809 circumscribere.
1901 783 1944 809 ΙΙΙ.

1083 833 1085 868 ¹,
1106 827 1172 853 Gn.
1195 825 1237 851 Ad
1256 825 1436 851 defensionem
1456 824 1572 851 fiscalem
1592 825 1671 852 duum
1690 835 1807 852 mensum
1827 830 1945 862 tempora

1083 869 1085 904 Ι
1106 868 1257 895 limitentur.
1286 867 1336 894 Th.
1357 866 1388 893 C.
1407 866 1452 894 IV.
1472 869 1495 894 6.
1525 878 1546 894 c.
1565 870 1589 894 3.
1610 867 1724 901 (ch.)
1749 867 1781 894 de
1806 873 1888 894 natur.
1908 868 1944 895 fil.

1106 910 1232 937 Vltimum
1257 910 1335 936 linem
1359 911 1486 947 strepitus
1510 910 1652 937 criminalis
1678 927 1707 931 -
1733 912 1792 937 anni
1811 912 1897 948 spatio
1916 911 1945 938 li-

1083 960 1084 975 *
1106 955 1234 981 mitamus.
1254 952 1290 979 lb.
1305 952 1349 979 IX.
1366 954 1406 979 19.
1427 963 1448 979 c.
1467 955 1491 979 2.
1511 953 1532 986 §.
1552 955 1576 979 2.
1597 953 1629 980 ad
1648 952 1677 979 L.
1698 952 1779 980 Corn.
1800 954 1833 980 de
1852 953 1926 980 falso.

1141 996 1414 1023 [imitatensis.
1434 995 1563 1029 (Adieet.)
1583 997 1801 1023 Limitaneus.
1822 996 1863 1023 ΙΙΙ.
1879 998 1945 1024 Gn.

1082 1039 1084 1071 ,ἶ
1107 1039 1171 1066 Tam
1196 1039 1421 1070 comitatensium,
1450 1048 1526 1074 quam
1549 1037 1746 1064 limitatensinm
1767 1039 1815 1072 [al.
1836 1039 1945 1066 limiten-

1082 1091 1084 1119 ᾗ
1106 1082 1185 1116 sium]
1199 1081 1310 1108 militum
1324 1083 1373 1114 (sc.
1388 1082 1525 1114 annonae.)
1545 1080 1591 1107 lul.
1606 1091 1644 1118 ep.
1660 1091 1719 1107 nov.
1735 1092 1756 1108 c.
1771 1084 1812 1108 33.
1833 1083 1855 1115 ᾗ,
1870 1084 1928 1109 166.

1082 1121 1084 1157 l
1141 1125 1356 1152 Limitatus.
1376 1123 1497 1157 (Partic.)
1535 1124 1565 1157 ξ.
1580 1125 1613 1150 l.
1636 1125 1792 1155 Metuens,
1812 1126 1946 1155 Limiti-

1082 1167 1084 1201 ζ
1105 1171 1159 1195 bus
1183 1170 1369 1194 distinctus.
1406 1166 1449 1193 III.
1470 1167 1535 1194 Gn.
1564 1166 1674 1202 Agrum,
1699 1168 1743 1203 qui
1762 1167 1884 1193 hostibus
1904 1167 1946 1194 de-

1082 1206 1084 1233 l
1106 1212 1183 1238 victis
1203 1221 1231 1237 ea
1252 1209 1402 1236 conditione
1423 1219 1565 1236 concessus
1585 1210 1632 1241 sit,
1658 1215 1685 1236 ut
1709 1211 1735 1236 in
1755 1211 1885 1236 civitatem
1903 1220 1945 1237 ve-

1106 1255 1181 1285 niret,
1201 1253 1297 1280 habere
1315 1252 1490 1283 adluvionem,
1510 1262 1595 1288 neque
1615 1262 1673 1278 esse
1687 1252 1837 1283 limitatum;
1857 1263 1946 1289 agrum

1106 1302 1190 1324 autem
1210 1300 1405 1333 manucaptum,
1429 1295 1567 1323 limitatum
1587 1294 1677 1321 fuisse.
1701 1294 1731 1321 fr.
1753 1297 1791 1321 16.
1812 1295 1844 1322 de
1862 1296 1894 1322 A.
1914 1295 1945 1322 R..

1106 1340 1138 1366 D.
1153 1341 1194 1365 41.
1215 1341 1237 1365 l.
1274 1338 1304 1365 Si
1324 1338 1449 1365 limitatus
1469 1343 1510 1364 est
1529 1348 1596 1375 ager,
1616 1339 1769 1375 occupantis
1789 1338 1878 1364 alveus
1892 1338 1945 1365 fiet.

1106 1383 1136 1411 fr.
1160 1385 1180 1409 Ι.
1201 1382 1222 1416 §.
1243 1383 1265 1408 7.
1287 1381 1318 1407 cf.
1338 1382 1361 1415 §.
1380 1382 1404 1407 6.
1424 1380 1457 1408 de
1476 1381 1575 1408 flumin.
1594 1383 1636 1408 43.
1658 1383 1697 1407 12.
1719 1398 1748 1402 —
1775 1382 1805 1414 ᾖ.
1826 1382 1861 1407 2.
1886 1382 1946 1407 De-

1083 1428 1245 1465 ¹finitus,
1266 1426 1410 1451 Finitus.
1447 1423 1490 1451 ΙΙΙ.
1511 1425 1577 1452 Gn.
1598 1424 1700 1451 Causae
1715 1441 1745 1444 —
1766 1434 1849 1460 usqne
1868 1424 1900 1450 ad
1912 1424 1946 1451 X.

1082 1469 1084 1491 l
1106 1468 1230 1496 librarum
1249 1468 1304 1493 auri
1324 1468 1495 1503 quantitatem
1508 1466 1641 1493 limitatae.
1665 1466 1732 1493 Νῦν.
1746 1468 1787 1493 23.
1808 1477 1828 1493 c.
1842 1468 1866 1493 3.
1886 1467 1908 1501 §.
1922 1468 1945 1493 l.

1107 1511 1157 1538 Vbi
1177 1511 1244 1537 actio
1264 1511 1376 1547 partium
1395 1509 1505 1536 limitata
1524 1511 1566 1536 sit.
1596 1509 1645 1537 Th.
1666 1509 1696 1536 C.
1716 1509 1746 1536 11.
1767 1511 1807 1536 18,
1828 1520 1849 1536 e.
1871 1511 1893 1536 1.
1913 1509 1946 1536 de

1106 1555 1184 1581 indic.

1141 1596 1409 1629 Limitrophun.
1428 1595 1557 1629 (Adiect.)
1589 1597 1637 1621 Ad
1653 1597 1785 1621 alendos
1804 1596 1946 1621 limitum

1105 1641 1253 1668 custodes
1276 1640 1452 1673 pertinens.
1493 1638 1536 1664 III.
1560 1639 1626 1665 Gn.
1662 1637 1875 1669 patrimoniales,
1898 1647 1946 1664 seu

1105 1681 1281 1719 limitrophos,
1304 1680 1352 1715 [al.
1372 1680 1593 1718 limitotrophoS,]
1614 1680 1655 1706 vel
1675 1680 1821 1706 saltnenses
1840 1679 1945 1712 fundos,

1105 1727 1150 1763 qui
1169 1735 1216 1762 per
1234 1729 1345 1751 tractum
1359 1723 1478 1750 Orientis
1491 1724 1573 1760 positi
1592 1727 1662 1754 sunt,
1682 1722 1727 1755 (ad
1745 1724 1787 1749 ius
1804 1722 1946 1749 transferre

1104 1767 1256 1806 privatum.)
1277 1766 1343 1793 Nov.
1359 1765 1409 1793 Th.
1428 1765 1459 1792 ΙΙ.
1479 1765 1511 1792 de
1530 1765 1703 1802 patrimonial.
1723 1765 1742 1792 I.
1761 1767 1785 1792 3.
1806 1776 1826 1792 c.
1840 1768 1864 1792 2.
1884 1766 1906 1799 §.
1921 1767 1944 1792 l.

1105 1811 1136 1837 cf.
1157 1810 1206 1836 Th.
1220 1809 1251 1836 C.
1263 1808 1294 1835 V.
1309 1811 1348 1835 13.
1369 1819 1389 1835 c.
1404 1809 1445 1835 38.
1465 1808 1569 1841 (ch.)
1588 1808 1653 1834 Iust.
1667 1807 1698 1834 C.
1708 1808 1805 1835 X1.59,
1820 1808 1928 1841 (Rubr.)

1138 1853 1279 1880 Limus.
1301 1853 1438 1878 Coenum
1457 1861 1619 1886 aquosum.
1655 1851 1698 1877 HI.
1713 1852 1780 1879 Gn.
1799 1851 1841 1877 Ad
1861 1852 1945 1877 rivum

1105 1896 1183 1927 adire,
1204 1900 1229 1920 et
1243 1899 1345 1926 terram,
1365 1894 1463 1926 limum,
1483 1893 1604 1930 lapidem,
1624 1903 1736 1925 arenam,
1751 1893 1848 1920 calcem
1861 1895 1945 1920 iacere

1081 1938 1083 1950 ¹
1104 1949 1192 1976 posse.
1215 1938 1246 1964 [Γ.
1268 1940 1307 1964 11.
1327 1938 1349 1972 §.
1370 1939 1392 1964 1.
1413 1947 1505 1964 comm.
1525 1936 1613 1974 praed.
1633 1938 1657 1964 8.
1676 1938 1699 1963 4.
1736 1936 1766 1963 Si
1784 1938 1811 1963 vi
1830 1937 1945 1963 fluminis

1104 1992 1164 2018 ager
1187 1980 1290 2008 deletus
1314 1982 1361 2012 sit,
1386 1985 1414 2007 ut
1438 1980 1523 2016 glarea
1543 1980 1651 2012 iniecta,
1672 1985 1715 2006 aut
1736 1980 1806 2006 fossa
1826 1980 1887 2006 limo
1906 1989 1944 2006 re-

1104 2025 1182 2062 pleta.
1203 2024 1232 2051 fr.
1254 2025 1293 2050 11.
1313 2024 1334 2057 §.
1355 2025 1378 2050 6.
1398 2023 1431 2050 de
1449 2033 1515 2059 aqua
1534 2028 1560 2049 et.
1578 2033 1636 2059 aqu.
1655 2022 1691 2060 pl.
1711 2024 1752 2049 39.
1771 2024 1795 2049 3.

1140 2068 1273 2094 Linea.
1311 2067 1342 2100 ᾗ.
1359 2067 1393 2093 l·
1415 2067 1541 2093 Ductus
1560 2069 1683 2101 longus.
1721 2065 1762 2091 Ill.
1779 2066 1844 2093 Un-
1863 2064 1944 2091 Linea

1105 2112 1131 2137 in
1150 2110 1278 2137 directum
1297 2109 1448 2136 transducta
1468 2113 1527 2146 (per
1547 2108 1678 2141 insulam.)
1697 2107 1727 2134 fr.
1747 2109 1788 2134 29.
1810 2107 1842 2134 de
1860 2107 1891 2133 A.
1911 2106 1943 2133 R.

1105 2154 1139 2180 D.
1158 2155 1200 2179 41.
1222 2154 1244 2179 l.
1266 2169 1295 2172 —
1316 2153 1347 2186 §.
1363 2154 1399 2179 2.
1423 2154 1622 2183 Funiculus,
1644 2152 1776 2177 eatena.
1813 2150 1855 2176 111.
1876 2151 1942 2177 Gn.

1105 2197 1143 2229 Si.
1164 2206 1222 2223 cum
1241 2197 1348 2222 maritus
1368 2195 1444 2222 uxori
1462 2196 1612 2230 margaritas
1632 2194 1771 2220 extricatas
1786 2193 1904 2220 dedisset
1916 2193 1942 2218 in

1105 2250 1162 2271 usn,
1183 2249 1264 2275 eaque
1278 2255 1309 2258 —
1323 2238 1492 2276 perforasset,
1512 2242 1538 2264 ut
1553 2237 1668 2274 pertusis
1686 2237 1712 2262 in
1730 2236 1800 2263 linea
1818 2239 1940 2262 uteretur.

1594 2280 1774 2316 Quaecunque
1792 2278 1941 2315 sepulturae

1105 2336 1176 2353 meae
1195 2335 1271 2352 causa
1292 2324 1371 2350 feram
1391 2334 1422 2350 ex
1446 2323 1619 2355 ornamentis,
1642 2322 1725 2349 lineas
1745 2322 1808 2349 duas
1828 2331 1859 2347 ex
1877 2329 1941 2345 mar-

1105 2370 1203 2405 garitis,
1223 2373 1249 2394 et
1268 2366 1375 2393 viriolas
1398 2376 1430 2392 ex
1454 2365 1604 2402 smaragdis.
1628 2364 1659 2392 fr.
1679 2367 1720 2391 40.
1744 2365 1765 2398 §.
1785 2366 1808 2389 2.
1828 2363 1860 2389 de
1878 2372 1940 2388 auro

1106 2423 1157 2449 arg.
1176 2413 1217 2438 3⁴.
1237 2413 1261 2437 2.
1287 2426 1318 2429 -
1344 2410 1374 2443 ξ.
1395 2411 1432 2436 3.
1457 2411 1563 2435 Series
1586 2414 1804 2443 cognatorum.
1840 2404 1859 2430 Ι.
1878 2405 1940 2438 Sy.

1106 2455 1195 2482 Series
1216 2453 1335 2490 (generis
1355 2452 1502 2484 continua.)
1527 2462 1548 2478 c.
1568 2453 1591 2477 5.
1612 2451 1644 2477 de
1663 2459 1758 2476 emanc.
1777 2450 1800 2474 8.
1820 2448 1860 2473 49.
1897 2446 1940 2473 III.

1108 2499 1175 2526 Gn.
1194 2496 1329 2533 Superior,
1344 2511 1375 2514 —
1395 2494 1513 2527 Inferior,
1527 2510 1559 2514 --
1574 2493 1735 2520 Transverso
1748 2490 1849 2523 (liuea.)
1867 2488 1939 2516 Paul.

1106 2540 1150 2567 IV.
1172 2542 1211 2566 ll.
1232 2539 1270 2573 ἒξ.
1289 2541 1313 2564 2.
1334 2547 1391 2574 sqq.
1412 2537 1443 2564 cf.
1464 2537 1493 2564 fr.
1507 2539 1545 2563 10.
1566 2537 1588 2569 ς’.
1607 2538 1629 2561 9.
1650 2535 1681 2560 de
1700 2533 1798 2569 gradib.
1818 2538 1843 2559 et
1861 2532 1938 2559 adfin.

1106 2585 1149 2610 38.
1177 2584 1215 2608 10.
1259 2581 1287 2607 Si
1311 2580 1411 2607 nullum
1436 2591 1467 2607 ex
1491 2579 1606 2616 qualibet
1633 2577 1765 2612 sanguinis
1792 2575 1873 2607 linea,
1897 2574 1940 2601 vel

1109 2626 1173 2652 iuris
1198 2623 1293 2654 titulo,
1321 2624 1462 2660 legitimum
1490 2621 1626 2657 reliquerit
1648 2620 1787 2645 intestatus
1809 2617 1938 2645 heredem.

1109 2668 1159 2695 Th.
1179 2667 1209 2694 C.
1229 2667 1263 2693 X.
1282 2669 1321 2693 10.
1347 2678 1367 2694 c,
1386 2669 1427 2693 30.
1448 2676 1487 2703 pr.
1507 2664 1539 2691 de
1558 2668 1609 2700 pet.
1630 2667 1655 2688 et
1673 2661 1742 2688 ultro
1762 2661 1813 2688 dat.
1848 2661 1940 2688 Mater-

1110 2721 1158 2737 nae
1178 2720 1229 2742 res,
1248 2709 1290 2736 vel
1309 2720 1375 2746 quae
1394 2719 1441 2746 per
1459 2706 1565 2733 eandem
1584 2705 1679 2731 lineam
1696 2705 1811 2731 veniunt.
1832 2714 1852 2730 c.
1865 2706 1889 2730 2.
1907 2702 1939 2728 de

1109 2754 1169 2780 bon.
1193 2758 1300 2779 matern.
1324 2754 1347 2778 6.
1372 2755 1412 2778 60.
1438 2750 1468 2776 cf.
1498 2759 1518 2775 c.
1538 2751 1562 2775 2.
1588 2747 1620 2774 de
1642 2747 1703 2774 bon.
1727 2757 1769 2784 qu.
1792 2746 1837 2773 lib.
1857 2748 1879 2773 6.
1898 2746 1937 2771 61.

1085 2787 1087 2836 l
1110 2807 1130 2823 c.
1152 2797 1192 2823 18.
1212 2806 1250 2833 pr.
1271 2795 1303 2822 de
1322 2795 1376 2821 iure
1395 2793 1474 2820 delib.
1493 2793 1516 2817 6.
1536 2792 1576 2817 30.

1468 2837 1501 2861 69
