2197 3121
263 192 327 223 224

268 370 290 386 s.
316 359 424 396 implere
449 358 634 385 inductionem.
678 355 834 394 Corporalis
859 354 974 381 traditio.
1007 352 1058 380 Th.
1078 352 1109 379 C.

269 454 370 483 proscr.
412 443 454 470 III.
480 445 545 471 (711.
578 442 669 469 Portio
696 442 763 478 legis
790 440 922 468 Falcidiae
946 439 1016 477 apud
1039 438 1112 465 here-

270 487 329 514 dem
357 487 416 524 ipso
444 488 498 513 iur«¹
527 491 656 515 remanet.
681 486 732 511 etsi
757 484 930 522 corporaliter
956 491 999 509 res
1024 482 1051 508 in
1070 491 1112 507 so-

270 530 354 557 lidum
374 529 515 556 translatae
534 534 603 555 sunt.
632 528 663 555 fr.
685 530 707 554 l.
733 528 755 562 3.
775 530 799 554 5.
827 527 878 563 Qu.
898 526 1006 562 legator.
1026 526 1068 551 43.
1087 525 1112 550 3.
1132 529 1134 537 ¹

272 583 293 600 c.
314 575 354 599 la.
374 572 405 599 ad
420 572 448 598 L.
463 572 533 598 Falc.
553 573 576 599 6.
591 574 632 598 50.
670 570 751 608 Corp.
765 571 869 608 pignori
889 569 965 596 datus
985 567 1113 601 (servus).

271 616 302 643 sr.
323 618 346 642 1.
366 616 387 649 3.
409 617 448 641 15.
469 615 501 642 de
520 615 551 641 A.
572 625 596 641 v.
617 615 647 641 A.
667 614 695 641 P.
715 616 756 640 41.
775 615 800 639 2.
832 628 865 632 —
897 613 927 646 ξ.
947 613 982 638 2.
1013 612 1112 637 Manu

271 661 401 686 sublata
426 660 566 695 confirm
575 664 671 685 atum.
707 656 750 683 III.
771 657 837 684 (711.
869 652 1039 682 Iureiurando
1059 663 1115 680 cor-

271 701 397 740 poraliter
416 702 552 739 praestito.
577 711 598 727 c.
620 702 642 726 1.
662 701 685 726 si
705 699 762 726 adv.
782 698 927 725 vendition.
947 700 972 724 2.
991 698 1034 724 28.
1054 707 1075 723 e.
1089 698 1113 723 3.

272 747 295 772 si
315 746 376 771 min.
397 754 426 771 se
444 745 534 771 maior.
554 746 578 770 2.
597 745 640 770 4-3.

296 788 542 822 corporatio.
581 788 782 821 Collegium,
803 786 941 819 Corpus.
978 783 1022 810 111.
1048 784 1114 811 011.

273 831 329 858 Sub
349 832 438 868 specie
462 830 584 868 publicae
608 829 814 866 corporationis,
839 831 993 865 procreatos
1016 826 1115 853 liberos

273 879 400 901 conantur
419 875 479 909 iugo
499 873 634 900 servitutis
654 870 802 898 absolvere.
831 869 900 897 Νῦν.
913 870 948 897 D.
967 869 1069 896 SeverI.
1083 868 1116 895 de

274 922 404 955 corporat.
423 916 455 942 V.
475 918 500 942 2.
519 926 540 942 c.
563 917 586 941 l.

310 961 552 993 (tm-potatus.
595 959 745 992 collegio
768 959 888 989 alicui,
917 958 957 983 ad
979 957 1115 982 salutem

275 1006 366 1031 urbis
390 1003 588 1033 necessario,
612 1002 812 1034 adscriptus.
853 999 872 1026 I.
898 1000 960 1034 Sy.
997 998 1117 1035 Corpora

274 1048 345 1073 varia
364 1046 506 1072 hominum.
544 1043 685 1081 Corporati
706 1042 814 1076 (urhis).
843 1042 893 1069 Th.
909 1042 940 1069 C.
960 1041 1031 1068 XIV.
1050 1044 1075 1067 2.
1096 1051 1117 1067 c.

276 1092 299 1116 l.
319 1100 341 1116 c.
359 1091 384 1115 3.
404 1098 444 1125 sq.
470 1087 502 1114 (18
525 1087 614 1124 privil.
639 1091 771 1123 corporat.
812 1085 937 1112 Romanis
962 1084 1118 1122 corporibus

275 1133 377 1160 inserti.
425 1131 567 1167 Corporati
595 1129 668 1156 urbis
697 1130 829 1155 sacratiss.
866 1128 904 1155 lb.
930 1128 949 1154 I.
977 1129 1001 1154 6.
1031 1138 1052 1154 c.
1077 1129 1118 1153 11.

275 1175 381 1210 (ch.)
402 1174 434 1201 de
448 1173 491 1200 oss.
504 1172 555 1199 Prf.
567 1172 613 1199 Vr.
643 1172 686 1199 III.
701 1173 766 1200 Cn.
791 1172 917 1203 Senator,
936 1170 980 1198 vel
999 1180 1120 1208 corpora-

276 1224 320 1246 tus
341 1217 414 1244 urbis
428 1221 555 1243 aeternae.
584 1215 622 1242 lb.
642 1215 658 1242 l.
679 1215 696 1242 l.
717 1215 748 1241 cf.
768 1214 787 1241 Ι.
808 1217 848 1241 10.
870 1225 890 1241 c.
911 1215 935 1241 4.
956 1213 1066 1248 (ch.)
1087 1213 1119 1240 de

277 1262 321 1288 off.
342 1270 408 1288 com.
428 1259 456 1286 S.
476 1259 554 1295 largg.
591 1258 708 1287 Iudices.
734 1274 767 1278 —
791 1268 841 1284 una
866 1268 924 1284 cum
942 1256 1119 1294 municipibus

278 1309 305 1331 et
324 1304 470 1340 corporatis
491 1301 608 1329 eiusdem
627 1301 687 1328 loci.
718 1311 740 1327 c.
760 1302 784 1328 8.
812 1301 843 1328 de
868 1300 1010 1327 navicular.
1036 1302 1076 1326 11.
1096 1302 1119 1326 1.

277 1347 437 1383 Municipes.
463 1345 594 1381 collegiati
617 1349 643 1371 et
668 1345 801 1381 corporati
824 1344 929 1371 urbium
951 1343 1120 1379 singularum.

277 1390 329 1417 Th.
345 1389 375 1416 C.
391 1390 424 1415 X.
445 1390 468 1415 3.
490 1399 511 1414 c.
531 1390 554 1414 5.
575 1387 607 1414 de
626 1387 675 1414 loc.
696 1387 768 1414 fund.
788 1389 836 1414 iur.
857 1387 943 1425 empli.
981 1386 1121 1423 Collegiati

278 1439 305 1460 et
323 1433 458 1463 vitutiarii.
478 1437 502 1457 et
523 1432 663 1458 nemesiaci
683 1436 732 1458 etc.
752 1447 785 1450 —
805 1435 830 1457 et
844 1430 1005 1466 singularum
1018 1431 1121 1457 urbium

279 1476 419 1513 corporati.
448 1475 484 1501 lb.
505 1474 576 1501 XIV.
597 1476 619 1501 7.
645 1485 666 1500 c.
686 1476 710 1500 2.
736 1473 768 1500 de
788 1473 918 1510 collegiat.
955 1473 1076 1500 Curiales
1097 1478 1122 1500 et

279 1520 388 1547 obnoxii
408 1519 548 1555 corporati.
578 1517 645 1544 Nor.
665 1517 799 1544 Maiorian.
819 1516 852 1543 de
872 1517 961 1544 eurial.
981 1516 1026 1544 IV.
1052 1519 1075 1544 7.
1100 1527 1121 1543 c.

279 1565 303 1590 1.
325 1563 346 1596 3.
366 1564 390 1589 8.
411 1562 443 1588 cf.
463 1560 512 1588 Th.
533 1560 565 1587 C.
584 1559 628 1587 YI.
648 1562 690 1587 36.
710 1571 731 1587 c.
752 1562 775 1586 l.
795 1559 828 1587 de
848 1565 963 1597 eqnestr.
983 1560 1052 1597 dign.

315 1606 472 1638 Corpus.
503 1604 534 1637 §-
554 1605 589 1630 1.
609 1603 641 1630 A.
674 1605 824 1630 Hominis
838 1605 971 1639 figura.
1000 1603 1031 1629 II.
1054 1605 1121 1637 Op.

280 1648 420 1686 Corporis,
440 1663 472 1666 —
492 1646 602 1678 Mentis,
623 1656 644 1673 s.
664 1646 762 1678 Animi,
782 1647 905 1679 (vitium,
929 1656 954 1672 v.
974 1645 1122 1678 damnum).

282 1692 313 1719 fr.
327 1694 351 1718 9.
371 1691 392 1725 3.
406 1692 430 1717 3.
451 1690 483 1716 de.
502 1699 579 1716 servo
599 1699 666 1715 corr.
688 1691 728 1715 11.
748 1691 773 1715 3.
799 1688 829 1715 sr.
845 1690 867 1715 1.
887 1689 909 1722 3
924 1690 965 1715 10.
985 1688 1017 1715 de
1036 1688 1122 1716 Aedil.

281 1735 359 1762 edict.
378 1736 420 1760 21.
442 1735 464 1759 1.
502 1732 536 1758 III
560 1734 626 1760 Cn.
646 1731 751 1768 Quodsi
770 1742 802 1758 ex
820 1731 871 1758 boc
885 1733 990 1769 corpori
1004 1731 1122 1764 alicuius,

280 1779 364 1804 vitae.
385 1776 544 1804 membrisve
563 1780 696 1802 noceatur.
725 1775 797 1801 Paul.
818 1774 850 1801 Υ.
869 1776 893 1801 3.
913 1775 974 1808 3.1.
1012 1775 1122 1807 Cadere.

282 1825 326 1847 aut
344 1821 418 1847 mori.
439 1823 483 1845 aut
501 1818 587 1854 aliqua
606 1823 681 1855 parte
701 1819 820 1855 corporis
834 1817 910 1844 laedi.
936 1817 993 1845 Gai.
1006 1818 1050 1845 III.
1063 1820 1123 1845 219.

283 1863 327 1890 Ob
347 1872 402 1889 eam
421 1872 475 1889 rem
499 1872 545 1897 ego
566 1861 614 1887 tibi
634 1877 666 1880 —
684 1871 776 1888 manus
800 1862 903 1893 iniicio;
927 1866 953 1888 et
976 1861 1055 1888 simul
1081 1860 1124 1887 ali-

284 1916 361 1943 quam
388 1909 489 1942 partcm
513 1905 632 1941 corporis
658 1904 713 1930 eius
737 1904 891 1941 prendebat.
925 1904 982 1930 Gai.
1013 1903 1058 1931 IV.
1082 1905 1124 1929 21.

284 1948 420 1976 Auxilium
439 1963 471 1966 —
491 1947 559 1973 serre
578 1947 671 1973 debet.
696 1951 721 1973 et
747 1948 838 1979 armis,
864 1952 890 1973 et
914 1957 1004 1979 manu,
1032 1951 1057 1973 et
1076 1946 1126 1973 cla-

284 1992 417 2023 moribus,
443 1994 468 2016 et
487 1990 593 2016 obiectu
617 1990 744 2027 corporis.
775 1989 805 2016 sr.
826 1992 866 2016 19.
893 1990 925 2016 (18
945 1989 972 2016 S.
993 1989 1024 2016 C.
1044 1989 1126 2016 Silan.

283 2037 326 2062 29.
346 2037 370 2061 5.
408 2033 461 2069 Qui
481 2032 572 2059 babitu
586 2034 705 2070 corporis
720 2033 804 2070 pubes
819 2033 934 2070 adparet.
964 2032 1021 2059 Gai.
1035 2032 1054 2058 I.
1070 2034 1126 2059 196.

286 2078 318 2105 cl'.
343 2077 373 2104 fr.
393 2079 435 2103 32.
465 2076 496 2102 de
520 2077 611 2102 minor.
636 2078 660 2102 4.
680 2077 703 2102 4.
749 2075 778 2102 In
802 2086 878 2102 suum
903 2085 999 2113 corpus
1019 2076 1127 2102 saevire.

286 2122 319 2148 11.
338 2123 362 2148 9.
382 2120 404 2154 3.
425 2122 448 2146 7.
472 2119 505 2145 (18
523 2119 608 2156 pecul.
635 2122 674 2145 15.
698 2121 719 2145 l.
762 2119 791 2145 In
811 2130 923 2156 corpore
943 2129 991 2145 suo
1011 2128 1127 2155 peccare.

286 2164 334 2191 lul.
355 2174 395 2201 ep.
415 2173 475 2189 nov.
496 2172 516 2188 e.
537 2163 578 2188 67.
604 2163 626 2196 3.
645 2163 704 2188 241.
730 2172 751 2189 c.
772 2164 829 2188 107.
854 2163 876 2196 3.
896 2164 956 2189 373.
999 2161 1067 2188 Cum
1085 2161 1129 2188 ali·
1149 2147 1151 2155 Α

289 2217 341 2244 quo
363 2215 458 2242 corpus
478 2206 596 2231 miscere.
628 2205 657 2231 l'r.
680 2207 736 2232 144.
763 2205 794 2231 (18
815 2205 845 2232 Y.
867 2206 893 2232 S.
919 2207 960 2232 50.
981 2206 1021 2231 16.
1065 2204 1130 2231 Cor-

289 2260 355 2287 pore
375 2259 422 2275 sno
442 2248 577 2274 mulin-bria
597 2249 659 2284 pati.
695 2248 725 2274 fr.
747 2250 769 2274 1.
796 2249 817 2282 3.
837 2250 861 2275 6,
888 2248 920 2275 (18
939 2248 1037 2285 postul.
1062 2250 1086 2274 3.
1109 2250 1129 2274 I.

290 2292 412 2329 Corpore
431 2291 515 2327 palam
536 2296 672 2327 quan-stum
693 2290 785 2317 sarcre.
820 2291 850 2317 sr.
868 2293 911 2317 47.
936 2291 968 2317 de
987 2291 1018 2317 R.
1038 2290 1070 2317 N.
1089 2292 1130 2317 23.

289 2338 314 2362 2.
344 2334 404 2371 1⁷11).
425 2333 494 2360 Mll.
517 2335 537 2359 l.
568 2333 636 2360 Coll.
651 2333 704 2360 LL.
718 2334 752 2360 M.
772 2334 816 2361 IX.
836 2336 860 2360 2.
890 2334 954 2360 Tab.
970 2333 1070 2360 Hei-acl.
1086 2333 1130 2360 lin.

291 2380 332 2404 48.
352 2388 392 2414 sq.
413 2386 463 2403 aer.
484 2375 564 2412 *No-ap,
593 2392 623 2396 —
657 2378 687 2410 §-
709 2378 744 2403 1.
764 2377 794 2404 B.
832 2379 974 2404 Persona
995 2379 1074 2411 ipsa.
1112 2376 1130 2403 1.
1152 2376 1154 2398 ἶ

292 2422 353 2455 Sy.
391 2419 498 2457 Capita,
527 2419 646 2455 Corpora
677 2420 802 2452 (liba—ra).
837 2420 868 2446 cl'.
894 2430 918 2446 v.
943 2420 1037 2457 Caput.
1067 2420 1088 2454 3
1107 2422 1131 2445 2.

293 2464 401 2490 Servus.
431 2462 487 2488 Gai.
502 2460 616 2487 tlt-212.
646 2462 901 2499 Corporatironum.
931 2462 1052 2489 Tirones.
1083 2461 1131 2488 Th.

293 2506 325 2533 C.
345 2505 401 2532 Vll.
428 2507 467 2531 13.
492 2514 513 2530 c.
532 2507 557 2530 2.
582 2514 603 2530 c.
624 2505 637 2529 7

642 2525 646 2530 .
671 2515 692 2530 c.
714 2507 752 2531 14.
777 2505 809 2531 (18
834 2507 911 2531 tiron.
954 2505 1068 2542 Corpori
1097 2506 1133 2531 in-

295 2548 401 2576 dictum.
420 2546 571 2579 Personale.
591 2547 737 2583 Corporale
757 2548 884 2580 (munus).
905 2547 935 2574 fr.
951 2549 973 2574 1.
988 2548 1009 2582 3.
1022 2549 1046 2574 3.
1067 2547 1097 2574 [ι’.
1108 2549 1132 2573 3
1155 2542 1157 2584 Ξ
1178 2546 1250 2582 poris
1270 2545 1324 2570 ius.
1345 2553 1376 2569 ex
1396 2552 1447 2578 quo
1467 2542 1656 2578 percipiuntur.
1677 2550 1754 2578 quam
1772 2540 1889 2571 seminis.
1911 2550 1944 2567 ex
1961 2550 2014 2576 quo

295 2592 317 2624 3.
336 2593 360 2617 3.
389 2590 419 2617 sr.
439 2592 462 2616 4.
483 2591 504 2623 3.
523 2591 546 2615 2.
576 2588 606 2616 sr.
628 2591 667 2615 125.
686 2599 725 2626 pr.
755 2589 786 2616 (18
810 2601 879 2617 mun.
905 2596 929 2617 et
954 2590 1014 2617 lion.
1042 2593 1084 2617 50.
1109 2591 1134 2616 4.

296 2632 327 2659 11.
348 2635 413 2668 01).
445 2633 565 2669 Corpora
584 2632 776 2669 (personarum.
796 2643 818 2659 v.
839 2634 973 2667 tironum).
998 2649 1030 2653 -
1057 2633 1136 2660 Pecu-

297 2675 353 2701 nia.
372 2674 500 2707 Pretium,
525 2675 625 2701 Aurum
643 2685 692 2712 pro
712 2675 876 2712 corporibus.
905 2676 951 2703 Iul.
973 2686 1014 2713 cp.
1034 2686 1093 2702 nov.
1114 2685 1134 2702 c.

299 2719 339 2744 13.
359 2717 380 2750 3.
401 2720 441 2744 49.
471 2717 520 2744 Th.
541 2717 571 2744 C.
597 2717 614 2743 l.
634 2717 650 2743 l.
692 2716 734 2743 111.
764 2719 830 2745 Cn.
864 2718 923 2745 Non
949 2718 1034 2746 solum
1058 2719 1137 2756 patri-

298 2760 421 2788 monium.
442 2760 487 2786 sed
507 2765 532 2786 et
551 2770 648 2798 corpus
673 2770 701 2787 ac
720 2759 791 2787 salus
812 2760 904 2787 furiosi
923 2762 1034 2795 (tueri).
1060 2761 1091 2788 [ι’.
1113 2762 1136 2787 7.

299 2812 339 2840 pr.
363 2801 395 2828 dc
415 2812 467 2828 cur.
488 2802 535 2828 sur.
559 2805 601 2829 27.
622 2804 662 2828 10.
705 2804 780 2839 Quae
804 2804 860 2830 esni
879 2805 1020 2840 potuique,
1047 2803 1139 2830 cultui-

301 2855 351 2882 que
371 2845 489 2882 corporiS
509 2861 540 2865 -—
560 2847 708 2873 necessaria
727 2850 796 2872 sunt.
822 2845 852 2872 sr.
866 2847 907 2872 43.
927 2856 967 2882 sq.
988 2845 1019 2872 cs.
1034 2845 1064 2872 sr.
1078 2847 1137 2872 203.

1078 183 1180 216 COR.

267 273 329 300 liter
347 274 461 307 (tent-re.
483 281 504 298 s.
523 270 683 309 possidere).
709 269 739 296 fr.
758 270 801 296 23.
820 279 860 306 pr.
879 269 945 303 3.1.
965 267 996 294 sr.
1015 267 1056 293 24.
1077 265 1110 292 (18
1131 266 1133 270 ’

267 317 300 345 Α.
319 327 346 342 v.
360 317 391 342 A.
405 315 433 342 P.
453 317 494 341 41.
513 317 538 341 2.
568 313 639 341 Paul.
659 312 691 340 V.
712 315 752 339 11.
772 312 794 346 3.
808 314 832 338 2.
870 310 983 348 Corpor.
997 309 1109 341 tradere,
1131 323 1132 332 ι

1154 265 1187 292 (18
1206 264 1237 291 V.
1252 264 1280 291 S.
1300 266 1342 291 50.
1358 265 1398 291 16.
1434 264 1498 292 Erat
1517 266 1644 302 iniquum.
1664 267 1807 302 nequitiam
1827 277 1916 294 eorum
1930 266 1997 294 ultra

1153 310 1273 346 ipsorum
1293 317 1403 345 corpora
1422 308 1576 345 parentibus
1597 308 1745 335 dominisve
1764 308 1916 337 damnosam
1929 320 1996 337 esse.

1130 379 1133 393 .*
1154 352 1212 378 Gai.
1232 350 1277 377 IV.
1293 352 1333 377 75.
1366 350 1435 377 Cum
1453 351 1603 378 omnimodo
1624 351 1762 388 quemdam
1781 362 1814 379 ex
1832 351 1874 379 his
1886 352 1998 379 liberum

268 402 337 429 VIII.
359 404 398 427 12.
425 412 446 427 c.
467 403 489 427 1.
516 411 555 437 sq.
581 410 602 426 e.
622 401 646 426 8.
671 399 689 426 1.
709 399 727 426 l.
751 398 796 426 lx.
816 400 858 424 42.
883 408 904 424 c.
926 399 966 423 15.
992 396 1025 423 de
1048 395 1110 422 bon.
1132 399 1133 423 ἱ
1155 404 1214 421 esse
1242 393 1419 431 disposuerit,
1447 398 1473 420 et
1500 403 1554 420 non
1576 393 1609 420 ad
1633 400 1733 421 certum
1758 404 1868 431 eorpus,
1895 395 1943 421 sed
1966 394 1998 422 ad

1155 447 1246 464 omnes
1265 437 1421 474 respexerit.
1450 446 1471 463 c.
1487 437 1527 463 16.
1547 436 1579 463 de
1598 436 1684 464 fidi-ic.
1705 436 1769 463 libb.
1790 439 1813 464 7.
1832 439 1857 464 4.
1877 437 1908 464 cf.
1929 437 1960 464 fr.
1973 440 1997 465 9.

1154 491 1195 518 pr.
1215 480 1247 506 de
1266 479 1355 507 liei-ed.
1376 480 1437 505 inst.
1460 480 1502 506 28.
1521 481 1546 506 5.
1586 479 1712 507 Liberum
1737 490 1843 518 corpuS.
1878 480 1908 507 sr.
1927 482 1951 507 3.
1975 482 1998 508 si

1157 523 1248 561 quadr.
1267 533 1346 560 paup.
1366 524 1390 549 9.
1411 524 1434 548 1.
1458 521 1490 548 fr.
1510 523 1534 549 7.
1553 522 1586 549 de
1604 523 1629 550 h.
1651 533 1693 560 qu.
1713 522 1794 549 deiec.
1819 525 1844 550 9.
1862 524 1888 550 3.
1924 522 2000 550 Prae-

1157 567 1240 594 sentis
1260 567 1380 603 corporis
1401 566 1475 602 copia
1488 570 1521 592 et
1539 565 1657 592 facultas.
1676 565 1707 592 fr.
1727 568 1786 593 215.
1807 565 1839 592 de
1858 565 1890 592 V.
1910 565 1938 592 S.
1957 568 1999 592 50.

1159 611 1198 636 16.
1228 609 1260 635 cf.
1280 609 1310 636 fr.
1332 611 1355 635 1.
1379 609 1445 642 3.1.
1470 607 1502 634 de
1522 613 1589 635 auct.
1609 614 1635 635 et
1653 619 1726 636 cons.
1750 610 1792 636 26.
1812 610 1836 636 8.
1877 608 2001 635 Iniuriam

1157 653 1270 689 patimur
1290 668 1322 672 —
1341 653 1368 678 in
1388 660 1497 688 corpu83
1522 666 1554 670 —
1579 656 1652 678 extra
1676 662 1773 689 corpus
1793 657 1843 679 etc.
1874 651 1948 679 Paul.
1967 651 2000 678 V.

1157 697 1182 721 4.
1202 695 1240 728 33.
1267 696 1289 721 l.
1309 696 1334 721 4.
1363 694 1433 721 Coll.
1452 693 1506 720 LL.
1526 693 1559 721 M.
1584 694 1615 721 II.
1639 696 1663 721 4.
1683 697 1707 722 5.
1750 695 1855 731 Quodsi
1878 697 2002 732 ingenuo-

1158 748 1230 768 rum.
1250 737 1313 764 licet
1331 737 1508 775 plebeiorum,
1533 746 1644 774 corpora
1667 737 1764 765 fuerint
1787 738 1866 766 laesa.
1895 738 1946 765 Th.
1969 737 2001 765 C.

1158 781 1202 808 IX.
1222 782 1264 808 37.
1289 791 1310 807 c.
1330 782 1355 807 4.
1379 779 1412 806 ‹le
1431 780 1521 806 abolit.
1558 780 1676 818 Excepta
1699 783 1837 808 tormentis
1861 786 1924 808 sunt
1947 791 2002 809 cor-

1159 834 1224 862 pora
1242 823 1389 850 bonoribus
1408 822 1595 860 praeditorum.
1623 823 1661 850 lb.
1680 823 1726 851 IX.
1747 826 1787 851 16.
1812 835 1833 851 c.
1853 826 1877 851 6.
1901 824 1934 851 de
1952 835 2003 851 ma-

1137 906 1139 910 .
1159 867 1228 894 lelic..
1255 866 1286 893 cf.
1305 866 1362 893 XII.
1385 868 1407 892 1.
1428 876 1449 893 c.
1462 868 1504 892 39.
1525 876 1546 893 c.
1558 868 1598 893 75.
1619 866 1653 893 de
1666 866 1800 894 decurion.
1820 884 1853 887 —
1873 868 1904 902 §.
1920 869 1956 894 1.
1971 867 2002 895 C.

1161 912 1310 937 Cadaver
1338 911 1490 936 hominis.
1531 909 1551 936 I.
1572 910 1634 944 Sy.
1664 909 1793 937 Mortuus.
1826 910 1899 938 Paul.
1923 910 1942 937 1.
1960 912 2002 937 21.

1161 953 1198 987 33.
1220 954 1242 979 l.
1262 962 1321 989 sqq.
1346 954 1370 978 6.
1390 961 1449 988 sqq.
1479 951 1509 978 fr.
1528 954 1553 979 2.
1578 953 1615 987 33.
1637 954 1659 979 1.
1680 962 1739 989 sqq.
1769 953 1800 980 fr.
1819 955 1861 980 40.
1886 963 1945 990 sqq.
1971 953 2004 980 de

1162 995 1234 1032 relig.
1260 997 1300 1022 11.
1321 996 1343 1021 7.
1373 994 1405 1021 fr.
1427 996 1449 1021 1.
1475 994 1508 1021 de
1530 1000 1606 1022 mort.
1632 995 1706 1022 infer.
1733 997 1772 1022 11.
1797 998 1821 1022 8.
1867 995 2005 1032 Reliquiae

1163 1038 1368 1072 (mortuorum).
1397 1047 1418 1064 c.
1440 1039 1462 1064 l.
1484 1047 1504 1064 c.
1525 1040 1565 1065 10.
1586 1049 1607 1065 c.
1629 1040 1669 1065 12.
1690 1038 1722 1065 de
1741 1038 1814 1075 relig.
1833 1040 1858 1065 3.
1877 1040 1920 1065 44.
1956 1039 2005 1066 Ca-

1163 1081 1250 1108 daver.
1275 1080 1307 1108 fr.
1326 1082 1351 1108 3.
1371 1081 1409 1115 33.
1430 1082 1453 1107 4.
1475 1090 1533 1118 sqq.
1553 1080 1584 1107 fr.
1605 1083 1627 1108 7.
1648 1081 1681 1108 (18
1701 1081 1801 1118 sepulc.
1820 1081 1884 1108 viol.
1902 1083 1945 1108 47.
1965 1083 2005 1108 11.

1162 1124 1206 1151 ΙΙΙ.
1222 1126 1288 1152 Cn.
1317 1124 1446 1161 Corpora,
1466 1129 1510 1150 aut
1529 1134 1589 1151 ossa
1608 1129 1779 1151 mortuorum.
1799 1124 1830 1150 fr.
1848 1126 1873 1151 2.
1892 1125 1930 1159 33.
1943 1127 1968 1152 2.
1981 1127 2006 1152 5.

1164 1168 1195 1194 fr.
1215 1169 1257 1194 38.
1278 1166 1310 1194 de
1329 1166 1404 1204 relig.
1425 1169 1466 1193 ll.
1487 1168 1509 1194 7.
1539 1166 1569 1194 fr.
1590 1169 1630 1194 11.
1650 1166 1683 1193 de
1702 1167 1803 1205 sepulc.
1821 1167 1884 1194 viot.
1903 1170 1945 1195 47.
1966 1170 2006 1195 ll.

1165 1210 1263 1238 Curam
1288 1210 1420 1237 condendi
1447 1211 1567 1247 corporis
1592 1211 1738 1247 suscipere.
1766 1210 1798 1236 11.
1816 1213 1858 1237 88.
1883 1211 1905 1244 3.
1926 1213 1949 1238 1.
1975 1211 2008 1238 de

1163 1254 1240 1291 legat.
1265 1253 1296 1280 ss.
1323 1254 1398 1287 (31.)
1431 1252 1462 1279 fr.
1484 1254 1523 1279 14.
1548 1253 1570 1286 3.
1595 1255 1619 1279 5.
1646 1252 1679 1279 fr.
1698 1254 1740 1280 39.
1764 1253 1796 1279 de
1819 1252 1891 1289 relig.
1917 1255 1956 1280 11.
1983 1255 2006 1280 7.

1165 1297 1272 1334 Corpus
1293 1301 1436 1334 perpetuae
1455 1295 1606 1333 sepulturae
1624 1295 1762 1327 traditum,
1786 1295 1830 1322 vel
1853 1296 1886 1322 ad
1904 1301 2008 1334 tempus

1165 1340 1243 1367 alicui
1262 1339 1321 1366 loco
1341 1339 1558 1366 commendatum.
1587 1338 1659 1365 Paul.
1678 1338 1698 1365 I.
1716 1340 1759 1365 21.
1779 1339 1860 1373 331.
1879 1340 1904 1365 3.
1923 1349 1963 1376 sq.
1983 1341 2008 1367 9.

1166 1399 1199 1403 —
1224 1384 1255 1417 ἓ.
1281 1384 1316 1409 8.
1346 1384 1482 1409 Factum
1506 1383 1659 1414 hominis,
1689 1383 1789 1408 Actus
1813 1384 2008 1416 corporalia.

1165 1426 1196 1453 II.
1219 1428 1286 1460 01).
1318 1425 1386 1452 Iuris
1405 1425 1496 1461 magi8‚
1516 1434 1592 1461 quam
1611 1425 1745 1461 corporis,
1765 1426 1837 1458 (esse
1856 1424 1887 1451 B.
1906 1424 2009 1459 Pnem).

1167 1470 1197 1496 t'r.
1217 1471 1242 1496 3.
1262 1470 1284 1503 3.
1305 1471 1329 1495 1.
1348 1468 1381 1495 (18
1400 1468 1431 1495 B.
1452 1467 1480 1494 P.
1499 1469 1542 1494 37.
1561 1469 1585 1494 1.
1621 1468 1726 1500 Animo,
1745 1483 1778 1487 —
1798 1466 1920 1505 Corpore
1937 1468 2010 1505 (pos-

1166 1512 1262 1545 sidere,
1282 1522 1306 1538 v.
1325 1513 1440 1538 retinere
1459 1515 1508 1538 etc.
1527 1510 1748 1548 possessionem).
1776 1509 1849 1537 Paul.
1863 1509 1894 1537 V.
1908 1512 1932 1536 2.
1952 1511 1974 1545 3.
1986 1513 2008 1538 l.

1167 1555 1198 1582 fr.
1217 1557 1242 1582 3.
1264 1555 1301 1589 33.
1323 1557 1345 1581 1.
1366 1564 1425 1591 sqq.
1445 1556 1470 1581 S.
1489 1553 1520 1580 fr.
1540 1555 1581 1580 44.
1602 1554 1624 1588 3.
1643 1556 1668 1580 2.
1688 1553 1721 1580 de
1739 1553 1771 1580 A.
1790 1563 1815 1580 v.
1834 1553 1866 1580 A.
1880 1552 1910 1581 P.
1929 1555 1971 1580 41.
1984 1556 2008 1581 2.

1166 1598 1210 1625 ΠΙ.
1226 1600 1292 1626 Gn.
1317 1597 1438 1635 Corpore
1452 1602 1478 1624 et
1491 1602 1549 1624 actu
1568 1596 1778 1634 (adprehendere
1790 1597 2010 1634 possessionem).

1167 1642 1197 1668 11.
1219 1643 1241 1667 l.
1260 1641 1282 1675 3.
1302 1642 1344 1668 21.
1371 1641 1406 1667 ib.
1425 1642 1467 1667 41.
1486 1643 1511 1667 2.
1551 1640 1586 1666 Et
1605 1641 1690 1666 animo
1710 1644 1737 1666 et
1755 1649 1866 1676 corpore
1885 1641 2010 1677 (posses-

1167 1686 1268 1710 sionem
1294 1683 1461 1720 adquirere).
1494 1682 1567 1709 Paul.
1587 1682 1604 1709 I.
1624 1682 1640 1709 l.
1666 1682 1697 1709 fr.
1716 1684 1741 1709 3.
1760 1682 1826 1716 3.1.
1850 1682 1867 1709 1.
1886 1682 1904 1709 l.
1922 1685 1964 1710 41.
1983 1685 2008 1710 2.

1168 1727 1288 1764 Corpore
1307 1736 1356 1753 suo
1376 1725 1498 1752 danmum
1516 1725 1631 1752 dedisse.
1651 1724 1708 1752 Gai.
1727 1725 1770 1751 lII.
1789 1727 1848 1752 219.
1868 1741 1902 1745 —
1921 1726 1952 1760 §-
1971 1728 2009 1753 3.

1167 1771 1199 1796 A.
1238 1771 1436 1796 Substantia
1461 1779 1574 1796 rerum.
1611 1768 1631 1795 1.
1653 1769 1715 1803 Sy.
1744 1768 1906 1795 Substantia.
1935 1768 1967 1796 fr.
1986 1770 2010 1796 9.

1167 1814 1189 1848 3.
1209 1815 1233 1839 3.
1262 1812 1295 1839 ad
1319 1812 1406 1839 exhib.
1432 1814 1471 1838 10.
1496 1814 1520 1838 4.
1549 1811 1580 1838 fr.
1604 1813 1647 1838 20.
1675 1811 1709 1838 de
1733 1816 1816 1838 contr.
1837 1816 1896 1838 emt.
1924 1813 1966 1839 18.
1987 1814 2010 1838 1.

1169 1857 1279 1894 Species
1299 1860 1377 1882 certa.
1402 1855 1433 1881 sr.
1446 1856 1488 1881 34.
1508 1855 1546 1889 33.
1559 1856 1583 1881 3.
1599 1864 1657 1891 sqq.
1677 1854 1799 1891 dte-legat.
1813 1854 1832 1881 Ι.
1852 1855 1920 1889 (30.)
1948 1855 2011 1882 Aui-

1169 1899 1228 1931 mal,
1247 1899 1414 1936 Mancipium,
1433 1897 1526 1924 Homo.
1555 1897 1587 1925 fr.
1601 1899 1642 1924 ¹23.
1663 1897 1685 1931 3.
1705 1898 1730 1924 8.
1753 1897 1784 1924 [ι’.
1803 1898 1845 1923 26.
1865 1907 1905 1934 sq.
1924 1897 1955 1924 fr.
1968 1899 2010 1924 29.

1170 1944 1192 1978 3.
1212 1945 1237 1969 3.
1257 1942 1288 1969 fr.
1308 1944 1350 1968 31.
1369 1951 1408 1978 pr.
1430 1940 1462 1967 de
1481 1940 1568 1968 Aedil.
1589 1939 1666 1967 edict.
1685 1942 1726 1966 21.
1748 1942 1770 1966 1.
1790 1939 1821 1967 I'r.
1834 1942 1876 1967 30.
1895 1941 1916 1974 3.
1935 1942 1960 1967 2.
1979 1940 2011 1967 de

1171 1995 1260 2022 usurp.
1280 1987 1322 2011 41.
1341 1986 1365 2010 3.
1403 1983 1435 2010 II.
1457 1985 1524 2018 Op.
1552 1983 1653 2010 Forma.
1686 1982 1804 2020 SpecieS.
1833 1982 1863 2009 fr.
1885 1985 1925 2009 13.
1945 1984 1966 2017 3.
1987 1985 2010 2010 l.

1171 2029 1201 2055 l'r.
1222 2030 1262 2054 14.
1283 2027 1315 2054 de
1335 2026 1366 2054 V.
1386 2027 1414 2054 S.
1434 2029 1475 2053 50.
1497 2028 1536 2053 16.
1555 2026 1587 2053 fr.
1603 2027 1643 2052 18.
1668 2026 1720 2060 Qu.
1739 2030 1798 2051 met.
1819 2035 1841 2051 c.
1861 2026 1884 2051 4.
1896 2027 1920 2052 2.
1953 2025 2012 2052 Pre-

1171 2073 1248 2103 tium.
1269 2071 1440 2102 Aestimatio,
1459 2069 1580 2096 Pecunia.
1611 2068 1641 2095 l‘r.
1661 2069 1684 2094 9.
1705 2077 1745 2105 pr.
1769 2067 1802 2094 de
1825 2069 1918 2094 minor.
1943 2070 1967 2095 4.
1987 2071 2010 2095 4.

1173 2115 1202 2141 fr.
1224 2116 1264 2140 13.
1288 2114 1309 2147 3.
1329 2116 1353 2139 2.
1380 2112 1412 2139 (18
1436 2114 1537 2150 pignor.
1562 2113 1604 2137 20.
1625 2113 1648 2137 l.
1677 2110 1707 2137 fr.
1727 2112 1768 2136 21.
1793 2110 1814 2144 3.
1833 2112 1858 2136 2.
1884 2109 1916 2137 (18
1935 2112 2011 2137 evict.

1172 2160 1213 2184 21.
1233 2159 1257 2183 2.
1295 2156 1346 2188 Ius.
1367 2165 1388 2182 s.
1408 2155 1473 2181 Iura.
1500 2154 1583 2181 Vatic.
1597 2154 1618 2188 3.
1634 2155 1676 2180 92.
1695 2153 1780 2179 [1:18.
1801 2154 1821 2187 3.
1836 2155 1860 2179 2.
1881 2152 1913 2180 de
1923 2153 2012 2181 hered.

1173 2205 1225 2238 pet.
1245 2202 1269 2226 5.
1288 2201 1312 2225 3.
1337 2198 1367 2225 sr.
1389 2200 1428 2224 13.
1448 2198 1514 2232 3.1.
1534 2197 1566 2224 dc
1585 2196 1670 2222 damn.
1690 2195 1735 2222 ins.
1754 2197 1796 2222 39.
1809 2198 1833 2222 2.
1854 2196 1884 2223 fr.
1901 2198 1958 2224 178.
1973 2207 2012 2235 pr.

1174 2244 1204 2270 l'r.
1224 2245 1284 2270 222.
1305 2242 1337 2268 (18
1356 2241 1388 2268 V.
1409 2241 1435 2267 S.
1461 2243 1502 2267 50.
1523 2242 1563 2266 16.
1604 2240 1739 2266 Actiones.
1774 2238 1804 2265 fr.
1822 2241 1847 2265 3.
1866 2249 1906 2276 pr.
1931 2239 1964 2266 de
1982 2240 2012 2266 B.

1175 2287 1202 2313 P.
1222 2288 1264 2313 37.
1286 2287 1307 2311 l.
1345 2284 1465 2311 Fructus.
1495 2283 1525 2310 l'r.
1541 2285 1580 2309 14.
1601 2283 1637 2316 33.
1652 2284 1675 2308 4.
1690 2292 1748 2318 sqq.
1769 2281 1802 2308 de
1820 2283 1847 2308 in
1866 2282 1936 2309 dicm
1954 2283 2012 2310 add.

1177 2332 1216 2356 15.
1236 2332 1260 2355 2.
1298 2328 1340 2355 III.
1367 2329 1432 2355 Cn.
1464 2327 1528 2353 Eius
1547 2336 1662 2352 summae
1682 2330 1782 2362 partem
1802 2324 1942 2358 dimidiam,
1960 2336 2013 2352 non

1177 2382 1325 2409 corporum,
1346 2370 1489 2397 condicam.
1519 2368 1550 2395 sr.
1571 2370 1611 2395 19.
1632 2369 1653 2402 3.
1673 2372 1696 2395 2.
1717 2368 1750 2395 (18
1770 2367 1846 2395 cond.
1865 2368 1952 2395 indeb.
1974 2371 2013 2396 12.

1176 2418 1199 2441 6.
1236 2414 1301 2441 Loci
1325 2424 1421 2451 corpus
1445 2423 1497 2439 non
1521 2416 1561 2438 est
1586 2411 1695 2438 dominii
1713 2413 1805 2449 ipsius.
1839 2411 1870 2437 fr.
1889 2413 1913 2438 4.
1932 2422 1972 2449 pr.
1991 2413 2014 2438 si

1153 2468 1155 2500 ζ
1177 2459 1266 2484 servit.
1286 2461 1310 2483 ὅ.
1331 2459 1354 2483 5.
1380 2456 1410 2483 fr.
1430 2458 1471 2482 40.
1492 2454 1524 2481 dc
1543 2455 1574 2481 A.
1594 2455 1623 2481 Ε.
1644 2454 1676 2482 V.
1697 2456 1737 2482 19.
1757 2456 1779 2481 1.
1804 2453 1834 2480 sr.
1853 2455 1878 2480 8.
1898 2453 1931 2480 de
1949 2465 2014 2491 aqua

1178 2506 1203 2527 et
1222 2511 1279 2537 aqu.
1300 2500 1335 2538 pl.
1355 2501 1395 2526 39.
1410 2501 1434 2525 3.
1471 2498 1501 2524 In
1520 2498 1698 2536 percipiendis
1718 2497 1846 2524 fructibus
1865 2498 1946 2533 magis
1960 2507 2014 2524 cor-

1180 2589 1311 2618 oriuntur,
1331 2585 1483 2622 adspicitur.
1507 2585 1538 2610 1”ι·.
1552 2587 1593 2610 25.
1614 2584 1636 2618 3.
1658 2586 1680 2610 l.
1700 2583 1733 2610 (18
1753 2593 1823 2610 usur.
1841 2585 1884 2609 22.
1905 2585 1927 2609 l.
1954 2582 2014 2609 Non

1180 2634 1312 2657 numerata
1335 2629 1457 2665 pecunia.
1482 2627 1529 2653 sed
1554 2629 1611 2664 ipsa
1635 2637 1744 2664 corpora
1770 2635 1944 2657 nummorum,
1972 2625 2014 2652 vel

1157 2704 1159 2708 .
1180 2675 1217 2700 rei
1235 2673 1342 2709 legatae,
1362 2672 1536 2697 continentur.
1556 2671 1586 2697 l'r.
1599 2672 1640 2696 51.
1661 2669 1693 2696 de
1712 2669 1787 2705 legat.
1808 2668 1828 2698 1.-
1846 2668 1912 2701 (30.)
1932 2667 1963 2694 cf.
1983 2668 2014 2694 fr.

1179 2718 1221 2743 34.
1241 2716 1263 2749 3.
1277 2716 1301 2741 3.
1321 2714 1356 2740 ib.
1387 2714 1427 2740 Ex
1443 2724 1522 2751 opere
1535 2713 1603 2740 facto
1623 2722 1719 2749 corpus
1739 2711 1845 2748 aliquod
1863 2710 2014 2747 perfectum.

1181 2758 1212 2785 fr.
1231 2760 1255 2784 5.
1275 2758 1296 2792 3.
1318 2759 1340 2784 1.
1360 2757 1392 2783 de
1407 2757 1437 2784 Υ.
1454 2758 1480 2784 S.
1501 2760 1542 2783 50.
1558 2758 1597 2783 16.
1634 2756 1663 2782 In
1683 2764 1779 2792 corpus
1797 2754 1947 2791 patrimonii
1960 2764 2016 2791 per-

1181 2802 1283 2832 venire,
1304 2810 1324 2826 s.
1344 2800 1442 2832 redire,
1465 2810 1489 2827 v.
1508 2801 1583 2826 verti.
1619 2798 1660 2825 Ex
1680 2807 1790 2835 corpore
1807 2797 1957 2833 patrimonii
1975 2798 2016 2823 sui

1182 2843 1341 2881 impendere.
1368 2843 1398 2870 fr.
1417 2846 1458 2870 20.
1485 2842 1536 2879 Qu.
1556 2846 1615 2869 met.
1637 2851 1658 2868 c.
1678 2843 1702 2867 4.
1720 2843 1744 2867 2.
1772 2838 1803 2866 fr.
1821 2840 1863 2865 25.
1883 2840 1904 2874 3.
1925 2841 1965 2866 16.
1984 2839 2016 2866 (18

1928 2881 2015 2909 hered.
