2197 3121
1040 177 1132 208 POS.

1888 182 1950 212 735

260 260 467 287 Postferre.
505 262 712 293 Poslponere.
757 258 787 285 II.
813 260 880 292 Op.
916 253 1060 290 Pracfdrrh
1082 261 1085 302 J
1106 269 1237 297 suspenso
1257 261 1342 293 esse.)
1368 260 1424 287 Gai.
1444 261 1462 287 I.
1484 263 1541 288 129.
1565 261 1626 299 le.
1646 262 1678 288 X.
1698 264 1722 288 4.
1743 277 1775 281 ——-
1800 262 1830 295 δ.
1851 263 1886 288 2.
1912 264 1947 289 In

218 301 385 329 Praevenire.
407 319 438 323 —
458 302 594 329 Postferri.
615 300 665 327 Th.
686 301 716 328 C.
737 300 781 327 vl.
800 303 841 327 22.
863 311 884 327 c.
898 301 921 327 8.
942 311 980 338 pr.
1000 302 1059 335 9.1.
1082 304 1084 360 y

218 345 253 371 de
271 345 363 372 honor.
384 345 466 372 codic.

255 389 501 416 Posthabere.
540 389 711 418 Omistere,
730 388 906 413 Removere.
937 385 1058 413 mvn.
1080 370 1082 417 1

215 430 350 457 Rescissis
374 432 488 457 oninium
511 429 670 467 privilegiis,
695 445 727 448 —
750 429 899 466 posthabita
925 428 1058 461 dilatione,
1080 423 1081 426 1

216 474 354 506 (restitui.)
375 473 411 499 Ib.
431 472 502 499 XIV.
522 474 546 499 4.
567 482 588 499 c.
611 474 650 498 10.
670 473 734 506 9.1.
755 472 787 498 de
807 482 873 500 suar.
1079 501 1080 511 ἵ

253 518 430 543 Posthac.
452 515 564 549 (Advb.)
592 516 763 549 Deinceps,
782 516 993 550 [afuturum.
1026 513 1057 540 II.
1079 514 1080 534 1

216 560 284 592 Op.
304 560 381 585 Ante.
403 575 433 579 -—
462 558 576 584 Posthac
597 558 644 591 [al.
666 557 730 584 Post
749 557 840 590 hano]
861 556 931 583 Coll.
950 556 1002 583 LL.
1023 556 1056 583 111.
1079 570 1080 589 1

215 601 258 627 VI.
278 604 303 628 4.
340 601 382 627 III.
403 602 469 628 Gn.
494 601 548 637 Qui
571 601 660 638 posth.
684 600 805 626 voluerIt.
830 610 851 626 c.
874 601 913 626 ll.
939 600 959 633 9.
982 602 1004 625 1.
1024 599 1056 625 de
1078 603 1080 632 j

214 644 304 670 advoc.
326 644 377 670 div.
403 643 522 670 iudicior.
542 646 566 670 2.
589 646 611 670 7.
649 643 677 670 Si
697 644 756 680 quis
779 642 867 679 posth.
889 643 1056 679 (exceperit.)
1078 652 1080 671 5

214 697 236 713 e.
255 688 280 713 9.
305 687 337 713 de
356 687 417 713 bon.
437 697 539 724 proscr.
559 689 583 713 9.
603 688 644 712 49.

253 731 492 761 Posthumus,
515 740 534 756 s.
558 731 769 756 Postumus.
810 729 872 760 Qui
889 730 1056 761 posterior
1078 727 1079 751 1

212 778 311 798 uatus
330 778 386 798 est.
425 772 530 805 (Filius.
551 772 593 798 vel
612 781 703 808 nepos.
724 772 767 807 qui
787 775 890 796 mortuo
910 772 958 797 iam
973 776 1056 808 patre-
1078 796 1079 800 ,

212 814 286 846 faur,
312 814 355 841 vel
379 820 441 852 post
466 819 649 841 testamentum
673 813 789 840 eiusdem
810 813 956 844 conditum,
977 815 1002 839 in
1023 813 1056 839 sa·

211 856 308 883 miliam
328 857 400 883 illius
419 858 562 895 pervenit.)
598 857 616 883 l.
633 857 694 891 Sy.
716 856 769 891 Qui
789 857 814 882 in
834 861 908 882 utero
923 861 970 882 est.
996 855 1055 881 Par·
1078 845 1079 868 1

210 899 298 926 titudo
318 899 412 926 sutura.
441 899 499 937 ΠΡ.
519 899 602 926 XXII.
624 901 664 925 15.
685 901 724 925 13.
745 909 803 935 sqq.
829 898 877 925 Th.
899 898 930 925 C.
949 898 993 924 IX.
1013 900 1054 924 42.
1077 881 1079 940 1

211 952 233 970 c.
255 944 294 968 10.
322 942 354 969 de
381 943 442 969 bon.
461 953 563 980 proscr.
601 942 654 977 Qui
677 942 741 968 mihi
765 943 825 968 vivo
845 947 982 968 mortuove
1001 942 1054 967 nati
1077 943 1078 969 1

212 990 296 1011 erunt.
335 985 500 1012 Posteriores
520 985 575 1011 filii.
602 984 728 1011 Postumi.
756 984 838 1011 Vatic.
859 986 880 1018 9.
899 987 959 1010 229.
979 984 1009 1010 fr.
1029 986 1053 1010 3.

210 1028 248 1061 99
270 1030 291 1053 1.
312 1038 370 1064 sqq.
398 1028 430 1054 de
453 1029 541 1054 iniust.
567 1033 635 1065 rupt.
658 1030 700 1054 28.
720 1030 744 1054 3.
782 1028 835 1063 Qui
860 1033 921 1065 post
944 1032 1053 1053 mortem
1076 1037 1077 1051 1

210 1072 327 1107 parentis
352 1075 500 1096 nascuntur.
539 1070 592 1106 Qui
617 1076 679 1108 post
703 1075 887 1097 testamentum
911 1070 1004 1096 factum
1026 1071 1052 1096 iu
1075 1074 1077 1084 ¹

209 1114 261 1139 vita
282 1118 433 1139 nascuntur.
453 1113 484 1139 fr.
503 1115 526 1139 3.
547 1114 612 1147 9.1.
633 1113 649 1140 l.
668 1115 709 1140 28.
729 1115 753 1140 3.
790 1113 821 1139 11.
834 1115 901 1146 Op.
919 1113 970 1139 Iam
991 1114 1052 1144 nati,
1075 1112 1076 1120 ¹

210 1172 241 1175 -
262 1155 379 1182 Postumi
400 1155 511 1188 (tiberi.)
531 1155 588 1182 Gai.
608 1156 627 1182 1.
650 1159 706 1182 147.
727 1155 788 1193 le.
807 1155 901 1182 XXIII.
923 1157 945 1181 7.
969 1155 1052 1181 Vatic.
1074 1158 1076 1179 ἰ

209 1198 225 1224 l.
246 1198 263 1224 l.
300 1198 343 1224 111.
364 1200 430 1226 Gn.
456 1198 530 1225 Talis
554 1204 595 1225 est
622 1204 804 1236 postumorum
830 1200 973 1225 institutio:
999 1198 1052 1230 ..Si

208 1242 251 1277 qui
271 1246 334 1278 post
353 1246 463 1267 mortem
483 1252 565 1268 meam
589 1243 704 1279 postumi
731 1243 783 1268 nati
809 1242 917 1272 suerint,
941 1242 1052 1268 heredes
1074 1236 1075 1272 1

207 1285 323 1310 sunto!⁴*
347 1284 377 1310 Si
397 1286 457 1310 vivo
478 1295 508 1310 eo
533 1289 686 1315 nascantur.
712 1290 836 1322 rumpunt
860 1289 1051 1311 testamentum.
1074 1297 1075 1315 i

206 1325 279 1352 Paul.
301 1326 343 1353 III.
363 1327 424 1353 413.
445 1328 467 1361 9.
486 1329 509 1354 9.
531 1327 561 1354 fr.
580 1329 622 1353 29.
642 1337 682 1364 pr.
703 1327 735 1353 de
754 1327 799 1353 lib.
820 1332 845 1353 et
864 1328 951 1365 posth.
971 1330 1013 1354 25.
1027 1330 1051 1354 2.

206 1368 237 1395 fr.
258 1371 298 1396 12.
320 1380 359 1407 pr.
381 1369 412 1395 de
431 1370 530 1396 iniusto
550 1375 619 1407 rupt.
638 1371 680 1396 28.
700 1372 724 1396 3.
763 1369 893 1402 Postumi.v
913 1372 956 1408 qui
976 1372 1002 1397 iu
1023 1382 1051 1397 ea
1073 1387 1074 1390 =

206 1422 284 1438 causa
308 1417 384 1444 sunt7
410 1417 438 1438 ut
462 1413 485 1438 si
505 1414 573 1439 vivis
593 1412 670 1439 nobis
694 1418 846 1445 nascantur,
870 1415 896 1440 iu
920 1419 1051 1451 potestate
1072 1410 1074 1439 1

204 1460 295 1481 nostra
315 1456 386 1481 liant.
407 1471 439 1474 —
458 1455 584 1482 Extranei
604 1457 726 1493 postumi.
748 1456 804 1482 Gai.
825 1457 842 1483 I.
864 1459 921 1483 147.
941 1456 971 1483 II.
993 1458 1049 1483 133.

204 1507 245 1534 sq.
275 1497 336 1535 le.
355 1497 439 1524 XXII.
466 1500 506 1525 15.
533 1500 572 1525 19.
618 1498 737 1525 Postumi
765 1499 842 1525 liberi
870 1501 1073 1536 cuiuscunque}

204 1550 293 1566 sexus.
313 1540 350 1566 Id.
371 1540 387 1566 I.
408 1540 424 1566 1.
447 1542 485 1567 18.
507 1541 538 1567 cl'.
558 1543 598 1567 21.
620 1551 660 1578 sq.
681 1542 711 1568 fr.
731 1544 754 1568 6.
775 1542 804 1568 fr.
821 1544 860 1569 16.
881 1544 902 1576 9.
918 1545 942 1569 5.
963 1543 994 1569 de
1015 1549 1050 1569 te·
1071 1551 1073 1563 1

204 1588 279 1609 stam.
299 1588 346 1609 tut.
366 1585 407 1609 26.
429 1586 452 1610 2.
491 1583 581 1621 Nepos
601 1590 749 1621 postumuS‚
769 1587 813 1622 qui
827 1586 853 1612 iu
867 1585 953 1612 locum
968 1588 1050 1624 patris

204 1625 346 1652 succedere
360 1630 457 1663 potest.
477 1626 549 1653 Paul.
569 1627 586 1653 I.
601 1627 616 1653 I.
638 1628 658 1661 9.
680 1629 718 1653 10.
756 1628 785 1654 Si
805 1630 864 1665 quis
883 1629 1050 1666 posthumos,

205 1678 271 1705 quos
299 1679 347 1705 per
374 1674 484 1695 aetatem
509 1674 552 1695 aut
576 1669 753 1696 valetudinem
776 1671 873 1697 habere
901 1672 969 1698 sorte
997 1683 1048 1698 non
1071 1684 1072 1711 i

204 1715 307 1748 potest,
335 1711 448 1738 heredes
474 1713 595 1739 instituit.
624 1713 654 1739 t'r.
674 1715 697 1740 9.
721 1723 760 1750 pr.
786 1713 818 1740 de
842 1714 886 1741 lib.
912 1720 937 1741 et
960 1715 1048 1752 posth.
1070 1716 1072 1751 J

203 1754 246 1779 28.
265 1756 290 1779 2.
1070 1757 1071 1763 ’

241 1797 405 1824 Postica.
425 1800 507 1824 Pars
527 1808 642 1824 aversa
658 1801 807 1829 (domus.)
845 1800 966 1828 HLGn.
986 1800 1048 1827 Adi·
1069 1785 1071 1828 1

204 1844 247 1865 tus
267 1840 418 1876 posticasve
437 1845 554 1870 vertere,
580 1840 622 1866 vel
640 1841 738 1877 refugia
758 1844 873 1879 aperire,
892 1843 935 1869 vel
954 1845 1047 1870 atrium
1069 1845 1070 1880 1

202 1887 310 1908 mutare.
331 1882 360 1909 fr.
382 1884 422 1908 13.
442 1883 464 1916 9.
485 1885 507 1909 7.
528 1883 561 1908 de
580 1883 661 1909 usut'r.
682 1886 703 1910 7.
727 1886 747 1910 l.

241 1925 376 1952 Postis.
402 1927 500 1951 Fores
520 1928 653 1952 aedium.
691 1926 733 1953 III.
755 1929 820 1955 Gn.
840 1927 974 1956 Redimire
994 1940 1047 1956 ser-

202 1968 236 1993 tis
261 1967 419 2004 templorum
444 1969 539 2005 impios
564 1973 663 2005 postes.
690 1980 710 1995 c.
737 1972 759 1996 7.
785 1970 817 1997 de
841 1981 931 2008 pagan.
958 1974 980 1998 1.
1007 1975 1044 1999 11.

203 2009 257 2045 Qui
277 2016 326 2042 (sc.
347 2010 429 2041 tituli)
451 2020 538 2037 eorum
558 2012 680 2048 postibus
700 2012 854 2048 adligentur.
879 2014 928 2041 Th.
949 2015 979 2042 C.
1000 2016 1045 2043 IX.
1067 2019 1069 2046 ζ

202 2054 243 2078 42.
265 2062 286 2078 c.
309 2055 349 2079 11.
370 2053 401 2079 dc
421 2053 481 2079 bon.
502 2063 602 2090 proscr.
623 2054 653 2081 ct'.
674 2055 702 2081 II.
717 2057 758 2082 27.
779 2066 800 2082 c.
820 2059 841 2083 1.
862 2057 882 2091 9.
897 2059 920 2083 6.
941 2060 963 2084 si
982 2064 1044 2085 cert.
1067 2071 1068 2088 i

203 2100 254 2133 pet.
275 2095 307 2121 de
327 2096 391 2122 chir.
1067 2090 1068 2100 1

241 2139 533 2166 Postliminium.
570 2140 600 2173 §.
618 2141 654 2167 1.,
674 2142 902 2175 Captivorum,
923 2151 979 2170 aut
998 2155 1044 2171 re·
1066 2149 1067 2178 ᾗ

203 2189 271 2206 rum
289 2183 324 2207 ab
342 2184 431 2208 hoste
450 2189 636 2216 captarum,
657 2186 712 2218 qui
730 2195 848 2219 quaeve
867 2189 906 2212 ad
925 2197 978 2214 nas
997 2198 1044 2214 re·
1065 2182 1067 2208 1

203 2229 392 2256 vertuntur,
420 2227 593 2251 restitutio
624 2228 656 2252 in
679 2229 900 2255 conditionem
923 2233 1066 2264 pristi-;

203 2275 281 2292 nam.
318 2265 360 2292 III.
380 2268 446 2293 Gn.
469 2266 663 2294 Postliminium
687 2274 728 2295 est
751 2271 791 2296 ius
815 2273 926 2298 amissae
949 2274 986 2299 rei
1006 2284 1044 2300 re·
1064 2262 1066 2302 1

203 2307 338 2344 cipiendae
362 2308 393 2333 ab
419 2314 559 2342 extraneo,
589 2316 614 2337 et
637 2312 664 2337 in
688 2317 783 2339 statum
809 2315 949 2351 pristinum
968 2318 1044 2342 resti-

203 2349 328 2381 tuendae,
353 2351 420 2376 inter
438 2362 486 2378 nos
506 2364 535 2379 ac
555 2353 653 2381 liberos
674 2356 788 2392 populos
807 2367 948 2394 regesque.
967 2360 1043 2385 mori—
1063 2378 1065 2403 Ι

204 2393 261 2423 bus,
281 2392 383 2428 legibus
403 2396 580 2423 constitutum.
604 2398 634 2424 fr.
655 2400 694 2424 19.
715 2409 753 2434 pr.
774 2398 806 2425 de
826 2401 920 2436 captiv.
939 2403 980 2427 49.
1003 2404 1041 2428 15.

203 2435 235 2461 ct'.
256 2435 296 2461 Fr.
317 2435 386 2462 Aelii
406 2435 476 2462 Galli
498 2438 574 2466 I.Cti.
594 2441 644 2478 Ap.
665 2441 772 2468 Festum
797 2453 819 2468 v.
840 2442 1040 2471 Postlimiuium.

203 2478 232 2504 Si
252 2477 330 2504 suerit
349 2488 470 2505 reversus
489 2482 659 2516 postliminio,
679 2484 721 2511 vel
741 2496 792 2522 quo
807 2485 857 2512 alio
871 2487 934 2513 iure.
955 2487 984 2514 sr.
999 2490 1040 2514 41.
1062 2499 1064 2507 ¹

203 2522 224 2555 9.
243 2523 267 2546 3.
289 2520 320 2546 dc
344 2521 404 2547 furt.
424 2523 465 2548 47.
484 2526 508 2548 2.
546 2523 650 2553 Dictum
675 2533 716 2553 est
741 2534 825 2555 autem
849 2530 1040 2566 postliminium

203 2574 215 2590 a
236 2563 374 2595 ..liminess‘
394 2569 420 2590 et
438 2568 549 2602 ..postf'
569 2566 590 2599 9.
609 2568 658 2595 5.Ι.
679 2571 731 2606 Qu.
750 2572 819 2598 mod.
840 2573 880 2598 ius
900 2578 953 2610 pot.
973 2574 1040 2601 solv.

204 2608 226 2632 1.
248 2608 286 2632 12.
307 2606 338 2632 cs.
365 2606 420 2633 Frr.
446 2607 510 2634 Pub.
535 2608 613 2635 Mucii
637 2610 726 2639 Scaev.
755 2620 781 2640 et
809 2615 895 2642 Servii
919 2616 1039 2653 Sulpicii,
1062 2641 1063 2656 χ

202 2648 347 2675 I.Ctorum.
367 2649 417 2686 Ap.
438 2650 493 2677 Cic.
511 2650 603 2688 Topic.
624 2662 644 2678 c.
663 2654 687 2680 8.
723 2655 916 2685 Postliminium
935 2659 1038 2687 habere.
1062 2663 1063 2675 1

202 2691 232 2718 sr.
253 2694 294 2718 26.
321 2691 353 2718 dc
376 2697 445 2719 statu
467 2693 535 2720 hom.
558 2696 579 2720 l.
599 2696 623 2721 5.
659 2696 717 2723 lure
739 2700 894 2736 postliminii
920 2704 1038 2735 (reverti.
1061 2713 1062 2732 1

201 2734 232 2761 fr.
254 2736 277 2761 4.
305 2735 337 2761 de.
361 2736 454 2772 captiv.
473 2739 514 2763 49,
536 2739 574 2763 15.
600 2738 694 2766 valere.
722 2740 782 2778 le.
801 2744 894 2771 XXIII.
915 2748 937 2772 5.
966 2746 1038 2773 Paul.
1060 2743 1062 2764 1

201 2776 244 2803 III.
264 2778 325 2804 4.A.
345 2779 367 2812 §.
387 2782 410 2805 ὅ.
430 2779 554 2816 recipere.
576 2780 632 2807 Gai.
652 2781 670 2808 Ι.
692 2784 748 2809 187.
769 2784 817 2812 Th.
838 2787 868 2813 C.
883 2787 914 2814 V.
935 2791 958 2816 5.
979 2792 1037 2816 c.1.
1060 2784 1062 2786 .

202 2818 236 2846 de
258 2821 392 2858 postlim.)
429 2821 541 2859 Propter
564 2824 604 2850 ius
630 2825 785 2861 postliminii
803 2828 948 2865 (pendere,
971 2842 992 2858 s.
1012 2833 1037 2858 in
1059 2814 1061 2845 1

1106 305 1269 338 integrum
1289 306 1470 331 restitutio.
1507 304 1549 331 III.
1570 306 1635 332 Gn.
1656 305 1856 342 Deportationis
1876 304 1947 331 addi-

1105 345 1185 372 conda
1205 346 1352 384 suppliciis,
1374 348 1414 373 cui
1432 363 1463 367 -—
1483 349 1559 374 etiam
1579 348 1734 385 postliminii
1754 349 1794 374 ius
1814 357 1945 383 negamus.

1104 388 1155 416 Th.
1175 389 1205 415 C.
1226 389 1267 416 III.
1291 391 1329 415 l6.
1356 400 1376 415 c.
1398 391 1420 415 l.
1440 400 1479 427 pr.
1505 390 1538 417 de
1557 391 1648 428 repud.
1686 391 1769 426 Quasi
1794 392 1849 417 iuro
1873 395 1945 428 post-

1103 431 1195 458 liminii
1214 433 1356 459 revertitur
1375 432 1450 459 locus
1470 434 1495 459 in
1514 434 1651 470 pristinam
1676 444 1786 460 causam.
1811 433 1842 460 sr.
1862 435 1885 459 6.
1905 443 1944 470 pr.

1103 473 1135 501 de
1152 475 1181 501 R.
1202 475 1235 501 D.
1258 477 1279 501 1.
1300 477 1323 502 8.
1344 475 1375 502 cs.
1397 475 1426 502 sr.
1449 478 1487 502 ll.
1508 476 1529 509 9.
1550 478 1573 502 4.
1594 477 1626 503 de
1646 487 1701 503 exc.
1721 478 1758 503 rei
1777 476 1830 503 iud.
1846 478 1887 503 44.
1902 478 1928 502 2.

1140 519 1395 545 Postmodum.
1424 518 1548 552 (Advb.)
1577 520 1607 552 §.
1627 521 1660 546 l.
1681 522 1804 547 Postea.
1842 519 1860 546 I.
1882 520 1943 553 Sy.

1103 559 1166 586 Post
1185 561 1291 598 aliquod
1311 566 1423 599 tempus
1443 561 1473 588 fr.
1493 564 1534 588 26.
1556 561 1587 588 de
1607 562 1638 588 N.
1659 562 1690 588 G.
1710 565 1734 589 3.
1754 565 1777 589 5.
1814 562 1857 588 III.
1878 563 1944 589 011.

1102 603 1177 630 Servi
1197 614 1297 641 poenae
1317 604 1456 641 aliquando
1473 604 1540 635 sacti.
1563 616 1591 631 ac
1604 611 1699 642 postm.
1715 605 1826 632 liberati.
1847 604 1895 631 Th.
1911 604 1942 631 C.

1101 647 1133 673 X.
1156 649 1193 673 12.
1215 658 1235 673 c.
1255 650 1278 673 2.
1300 648 1321 681 9,
1341 650 1364 674 5.
1385 649 1407 674 si
1426 658 1481 684 vag.
1502 652 1554 684 pet.
1576 658 1657 674 manc.
1678 664 1708 667 —-
1730 649 1760 681 §0
1780 650 1815 675 2·
1836 650 1872 675 In
1886 649 1942 684 fn-

1078 686 1079 708 1
1101 696 1215 716 turum.
1253 690 1296 717 Ill.
1318 692 1383 718 (7¹71.
1414 690 1537 727 Denique
1559 690 1624 717 nihil
1644 692 1693 717 erit
1712 696 1807 728 postm.
1828 696 1876 717 etc.
1904 690 1940 717 Ib.

1100 732 1156 759 XII.
1176 735 1200 759 3.
1221 744 1241 760 c.
1264 736 1286 760 1.
1307 733 1338 760 de
1358 734 1446 770 praed.
1467 739 1491 760 ct
1511 744 1592 760 manc.
1614 734 1702 760 curial.

1138 777 1384 809 Postponere.
1406 779 1609 804 posthabere.
1639 776 1669 803 II.
1683 778 1750 810 Op.
1770 776 1861 803 Potior
1875 786 1940 802 esse.

1101 834 1133 838 --
1153 818 1289 856 Postponi.
1310 820 1339 846 fr.
1360 822 1400 847 20,
1427 820 1478 856 Qu.
1498 821 1593 857 potior.
1612 822 1654 845 20.
1673 821 1697 846 4.
1723 819 1751 845 fr.
1774 821 1814 845 17.
1834 819 1866 846 de
1885 820 1942 845 iure.

1101 861 1165 887 sisci.
1186 864 1226 888 49.
1249 864 1287 888 14.

1138 906 1356 937 Postquam.
1394 905 1435 932 (Ὗ.
1455 916 1478 932 v.
1498 905 1681 942 Posteaquam.

1138 948 1345 974 Postrvlno.
1378 948 1489 979 (Advh.)
1521 950 1674 983 Denique.
1712 947 1753 974 III.
1771 949 1836 978 Gn.
1856 947 1941 983 Quili—

1100 990 1144 1016 bet
1164 995 1306 1027 posti-cmo.
1332 990 1381 1016 Th.
1402 991 1432 1017 C.
1454 991 1497 1017 IX.
1518 993 1558 1017 45.
1580 1002 1600 1018 c.
1620 994 1643 1018 3.
1665 991 1697 1017 de
1716 991 1740 1017 h.
1762 1001 1804 1027 qu.
1824 990 1856 1016 ad
1876 989 1938 1016 eccl.

1099 1033 1131 1059 cf.
1152 1033 1195 1059 IX.
1216 1035 1257 1059 27.
1278 1044 1298 1059 c.
1319 1035 1341 1060 6.
1367 1033 1398 1059 ad
1422 1033 1450 1060 L.
1478 1033 1525 1060 Iul.
1550 1039 1631 1071 repet.
1672 1033 1760 1060 Nullis
1784 1033 1940 1071 privilegiis,

1099 1076 1179 1102 nullis
1198 1081 1282 1113 postr.
1301 1076 1465 1114 temporibus
1486 1082 1601 1103 exuatur.
1621 1077 1657 1104 Ih.
1677 1077 1734 1104 XII.
1751 1079 1773 1103 1.
1794 1087 1815 1102 c.
1831 1078 1887 1102 154.
1907 1075 1940 1102 de

1075 1135 1076 1146 1
1098 1119 1232 1145 decurion.

1135 1164 1366 1189 Postrelnus.
1385 1162 1516 1195 (Adiect.)
1541 1164 1571 1196 §.
1588 1164 1622 1189 l.
1647 1165 1798 1193 Vltimus,
1824 1163 1939 1188 Novis—

1097 1207 1202 1231 simus.
1240 1205 1258 1231 1.
1280 1207 1341 1239 sy.
1364 1205 1530 1243 supremum.
1550 1206 1686 1236 Iltimum,
1706 1205 1870 1231 Postremum
1889 1205 1938 1236 (iu-

1097 1247 1215 1280 dicium.)
1236 1258 1256 1274 c.
1276 1250 1300 1274 2.
1321 1259 1343 1274 c.
1365 1250 1388 1274 4.
1409 1259 1448 1285 sq.
1470 1259 1490 1275 c.
1511 1251 1534 1275 9.
1549 1259 1588 1284 sq.
1610 1249 1660 1284 Qu.
1680 1253 1782 1274 testam.
1803 1248 1847 1273 sac.
1868 1257 1892 1284 p.
1913 1248 1936 1273 6.

1096 1292 1136 1317 22.
1158 1301 1178 1317 c.
1192 1293 1216 1316 3.
1237 1292 1258 1317 si
1279 1302 1321 1328 qu.
1342 1291 1373 1318 al.
1394 1296 1453 1318 test.
1473 1292 1548 1329 proh.
1567 1294 1590 1318 (5.
1606 1294 1647 1318 34.
1664 1308 1695 1311 -
1726 1292 1757 1325 §.
1773 1293 1857 1317 LA.
1878 1292 1936 1316 Pu-

1096 1340 1212 1360 strema
1234 1338 1270 1368 (p.
1288 1345 1317 1360 se
1334 1338 1411 1369 pos.)
1433 1337 1481 1361 i.e.
1501 1337 1660 1361 Voluntas
1681 1336 1803 1360 ultima.
1828 1333 1936 1366 ltop.

1096 1376 1231 1403 Postrema
1251 1377 1367 1404 definire.
1387 1392 1421 1396 —
1440 1378 1591 1404 Donatione
1610 1377 1736 1404 conferre.
1762 1376 1828 1402 Nox:
1843 1375 1893 1402 Th.
1907 1375 1936 1402 11.

1096 1420 1128 1446 de
1148 1420 1172 1446 h.
1198 1430 1239 1456 qu.
1260 1430 1299 1457 sp.
1319 1420 1336 1447 1,
1357 1423 1398 1447 22.
1424 1432 1445 1447 c.
1468 1423 1488 1447 1.
1514 1422 1535 1455 9.
1556 1423 1580 1447 9.
1610 1437 1641 1440 -—
1670 1421 1700 1453 §.
1721 1422 1756 1446 2.
1786 1421 1935 1455 lusimus.

1094 1462 1137 1489 111.
1159 1464 1224 1490 Cn.
1261 1464 1340 1499 Quod
1367 1465 1392 1490 in
1417 1466 1502 1491 servis
1522 1466 1598 1491 etiam
1617 1464 1775 1501 probrosum
1795 1468 1872 1499 atque
1893 1472 1937 1499 po-

1095 1510 1219 1532 stremum
1240 1512 1287 1533 est.
1311 1506 1359 1533 Th.
1381 1507 1412 1534 C.
1431 1507 1487 1533 XII.
1509 1509 1531 1533 1.
1553 1517 1573 1533 c.
1593 1508 1634 1533 39.
1654 1506 1686 1532 de
1706 1506 1839 1532 decurion.

1132 1550 1345 1577 Postulare.
1382 1551 1413 1583 §.
1428 1552 1462 1577 1.
1484 1552 1673 1584 Flagitare,
1694 1550 1878 1582 Requirere.
1916 1546 1935 1572 1.

1071 1597 1072 1625 ᾖ
1094 1593 1156 1626 Sy.
1176 1591 1297 1619 Poscerv.
1317 1593 1347 1619 sr.
1368 1594 1389 1619 7.
1410 1603 1448 1630 μ.
1469 1594 1490 1627 9.
1512 1595 1534 1619 l.
1555 1593 1587 1619 de
1605 1592 1623 1618 1.
1644 1592 1661 1618 I.
1682 1591 1712 1618 R.
1732 1594 1756 1617 4.
1771 1593 1836 1618 1.—-
1857 1591 1935 1624 §.2

1071 1633 1072 1640 ¹
1094 1637 1244 1670 Exigere.
1283 1635 1301 1661 I.
1318 1637 1380 1670 Sy.
1400 1635 1544 1671 flagitare,
1568 1635 1688 1662 Poscere.
1714 1634 1763 1661 Th.
1785 1633 1814 1660 C.
1835 1632 1890 1658 VII.
1910 1634 1934 1658 9.

1094 1688 1114 1704 c.
1134 1679 1157 1704 3.
1178 1688 1217 1714 sq.
1238 1678 1270 1704 dc
1289 1678 1412 1714 salgumo.
1438 1679 1482 1705 XI.
1502 1681 1526 1704 2.
1552 1690 1572 1705 c.
1593 1681 1616 1705 4.
1636 1678 1726 1704 tribui.
1747 1678 1772 1703 in
1793 1677 1841 1713 ips.
1862 1685 1934 1713 spec.

1093 1720 1137 1747 XI.
1155 1723 1193 1747 16.
1214 1732 1234 1747 c.
1250 1723 1271 1747 7.
1293 1721 1325 1747 de
1344 1726 1408 1747 cxtr.
1431 1731 1450 1747 s.
1472 1721 1542 1747 sord.
1580 1722 1700 1757 Exigere.
1720 1720 1756 1746 lb.
1774 1719 1815 1745 vl.
1829 1721 1853 1745 3.
1874 1728 1894 1745 c.
1909 1720 1933 1744 2.

1094 1774 1114 1789 c.
1138 1766 1161 1789 4.
1187 1763 1219 1789 de
1242 1763 1330 1800 praed.
1360 1764 1448 1790 Sonat.
1494 1764 1536 1790 III.
1562 1766 1628 1792 Cn.
1659 1763 1763 1799 Quodsi
1791 1762 1933 1789 iudicatum

1093 1805 1160 1832 solvi
1185 1807 1249 1832 satis
1269 1807 1299 1832 ab
1321 1817 1351 1832 eo
1374 1824 1403 1827 —
1427 1807 1584 1844 postuletur.
1610 1807 1640 1833 fr.
1659 1809 1700 1833 21.
1725 1811 1771 1832 rat.
1796 1816 1849 1832 rem
1874 1805 1932 1831 hah.

1092 1850 1132 1875 46.
1152 1851 1175 1876 S.
1213 1849 1240 1875 Id
1265 1855 1364 1876 tantum
1384 1866 1414 1869 —
1441 1850 1533 1879 indici.
1559 1861 1587 1877 ac
1607 1866 1639 1870 ——
1659 1849 1730 1886 quod
1755 1849 1835 1885 exigit
1857 1849 1932 1877 ratio,

1068 1889 1070 1925 1
1091 1892 1226 1929 postulari.
1258 1892 1308 1918 Th.
1329 1892 1358 1919 C.
1381 1893 1424 1919 XI.
1445 1896 1468 1920 5.
1494 1904 1514 1920 c.
1537 1895 1558 1920 l.
1583 1893 1615 1919 de
1640 1893 1775 1919 indiction.
1814 1891 1842 1917 Si
1869 1891 1932 1928 quid

1068 1950 1069 1975 3
1091 1936 1248 1972 reparationi
1269 1935 1378 1962 alicuius
1403 1938 1490 1974 operis
1519 1936 1706 1974 postulandum
1732 1937 1788 1962 crit.
1818 1935 1853 1961 Ib.
1873 1934 1931 1961 XV.

1067 2004 1069 2013 ,Ἰ
1092 1979 1114 2003 l.
1135 1988 1155 2004 c.
1178 1980 1216 2004 17.
1238 1978 1270 2004 de
1290 1989 1350 2016 opp.
1370 1980 1432 2016 pub.
1454 1996 1485 1999 —
1506 1981 1585 2014 §.3.
1607 1982 1804 2014 Implorare‚
1824 1980 1930 2012 Expe-

1090 2027 1155 2047 tere
1174 2022 1199 2053 (a
1219 2021 1349 2059 Principe,
1369 2028 1412 2049 aut
1432 2024 1605 2059 magistratu.)
1643 2022 1661 2048 I.
1682 2023 1743 2056 Sy.
1763 2021 1856 2048 Petere
1875 2022 1930 2054 (tu-

1091 2068 1181 2095 torem,
1201 2074 1224 2091 v.
1244 2064 1273 2090 B.
1288 2065 1389 2097 Pnem.)
1410 2065 1439 2092 fr.
1459 2069 1482 2092 2.
1503 2065 1535 2091 (1(-
1554 2065 1672 2092 fideiuss.
1693 2070 1739 2091 tut.
1759 2067 1800 2091 27,
1821 2066 1843 2090 7.
1864 2063 1929 2090 fus.

1066 2101 1068 2113 ¹
1090 2116 1128 2143 sq.
1150 2106 1179 2132 sr.
1202 2109 1240 2133 ll.
1261 2118 1291 2144 sq
1321 2108 1350 2134 sr.
1373 2110 1411 2134 16.
1431 2108 1463 2134 dc
1482 2109 1512 2134 B.
1533 2108 1560 2134 P.
1581 2110 1622 2135 37.
1645 2111 1665 2134 l.
1703 2108 1812 2143 Rogare.
1834 2106 1882 2133 Th.
1898 2106 1928 2133 C.

1089 2149 1118 2175 II.
1138 2151 1179 2176 31.
1200 2160 1221 2176 c.
1244 2153 1264 2176 1.
1285 2151 1335 2186 Qu.
1356 2153 1436 2178 iussu.
1474 2151 1516 2178 111.
1537 2153 1602 2179 Cn.
1622 2151 1821 2181 postulabatur3
1840 2166 1872 2169 —
1892 2160 1930 2176 re-

1089 2193 1216 2229 scriptum
1241 2198 1280 2219 est
1305 2199 1353 2220 etr.
1378 2194 1408 2220 sr.
1428 2197 1469 2220 52.
1495 2195 1515 2228 9.
1536 2196 1559 2220 3.
1585 2194 1617 2220 de
1640 2199 1707 2231 pact.
1731 2196 1755 2219 2.
1778 2195 1816 2219 14.
1855 2192 1928 2218 Solet

1088 2235 1196 2262 Praetor
1216 2236 1414 2273 postulantibus
1434 2254 1465 2257 -—
1486 2243 1589 2274 tempus
1614 2238 1774 2263 constituere
1794 2241 1842 2263 etc.
1871 2235 1927 2261 Gai.

1088 2277 1117 2304 II.
1132 2280 1187 2304 167.
1202 2295 1230 2299 —
1252 2281 1282 2313 §.
1297 2282 1335 2306 4.
1357 2282 1569 2311 Desiderarffi
1589 2290 1695 2306 caram
1714 2282 1927 2315 magistratu,

1090 2323 1286 2352 (iudicium.)
1326 2323 1344 2348 Ι.
1359 2324 1420 2357 Sy.
1441 2323 1570 2358 Atili-gare
1591 2324 1655 2360 (pro
1675 2332 1717 2353 se.
1737 2333 1760 2348 v.
1781 2332 1828 2358 pro
1849 2320 1926 2352 alio.)

1086 2363 1253 2391 Desiderium
1283 2367 1307 2391 in
1329 2367 1384 2391 iuro
1404 2376 1535 2402 cxponerc
1555 2366 1640 2403 (apud
1666 2376 1736 2393 cum.
1761 2365 1804 2400 qui
1825 2362 1927 2389 iurisdi-

1063 2416 1065 2434 .¹
1087 2408 1166 2433 etioni
1185 2409 1310 2444 praeest.)
1330 2408 1360 2434 fr.
1382 2410 1403 2434 l.
1424 2409 1462 2442 99.
1482 2411 1506 2435 2.
1526 2411 1548 2435 5,
1570 2419 1608 2446 sq.
1630 2409 1662 2435 (Ic
1681 2407 1811 2445 postul.3.
1830 2409 1850 2432 l.
1875 2406 1926 2433 Dc-

1063 2461 1064 2473 1
1086 2449 1209 2476 siderare.
1236 2450 1277 2476 Cf.
1303 2450 1326 2476 h.
1352 2461 1375 2476 ν.
1400 2452 1421 2485 9.
1441 2453 1464 2477 3.
1507 2451 1557 2478 Pro
1582 2452 1705 2478 tribunali
1729 2456 1825 2487 petere.
1851 2449 1881 2475 fr.
1902 2451 1924 2475 4,

1086 2493 1107 2526 9.
1127 2494 1152 2518 8.
1179 2492 1211 2519 d.»
1236 2493 1320 2519 damn.
1345 2493 1388 2520 inf.
1415 2496 1456 2521 39.
1481 2497 1504 2521 2.
1547 2496 1675 2531 Experiri.
1708 2494 1747 2520 Cf.
1768 2494 1792 2519 h.
1812 2503 1835 2519 v.
1860 2494 1881 2526 9.
1900 2494 1924 2518 3.

1086 2535 1127 2562 111.
1149 2537 1214 2563 Cn.
1241 2535 1432 2563 Testimonium
1452 2538 1558 2575 publice
1577 2538 1677 2568 dict-re.
1698 2541 1740 2562 aut
1759 2536 1837 2562 iudex
1857 2546 1924 2562 esse.

1085 2579 1253 2615 postulat-ew
1276 2579 1453 2615 (prohiberi.)
1483 2580 1512 2606 fr.
1533 2582 1556 2606 6.
1586 2580 1606 2613 9
1629 2582 1650 2605 1.
1676 2579 1707 2605 ad
1726 2578 1754 2605 L.
1775 2578 1822 2605 Iul.
1842 2584 1923 2616 repet.

1085 2622 1127 2647 43.
1147 2623 1185 2647 ll.
1207 2620 1237 2646 cs.
1259 2621 1288 2647 sr.
1307 2624 1331 2648 2.
1352 2632 1389 2659 pr.
1411 2623 1442 2649 de
1461 2623 1492 2648 R.
1512 2623 1584 2648 1.50.
1608 2624 1645 2648 17.
1683 2621 1784 2658 Integra
1803 2632 1924 2659 persona.

1088 2680 1113 2683 -
1136 2663 1159 2688 h.
1175 2674 1194 2688 e.
1215 2664 1256 2689 cui
1276 2674 1323 2701 per
1343 2665 1457 2691 edictum
1477 2664 1611 2702 postulare
1632 2664 1700 2691 licet.
1721 2665 1750 2691 fr.
1766 2666 1790 2691 4.
1811 2664 1842 2691 de
1862 2675 1922 2701 pop.

1085 2707 1178 2731 action.
1199 2707 1240 2732 »17.
1259 2709 1301 2733 23.
1322 2707 1351 2733 fr.
1372 2710 1394 2734 4.
1416 2709 1436 2741 9
1461 2709 1480 2733 I.
1501 2707 1532 2733 de
1553 2707 1673 2743 legation.
1693 2709 1734 2734 50.
1755 2710 1777 2734 7.
1798 2708 1829 2734 cf.
1849 2707 1879 2734 fr.
1902 2710 1921 2733 Ι.

1084 2749 1119 2782 99
1143 2751 1163 2774 l.
1183 2750 1207 2774 ·3.
1227 2751 1249 2775 5.
1271 2752 1293 2776 Τ.
1314 2760 1353 2786 sq.
1374 2750 1403 2776 fr.
1424 2752 1447 2776 6.
1468 2761 1505 2787 pr.
1532 2750 1561 2776 sr.
1582 2754 1604 2776 ὅ.
1626 2761 1665 2787 sq.
1686 2750 1718 2777 de
1736 2750 1834 2788 postul.
1854 2752 1877 2776 3.
1899 2752 1921 2776 1.

1083 2791 1106 2817 A
1124 2791 1285 2828 postulando
1305 2803 1352 2830 pro
1373 2793 1430 2818 aliis
1451 2794 1619 2825 (removero.)
1639 2793 1668 2820 fr.
1690 2796 1711 2820 1.
1732 2795 1753 2827 9.
1768 2796 1791 2819 6.
1812 2794 1844 2820 ib.
1859 2796 1882 2819 3.
1899 2795 1920 2818 l.

1082 2834 1160 2871 Apud
1185 2835 1298 2861 tribunal
1318 2835 1459 2862 praesidis.
1473 2851 1504 2854 —
1525 2835 1604 2872 Apud
1617 2836 1775 2863 Praetorem.
1794 2854 1821 2857 -
1843 2834 1919 2872 Apud
