2197 3121
951 150 1035 181 LAR
1062 169 1100 174 —
1126 151 1219 181 [ΛΤ.

235 233 425 267 Largitas.
448 233 701 269 Mnnificentia,
715 232 940 266 Indulgentia.
954 231 971 258 I.
983 232 1045 265 Sy.

200 276 330 307 Donatio,
350 275 536 303 llIunificentia.
564 274 605 302 Cl'.
625 284 649 300 v.
669 273 794 300 Donatio.
815 275 836 308 ξ.
859 275 879 300 1.
916 273 957 300 111.
978 275 1044 301 Gn.

199 318 255 345 Nec
286 329 437 355 comparare
462 318 554 349 debet.
583 326 631 343 nec
655 315 783 352 largitatis
807 315 884 343 titulo
909 317 1044 352 consequi.

200 361 249 388 Th.
265 361 295 388 C.
310 361 380 388 XVI.
401 363 425 388 9.
446 370 467 387 c.
487 362 510 387 4.
531 370 564 386 ne
583 359 672 386 christ.
692 369 775 385 manc.
796 358 827 386 cl'.
847 358 905 385 XV.
928 360 949 385 l.
970 369 990 385 c.
1002 360 1043 385 53.

199 403 232 430 de
252 414 313 441 opp.
334 404 396 441 pub.
434 402 586 430 Cuiuslibet
610 401 680 428 tituli
704 401 822 437 largitate
846 401 965 427 conferre
984 402 1044 434 (ne-

199 448 255 483 poti
276 448 338 479 etc.)
363 446 399 473 lb.
413 445 480 473 VIII.
496 447 535 472 18.
556 455 577 472 c.
598 446 621 471 7.
642 444 674 471 de
693 450 800 470 matern.
820 443 881 470 bon.
902 443 933 469 cf.
954 443 998 469 IV.
1018 446 1042 470 6.

200 500 221 515 c.
242 491 265 515 6.
287 489 401 522 (ch.)
425 488 457 515 de
476 493 560 514 natur.
581 486 617 513 til.
654 486 704 513 Per
728 486 799 522 leges
823 496 964 523 sacrasque
983 497 1044 513 con-

200 533 361 564 stitutiones,
381 547 413 551 —
433 531 483 558 Per
502 529 634 568 speciales
653 529 786 565 largitates
806 529 944 565 (praestita
964 531 1043 566 privi-

198 574 291 611 legia.)
314 585 334 601 c.
354 575 378 601 6.
398 573 430 600 de
450 574 526 600 fruct.
546 578 571 600 et
591 573 628 599 lit.
649 582 708 609 exp.
730 573 752 597 7.
771 572 813 597 51.
850 569 887 596 Vt
905 581 991 608 neque
1010 582 1042 598 ex

198 617 330 655 Imperiali
350 616 469 653 largitate
488 615 559 642 aliud
578 621 682 652 tempus
702 615 739 640 eis
758 612 934 650 indulgeatur.
959 624 979 641 c.
999 617 1042 641 22.

199 660 222 693 §.
244 661 283 686 13.
303 659 336 685 de
355 660 411 685 iure
430 658 510 685 delib.
531 660 554 685 6.
574 660 615 684 30.

233 702 421 736 Largiter.
441 701 555 735 (Advb.)
595 702 804 736 Magnopere‚
826 700 1041 726 Vehementer.

197 744 240 771 III.
265 746 330 772 Gn.
361 744 390 770 ln
414 745 553 781 proposito
578 743 683 779 largiter
707 751 767 768 esse
790 741 937 774 videbatur,
958 759 988 763 -
1009 753 1041 769 an

198 792 246 813 etc.
267 786 296 813 fr.
317 788 358 813 81.
379 796 427 823 pro
447 797 500 813 soc.
522 788 561 812 17.
581 788 604 812 2.
635 784 727 811 Refert
751 784 812 820 larg.
839 795 860 811 c.
880 787 903 811 5.
924 785 957 812 de
976 785 1040 812 falsa

197 840 218 856 c.
239 829 289 856 adi.
311 831 334 856 6.
355 831 397 855 44.

232 872 416 906 lau-gitio.
454 872 484 904 ξ.
507 872 541 897 1.
572 872 744 906 Largitas.
784 869 802 896 1.
827 871 890 905 Sy.
915 870 1040 902 Donatio.
1061 873 1062 876 ’

195 914 382 941 Muniticentia.
415 913 465 941 Th.
486 913 516 940 C.
535 912 580 939 IX.
604 915 645 939 42.
671 923 692 939 c.
719 915 740 939 l.
766 922 804 950 pr.
829 913 850 946 §.
871 914 895 939 3.
921 912 953 939 de
978 913 1039 939 hon.

195 967 297 994 proscr.
335 957 377 983 III.
399 959 465 985 On.
487 956 528 982 Ex
551 955 690 992 largitione
709 955 866 993 Principali‚
892 956 933 982 vel
953 962 1040 983 aucto-

195 1001 272 1026 ritate.
293 999 385 1031 fiscali,
405 999 487 1033 (servi
500 998 583 1031 facti.)
604 1009 624 1025 c.
640 1000 665 1025 2.
698 998 778 1034 Quib.
798 998 830 1025 ad
849 998 936 1026 libert.
955 999 1039 1037 procl.

196 1045 218 1069 7.
249 1045 289 1068 ls.
321 1059 350 1063 —
388 1042 419 1076 ᾗ.
448 1043 483 1068 2.
512 1042 744 1076 Largitiones‚
773 1044 790 1068 i.
816 1052 836 1068 e.
866 1044 1039 1069 Aerarium

194 1087 386 1119 Principis,
411 1091 475 1111 tam
496 1086 666 1118 publicum
692 1094 786 1119 quam
803 1086 982 1119 privatum.
1021 1084 1038 1110 I.

194 1130 256 1163 Sy.
285 1127 529 1154 Remunerationes.
555 1126 597 1153 Cl'.
621 1137 645 1153 v.
670 1126 863 1154 Remuneratio.
887 1128 909 1162 ᾗ.
928 1129 952 1153 2.
990 1127 1040 1154 Ae-

194 1173 305 1200 rarium,
330 1170 432 1196 Fiscus.
462 1168 503 1195 Cl'.
528 1179 552 1195 v.
577 1169 722 1196 Aerarium.
746 1170 783 1203 ἐξ.
807 1173 831 1196 2.
857 1180 896 1206 sq.
932 1169 981 1196 Th.
1007 1169 1038 1197 C.

192 1213 236 1240 XI.
255 1216 295 1240 30.
318 1224 339 1239 c.
358 1215 400 1238 25.
421 1211 454 1238 dc
474 1211 533 1248 adp.
555 1217 580 1238 ct
599 1222 676 1249 poen.
697 1212 768 1239 XVI.
782 1215 805 1239 5.
827 1223 848 1240 c.
868 1215 909 1239 54.
929 1212 962 1239 de
981 1212 1040 1239 bae-

192 1261 239 1283 ret.
271 1255 313 1282 III.
329 1257 395 1283 Gn.
415 1254 554 1281 Sam-arum
574 1259 601 1280 et
619 1256 781 1292 privatarum
801 1256 969 1292 largitionum
983 1258 1039 1293 (pa-

192 1299 287 1332 latini.)
313 1298 363 1325 Th.
384 1298 416 1324 C.
436 1297 478 1324 VI.
499 1299 523 1323 2.
544 1307 566 1323 c.
588 1299 626 1324 15.
647 1297 679 1324 de
699 1298 788 1325 Senat.
809 1304 834 1325 et
854 1299 887 1325 de
905 1298 972 1335 gleb.
993 1298 1037 1325 VI.

190 1344 232 1368 30.
258 1352 279 1368 c.
306 1343 346 1368 16.
371 1351 391 1367 c.
411 1342 453 1367 21.
479 1340 512 1366 de
535 1339 590 1366 Pal.
609 1340 637 1366 S.
663 1340 742 1377 lai-gg.
779 1341 891 1368 Palatini
916 1347 966 1368 tam
986 1341 1037 1368 Co-

190 1385 261 1411 mitis
285 1384 470 1419 largitionum,
495 1393 572 1419 quam
598 1383 712 1410 Comitis
736 1386 904 1421 privatarum.
936 1385 972 1411 Ib.
993 1384 1036 1411 VI.

189 1429 231 1454 35.
252 1438 273 1454 c.
297 1429 335 1453 14.
354 1436 394 1464 pr.
415 1425 448 1452 de
468 1427 533 1463 priv.
555 1436 608 1452 eor.
629 1437 671 1463 qu.
692 1428 718 1453 in
738 1428 765 1454 S.
786 1428 836 1465 pal.
849 1428 894 1454 XI.
916 1430 938 1454 7.
958 1438 980 1454 c.
996 1429 1035 1454 17.

190 1470 223 1498 de
242 1471 372 1497 exaction.
410 1469 514 1495 Scrinia
533 1470 619 1495 omnia
638 1468 804 1506 largitionum
818 1471 1035 1497 comitatensium.

190 1513 227 1540 lb.
247 1512 294 1539 VI.
312 1514 354 1538 30.
375 1522 396 1538 c.
417 1514 439 1539 7.
460 1522 499 1549 pr.
537 1512 591 1547 Qui
611 1528 644 1531 —
663 1514 721 1539 sive
740 1513 966 1546 comitatensibus,
980 1514 1036 1540 sive

190 1556 300 1593 privatis
320 1555 504 1591 largitionibus
524 1554 714 1582 obsecundant.
734 1555 828 1583 lb.V1.
841 1558 882 1583 35.
904 1567 924 1583 c.
940 1558 962 1583 7.
987 1556 1036 1583 Re-

190 1598 270 1635 liqua,
290 1608 356 1635 quae
376 1603 427 1623 tam
446 1597 479 1623 ad
498 1607 582 1624 arcam
602 1598 753 1625 sublimium
773 1604 942 1636 potestatum.
958 1610 1035 1636 quam

191 1641 223 1667 ad
242 1641 395 1677 largitiones
418 1641 560 1678 pertinent.
589 1640 626 1666 lb.
646 1640 691 1667 XI.
710 1644 752 1668 28.
773 1652 794 1668 c.
814 1643 837 1668 6.
858 1642 891 1669 cl'.
911 1653 932 1669 c.
951 1645 975 1669 3.
995 1652 1035 1680 pr.

192 1683 225 1710 de
243 1683 340 1720 indulg.
360 1683 472 1710 debitor.
501 1683 544 1709 Ad
562 1682 730 1720 largitionum
749 1684 867 1712 subsidia
885 1685 1035 1722 perferendi

191 1729 241 1760 (sc.
256 1726 356 1758 solidi.)
376 1726 413 1752 lb.
427 1726 484 1752 XII.
505 1727 528 1752 6.
549 1735 570 1752 c.
593 1728 632 1753 1³.
652 1737 691 1764 pr.
711 1727 744 1754 de
763 1733 910 1765 susceptor.
934 1728 1035 1754 Aurum

191 1774 311 1795 exactum
329 1768 361 1794 ad
381 1768 407 1795 S.
430 1768 583 1804 largitiones
603 1770 679 1796 mitti.
699 1770 736 1796 Ib.
757 1770 774 1796 I.
791 1773 830 1797 lo.
851 1781 872 1797 c.
887 1773 908 1798 7.
931 1771 1034 1804 OVck.)

191 1812 224 1839 de
244 1812 287 1838 oss‘.
308 1811 382 1838 Com.
400 1810 426 1837 S.
445 1811 523 1848 largg.
560 1811 661 1839 Relatis
681 1813 706 1839 in
726 1812 908 1849 largitionibus
928 1813 1034 1842 faculta-

190 1855 271 1887 tibus,
293 1854 381 1891 plecti.
401 1854 438 1880 Ib.
454 1854 498 1880 IX.
513 1856 554 1880 21.
575 1864 596 1880 c.
616 1856 639 1881 6.
660 1865 699 1891 sq.
720 1855 752 1881 de
771 1856 828 1882 fals.
847 1862 943 1883 monet.
973 1856 1034 1883 Lar-

190 1898 335 1933 gitiouibus
355 1897 470 1934 pendant
490 1897 640 1930 (annonas.)
661 1898 698 1924 lb.
713 1898 744 1924 V.
766 1900 805 1925 14.
826 1909 847 1925 c.
867 1901 890 1925 5.
911 1899 1015 1933 (ch.)

225 1940 510 1974 Largitionalis.
543 1940 668 1973 (Subst.)
710 1943 846 1968 Aerarii
873 1944 1032 1969 minister.

190 1983 231 2010 III.
250 1985 315 2011 Cu..
338 1983 361 2008 A
381 1984 463 2009 sacris
484 1983 693 2019 largitionalibus
712 1990 855 2020 poscantur
874 1984 964 2018 (tituli⁷
984 1995 1033 2022 pro

190 2037 297 2053 numero
316 2026 449 2052 hominum
469 2030 531 2058 ete.)
552 2025 619 2052 Nov.
637 2025 691 2053 Val.
706 2026 747 2053 III.
768 2027 800 2053 de
820 2027 910 2053 tribut.
931 2028 986 2054 Iisc.
1001 2028 1032 2054 II.

191 2071 231 2096 19.
252 2080 272 2096 c.
295 2072 316 2095 l.
337 2070 358 2103 9.
381 2071 402 2095 1.
441 2068 562 2106 Eligendi
587 2074 663 2095 erunt
686 2074 856 2106 susceptores
882 2081 895 2097 e
920 2070 1032 2097 diversis

190 2111 293 2144 officiis,
313 2113 390 2138 etiam
410 2123 442 2138 ex
462 2111 671 2148 largitionalibus
691 2113 834 2139 civitatum.
855 2112 950 2140 T11.C.
967 2113 1030 2141 VIII.

190 2155 214 2179 3.
234 2164 254 2180 c.
276 2157 298 2180 1.
322 2155 387 2188 §eL
413 2155 445 2181 de
465 2155 551 2192 privil.
572 2154 660 2191 adpar.
680 2154 736 2181 XII.
757 2157 780 2181 6.
806 2165 827 2182 c.
847 2157 871 2182 6.
892 2156 924 2182 de
943 2166 1032 2183 susce-

191 2201 258 2233 ptor.
294 2196 522 2234 Largitionalium,
543 2203 568 2224 et
587 2202 797 2234 prosecutorum,
817 2198 1032 2236 adlectorumque

192 2238 303 2265 fraudes.
325 2239 361 2266 lb.
374 2240 431 2267 XII.
446 2244 470 2267 6.
491 2251 512 2267 c.
534 2243 573 2266 12.
594 2250 633 2277 sq.

226 2282 507 2315 Largitionalis.
537 2283 676 2317 (Adiect.)
712 2285 760 2310 Ad
777 2287 941 2311 aerarium
957 2296 1031 2319 per-

192 2325 305 2349 tinens.
342 2323 371 2350 II.
392 2327 457 2359 Op.
482 2326 659 2362 Largitionale
683 2326 806 2353 officium.
827 2343 858 2347 —
881 2327 1030 2355 Privatiani.

192 2365 241 2392 Th.
263 2366 292 2392 C.
309 2365 351 2392 VI.
367 2368 408 2392 30.
429 2378 449 2394 c.
468 2371 508 2395 24.
530 2370 562 2395 de
582 2370 658 2407 palat.
680 2369 707 2396 S.
727 2369 805 2406 largg.
834 2369 876 2396 III.
892 2372 957 2397 οη.
977 2370 1031 2397 Pri-

192 2407 284 2444 vilegia
304 2408 474 2444 largitionalis
493 2412 580 2438 oflicii.
613 2412 649 2438 lb.
670 2412 713 2439 VI.
732 2415 774 2439 30.
795 2423 814 2439 c.
835 2415 876 2439 24.
897 2413 912 2439 l.
943 2413 1031 2450 Largi-

192 2450 303 2476 tionales
323 2451 401 2483 tituli,
421 2453 464 2485 (et
482 2454 675 2491 emphyteutica
695 2457 758 2493 reip.
778 2456 909 2493 praedia.)
929 2456 965 2483 lb.
984 2457 1028 2485 XI.

190 2495 231 2519 25.
254 2504 274 2519 c.
299 2495 336 2519 14.
357 2494 389 2520 de
408 2494 505 2530 indulg.
525 2496 604 2524 debit.
625 2498 656 2525 cl'.
676 2498 694 2525 I.
715 2500 755 2524 10.
776 2509 797 2524 e.
817 2500 840 2525 2.
861 2499 977 2533 (ch.)
997 2500 1029 2526 de

191 2536 234 2562 off.
261 2535 336 2562 Com.
361 2537 388 2563 S.
408 2537 486 2573 largg.
524 2538 635 2572 Aurum.
660 2546 829 2578 caeteraeque
852 2543 956 2579 specles
980 2542 1029 2569 lar-

190 2579 335 2615 gitionales,
367 2579 403 2605 lb.
423 2579 490 2606 vlu.
510 2583 533 2607 5.
559 2591 578 2608 c.
599 2585 639 2610 47.
663 2594 702 2621 pr.
728 2585 759 2611 cf.
786 2595 806 2611 c.
831 2586 869 2611 13.
894 2585 927 2611 de
950 2595 1028 2612 cursu

190 2621 252 2658 pub.
284 2621 379 2648 Vestes
397 2621 583 2659 largitionales.
608 2625 644 2652 lb.
663 2626 681 2652 I.
702 2629 742 2653 15.
769 2638 790 2654 c.
812 2629 851 2654 10.
872 2627 976 2661 (ch.)
995 2628 1028 2655 de

192 2665 235 2690 off.
251 2663 337 2690 Yicar.

225 2709 382 2742 Largus.
401 2708 530 2742 (Adiect.)
555 2711 729 2743 copiosus,
749 2715 887 2747 Amplns.
914 2714 942 2740 II.
959 2716 1026 2749 01)-

191 2749 299 2786 Largius
320 2755 422 2787 tempus
445 2751 569 2778 tribuere.
591 2768 622 2771 —
648 2753 763 2781 Arctare.
789 2756 817 2782 fr.
840 2758 861 2782 1.
887 2757 907 2790 ξ
930 2759 968 2783 12.
994 2757 1025 2784 de

192 2801 305 2819 success.
326 2794 402 2820 edict.
422 2795 462 2820 38.
483 2796 505 2820 9.
535 2794 577 2821 III.
594 2796 659 2823 Cn.
679 2796 807 2833 Imputare
826 2809 882 2825 eum
903 2805 1025 2836 oportere
1047 2795 1048 2801 ¹

1868 152 1929 182 527

1091 232 1123 259 de
1142 232 1220 269 largis
1240 231 1407 259 facultatibus
1427 232 1530 271 pupilli.
1550 232 1582 259 fr.
1602 234 1624 258 1.
1644 233 1666 266 ξ.
1681 234 1703 259 4.
1724 232 1757 259 de
1777 237 1823 258 tut.
1844 237 1869 258 et
1883 238 1928 259 rat.

1089 277 1131 302 27.
1149 277 1174 302 3.

1124 318 1324 349 Lau-idum,
1351 329 1371 345 s.
1393 320 1573 346 Lan-«lum.
1616 319 1699 345 Caro
1723 320 1838 350 suilla,
1863 321 1930 345 sale

1088 363 1227 388 condita.
1263 360 1295 387 II.
1319 363 1386 395 ΟΡ.
1407 361 1510 388 Recens
1531 372 1598 388 car0.
1624 360 1673 387 Th.
1694 359 1724 387 C.
1744 360 1799 387 VII.
1819 363 1842 387 4.
1863 371 1884 387 c.
1904 363 1928 387 2.

1089 403 1121 429 de
1145 413 1214 440 erog.
1240 403 1292 430 mil.
1318 414 1411 430 annon.
1449 404 1491 431 111.
1513 406 1578 432 011..
1603 403 1787 441 Expeditionis
1811 408 1929 441 tempore

1087 446 1263 473 buccellatum
1282 457 1311 473 ac
1330 457 1437 484 panem,
1461 461 1491 464 —
1517 447 1627 474 laridum
1647 457 1749 473 carnem
1769 451 1796 472 et
1814 447 1929 473 verveci-

1088 499 1145 515 nam
1166 490 1346 526 (percipere.)
1377 489 1413 516 Ib.
1434 489 1449 516 l.
1469 490 1485 516 I.
1515 500 1536 516 c.
1556 491 1579 515 6.
1604 489 1635 516 cs.
1656 489 1720 516 Vlll.
1740 491 1763 516 4.
1789 499 1810 516 c.
1832 491 1871 516 17.
1896 489 1928 515 de

1088 531 1214 558 cohor-tal.
1229 532 1285 558 XII.
1305 534 1330 559 6.
1350 541 1371 559 c.
1385 534 1426 558 21.
1446 533 1468 566 ξ,
1490 534 1511 558 l.
1532 531 1564 558 de
1583 538 1730 570 susceptor.

1122 575 1311 602 Laseivia.
1348 577 1556 607 Petulantia.
1581 577 1786 603 Prot-recitas.
1824 574 1844 601 I.
1864 576 1927 609 Sy.

1087 616 1249 654 Cupiditatis
1274 618 1358 655 culpa.
1383 617 1453 645 Coll.
1472 617 1525 644 LL.
1546 617 1578 644 M.
1599 618 1617 644 I.
1640 620 1679 645 ll.
1715 618 1758 644 III.
1779 619 1845 646 Gn.
1869 617 1927 644 Nisi

1086 661 1113 686 in
1132 660 1182 686 lata
1203 665 1228 687 et
1247 662 1349 687 incauta
1368 660 1534 697 negligentia,
1553 660 1596 687 vel
1616 660 1721 687 lascivia
1741 662 1796 687 l'uit.
1819 660 1855 687 lb.
1870 660 1926 687 XII.

1086 705 1110 729 5.
1136 703 1165 729 Si
1185 703 1248 740 quid
1268 713 1315 740 per
1334 703 1478 735 lasciviam,
1497 708 1522 730 et
1541 714 1593 730 non
1613 703 1671 730 data
1691 714 1769 741 opera
1789 709 1817 730 ut
1830 704 1926 730 furtum

1086 747 1301 779 committeretur,
1321 747 1416 773 sactum
1436 747 1479 773 sit.
1503 746 1560 773 Gai.
1580 746 1622 773 III.
1641 749 1700 773 202.
1721 746 1752 773 cI.
1773 746 1802 772 l'r.
1822 748 1845 773 6.
1866 747 1887 780 ξ.
1903 748 1925 772 7.

1086 789 1118 815 de
1137 789 1168 815 R.
1189 789 1221 815 M.
1241 791 1282 816 49.
1306 791 1344 816 16.
1382 789 1411 816 Si
1432 799 1481 826 qua
1505 790 1558 822 (sc.
1578 790 1713 822 animalia)
1738 789 1859 821 lascivia,
1882 794 1926 815 aut

1085 842 1191 869 pavore,
1211 837 1256 858 aut
1274 832 1377 858 feritate
1395 833 1547 870 pauperiem
1567 832 1684 859 feceriut.
1704 832 1746 859 Pr.
1760 832 1778 858 I.
1793 833 1816 858 si
1834 831 1925 869 quadr.

1085 884 1162 912 paup.
1183 876 1206 900 4.
1225 876 1249 900 9.

1120 918 1252 944 Laser.
1278 919 1402 944 Saccus
1421 920 1536 952 sirpis,
1561 928 1613 945 seu
1632 920 1759 953 silphii.
1796 916 1839 944 III.
1860 918 1925 944 s'n.

1084 960 1181 986 Aroma
1201 959 1334 991 Indicum,
1354 960 1505 996 galbanum,
1530 960 1599 987 laser
1619 966 1666 988 etc.
1692 961 1721 988 fr.
1744 962 1782 987 16.
1807 960 1829 994 §.
1850 961 1872 986 7.
1893 959 1925 986 de

1084 1002 1216 1040 publican.
1236 1004 1278 1029 39.
1298 1005 1321 1028 4.
1360 1002 1438 1039 Piper
1457 1007 1483 1028 et
1502 1002 1660 1039 ligusticum,
1680 1009 1706 1030 et
1725 1013 1828 1030 careum
1847 1008 1872 1029 et
1891 1002 1925 1028 la-

1085 1055 1127 1072 ser
1147 1050 1195 1072 ctc.
1219 1045 1249 1072 sr.
1269 1048 1292 1072 5.
1313 1045 1334 1078 ξ.
1356 1047 1377 1071 1.
1399 1044 1431 1071 de
1450 1055 1519 1082 penu
1538 1046 1586 1083 leg.
1605 1049 1647 1074 33
1667 1048 1691 1074 9.

1119 1098 1294 1124 Lassare.
1331 1098 1511 1131 Fatigare,
1535 1098 1667 1124 Vexare.
1703 1097 1746 1124 111.
1767 1098 1832 1125 Gn.
1852 1096 1923 1123 Si—

1084 1145 1128 1166 aut
1151 1140 1276 1166 continuo
1300 1139 1454 1165 submersus
1478 1144 1534 1171 est.
1558 1145 1601 1166 aut
1624 1140 1737 1167 lassatus
1760 1142 1786 1167 vi
1809 1140 1924 1166 fluminis

1084 1184 1170 1209 victus
1192 1183 1309 1220 perierit.
1335 1182 1364 1208 l'r.
1386 1183 1407 1208 7.
1434 1182 1455 1216 ξ.
1475 1183 1499 1208 7.
1524 1182 1555 1209 ad
1574 1182 1603 1209 L.
1624 1184 1691 1220 Aqu.
1712 1186 1735 1210 9.
1755 1186 1779 1210 2.
1816 1183 1867 1210 Per
1884 1188 1925 1209 tot

1084 1225 1239 1252 detrimenta
1259 1225 1356 1251 lassato
1371 1226 1420 1258 (sc.
1435 1226 1554 1262 corpori)
1569 1226 1682 1252 remedia
1696 1231 1836 1264 praestare.
1856 1225 1923 1252 Nov.

1083 1268 1141 1295 Val.
1161 1268 1199 1295 Ill.
1220 1268 1252 1295 de
1271 1267 1383 1294 navicul.
1404 1269 1495 1294 amuic.
1517 1268 1547 1294 II.
1567 1270 1609 1295 29.
1629 1279 1649 1295 c.
1672 1271 1694 1295 1.
1713 1279 1752 1306 pr.

1117 1323 1329 1350 IAaSSItudo.
1359 1324 1547 1357 Fatigaeio.
1574 1322 1618 1350 III.
1637 1325 1703 1351 (7¹11.
1722 1323 1764 1350 Ad
1784 1334 1849 1361 quae
1868 1326 1922 1357 (se.

1082 1367 1244 1399 ministeria)
1268 1371 1331 1403 post
1352 1365 1424 1401 longi
1449 1365 1547 1392 laboris
1567 1365 1750 1393 lassitudinem
1771 1383 1802 1387 —-
1822 1372 1922 1404 protra-

1082 1414 1148 1435 ctus.
1169 1419 1190 1435 c.
1210 1410 1251 1435 27.
1272 1409 1304 1435 de
1324 1410 1404 1446 episc.
1425 1408 1489 1435 eccl.
1511 1410 1533 1436 l.
1553 1410 1576 1436 3.

1116 1461 1224 1487 Late·
1256 1459 1379 1494 (Advb.)
1416 1460 1447 1493 ᾗ.
1468 1461 1502 1486 l.
1525 1461 1783 1494 Qnoquoversus.
1820 1461 1839 1487 I.
1860 1462 1922 1495 Sy.

1081 1503 1109 1529 In
1129 1503 1242 1529 diversis
1261 1502 1328 1529 locis
1348 1504 1532 1534 constitutum⁷
1556 1501 1621 1529 Late
1640 1503 1765 1530 diffusum
1785 1505 1922 1541 (patrimo-

1081 1546 1178 1578 nium.)
1204 1556 1225 1572 c.
1244 1547 1268 1572 3.
1289 1547 1315 1572 in
1335 1556 1377 1582 qn.
1398 1556 1450 1572 cas.
1470 1550 1516 1572 tut.
1536 1547 1560 1571 5.
1579 1547 1620 1572 36.
1658 1545 1701 1572 III.
1721 1548 1787 1574 Cn.
1811 1547 1922 1583 Aquam7

1081 1600 1147 1626 quae
1166 1590 1192 1615 in
1212 1588 1293 1615 fundo
1314 1589 1487 1620 nascebatur,
1510 1593 1536 1615 et
1555 1589 1622 1615 circa
1642 1599 1697 1615 eam
1717 1599 1809 1626 aquam
1828 1590 1880 1617 late
1897 1591 1922 1617 Χ

1080 1632 1162 1669 pedes
1187 1637 1332 1669 exceperat.
1357 1632 1387 1658 fr.
1406 1632 1459 1657 30.⁸
1473 1631 1506 1657 de
1530 1630 1556 1658 S.
1581 1630 1609 1658 P.
1629 1631 1660 1659 R.
1680 1635 1703 1658 8.
1723 1634 1746 1659 3.
1775 1648 1805 1652 —-
1835 1633 1866 1666 §.
1886 1634 1920 1660 ἦ.

1081 1677 1234 1710 Copiose,
1253 1677 1446 1710 Indefinite.
1476 1674 1505 1700 II.
1521 1675 1588 1708 Op.
1608 1673 1650 1700 Ad
1670 1684 1698 1700 ea
1712 1674 1768 1701 sola
1780 1677 1920 1712 pertinere.

1080 1734 1112 1738 —-
1131 1717 1196 1744 Late
1215 1722 1312 1754 patere.
1339 1717 1367 1743 l'r.
1389 1719 1411 1743 7.
1437 1717 1458 1750 ς.
1479 1719 1502 1743 5.
1535 1716 1586 1752 Qu.
1607 1717 1632 1743 vi
1652 1722 1696 1743 aut
1715 1717 1746 1744 cl.
1767 1720 1807 1744 43.
1827 1720 1869 1746 24.
1889 1719 1920 1745 cl'.

1080 1760 1109 1787 I'r.
1129 1762 1154 1787 9.
1175 1770 1207 1786 ex
1227 1770 1268 1796 qu.
1290 1770 1311 1786 c.
1331 1761 1388 1786 mai.
1408 1761 1432 1786 4.
1453 1761 1476 1785 (i.
1512 1759 1556 1786 III.
1577 1761 1644 1787 011.
1667 1759 1724 1787 IIoc
1743 1760 1868 1788 iudicium
1886 1761 1921 1788 la-

1080 1804 1130 1829 tius
1152 1802 1260 1829 Praetor
1278 1803 1405 1840 porrexit.
1425 1802 1455 1828 sr.
1475 1804 1499 1828 5.
1519 1802 1540 1836 ξ.
1560 1804 1583 1828 2.
1605 1804 1626 1829 si
1646 1813 1760 1830 mensor.
1773 1805 1812 1831 ll.
1826 1805 1850 1830 6.
1878 1803 1920 1831 Li-

1079 1846 1169 1872 berum
1188 1846 1237 1872 suit
1251 1846 1299 1879 (sc.
1314 1845 1487 1882 stipulatori‚)
1507 1845 1586 1871 verba
1601 1845 1653 1872 late
1667 1848 1813 1884 concipere.
1834 1847 1864 1874 sr.
1879 1849 1919 1874 99.

1078 1899 1118 1926 pr.
1138 1888 1170 1915 de
1190 1888 1221 1915 V.
1242 1888 1274 1915 Ο.
1295 1890 1335 1915 45.
1358 1890 1380 1914 l.
1418 1887 1535 1915 Verbum
1554 1888 1621 1915 illud
1641 1906 1670 1909 —
1694 1890 1821 1917 latissime
1839 1896 1919 1928 patet.

1078 1932 1108 1958 fr.
1129 1933 1186 1959 181.
1208 1931 1239 1958 cf.
1263 1931 1293 1958 fr.
1312 1934 1336 1957 2.
1357 1941 1395 1968 pr.
1416 1931 1448 1958 de
1468 1931 1500 1959 V.
1520 1932 1546 1958 S.
1566 1933 1608 1958 50.
1629 1933 1669 1959 16.

1114 1984 1293 2009 Latebra.
1330 1983 1361 2015 ἓ.
1381 1983 1416 2008 1.
1436 1984 1540 2010 Locus
1559 1985 1705 2015 abditus,
1725 1985 1919 2018 Receptacu-

1078 2028 1148 2052 lum.
1185 2024 1204 2051 I.
1225 2026 1287 2059 Sy.
1306 2024 1465 2051 Latibulum.
1494 2024 1543 2052 Th.
1559 2024 1589 2052 C.
1604 2025 1660 2052 VII.
1682 2028 1721 2053 19.
1743 2037 1763 2053 c.
1786 2028 1808 2053 l.
1827 2037 1866 2063 pr.
1887 2026 1919 2053 de

1077 2068 1207 2094 Saturian.
1246 2068 1400 2100 Occultare.
1426 2067 1532 2099 Celare,
1557 2068 1696 2095 Latebram
1715 2069 1849 2106 praebere.
1879 2069 1916 2096 lb.

1077 2110 1132 2137 VII.
1153 2113 1193 2137 le.
1219 2121 1240 2137 c.
1260 2112 1284 2138 4.
1304 2121 1343 2148 sq.
1368 2114 1392 2137 s.
1412 2121 1452 2147 sq.
1477 2111 1509 2138 de
1533 2111 1659 2138 desertor.
1683 2112 1716 2138 X.
1737 2114 1777 2138 19.
1802 2123 1822 2139 c.
1842 2114 1865 2139 7.
1886 2113 1918 2139 de

1077 2153 1173 2180 metall.
1211 2153 1253 2180 III.
1274 2155 1340 2182 Gn.
1369 2154 1492 2190 Aliquem
1516 2156 1542 2180 in
1566 2154 1673 2181 latebris
1693 2154 1797 2182 habere.
1828 2155 1865 2182 lb.
1883 2157 1916 2182 X.

1053 2208 1054 2212 ¹
1075 2199 1117 2223 20,
1138 2207 1158 2223 c.
1181 2198 1203 2222 7.
1224 2196 1257 2223 de
1275 2197 1392 2233 murilcg.
1418 2199 1472 2233 Qui
1492 2197 1611 2223 incolunt
1629 2197 1752 2230 latebras,
1772 2198 1916 2235 producan-

1077 2245 1126 2266 tur.
1146 2239 1182 2265 lb.
1203 2240 1235 2266 X.
1257 2242 1297 2266 19.
1318 2250 1339 2266 c.
1354 2242 1377 2266 5.
1398 2256 1430 2259 —
1450 2241 1481 2273 §0
1496 2242 1531 2267 2.
1552 2242 1689 2267 Fac-tum
1708 2243 1844 2268 celandi.
1872 2240 1914 2266 Ill.

1076 2283 1142 2309 Cn.
1166 2282 1219 2318 Qui
1239 2283 1385 2309 occultatus
1405 2283 1492 2314 fuerit,
1512 2288 1629 2315 eruatur,
1649 2288 1675 2309 et
1694 2283 1808 2310 latebrae
1826 2288 1916 2309 auctor

1076 2340 1106 2344 —-
1128 2330 1235 2361 cogatur
1254 2325 1350 2351 inferre
1369 2330 1417 2351 etc.
1441 2325 1477 2351 lb.
1498 2325 1554 2352 VII.
1575 2327 1615 2352 18.
1636 2336 1656 2352 c.
1677 2328 1700 2352 9.
1720 2336 1757 2362 pr.
1778 2326 1810 2352 de
1829 2325 1915 2352 descr—

1077 2372 1124 2394 tor.
1150 2367 1258 2394 Nullum
1271 2368 1322 2394 sibi
1336 2368 1391 2394 l'ore
1411 2367 1443 2393 ad
1462 2367 1587 2395 latebram
1606 2369 1758 2395 abolitionis
1772 2378 1913 2394 recursum.

1074 2410 1111 2436 lb.
1132 2410 1176 2436 [Χ.
1196 2412 1236 2437 37.
1260 2421 1281 2437 c.
1301 2412 1325 2436 2.
1345 2409 1378 2436 dc
1397 2410 1533 2437 abolition.

1114 2462 1267 2488 lunens-
1312 2460 1441 2494 (Partie.)
1483 2463 1636 2493 Abditas,
1665 2463 1912 2493 Clandestinas,

1076 2504 1246 2530 Obscurus.
1290 2503 1319 2529 II.
1344 2505 1411 2536 Op.
1443 2503 1470 2530 In
1496 2503 1585 2530 latenti
1605 2504 1724 2529 retinere.
1745 2520 1777 2522 —
1806 2503 1913 2530 Publice

1072 2546 1200 2583 profiteri.
1223 2546 1251 2572 fr.
1271 2548 1294 2572 2.
1315 2546 1336 2579 ξ.
1355 2548 1397 2572 35.
1418 2546 1450 2572 de
1470 2546 1502 2572 Ο.
1523 2546 1539 2571 Ι.
1562 2548 1583 2571 1.
1603 2548 1626 2571 2.
1665 2545 1706 2572 Ill.
1726 2547 1791 2573 Cn.
1817 2546 1913 2573 Redhi-

1072 2588 1138 2614 bitio
1161 2589 1250 2614 vitiosi
1273 2589 1407 2626 mancipii.
1429 2605 1460 2608 —
1479 2592 1589 2625 propter
1608 2587 1691 2614 latens
1710 2589 1809 2616 vitium.
1839 2589 1910 2616 Paul.

1072 2631 1102 2657 II.
1124 2633 1163 2657 17.
1183 2631 1205 2664 ξ.
1225 2633 1248 2656 5.
1269 2630 1299 2657 fr.
1319 2633 1360 2657 55.
1382 2631 1414 2657 de
1433 2630 1517 2657 Aedil.
1539 2629 1615 2656 edict.
1634 2632 1676 2657 21.
1698 2633 1719 2658 l.
1755 2631 1910 2660 Latentibus

1071 2684 1118 2710 per
1138 2673 1250 2700 iudicem
1269 2675 1415 2711 promissis.
1435 2674 1546 2699 minisve
1565 2677 1669 2699 tentata.
1695 2673 1744 2700 Th.
1760 2674 1789 2702 C.
1809 2675 1849 2702 III.
1872 2677 1909 2701 11.

1072 2727 1092 2742 c.
1114 2718 1135 2742 l.
1161 2716 1183 2749 ᾖ.
1205 2718 1227 2742 l.
1251 2718 1273 2743 si
1299 2727 1370 2753 quac.
1395 2715 1484 2752 praed.
1507 2720 1560 2752 pot.
1582 2715 1613 2742 cf.
1633 2716 1702 2743 XVI.
1723 2719 1745 2743 5.
1772 2728 1792 2745 c.
1813 2720 1853 2744 59.
1878 2718 1909 2743 dv

1047 2772 1049 2782 v
1071 2758 1191 2785 haeretic.

1105 2803 1301 2829 Latenter.
1331 2800 1442 2834 (Advh.)
1474 2803 1613 2828 Occulte.
1651 2802 1743 2837 [Sy.
1763 2803 1844 2829 Clam.
1866 2801 1905 2828 Cli
