2197 3121
278 175 344 205 290

280 261 352 284 utras
371 261 459 294 partes
479 255 617 284 discedent
637 260 686 282 etc.
706 255 737 282 fr.
757 256 798 281 21.
821 254 850 281 sr.
872 256 893 281 l.
913 254 947 281 de
966 254 1061 291 captiv.
1081 255 1123 280 49.

281 301 321 326 15.
359 299 482 335 Plerique.
500 309 559 326 cum
578 299 645 325 bona
665 299 746 335 gratia
766 297 914 325 discedunt.
935 297 964 324 fr.
984 299 1026 323 32.
1047 297 1068 330 ξ.
1085 299 1124 324 10.

280 343 313 369 de
333 342 392 369 don.
414 343 459 368 int.
482 341 512 368 V.
532 344 573 368 24.
596 343 617 368 1.
639 341 670 368 cf.
685 341 715 368 fr.
732 343 771 368 17.
791 341 813 375 §.
830 343 852 368 l.
866 340 898 367 de
912 345 960 366 act.
977 350 1026 366 rer.
1047 344 1124 366 amot.

279 388 320 412 25.
341 388 364 412 2.
402 384 486 411 Vatic.
510 385 617 419 §.102
660 384 701 411 Ab
722 385 792 411 omni
812 384 1001 414 controversia,
1024 393 1045 409 s.
1066 392 1126 409 con-

281 430 410 456 tentione.
431 438 454 454 v.
475 427 531 459 lite,
552 427 697 454 discedere.
721 427 754 454 fr.
773 429 814 454 40.
835 427 865 453 l'r.
892 428 933 452 42.
960 436 999 462 pr.
1023 425 1125 452 deiure·

280 473 327 498 iur.
349 473 389 497 12.
409 474 433 497 2.
454 471 484 497 l'r.
504 473 545 497 43.
574 471 604 498 l'r.
624 473 666 498 65.
690 471 712 505 ξ.
735 472 756 497 l.
783 470 815 497 de
835 469 911 497 cond.
932 468 1019 495 indeb.
1040 470 1080 496 12.
1100 470 1124 495 6.

280 514 401 540 Novandi
421 515 507 540 animo
528 514 659 551 stipulari,
679 515 714 540 ita
735 519 762 540 ut
784 524 796 539 a
816 514 899 550 prima
918 511 1079 547 obligatione
1098 513 1125 538 in

282 558 432 583 universum
453 556 642 584 discederetur.
663 556 686 584 sr
713 558 754 583 30.
776 556 808 582 de
824 560 911 582 novat.
930 556 972 581 46.
991 557 1015 581 2.
1037 554 1068 582 fr.
1084 557 1123 582 10.

278 599 312 626 de
330 599 415 626 Praet.
436 601 498 637 stip.
517 602 559 627 46.
579 603 603 627 5.
641 600 670 627 Si
690 605 774 626 emtor
793 610 806 625 a
826 604 883 625 toto
903 603 1041 624 contractu
1059 598 1124 625 velit

278 643 387 670 discedi.
412 642 442 670 fr.
467 645 509 670 47.
533 644 555 678 ξ.
578 645 599 670 1.
620 643 653 670 de
671 644 733 669 min.
753 644 777 668 4.
797 643 820 668 4.
858 641 882 667 A
901 641 1038 668 voluntate
1058 643 1123 674 eius,

278 687 323 723 qui
348 691 533 717 testamentum
558 686 633 717 fecit,
657 685 803 712 discedere.
828 684 859 710 fr.
879 686 920 711 90.
946 684 978 711 ad
1001 684 1031 711 L.
1052 684 1123 711 falc.

277 731 319 755 35.
338 731 363 755 2.
400 728 456 756 Nec
475 731 615 766 quisquam
634 729 780 766 putaverit.
805 727 836 754 ab
856 728 912 754 iure
932 727 1072 754 dicessum.
1093 727 1123 754 fr.

279 774 319 798 12.
339 782 393 799 rem
412 783 475 810 pnp.
496 772 560 799 salv.
575 773 616 798 46.
631 774 655 798 6.
692 771 790 803 Ellicit,
811 776 839 797 ut
858 782 871 797 a
891 781 920 797 se
939 770 1059 797 discedat
1073 771 1122 804 (sc.

278 815 388 846 ususfr.)
409 821 434 842 et
454 820 623 842 convertatur
642 816 668 841 in
688 816 885 852 proprietatem.
906 813 963 841 Gai.
978 814 1009 841 II.
1028 816 1070 840 30.
1091 813 1121 840 cf.

277 859 295 886 1.
317 861 374 886 170.
395 859 425 886 fr.
445 861 486 885 51.
508 858 540 885 de
560 858 628 884 usut'.
650 860 672 884 7.
696 860 716 884 l.
737 858 767 884 fr.
790 859 830 884 15.
851 857 908 884 sam.
930 858 1022 883 ercisc.
1044 859 1084 883 10.
1097 859 1122 883 2.

277 902 429 929 Dominium
448 902 479 928 ab
500 912 530 927 eo
551 901 689 927 discedere
714 901 807 938 potuit.
828 911 849 927 c.
869 903 893 926 2.
914 901 936 926 si
955 900 1013 927 adv.
1034 900 1121 926 donat.

275 947 300 971 2.
319 947 362 972 30.
383 961 415 965 ——
435 946 466 979 ᾗ.
479 946 516 971 3.
538 945 683 971 Distare.
717 944 759 970 111.
782 945 848 972 Gn.
868 942 924 969 Nec
943 942 1020 979 longe
1039 943 1122 969 disce.-

276 987 339 1015 dere
361 988 485 1015 videntur
508 988 539 1014 ab
564 987 620 1019 MS,
650 997 716 1024 quae
740 992 789 1014 etc.
815 986 838 1020 §.
863 987 905 1012 48.
931 986 949 1012 1.
974 986 1007 1012 (18
1031 986 1062 1012 R.
1088 986 1121 1012 D.

275 1034 300 1058 2.
326 1033 348 1057 l.

311 1074 482 1101 Discens.
522 1075 726 1108 Discipulos
761 1072 780 1099 1.
806 1074 868 1107 Sy.
906 1072 1071 1109 Discipulus.
1092 1071 1121 1098 sr.

276 1119 300 1143 5.
319 1118 342 1151 ξ.
360 1118 385 1143 3.
405 1116 438 1143 ad
456 1116 486 1143 L.
506 1116 575 1153 Aqu.
595 1118 619 1143 9.
639 1119 662 1143 2.
701 1116 744 1142 111.
769 1117 834 1144 Gn.
873 1115 903 1141 Si
928 1116 987 1152 quis
1014 1125 1122 1152 operan-

278 1161 345 1186 tium
365 1160 499 1192 deiecerit,
520 1175 552 1179 —-
572 1159 615 1186 vel
635 1159 801 1186 discentium.
821 1158 852 1185 sr.
867 1161 891 1185 5.
911 1158 933 1192 §.
947 1160 971 1184 3.
992 1158 1026 1185 de
1038 1158 1063 1185 h.
1078 1169 1121 1195 qu.

277 1203 356 1230 vffud.
375 1205 399 1230 9.
419 1204 443 1229 3.

310 1247 550 1279 Disceptare.
580 1246 610 1278 §.
637 1247 672 1272 l.
702 1247 893 1276 Decertare,
914 1246 1120 1271 Contendere.

276 1290 295 1317 1.
315 1291 378 1324 Sy.
402 1289 544 1315 instituere
569 1290 694 1315 actiones.
740 1288 899 1314 Actionibus
924 1288 992 1314 inter
1016 1297 1045 1314 se
1069 1287 1121 1313 dis-

276 1338 344 1370 cept.
369 1332 399 1358 fr.
420 1334 444 1358 2.
469 1332 490 1366 §.
510 1334 534 1358 6.
555 1331 587 1358 de
607 1332 640 1358 O.
660 1331 678 1358 I.
700 1333 722 1358 1.
741 1333 766 1358 2.
804 1331 845 1357 III.
872 1332 939 1359 Cn.
971 1330 1121 1358 Succedere

275 1377 374 1414 poterit
393 1376 466 1402 notio
480 1375 621 1406 Praetoris,
641 1380 669 1401 ut
685 1374 755 1412 apud
769 1385 827 1401 eum
841 1374 1013 1412 disceptetur,
1033 1379 1120 1400 utrum

276 1424 326 1446 etc.
346 1418 375 1446 fr.
395 1420 419 1445 3.
439 1419 461 1452 §.
481 1420 505 1445 3.
525 1418 558 1445 de
582 1418 657 1444 liber.
682 1417 770 1444 exbib.
796 1419 837 1444 43.
857 1419 900 1444 30.
926 1417 958 1444 cf.
983 1417 1014 1444 sr.
1038 1419 1058 1444 1.
1078 1427 1119 1455 pr.

276 1462 309 1489 de
328 1472 399 1489 usur.
418 1464 460 1488 22.
481 1462 504 1487 l.
523 1475 557 1479 —
577 1461 608 1494 §.
628 1461 663 1486 Ε.
694 1462 883 1493 Diae-utere,
904 1463 1119 1492 Examinare,

277 1507 485 1541 Cognoscere.
522 1503 565 1530 ΙΙΙ.
585 1505 652 1531 Gn.
680 1503 791 1530 Praeses
810 1503 852 1530 Pr.
875 1521 904 1524 —
925 1505 979 1530 vim
996 1503 1120 1541 probibe-

276 1548 322 1580 bit,
343 1548 376 1574 de
395 1548 505 1574 caeteris
526 1548 596 1573 inter
614 1556 662 1573 vos
683 1546 887 1583 disceptaturus.
912 1546 996 1574 Vatic.
1019 1547 1040 1580 ς’.
1059 1548 1118 1573 277.

274 1591 425 1618 Praetorem
445 1601 498 1617 non
518 1590 616 1616 debere
641 1599 699 1615 eum
719 1590 769 1622 (se.
790 1590 929 1623 arbitrum)
949 1600 1055 1626 cogere,
1082 1590 1120 1616 in-

275 1640 315 1661 ter
334 1645 381 1660 eos
400 1633 549 1670 disceptare
568 1633 613 1669 qui
633 1637 681 1658 etc.
707 1632 737 1658 l'r.
760 1634 799 1659 ll.
820 1643 858 1670 pr.
877 1633 910 1659 de
929 1643 980 1659 rec.
1002 1643 1044 1669 qu.
1064 1633 1118 1659 arb.

274 1681 298 1705 4.
317 1680 341 1704 8.
379 1677 434 1713 Qui
453 1686 534 1713 super
552 1676 657 1711 negotio
672 1675 868 1712 disceptaturus
882 1681 930 1702 est.
969 1676 1022 1712 Qui
1042 1686 1119 1712 nego·
1141 1687 1142 1698 π

275 1722 310 1747 tia
329 1719 468 1747 humiliora
488 1719 646 1755 disceptent.
667 1728 688 1744 c.
702 1720 727 1744 2.
742 1718 774 1745 de
794 1729 843 1745 err.
857 1719 948 1745 advoc.
968 1722 992 1745 2.
1009 1721 1048 1745 10.
1069 1718 1118 1745 Th.
1141 1721 1142 1740 ἲ

1141 1759 1142 1776 ³
1164 1767 1206 1789 tur
1236 1763 1379 1788 inventum.
1418 1759 1468 1787 Th.
1494 1760 1525 1787 C.
1550 1760 1594 1786 IX.
1618 1761 1660 1786 34.
1690 1770 1711 1786 c.
1736 1762 1760 1787 9.
1784 1770 1824 1796 sq.
1853 1760 1886 1787 de
1914 1760 2007 1788 samos.

275 1764 306 1791 C.
327 1764 344 1790 1.
366 1765 388 1790 7.
409 1773 430 1789 c.
449 1765 474 1788 2.
495 1762 527 1789 de
546 1762 590 1788 off.
611 1761 685 1787 ltcct.
705 1761 747 1788 Pr.

309 1807 557 1840 ltisceptatio.
579 1806 608 1838 ξ.
621 1806 655 1831 1.
671 1806 845 1831 contentio
863 1807 1024 1838 partium,
1039 1807 1118 1831 Con·
1140 1816 1142 1846 Ξ

275 1852 448 1876 troversia.
480 1848 498 1875 1.
514 1850 575 1882 Sy.
595 1847 690 1879 Causa,
711 1847 849 1883 Quaestio,
868 1847 923 1874 Lis.
945 1858 965 1875 c.
985 1850 1009 1874 3.
1031 1847 1063 1874 de
1082 1849 1119 1874 iu-

276 1891 326 1919 dic.
344 1894 369 1918 3.
387 1894 409 1918 l.
430 1902 450 1918 c.
470 1893 494 1917 4.
515 1891 547 1918 de
566 1895 632 1927 patr.
646 1895 701 1927 pot.
720 1894 744 1917 δ.
764 1893 806 1917 47.
826 1890 868 1917 111.
880 1892 946 1918 Gn.
967 1890 1047 1926 Quod
1068 1891 1117 1923 (sc.
1140 1912 1141 1919 1

275 1935 461 1972 peremtorium
485 1933 615 1965 edictum)
640 1933 701 1959 inde
726 1933 776 1959 hoc
801 1944 895 1960 nomen
914 1935 1021 1965 sumsit,
1046 1933 1118 1970 quod

276 1979 417 2015 perimeret
442 1977 668 2013 disceptationem.
695 1975 724 2002 fr.
749 1978 789 2002 70.
814 1976 846 2004 dc
870 1977 949 2003 iudic.
969 1979 992 2003 5.
1014 1979 1036 2003 1.
1075 1976 1119 2003 Ci-

276 2020 322 2047 vili
341 2020 529 2057 disceptationi
548 2020 645 2045 crimen
665 2018 821 2055 adiungitur.
848 2030 868 2046 c.
890 2021 913 2046 1.
933 2021 955 2046 si
976 2030 1018 2056 qu.
1038 2019 1117 2056 aliqu.

277 2069 337 2090 test.
356 2065 380 2090 6.
400 2065 442 2090 34.
470 2062 501 2089 cs.
523 2073 543 2088 e.
563 2064 587 2088 3.
608 2061 641 2088 de
659 2061 715 2089 ord.
736 2062 856 2089 iudicior.
875 2064 900 2089 3.
920 2064 943 2089 8.
980 2062 1117 2089 Liberales

278 2116 379 2138 causae,
399 2117 465 2143 quae
484 2106 599 2143 privatas
613 2104 820 2142 disceptationes
840 2107 984 2132 continent.
1005 2116 1026 2132 c.
1041 2108 1064 2132 5.
1085 2106 1118 2132 dc

277 2149 387 2176 calumn.
407 2152 430 2175 9.
450 2150 491 2175 46.
511 2162 544 2167 -—
564 2149 643 2181 §.2.
665 2150 840 2180 Quaestio,
861 2150 1020 2184 Cognitio
1040 2159 1117 2176 eau-

277 2203 336 2220 sae.
374 2192 391 2218 1.
412 2194 473 2226 Sy.
498 2192 622 2218 Examen.
643 2190 692 2217 Th.
714 2191 745 2217 C.
766 2191 810 2217 IX.
832 2193 853 2218 1.
875 2202 896 2218 c.
919 2194 958 2219 13.
979 2192 1012 2219 de
1030 2202 1116 2220 accus.

277 2236 320 2263 111.
340 2236 406 2263 Gn.
442 2235 506 2261 Eius
530 2234 596 2271 legis
620 2235 785 2271 disceptatio.
812 2245 833 2261 c.
854 2236 877 2261 4.
902 2235 934 2261 ad
952 2235 982 2262 L.
1002 2235 1064 2262 Fab.
1085 2236 1117 2263 de

276 2279 345 2317 plag.
365 2279 388 2305 9.
408 2280 450 2303 20.
488 2277 556 2304 llaec
580 2279 665 2304 onmia
685 2277 782 2304 habent
805 2277 1023 2315 disceptationem
1042 2278 1118 2305 Prae-

278 2323 353 2349 toris.
373 2320 403 2347 fr.
423 2323 447 2346 8.
468 2321 489 2353 §.
508 2323 550 2347 24.
571 2321 603 2347 de
622 2326 745 2347 transact.
765 2322 789 2347 2.
811 2322 850 2347 15.
889 2320 1062 2348 Provincialis
1081 2323 1118 2348 iu-

279 2366 342 2397 dex,
360 2379 391 2383 —
414 2373 471 2389 cum
496 2364 522 2389 in
547 2365 602 2389 eins
627 2364 846 2401 disceptationem
871 2380 903 2384 —
923 2364 1045 2391 inciderit
1068 2369 1116 2391 etc.

278 2408 329 2435 Th.
350 2407 381 2434 C.
401 2406 418 2433 l.
438 2405 455 2432 1.
475 2416 496 2431 c.
519 2408 557 2431 13.
583 2416 604 2432 c.
625 2408 664 2432 18.
709 2407 804 2433 Sacrae
828 2407 1028 2444 disceptationis
1052 2408 1118 2434 arbi-

279 2452 370 2481 trium,
395 2453 521 2486 suscepto
546 2448 600 2474 litis
620 2451 750 2481 examine,
771 2452 918 2477 terminare.
955 2450 992 2477 lb.
1014 2451 1031 2477 I.
1051 2453 1074 2477 6.
1095 2461 1116 2477 c.

278 2496 303 2520 3.
323 2493 427 2527 (ch.)
448 2492 480 2518 de
499 2491 543 2517 off.
564 2490 615 2517 Prf.
636 2491 680 2518 Vr.
701 2492 732 2519 cl'.
750 2492 779 2519 11.
794 2495 818 2519 4.
838 2504 859 2520 c.
875 2495 897 2520 7.
918 2493 950 2520 de
969 2493 1117 2520 denunciat.

280 2537 394 2572 Quoties
413 2537 439 2561 in
459 2534 651 2571 disceptatione
670 2537 819 2562 constiterit
838 2541 886 2563 ete.
923 2536 1019 2564 Ib.X1.
1039 2538 1080 2563 26.
1095 2547 1116 2563 c.

283 2581 303 2605 l.
323 2578 355 2604 de
374 2578 487 2605 discuss.

315 2622 571 2654 Discemtator,
591 2620 860 2654 Diseeptatrix.
894 2624 1038 2654 Arbiter,
1059 2624 1115 2649 Ar-

281 2666 375 2690 bitra.
407 2663 424 2690 1.
445 2665 506 2698 Sy.
531 2663 620 2690 Iudex.
645 2674 666 2690 c.
689 2664 713 2689 3.
738 2673 777 2699 sq.
803 2663 834 2689 de
860 2664 953 2701 pedan.
977 2664 1029 2691 iud.
1049 2666 1072 2691 3.
1091 2667 1116 2691 3.

282 2704 324 2731 111.
339 2706 405 2732 011.
424 2706 478 2741 Qui
497 2717 568 2738 eum,
593 2707 668 2743 quasi
686 2707 770 2732 virum
789 2705 894 2737 bonum,
914 2707 1117 2744 disceptatorem

282 2749 350 2775 inter
369 2757 397 2773 se
416 2748 556 2784 elegerunt.
578 2749 607 2775 sr.
626 2751 651 2776 3.
671 2750 692 2783 §.
715 2751 736 2775 l.
761 2748 792 2775 cs.
813 2748 842 2775 fr.
864 2751 904 2775 17.
927 2750 949 2783 §.
969 2752 993 2776 3.
1013 2750 1046 2777 (18
1065 2760 1115 2777 rec.

283 2801 325 2828 qu.
346 2790 399 2817 arb.
419 2792 442 2816 4.
462 2794 485 2817 8.
521 2791 643 2818 Liberale
661 2792 785 2818 iudicium
803 2792 861 2829 ipse
880 2791 1042 2829 disceptator
1059 2803 1117 2819 exa-

283 2835 376 2865 minet,
402 2832 596 2861 adsertionibus
622 2834 750 2862 ordinatis
775 2839 824 2862 etc.
853 2833 903 2861 Th.
931 2834 961 2861 C.
988 2834 1031 2862 Vl.
1050 2837 1074 2862 4.
1095 2845 1116 2862 c.

1093 169 1203 202 DISC.

1171 255 1211 281 16.
1232 253 1264 280 de
1283 252 1368 279 Praet.
1389 257 1415 279 et
1427 252 1479 289 Qu.
1518 253 1618 280 Omnes
1638 254 1745 280 omnino
1765 254 1874 286 iudices,
1893 264 1957 281 rom.
1977 255 2013 281 iu-

1170 298 1206 323 ris
1231 296 1433 333 disceptatores.
1458 306 1479 322 c.
1506 298 1545 323 14.
1570 296 1603 323 dc
1626 297 1705 324 iudic.
1733 298 1758 323 3.
1784 299 1806 324 1.
1851 297 2013 324 Gravitatem

1169 344 1240 366 tuam
1264 348 1404 365 censemus
1429 338 1640 377 disceptatricem
1665 350 1725 366 esse
1747 339 1852 367 debere.
1877 351 1898 367 c.
1924 342 1947 367 7.
1968 340 2012 367 ubi

1146 377 1148 388 ’
1170 392 1240 409 caus.
1261 382 1318 408 fisc.
1337 383 1361 408 3.
1382 383 1424 408 26.

1205 426 1375 452 Discere.
1414 425 1445 458 §.
1469 426 1503 452 1.
1526 427 1679 458 Institui,
1699 423 1852 452 Ernd'iri.
1881 425 1924 452 ΙΙΙ.
1945 427 2012 454 Cn.

1170 467 1263 505 Neque
1276 469 1344 494 enim
1358 468 1496 495 dissimilis
1510 468 1586 506 culpa
1601 474 1649 498 est.
1664 468 1796 506 prohibita
1811 468 1922 500 discere,
1935 478 2012 505 quam

1169 511 1273 538 docere.
1306 511 1356 538 Th.
1382 511 1413 538 C.
1438 511 1482 538 IX.
1510 512 1549 538 16.
1574 522 1595 538 c.
1621 513 1646 538 8.
1670 512 1703 538 de
1726 511 1837 538 malefic.
1862 511 2012 538 Artificium

1169 554 1300 581 sumtibus
1320 555 1488 592 possessoris
1508 554 1607 581 didicit.
1627 554 1657 582 fr.
1675 557 1719 581 31.
1740 555 1773 581 de
1792 554 1823 581 R.
1840 554 1872 581 V.
1892 556 1915 581 6.
1938 556 1959 580 l.
1980 554 2011 581 cl'.

1170 608 1191 624 c.
1217 599 1239 624 1.
1265 597 1297 624 de
1321 597 1412 624 infant.
1437 607 1528 634 expos.
1553 598 1577 624 8.
1597 599 1638 625 52.
1681 598 1842 634 Quicunque
1865 597 1897 624 ad
1921 597 2012 624 urbem

1169 640 1289 667 discendi
1314 641 1458 678 cupiditate
1483 641 1600 667 veniunt.
1637 640 1687 668 Th.
1708 641 1739 667 C.
1759 640 1830 667 XIV.
1849 643 1873 667 9.
1894 651 1915 667 c.
1937 642 1960 667 l.
1979 640 2012 667 de

1169 683 1238 710 stud.
1260 683 1362 710 liberal.
1385 684 1442 710 urb.
1462 683 1493 710 R.
1514 683 1546 710 cl'.
1567 683 1598 710 fr.
1617 686 1659 711 20.
1685 684 1718 710 de
1737 683 1823 710 fideic.
1842 683 1907 710 libb.
1926 685 1968 710 40.
1987 685 2012 709 5.

1167 741 1201 746 —
1221 727 1252 761 §.
1281 728 1316 754 Β.
1351 729 1524 754 Traditum
1552 729 1678 757 habere.
1707 729 1921 761 Praeceptum
1949 736 2012 753 ser-

1168 780 1249 797 vare.
1281 770 1324 796 111.
1346 771 1412 798 Cn.
1432 770 1487 806 Ego
1508 770 1597 797 didici.
1618 785 1648 789 —
1670 769 1719 801 Tu,
1740 770 1804 806 quid
1823 770 1856 796 de
1874 780 1906 796 eo
1924 774 2011 807 putas,

1167 813 1247 839 velim
1271 813 1412 840 rescribas.
1437 813 1468 839 fr.
1494 815 1535 840 50.
1561 813 1594 840 de
1617 814 1711 839 minor.
1734 815 1759 840 4.
1783 816 1807 840 4.
1849 813 1878 840 Id
1897 812 2011 850 exempli

1168 866 1246 883 cansa
1265 856 1346 883 didici
1366 856 1507 883 Proculum
1527 856 1622 883 dicere.
1647 856 1676 883 l'r.
1698 858 1720 882 l.
1740 857 1763 890 §.
1782 859 1824 883 25.
1844 856 1877 883 de
1896 857 1922 883 vi
1941 861 1968 882 et
1984 857 2011 882 vi

1168 909 1229 925 arm.
1250 901 1291 925 43.
1314 900 1352 925 16.
1389 900 1424 926 Et
1447 910 1494 936 ego
1520 900 1614 932 didici,
1640 905 1665 926 et
1683 898 1800 926 Iulianus
1820 900 1959 926 existimat.
1979 898 2011 926 fr.

1167 944 1191 969 5.
1211 942 1244 969 de
1263 952 1336 979 oper.
1355 952 1423 970 serv.
1443 945 1466 969 7.
1481 945 1504 970 7.
1525 943 1556 970 cf.
1571 942 1656 969 Vatic.
1676 943 1698 976 ξ.
1712 944 1754 969 50.
1791 942 1837 968 Ait
1856 942 2011 980 (Pompon.)

1167 985 1224 1012 Hoc
1244 990 1269 1011 et
1293 995 1340 1021 ego
1365 987 1453 1012 verius
1478 996 1537 1013 esse
1561 986 1650 1013 didici.
1674 986 1705 1012 fr.
1727 987 1766 1012 15.
1786 985 1820 1012 de
1838 984 1870 1012 N.
1891 985 1922 1012 G.
1941 987 1966 1012 3.
1985 987 2010 1012 5.

1167 1043 1201 1048 —
1221 1029 1252 1061 ξ.
1271 1030 1308 1055 3..
1328 1030 1504 1063 Experiri,
1525 1030 1705 1056 Certiorem
1718 1030 1814 1064 fieri.
1839 1028 1857 1054 I.
1878 1030 1940 1063 Sy.
1960 1027 2012 1055 Co-

1167 1082 1310 1108 gnoscere,
1328 1071 1538 1108 Recognoscere.
1563 1071 1613 1098 Tb.
1639 1071 1669 1098 C.
1693 1072 1727 1098 X.
1754 1074 1793 1098 10.
1819 1082 1841 1098 c.
1862 1072 1903 1097 16.
1927 1081 1948 1098 c.
1967 1071 2010 1097 25.

1168 1125 1188 1141 c.
1207 1116 1249 1142 29.
1269 1115 1291 1148 ξ.
1312 1116 1335 1140 4.
1356 1114 1389 1141 de
1407 1115 1482 1151 petit.
1502 1119 1528 1141 et
1547 1114 1616 1141 ultro
1636 1114 1687 1141 dat.
1725 1114 1769 1141 111.
1792 1116 1858 1142 Gn.
1879 1115 1940 1150 Quo
1959 1115 2010 1148 (sc.

1167 1158 1221 1191 die)
1241 1168 1270 1184 se
1290 1158 1403 1194 quisque
1423 1156 1566 1183 admissum
1591 1157 1680 1184 dolum
1704 1157 1831 1184 didicisse
1853 1167 2011 1184 memorave-

1166 1203 1208 1228 rit.
1229 1201 1266 1228 lb.
1286 1201 1316 1228 11.
1338 1203 1377 1227 15.
1399 1211 1420 1227 c.
1442 1202 1464 1226 l.
1485 1200 1518 1227 de
1537 1199 1562 1227 d.
1581 1210 1614 1226 m.
1655 1200 1798 1236 Frequenti
1816 1200 1948 1227 laesorum
1967 1200 2011 1227 de-

1166 1244 1316 1282 ploratione,
1335 1243 1484 1270 didicimus.
1522 1242 1559 1269 lb.
1579 1243 1624 1270 XI.
1644 1246 1668 1269 8.
1689 1253 1709 1269 c.
1729 1245 1753 1270 3.
1773 1243 1805 1270 de
1824 1249 1989 1281 superexact.

1200 1288 1442 1315 Discernere.
1463 1288 1644 1320 Separat-e,
1665 1287 1892 1322 Distinguen.
1912 1286 1931 1313 l.
1946 1288 2009 1322 Sy.

1164 1330 1283 1357 Discreti
1303 1330 1458 1363 (sermone,)
1478 1329 1613 1356 Disiuncti
1632 1328 1778 1362 (heredes.)
1799 1340 1820 1355 c.
1836 1331 1858 1356 l.
1878 1330 1900 1364 ξ.
1916 1331 1955 1356 10.
1974 1329 2008 1357 de

1165 1373 1254 1400 caduc.
1275 1373 1333 1399 toll.
1352 1374 1376 1399 6.
1390 1374 1432 1399 51.
1452 1372 1496 1398 III.
1509 1374 1575 1400 Cn.
1588 1372 1712 1399 Discerni
1732 1377 1757 1399 ct
1776 1374 1906 1399 aestimari
1919 1383 2001 1410 posse

1165 1416 1195 1443 fr.
1215 1418 1257 1443 44.
1276 1427 1316 1454 pr.
1336 1416 1369 1443 de
1388 1415 1467 1442 indic.
1487 1417 1511 1442 5.
1533 1417 1555 1442 l.
1593 1415 1623 1442 Si
1647 1417 1735 1452 itaque
1759 1415 1883 1443 discretis
1902 1417 2010 1443 actioni-

1164 1460 1223 1492 bus,
1244 1464 1343 1486 certum
1364 1464 1404 1486 est
1423 1463 1473 1485 etc.
1511 1458 1568 1485 Gai.
1592 1458 1636 1485 IV.
1661 1460 1685 1485 4.
1722 1458 1845 1486 Discreta
1863 1464 1926 1486 sunt
1944 1460 2009 1492 iura,

1165 1504 1284 1540 quamvis
1303 1502 1378 1540 plura
1398 1504 1424 1529 in
1444 1502 1554 1529 eandem
1572 1512 1712 1539 personam
1733 1502 1894 1530 devenerint.
1915 1502 1946 1529 fr.
1964 1505 2007 1530 22.

1165 1546 1197 1573 de
1216 1546 1241 1573 h.
1262 1557 1305 1583 qu.
1331 1550 1358 1572 ut
1382 1545 1481 1581 indign.
1503 1547 1545 1571 34.
1565 1546 1589 1572 9.
1626 1545 1764 1572 Discretas
1788 1547 1925 1583 portiones
1948 1555 2009 1572 con-

1164 1591 1260 1616 iunctis
1279 1589 1401 1626 pluribus
1420 1589 1561 1626 separatim
1585 1587 1666 1615 dedit.
1687 1588 1717 1615 l'r.
1737 1590 1778 1615 41.
1799 1589 1820 1623 §.
1841 1590 1865 1615 4.
1885 1589 1919 1615 de
1937 1589 2008 1625 vulg.

1165 1637 1190 1659 et
1209 1642 1272 1670 pup.
1292 1634 1334 1658 25.
1355 1633 1378 1658 6.

1198 1676 1439 1708 Discerpere.
1478 1676 1661 1701 Concidere.
1686 1674 1729 1700 III.
1750 1675 1816 1702 Gn.
1837 1675 1891 1701 Aut
1910 1675 2008 1702 discer—

1164 1723 1209 1756 pat
1227 1719 1302 1756 prius
1322 1720 1370 1750 (sc.
1390 1717 1520 1744 famosum
1539 1716 1680 1749 libellum,)
1696 1733 1726 1738 —
1741 1722 1784 1744 aut
1804 1717 1869 1744 nulli
1885 1718 2008 1744 confitea-

1163 1804 1246 1831 libell.

1197 1848 1406 1875 Discessus.
1434 1846 1553 1879 (Subst.)
1592 1847 1774 1877 Ducenio,
1796 1848 1954 1873 Reunia.
1974 1846 2005 1873 11.

1164 1893 1232 1925 Op.
1252 1890 1372 1917 RedituS.
1392 1889 1429 1916 11).
1449 1889 1492 1916 1Χ.
1513 1891 1554 1915 43.
1575 1899 1596 1915 c.
1614 1891 1636 1915 1.
1657 1889 1678 1922 ὃ.
1693 1890 1717 1914 2.
1737 1888 1770 1915 de
1790 1894 1902 1916 sentent.
1922 1898 1993 1926 pass.

1198 1934 1427 1963 Discidium,
1454 1942 1475 1958 S.
1500 1932 1721 1959 Dissidium.
1759 1932 1790 1965 δ.
1818 1934 1852 1958 l.
1886 1933 2005 1959 Divor-

1162 1979 1251 2004 tium.
1288 1976 1306 2003 1.
1332 1977 1394 2010 Sy.
1431 1975 1588 2012 Repudium.
1610 1985 1630 2001 c.
1651 1976 1674 2001 S.
1695 1985 1734 2012 pr.
1754 1975 1791 2008 §§.
1814 1976 1836 2001 1.
1855 1984 1895 2011 sq.
1915 1974 1948 2001 de
1967 1985 2005 2001 re-

1162 2021 1224 2058 pud.
1244 2022 1268 2046 5.
1291 2022 1329 2046 17.
1367 2019 1525 2045 Divortium.
1551 2017 1635 2044 vatic.
1661 2017 1698 2050 ἕξ.
1721 2018 1778 2042 106.
1804 2027 1844 2053 sq.
1866 2019 1922 2044 121.
1961 2017 2003 2045 Ill.

1163 2065 1229 2091 Gn.
1249 2063 1363 2089 Causam
1382 2061 1486 2088 dissidii
1506 2061 1671 2098 praestitisse
1695 2059 1788 2086 videri.
1808 2060 1838 2086 fr.
1862 2062 1899 2087 ΙΙ.
1919 2061 1941 2094 §.
1962 2063 2003 2088 13.

1163 2106 1194 2133 ad
1213 2106 1244 2132 L.
1264 2105 1310 2132 Iul.
1332 2105 1364 2131 de
1384 2104 1464 2130 adult.
1489 2105 1530 2130 48.
1550 2105 1574 2129 5.
1612 2102 1708 2129 Poenis
1732 2102 1836 2129 dissidii
1862 2105 1952 2131 teneri.
1972 2104 2003 2131 fr.

1162 2151 1185 2176 8.
1206 2149 1239 2176 de
1258 2149 1352 2185 captiv.
1373 2149 1414 2174 49.
1436 2149 1475 2173 15.
1496 2163 1527 2166 —
1548 2146 1579 2179 ξ.
1600 2147 1635 2172 2.
1657 2147 1817 2177 Schisma,
1838 2148 2002 2174 Haeresis.

1139 2202 1140 2212 ¹
1162 2192 1204 2219 111.
1226 2193 1292 2220 Cn.
1325 2192 1400 2226 Quae
1419 2195 1479 2217 ante
1498 2188 1638 2216 discidium
1658 2188 1690 2214 ad
1709 2188 1835 2215 ecclesias
1861 2194 2004 2226 perpetuae

1162 2235 1308 2261 sanctitatis
1328 2235 1489 2271 pertinuisse
1508 2232 1674 2259 manifestum
1694 2236 1742 2258 est.
1781 2231 1830 2258 Th.
1849 2232 1880 2258 C.
1892 2232 1963 2260 XVI.
1977 2235 2002 2260 5.

1162 2289 1183 2305 c.
1202 2281 1227 2305 2.
1248 2278 1281 2304 de
1299 2277 1396 2303 haeret.

1197 2321 1432 2355 Discingere.
1462 2319 1492 2352 §-
1513 2320 1548 2345 1.
1569 2319 1712 2351 Cingulo
1731 2320 1915 2353 diguitatis
1930 2322 2003 2354 pri-

1162 2375 1244 2391 vare.
1281 2363 1324 2390 llI.
1348 2364 1414 2391 Gn.
1442 2360 1622 2395 Discingendo
1642 2361 1749 2387 abiicias
1769 2362 1907 2398 punitione
1929 2366 2002 2389 coer-

1163 2407 1269 2433 cendos.
1290 2407 1326 2433 lb.
1346 2405 1390 2432 VI.
1410 2407 1451 2431 27.
1472 2415 1493 2430 e.
1516 2405 1555 2430 18.
1576 2403 1607 2430 de.
1626 2409 1710 2439 agent.
1730 2405 1756 2430 in
1775 2404 1830 2431 reb.
1851 2404 1882 2431 cf.
1898 2404 2000 2432 V111.7.

1163 2461 1184 2477 c.
1204 2452 1246 2476 20.
1271 2449 1304 2476 de
1327 2449 1379 2476 div.
1404 2447 1473 2473 offic.
1510 2446 1564 2472 Eos
1589 2446 1699 2483 discingi
1723 2447 1843 2474 iubemus
1867 2458 1897 2474 ac
1916 2447 2000 2481 reddi,

1163 2494 1208 2530 qui
1227 2498 1276 2519 etc.
1296 2502 1318 2519 c.
1337 2493 1361 2517 3.
1381 2491 1458 2526 agric.
1478 2494 1504 2515 et
1522 2500 1604 2516 manc.
1627 2492 1666 2517 11.
1685 2492 1727 2517 67.
1747 2506 1780 2510 -
1800 2491 1832 2524 §.
1850 2492 1885 2517 2.
1907 2492 2000 2518 Diri-

1162 2546 1256 2568 mere,
1275 2535 1447 2569 Expedire.
1484 2532 1502 2558 1.
1523 2534 1585 2567 Sy.
1605 2532 1758 2560 Terminare
1778 2534 1916 2569 (negotia.)
1949 2533 1998 2561 Th.

1163 2579 1193 2605 C.
1214 2578 1258 2605 XI.
1277 2579 1319 2603 30.
1344 2587 1365 2603 c.
1384 2578 1425 2602 64.
1451 2575 1484 2601 de
1508 2586 1567 2613 app.
1592 2581 1618 2602 ε’(
1640 2586 1717 2613 poen.
1754 2575 1797 2602 III.
1817 2578 1883 2604 Gn.
1918 2576 1999 2603 Iudex

1162 2621 1213 2648 sibi
1233 2621 1299 2647 hanc
1318 2619 1484 2657 praecipuam
1504 2629 1591 2645 curam
1610 2620 1636 2645 in
1656 2618 1793 2645 audiendis
1812 2629 1841 2646 ac
1854 2619 1998 2655 discingen-

1162 2664 1202 2691 dis
1221 2663 1313 2690 litibus
1332 2663 1481 2699 impositam
1499 2672 1559 2689 esse
1576 2672 1630 2688 non
1649 2661 1769 2698 ambigat.
1805 2661 1843 2688 lb.
1862 2662 1880 2688 1.
1896 2663 1918 2688 7.
1937 2672 1958 2688 c.
1972 2663 1996 2688 3.

1161 2717 1200 2744 pr.
1220 2706 1253 2733 de
1271 2706 1315 2732 off.
1335 2704 1409 2731 Rect.
1429 2704 1471 2732 Pr.
1491 2705 1523 2732 cf.
1544 2704 1576 2732 V.
1597 2707 1619 2732 1.
1638 2715 1660 2732 c.
1681 2707 1704 2732 7.
1723 2704 1745 2739 §.
1764 2706 1790 2731 3.
1814 2704 1847 2732 de
1864 2703 1934 2740 legit.
1953 2703 1997 2731 he-

1160 2749 1237 2776 redit.
1274 2748 1360 2775 Omne.
1379 2747 1529 2775 huiusmodi
1548 2748 1659 2784 iurgium
1677 2747 1736 2774 solo
1749 2748 1922 2785 praecipimus
1941 2748 1997 2774 iure.

1161 2792 1280 2828 discingi.
1300 2791 1337 2818 lb.
1358 2791 1387 2817 11.
1407 2792 1448 2817 26.
1469 2801 1490 2817 c.
1510 2792 1534 2817 4.
1553 2790 1658 2824 (ch.)
1677 2790 1722 2816 fin.
1742 2789 1847 2826 regund.

1195 2834 1418 2868 Disciplina.
1459 2834 1491 2868 ξ.
1523 2835 1558 2860 l.
1600 2834 1796 2864 Institutio,
1827 2833 1994 2860 Erudieio,
