2197 3121
1028 156 1121 189 SCR.

200 243 325 276 ptura.)
364 240 383 267 I.
397 242 459 276 Sy.
479 240 636 278 Concipere,
655 238 808 275 Proponere
827 238 967 271 (actionem
981 239 1044 271 etc.)

203 282 234 310 sr.
254 285 278 310 9.
300 283 321 317 ξ.
341 284 364 310 8.
392 284 443 320 Qu.
463 289 522 311 met.
548 293 568 310 c.
588 285 613 309 4.
632 284 656 308 2.
682 281 712 308 fr.
736 284 755 308 Ι.
775 291 814 318 pr.
835 281 868 307 de
893 286 976 308 contr.
996 287 1044 308 tut.

202 328 244 353 27.
263 328 288 352 5.
308 326 337 352 fr.
359 328 381 353 1.
401 327 422 360 3.
442 328 466 353 3.
486 326 519 353 de
537 324 633 352 interd.
653 326 694 350 43.
717 326 737 352 l.
766 324 795 351 fr.
815 325 838 351 4.
865 324 886 357 3.
905 326 947 350 33.
968 324 1000 351 de
1020 324 1044 351 d.

203 379 236 395 m.
256 379 310 396 exc.
325 371 365 395 44.
385 371 409 395 4.
446 368 476 395 11.
492 370 558 402 ΟΡ.
580 367 674 398 Scrib..
695 371 738 393 aut
757 367 855 393 testari.
876 366 906 393 fr.
923 369 946 393 2,
967 368 988 402 ξ,
1003 369 1044 394 47,

203 411 236 438 de
256 411 288 438 Ο.
308 411 327 438 Ι.
348 414 371 438 1.
389 414 414 438 2.
450 411 493 438 111.
515 412 581 438 Cu.
608 410 637 436 Si
657 411 715 446 quis
735 409 766 435 ad
786 409 916 435 infamiam
935 409 1045 436 alicuius
1066 412 1068 441 ζ

204 453 338 483 libellum.
364 459 408 480 aut
427 464 544 485 carmen,
568 453 713 490 scripserit.
738 451 794 478 Gai.
818 451 860 478 111.
885 453 944 478 220.
985 453 1046 490 Epi-

204 496 272 524 stola
291 513 324 516 —
348 497 493 529 Antonini,
518 507 594 533 quam
619 497 727 532 scripsit
749 494 929 532 pontificibus.
965 495 1002 521 Id.
1026 494 1044 521 Ι.

206 541 263 566 102.
286 539 370 566 Vatic.
395 540 416 573 3.
435 541 494 566 223.
519 540 549 566 fr.
571 541 592 564 l.
615 539 636 572 3.
656 541 679 565 3.
705 538 737 564 de
761 537 870 564 calumn.
889 539 913 563 3.
933 539 956 564 6.
994 538 1046 573 Ap-

204 583 264 620 pius
284 582 426 614 Claudius,
452 592 519 609 unus
544 592 575 609 ex
598 581 707 613 Xviris,
731 581 804 607 cuius
828 581 966 607 maximum
987 590 1046 607 con·

203 624 292 651 silium
311 626 337 652 in
356 624 405 651 XII
424 624 535 651 Tabulis
559 624 709 651 scribendis
728 623 784 650 fuit.
811 622 841 648 fr.
860 624 884 648 2.
910 624 931 657 3.
951 625 992 649 36.
1013 623 1045 649 de

204 667 238 694 0.
263 667 282 694 Ι.
307 670 329 694 1.
354 669 378 693 2.
415 666 492 694 Hune
516 669 593 694 etiam
617 669 732 694 actiones
757 666 898 702 scripsisse
923 665 1046 692 traditum

204 715 253 737 est.
272 709 304 737 fr.
321 712 346 736 2.
365 710 387 744 3.
406 711 447 737 36.
469 710 484 737 1.
523 711 651 746 Quamvis
670 719 760 747 parum
780 708 919 745 diligenter
938 719 965 735 ea
985 719 1046 745 pars
1067 727 1069 751 Ι

203 752 269 789 legis
289 754 387 789 scripta
407 754 449 779 sit.
474 752 530 779 Gai.
550 753 593 780 llI.
613 755 654 779 47.
674 752 705 779 cf.
726 751 809 777 Vatic.
830 752 851 785 3.
871 753 930 778 301.
955 751 984 778 fr.
1006 753 1045 777 10.
1067 755 1069 774 3

196 805 243 832 sq.
265 795 297 822 de
316 795 369 822 LL.
391 797 412 821 l.
433 798 457 822 3.
478 796 507 822 fr.
525 798 545 822 l.
566 797 587 830 ς’
601 797 624 822 4.
645 794 696 826 Qu.
716 794 783 820 falso
803 796 904 821 tut.27.
918 796 941 820 6.
972 794 1046 829 Quae
1068 802 1069 811 ¹

203 839 230 865 in
249 843 407 865 testamento
427 839 461 865 ita
481 844 544 865 sunt
562 839 667 875 scripta,
688 842 716 864 ut
735 837 847 873 intelligi
866 847 918 863 non
932 838 1045 874 possint,

1871 162 1933 193 867

1089 242 1113 266 2.
1135 241 1174 267 13.
1211 239 1327 267 Iulianus
1347 240 1392 267 lib.
1414 243 1454 268 12.
1474 242 1500 268 in
1521 251 1567 274 eo,
1591 242 1636 279 qui
1657 246 1705 268 etc.
1726 257 1758 261 -—
1783 242 1889 271 scribit.
1910 248 1935 269 et

1090 287 1131 309 est
1149 292 1228 320 saepe
1248 284 1428 310 constitutum.
1448 284 1478 310 fr.
1498 286 1522 311 3.
1543 285 1564 318 3.
1587 286 1608 311 l.
1629 284 1661 311 ad
1680 284 1746 311 S.C.
1766 284 1829 311 Mac.
1852 287 1890 311 14.
1910 287 1933 311 6.

1090 325 1121 351 cf.
1148 324 1178 352 fr.
1199 327 1239 352 13.
1259 336 1298 363 pr.
1324 326 1356 353 de
1375 328 1445 364 pign.
1470 332 1518 354 act.
1546 330 1583 354 13.
1604 329 1627 354 7.
1664 327 1724 354 Non
1747 328 1877 353 immerito
1896 327 1935 354 Iu-

1089 367 1176 394 lianus
1196 379 1208 394 a
1227 368 1352 395 Marcello
1372 375 1477 396 notatus
1498 375 1546 401 est,
1566 370 1686 397 scribens
1705 375 1754 397 etc.
1773 369 1804 396 [ι’.
1824 372 1847 396 9.
1868 371 1889 404 3.
1910 371 1933 397 8.

1090 411 1142 446 Qu.
1162 415 1222 437 met.
1243 421 1264 438 c.
1279 414 1302 438 4.
1322 414 1346 438 2.
1383 412 1463 449 Apud
1484 412 1632 439 Labeonem
1646 429 1677 433 —
1692 414 1726 439 ita
1743 414 1870 450 scriptum
1885 417 1933 439 est.

1091 454 1120 479 fr.
1140 455 1199 480 246.
1226 464 1265 491 pr.
1290 453 1322 480 de
1347 453 1378 480 V.
1399 454 1426 480 S.
1446 457 1487 482 50.
1510 457 1548 482 16.
1586 456 1746 482 Rectissime
1769 455 1863 482 scribit
1882 455 1933 491 Qu.

1067 508 1068 520 ι
1090 496 1205 528 Mucius,
1226 501 1253 523 ut
1273 502 1321 523 etc.
1346 496 1375 523 fr.
1395 498 1436 523 34.
1463 499 1485 532 3.
1505 501 1529 525 2.
1550 498 1581 524 cf.
1601 509 1641 536 pr.
1661 499 1683 532 3'.
1705 501 1727 525 1.
1748 498 1780 525 de
1799 509 1862 525 auro
1882 508 1933 533 arg.

1089 541 1131 566 34.
1151 541 1175 566 2.
1198 556 1227 560 -—-
1249 540 1280 573 ἓ.
1304 542 1342 567 6.
1366 542 1540 567 Relatione
1563 544 1603 568 ad
1620 544 1804 576 Principem
1819 544 1934 578 facta,

1091 584 1288 616 rescriptum
1318 585 1386 609 eius
1412 593 1597 617 provocare.
1634 584 1677 610 ΙΙΙ.
1698 585 1764 611 Gn.
1795 583 1934 610 Praesides

1067 640 1069 659 ρ
1090 624 1132 651 Pr.
1147 641 1178 644 —
1193 624 1310 662 Principi
1330 625 1455 657 scribere,
1474 627 1554 652 missa
1574 626 1651 663 plena
1666 628 1798 664 opinione,
1819 632 1846 653 ut
1860 626 1935 653 Prin-

1091 677 1154 705 ceps
1174 669 1294 694 aestimet
1314 672 1362 695 etc.
1383 668 1413 695 fr.
1432 670 1456 695 6.
1476 669 1498 703 3
1520 671 1541 695 1.
1568 669 1597 696 fr.
1619 671 1640 696 7.
1666 670 1687 704 3.
1710 672 1732 696 l.
1752 669 1784 696 de
1803 669 1934 698 interdict.

1092 715 1117 737 et
1135 710 1214 746 releg.
1235 712 1276 737 48.
1295 712 1336 737 22.
1358 710 1388 738 cf.
1409 711 1439 738 fr.
1459 713 1500 738 27.
1520 712 1586 746 3.1.
1607 712 1639 739 de
1657 722 1734 749 poen.
1749 713 1790 738 48.
1806 714 1846 738 l9.
1866 711 1896 738 fr.
1912 714 1934 738 l.

1091 763 1130 791 pr.
1151 753 1180 780 fr.
1201 755 1224 780 3.
1246 753 1358 789 Quando
1380 754 1438 791 adp.
1459 756 1500 780 49.
1520 756 1544 781 4.
1581 754 1619 787 Is,
1640 755 1673 782 de
1692 757 1766 781 cuius
1786 765 1870 792 poena
1888 755 1935 781 Im-

1091 797 1206 833 peratori
1229 797 1356 833 scriptum
1381 802 1434 829 est,
1455 813 1486 817 —-
1511 802 1649 834 antequam
1674 798 1864 824 rescriberetur
1886 803 1934 825 etc.

1067 843 1069 871 ι]
1091 839 1121 865 fr.
1135 841 1159 865 2.
1179 840 1239 873 3.1.
1259 839 1291 866 de
1311 839 1371 865 bon.
1392 850 1445 867 eor.
1466 841 1510 876 qui
1530 846 1590 867 ante
1609 846 1675 867 sent.
1690 842 1731 867 48.
1744 843 1785 867 21.
1803 856 1835 860 —
1855 841 1886 874 ἕ.
1902 842 1935 868 7.

203 881 314 919 perinde
334 886 395 908 sunt
414 891 443 908 ac
463 883 485 908 si
504 882 601 918 scripta
621 890 673 906 non
693 885 790 907 essent.
815 881 844 906 fr.
866 881 906 906 7-3.
929 880 951 913 3.
970 881 993 906 3.
1014 879 1046 906 de
1091 884 1297 913 Adscribere,
1324 884 1471 909 [aserere
1491 882 1601 914 (tabulis
1621 883 1750 920 publicis,
1770 884 1935 921 privatisve.)

204 924 235 951 R.
256 924 273 951 Ι.
294 926 335 951 50.
358 926 397 950 17.
435 923 486 950 Pro
505 934 556 951 non
576 925 675 960 scripto
696 923 788 953 facere,
809 933 832 949 v.
852 923 957 949 habere.
978 922 1007 949 fr.
1021 923 1044 948 8.
1067 930 1069 944 t
1090 924 1109 950 I.
1130 925 1191 958 Sy.
1213 924 1380 951 Adscribe-re.
1401 924 1450 951 Th.
1466 925 1496 952 C.
1510 925 1579 952 XIII.
1596 927 1635 952 ll.
1656 936 1677 952 c.
1698 928 1737 952 12.
1758 926 1790 952 de
1810 927 1934 953 censitor.

203 967 226 1001 3.
246 969 269 993 6.
290 967 323 994 de
342 967 372 993 B.
393 966 420 993 P.
442 977 462 993 c.
483 972 500 992 t.
519 968 561 993 37.
581 968 605 992 4.
626 966 655 992 fr.
677 968 716 992 15.
735 967 757 999 3.
774 968 795 992 1.
817 965 849 992 de
867 965 897 992 L.
912 966 993 992 Corn.
1014 965 1046 992 de
1067 962 1068 965 ¹
1091 966 1132 993 Cf.
1153 977 1175 993 v.
1196 966 1365 993 Adscribere.
1390 968 1413 1001 3.
1435 970 1456 995 1.
1494 968 1537 995 111.
1558 970 1624 996 Cn.
1649 968 1774 995 Dictante
1798 974 1934 998 testatore.

203 1009 262 1036 fals.
282 1011 323 1036 48.
345 1012 384 1036 10.
406 1026 435 1029 —
457 1010 488 1043 §0
506 1011 542 1036 3.
565 1011 788 1040 Constituere,
809 1011 927 1036 Iubere.
948 1008 967 1035 Ι.
984 1010 1045 1043 Sy.
1067 1010 1068 1041 ξ
1091 1009 1198 1046 aliquod
1217 1009 1421 1036 emolumentum
1445 1011 1511 1048 ipsis
1532 1011 1647 1038 futurum
1666 1011 1791 1038 scribere.
1818 1022 1840 1038 c.
1859 1013 1883 1038 3.
1903 1011 1936 1038 de

204 1053 284 1088 Quod
305 1064 337 1079 cx
355 1054 454 1089 scripto
474 1053 554 1083 venit,
569 1052 648 1087 Quod
663 1052 718 1088 lege
733 1053 903 1078 constitutum
918 1057 958 1078 est
971 1053 1046 1084 (iuS.)
1091 1053 1115 1079 h.
1137 1063 1179 1089 qu.
1200 1052 1251 1078 sibi
1271 1052 1357 1078 adscr.
1378 1055 1400 1079 9.
1421 1055 1462 1080 23.
1483 1054 1514 1080 cf.
1535 1054 1564 1080 fr.
1581 1056 1620 1080 15.
1640 1064 1679 1091 pr.
1700 1054 1733 1081 de
1751 1054 1780 1081 L.
1801 1055 1883 1082 Corn.
1903 1054 1936 1081 de

204 1096 234 1122 fr.
255 1097 278 1122 6.
303 1096 325 1129 3.
348 1097 368 1121 1.
393 1095 426 1121 de
444 1094 461 1121 1.
487 1100 512 1121 ct
532 1094 550 1121 I.
573 1097 593 1121 l.
618 1097 638 1120 1.
663 1094 692 1121 fr.
711 1097 736 1120 2.
759 1095 796 1128 33.
817 1097 841 1121 5.
861 1097 902 1121 21.
923 1094 955 1120 de
975 1094 1008 1121 O.
1028 1094 1046 1120 Ι.
1067 1091 1069 1109 l
1091 1095 1148 1122 fals.
1174 1098 1214 1121 48.
1242 1097 1282 1121 10.
1312 1112 1341 1115 -
1371 1096 1402 1129 §.
1423 1097 1461 1123 S.
1488 1099 1686 1124 Adsciscere.
1728 1097 1745 1126 I,
1767 1099 1829 1132 Sy.
1853 1097 1935 1129 Fieri.

205 1140 229 1165 l.
244 1140 268 1164 2.
288 1138 325 1172 33.
339 1139 363 1164 3.
377 1139 400 1164 9.
420 1137 439 1163 I.
459 1137 491 1164 de
511 1137 528 1164 I.
544 1137 574 1164 N.
592 1139 612 1164 Ι.
632 1139 656 1164 2.
694 1137 791 1163 Dicere
804 1137 922 1174 (legem.)
943 1137 972 1164 fr.
989 1138 1046 1163 126.
1068 1152 1069 1176 ᾖ
1092 1138 1180 1165 Scribi
1199 1138 1356 1171 (Senator.)
1377 1148 1398 1165 c.
1417 1140 1459 1165 28.
1479 1139 1511 1165 de
1531 1144 1603 1177 nupt.
1622 1142 1646 1166 5.
1666 1142 1690 1166 4.

203 1181 237 1208 de
256 1180 288 1208 V.
307 1180 335 1207 S.
354 1182 396 1207 50.
417 1182 457 1207 16.
496 1180 592 1207 Facere
611 1185 822 1213 (testamentum,
842 1191 865 1207 v.
886 1179 1046 1213 codicillos.)
1068 1177 1069 1191 ¹
1126 1182 1337 1208 ScribonIa.
1375 1183 1474 1217 Legis
1493 1192 1608 1208 nomen.
1644 1182 1687 1209 111.
1707 1184 1774 1211 Cn..
1792 1183 1856 1209 Eam
1876 1192 1936 1209 usu—

204 1223 234 1250 fr.
254 1226 295 1249 25.
319 1223 341 1257 3.
364 1225 385 1249 1.
410 1223 442 1249 de
468 1222 512 1249 lib.
538 1228 563 1249 et
587 1223 675 1260 posth.
700 1225 740 1249 28.
760 1225 784 1249 2.
810 1223 840 1250 fr.
863 1225 902 1249 12.
926 1224 947 1257 3.
968 1226 991 1249 5.
1015 1222 1047 1249 de
1068 1197 1070 1258 1
1091 1225 1228 1261 capionem
1248 1223 1357 1250 sustulit
1376 1223 1419 1251 lex
1433 1224 1572 1250 Scribonia
1586 1224 1629 1258 [al.
1644 1225 1783 1259 Voconia,]
1804 1235 1870 1262 quae
1884 1235 1936 1252 ser-

203 1267 298 1303 captiv.
318 1267 358 1292 49.
380 1268 420 1292 15.
457 1265 598 1292 InstItuere
618 1266 775 1298 (heredem.)
796 1266 836 1293 Cf.
857 1266 881 1292 h.
902 1276 925 1292 v.
945 1267 966 1300 3.
980 1265 1047 1292 2.B.
1068 1265 1070 1294 «ἶ
1091 1268 1200 1293 vitutem
1225 1267 1404 1294 constituebat
1432 1266 1482 1300 [al.
1503 1269 1666 1302 coustituit.]
1696 1268 1726 1295 fr.
1746 1271 1769 1296 4.
1795 1269 1816 1303 3.
1835 1270 1877 1295 29.
1903 1268 1936 1295 de

201 1308 379 1341 Exheredare,
399 1308 564 1336 Exheredem
583 1309 708 1336 scribere.
729 1309 760 1335 fr.
779 1313 802 1336 8.
824 1309 904 1343 331.
925 1310 949 1335 6.
970 1308 1002 1335 de
1016 1309 1046 1334 B.
1068 1299 1070 1344 1

202 1351 231 1380 P.
252 1362 273 1378 c.
293 1357 310 1378 t.
330 1353 371 1378 37.
392 1353 415 1377 4.
436 1351 466 1378 fr.
488 1353 510 1377 1.
530 1352 552 1385 3.
566 1352 589 1378 8.
611 1351 643 1378 de
663 1352 741 1379 Carb.
763 1352 840 1379 edict.
853 1353 895 1378 37.
912 1354 951 1378 10.
977 1352 1047 1378 Dare
1068 1360 1069 1383 t

201 1396 387 1429 (testamento,
407 1405 443 1421 sc.
464 1396 603 1427 tutorem.)
624 1394 707 1422 Vatic.
727 1396 748 1429 3.
768 1397 828 1421 229.
848 1394 878 1421 fr.
896 1396 939 1421 34.
960 1394 992 1421 de
1011 1400 1048 1421 te-

202 1443 277 1465 stam.
298 1443 344 1464 tut.
364 1439 406 1464 26.
425 1440 450 1464 2.
470 1437 501 1464 fr.
520 1439 562 1463 20.
582 1447 621 1474 pr.
647 1439 699 1473 Qu.
724 1443 825 1464 testam.
849 1437 896 1464 fac.
917 1448 940 1475 p.
961 1441 1002 1465 28.
1023 1439 1045 1464 l.

201 1481 245 1508 ΠΙ.
267 1482 333 1509 Gn.
358 1480 450 1507 Servis
474 1480 609 1507 libertates
634 1481 770 1518 legataque
795 1480 916 1511 dederat,
941 1485 967 1506 et
987 1490 1047 1506 con·

201 1524 328 1551 ditionem
348 1524 383 1549 ita
403 1523 554 1559 scripserat.
576 1523 605 1550 fr.
626 1526 667 1550 ⁶23.
693 1525 715 1558 3.
735 1526 759 1550 2.
780 1524 812 1550 de
831 1523 916 1561 pecul.
937 1523 985 1559 leg.
1004 1525 1045 1549 33.
1067 1550 1069 1560 <

201 1568 225 1594 8.
247 1567 277 1594 cf.
298 1567 328 1593 fr.
345 1568 383 1592 14.
405 1565 436 1592 de
457 1565 532 1592 cond.
553 1567 635 1593 instit.
649 1570 690 1593 28.
713 1569 735 1594 7.
773 1566 841 1594 Cum
860 1576 980 1603 suprema
1000 1576 1045 1593 sua
1067 1569 1069 1580 ·’

202 1609 345 1641 ordinaret,
366 1626 394 1629 —
416 1610 522 1646 scripsit
543 1614 591 1636 etc.
612 1609 641 1636 fr.
655 1612 689 1636 25
717 1610 738 1643 3.
754 1611 774 1636 1.
796 1609 828 1636 (le
847 1609 892 1635 lib.
913 1614 939 1635 et.
957 1609 1045 1646 posth.
1067 1608 1069 1633 1

201 1654 243 1679 28.
262 1654 287 1678 2.
312 1651 383 1678 Haec
403 1653 437 1678 ita
457 1658 485 1678 ut
504 1653 529 1678 in
550 1652 589 1678 his
610 1652 707 1679 tabulis
727 1654 846 1689 cerisque
866 1653 964 1689 scripta
985 1657 1046 1679 sunt

202 1700 252 1721 etc.
277 1694 334 1721 Gai.
354 1694 383 1721 II.
406 1696 462 1720 104.
490 1694 548 1732 ΠΡ.
568 1695 628 1722 XX.
648 1697 672 1722 9.
712 1695 758 1724 Vt,
782 1695 911 1731 quidquid
931 1696 957 1721 in
977 1695 1047 1722 codi-
1067 1703 1069 1728 ξ

204 1737 273 1764 cillis
291 1739 439 1774 scripserit,
459 1737 485 1764 id
505 1743 588 1764 ratum
608 1739 650 1765 sit.
677 1738 734 1765 Gai.
755 1738 785 1764 11.
804 1740 864 1764 270.
885 1738 915 1764 fr.
937 1740 994 1764 123.
1015 1738 1046 1765 de
1067 1746 1069 1760 =

203 1780 235 1807 V.
255 1780 282 1807 S.
303 1782 344 1806 50.
367 1782 404 1806 16.
443 1780 614 1807 Testamento
633 1782 749 1817 scriptus
769 1780 853 1807 bereS.
879 1780 934 1807 Gai.
956 1780 985 1807 11.
1005 1783 1046 1807 36.
1067 1789 1069 1815 1

205 1825 262 1850 119.
286 1825 341 1849 123.
364 1825 420 1849 143.
446 1825 503 1849 147.
527 1825 582 1850 176.
608 1823 668 1860 le.
688 1823 771 1850 XXII.
791 1826 832 1850 33.
870 1823 984 1861 Scriptis
1004 1824 1047 1850 he·

204 1866 312 1893 redibus
331 1868 364 1899 (S.
385 1871 402 1892 t.
423 1871 440 1892 t.
460 1866 490 1892 B.
511 1866 591 1893 Puem
611 1866 753 1904 polliceri.)
779 1866 836 1892 Gai.
857 1866 886 1892 11.
908 1869 963 1893 119.
985 1866 1045 1904 le.
1068 1870 1069 1893 1

204 1909 403 1936 XXthl.5.—
423 1910 454 1943 ἓ.
467 1911 506 1936 4.
527 1912 588 1936 Per
606 1912 804 1944 scripturam
824 1920 941 1936 carere.
963 1912 1046 1937 Scri·
1068 1902 1069 1959 ἒ

202 1960 305 1987 ptura
327 1955 565 1979 interveniente
583 1963 613 1978 se
632 1955 788 1987 obligare.
816 1952 834 1978 1.
850 1954 911 1987 Sy.
931 1953 1069 1989 Proscri-j

204 1996 267 2022 bere
287 1995 334 2029 [al.
355 1994 553 2027 Praescribere,
579 2006 600 2021 s.
621 1994 813 2029 perscribere]
835 1995 864 2022 l'r.
884 1998 907 2022 9.
928 1997 950 2029 3.
971 1998 993 2022 7.
1014 1995 1046 2022 de
1068 1994 1069 2028 l

557 2037 599 2064 111.
620 2039 686 2065 Cn.
711 2038 806 2064 Cautio
832 2038 995 2065 huiusmodi:
1016 2038 1044 2064 L.
1068 2042 1069 2080 ἰ

204 2081 291 2108 Titius
316 2082 425 2118 scripsi,
451 2091 492 2106 me
516 2082 650 2118 accepisse
674 2092 686 2107 a
712 2080 738 2107 P.
764 2081 865 2107 Maevio
890 2081 937 2107 XV
959 2086 1045 2107 mutua
1068 2082 1069 2118 1

205 2129 253 2151 etc.
278 2124 308 2150 fr.
330 2126 370 2149 40.
396 2123 427 2149 de
447 2122 477 2149 H.
498 2123 528 2150 C.
552 2126 590 2150 12.
616 2126 637 2149 1.
663 2124 694 2150 cf.
724 2124 754 2150 fr.
774 2126 797 2151 9.
827 2125 848 2158 3.
870 2126 892 2150 7.
919 2124 934 2150 l.
960 2126 1002 2151 26.
1023 2126 1045 2151 7.
1068 2123 1069 2152 l

203 2039 269 2065 adm.
291 2043 316 2064 et
336 2039 415 2075 per-Ic.
436 2039 476 2064 26.
498 2039 520 2064 7.

206 2165 362 2193 Litterarum
388 2166 513 2202 obligatio
537 2166 595 2192 fieri
617 2166 721 2193 videtur
740 2167 920 2204 chirographis
941 2172 966 2193 et
985 2178 1045 2203 syu-

206 2209 324 2246 graphis,
343 2211 358 2236 i.
380 2221 402 2235 e.
421 2211 443 2235 si
464 2210 522 2245 quis
543 2209 639 2235 debere
659 2220 700 2241 se,
729 2215 773 2236 aut
797 2210 916 2236 daturum
936 2220 965 2236 se
984 2212 1046 2237 scri·
1068 2207 1069 2229 1

206 2252 257 2277 bat.
278 2251 333 2277 Gai.
354 2251 395 2278 111.
418 2253 473 2277 1:31.
512 2252 615 2278 Geuero
641 2253 749 2289 scripsit
768 2254 841 2289 quasi
862 2263 955 2279 usuras
975 2264 1047 2290 prae·
1068 2245 1069 2255 l

206 2295 297 2320 teritas
317 2293 360 2326 [nl.
380 2304 472 2321 usuras
492 2294 672 2331 praestandus.
692 2296 777 2331 quasi]
798 2306 829 2322 ex
846 2296 917 2322 dotis
936 2297 1047 2332 promis-

207 2338 289 2363 sione.
327 2336 482 2371 Quaesitum
502 2343 550 2367 est.
566 2353 595 2356 —
616 2349 647 2364 an
668 2349 699 2365 ex
720 2339 893 2376 chirographo
914 2349 946 2365 ex
965 2340 1047 2376 stipu-
1069 2351 1070 2358 ι

208 2379 260 2405 latu
280 2380 365 2414 agenti
385 2388 479 2414 genero
499 2382 620 2418 exceptio
640 2381 745 2408 obstare
765 2382 875 2408 debeat?
895 2381 925 2407 fr.
947 2383 985 2407 17.
1007 2392 1045 2419 pr.

208 2422 240 2448 dc
259 2421 282 2448 (l.
303 2432 335 2447 ιιι.
361 2431 417 2447 exc.
442 2424 482 2447 44.
503 2425 526 2448 4.
552 2424 582 2449 cf.
609 2434 630 2450 c.
653 2427 674 2450 l.
695 2435 733 2462 pr.
754 2424 786 2450 de
806 2424 836 2450 R.
859 2424 889 2451 U.
910 2424 941 2450 A.
960 2427 984 2451 5.
1006 2427 1045 2451 13.

209 2481 240 2484 —
260 2466 291 2498 §0
318 2465 355 2491 5.
384 2465 608 2499 Dispurando,
637 2474 694 2494 aut
718 2470 950 2501 respondendo,
972 2478 1046 2501 pro-

203 2509 314 2543 fiteri.
352 2506 369 2531 I.
392 2507 452 2539 Sy.
472 2505 587 2535 Referre.
608 2509 647 2536 Cf.
668 2510 692 2536 h.
713 2520 736 2536 v.
756 2511 777 2543 3.
792 2510 855 2536 6.A.
880 2510 984 2537 Dicere.
1005 2510 1046 2537 Cf.
1068 2510 1069 2518 ¹

208 2550 231 2576 h.
253 2560 276 2575 v.
296 2550 317 2582 3.
338 2551 360 2575 4.
398 2548 562 2575 Rescribere.
582 2550 665 2579 Vatic.
684 2554 721 2587 33
741 2555 800 2579 223.
819 2555 879 2580 247.
915 2553 957 2579 111.
982 2555 1046 2581 Gn.

210 2592 317 2618 Publice
336 2593 436 2628 primus
455 2593 563 2628 scripsit
581 2593 688 2625 (Masur.
708 2596 844 2628 Sabinus.)
870 2595 900 2622 fr.
919 2598 943 2622 2.
964 2597 985 2629 3.
1005 2598 1046 2622 47.

209 2635 240 2661 de
255 2636 287 2661 0.
302 2634 320 2660 1.
337 2636 358 2660 1.
377 2637 400 2660 2.
437 2635 517 2671 Apud
536 2640 639 2661 veteres
652 2639 784 2675 ,scriptum
804 2644 852 2665 est.
877 2637 955 2675 Apud
970 2648 1047 2674 quos-

209 2678 266 2704 dam
292 2678 418 2714 scriptum
442 2679 598 2704 invenimus.
628 2678 684 2705 Gai.
709 2680 751 2708 111.
778 2683 834 2707 180.
860 2684 918 2707 202.
943 2680 986 2707 1V.
1005 2683 1046 2707 60.
1069 2676 1070 2697 Ῑ

209 2720 306 2747 Celsus
327 2720 431 2756 quidem
450 2721 498 2751 ait;
513 2736 544 2739 —-
559 2720 606 2747 sed
620 2720 735 2748 Iulianus
755 2729 843 2751 contra
858 2723 958 2750 scribit.
979 2724 1009 2750 fr.
1023 2725 1046 2750 8.

209 2764 230 2797 ξ,
244 2766 267 2789 2,
289 2763 321 2789 de
340 2764 365 2788 in
385 2763 425 2788 ius
445 2773 502 2789 voc.
515 2765 539 2789 2.
560 2765 583 2789 4.
621 2763 770 2798 Quaeritur.
787 2782 818 2786 —
838 2767 926 2793 Labeo
946 2767 1048 2797 scribit,
1069 2778 1071 2796 r

211 2823 241 2826 —
262 2806 310 2833 sed
328 2810 398 2832 recte
417 2805 532 2832 Sabinus
551 2805 696 2843 respondit.
717 2806 747 2833 fr.
763 2809 786 2834 4.
806 2809 828 2841 §.
841 2811 865 2835 2.
886 2809 918 2836 de
937 2809 1047 2836 edendo.

1092 1320 1181 1347 usurp.
1202 1312 1244 1336 41.
1263 1311 1288 1336 3.

1126 1353 1370 1380 scriniarius.
1401 1355 1462 1386 Qui
1483 1355 1515 1380 in
1534 1355 1660 1380 scrinio
1679 1356 1792 1388 aliquo
1811 1356 1935 1388 stipen-

1091 1398 1144 1422 dia
1158 1397 1255 1431 facit.
1293 1395 1336 1422 111.
1357 1397 1423 1424 Cn.
1443 1395 1596 1433 Adparitio,
1617 1411 1649 1416 -—
1670 1397 1685 1422 i.
1706 1407 1727 1422 e.
1748 1397 1891 1427 scriniarii,
1912 1401 1937 1422 et

1091 1439 1122 1464 ab
1137 1440 1211 1469 actis,
1226 1443 1251 1464 et
1264 1448 1422 1476 praecones,
1443 1443 1468 1465 et
1487 1440 1745 1471 commentarienses,
1766 1444 1791 1465 et
1808 1439 1938 1476 lampada-

1091 1482 1131 1512 rii,
1152 1486 1177 1507 et
1196 1483 1281 1507 omnis
1301 1481 1427 1518 deinceps
1447 1481 1520 1508 ordo.
1540 1481 1588 1508 Iul.
1608 1492 1648 1519 ep.
1664 1492 1723 1508 nov.
1744 1492 1765 1508 c.
1778 1483 1820 1508 38.
1840 1483 1936 1516 §.166

1092 1524 1123 1550 cf.
1144 1535 1164 1550 c.
1184 1526 1225 1551 22.
1246 1524 1268 1558 3.
1288 1526 1329 1550 83.
1350 1524 1412 1550 lust.
1433 1523 1463 1550 C.
1485 1534 1505 1550 c.
1528 1525 1567 1550 16.
1588 1523 1620 1550 de
1639 1524 1714 1550 milit.
1734 1529 1836 1551 testam.
1856 1526 1878 1551 6.
1894 1527 1936 1551 21.

1092 1567 1188 1593 Officia
1208 1567 1341 1598 (civilium
1361 1566 1476 1593 iudicum
1495 1567 1642 1600 Africae,)'
1656 1568 1672 1593 i.
1694 1577 1715 1593 e.
1735 1572 1787 1593 tam
1807 1569 1937 1594 scriniarii

1091 1610 1209 1647 ampliss.
1228 1609 1420 1647 praefecturae,
1445 1620 1522 1646 quam
1541 1609 1699 1636 cohortales.
1725 1619 1746 1635 c.
1771 1612 1790 1636 1.
1816 1611 1837 1644 3.
1859 1612 1882 1637 8.
1904 1610 1937 1636 de

1091 1653 1134 1679 off.
1155 1652 1207 1679 Prf.
1228 1653 1270 1679 Pr.
1290 1652 1346 1679 Afr.
1368 1654 1390 1678 1.
1409 1654 1450 1679 27.
1476 1663 1497 1680 c.
1517 1654 1541 1679 6.
1567 1653 1600 1679 de
1619 1657 1696 1679 castr.
1716 1652 1800 1689 pecul.
1821 1652 1874 1679 mil.
1896 1655 1936 1680 12.

1090 1698 1132 1723 37.
1170 1696 1331 1726 Numerarii.
1355 1705 1402 1722 seu
1422 1695 1574 1727 domestici,
1594 1695 1636 1721 vel
1656 1696 1798 1725 scriniarii,
1819 1697 1875 1722 sive
1895 1695 1938 1722 ad-

1091 1740 1200 1765 tutores.
1224 1738 1273 1765 Th.
1294 1738 1325 1765 C.
1346 1738 1413 1765 Yltt.
1435 1740 1457 1764 l.
1478 1748 1499 1764 c.
1521 1739 1560 1764 16.
1581 1737 1613 1764 de
1634 1748 1761 1764 numerar.
1782 1738 1824 1765 Cf.
1838 1738 1881 1765 Vl.
1894 1741 1936 1765 30.

1092 1792 1112 1808 c.
1134 1784 1156 1808 7.
1177 1781 1209 1808 de
1229 1781 1310 1808 Pal-at.
1331 1780 1358 1808 S.
1378 1780 1457 1817 largg.

1125 1825 1329 1851 Scrinium.
1356 1826 1474 1856 Locus,
1494 1826 1526 1850 in
1547 1835 1605 1859 quo
1626 1830 1803 1850 servantur
1820 1830 1850 1850 et
1868 1829 1937 1851 tra-

1091 1874 1225 1894 ctantur
1244 1873 1318 1894 acta
1336 1869 1466 1901 publica
1486 1868 1551 1899 (tam
1565 1866 1705 1904 PrincipiS,
1726 1876 1805 1903 quam
1824 1876 1937 1892 summo-

1091 1920 1148 1936 rum
1168 1911 1373 1945 magistratuum.
1392 1911 1453 1936 item
1473 1909 1661 1946 municipalia.)
1698 1908 1741 1935 111.
1758 1911 1823 1937 Gn.
1844 1909 1938 1936 Plures

1092 1953 1197 1979 codices
1221 1953 1291 1979 fiant.
1311 1960 1343 1971 '—-
1369 1952 1397 1978 In
1422 1953 1527 1979 scriniis
1553 1952 1681 1990 publicis,
1708 1952 1757 1978 sub
1784 1952 1936 1988 signaculis,

1091 1996 1244 2022 habeantur.
1265 1995 1346 2022 Gesta
1360 1996 1386 2021 in
1401 1995 1461 2022 Sen.
1477 1995 1509 2022 de
1523 2005 1574 2021 rec.
1589 1994 1639 2021 Th.
1655 1995 1685 2022 C.
1705 1995 1806 2021 Breves
1821 1996 1936 2021 omnium

1091 2040 1255 2075 negotiorum
1275 2054 1306 2058 —
1331 2042 1478 2065 commeent
1501 2038 1533 2064 ad
1557 2039 1653 2064 scrinia
1678 2039 1837 2064 eminentiss.
1864 2047 1937 2074 prae-

1091 2082 1214 2108 fecturae.
1236 2086 1263 2107 ut:
1282 2081 1323 2107 his
1343 2082 1491 2112 recensitis,
1512 2085 1537 2107 et
1556 2081 1587 2107 ad
1608 2082 1703 2107 scrinia
1723 2085 1812 2106 nostra
1826 2079 1936 2116 perlatis

1091 2130 1140 2151 etc.
1161 2124 1210 2151 Th.
1232 2123 1262 2150 C.
1284 2123 1301 2150 I.
1324 2125 1363 2150 16.
1383 2134 1403 2150 c.
1424 2126 1448 2150 3.
1469 2123 1582 2157 (Wek.)
1601 2123 1634 2150 de
1654 2124 1696 2150 off.
1717 2123 1791 2149 Rect.
1811 2122 1853 2149 Pr.
1891 2122 1936 2149 Pa-

1068 2161 1169 2200 {latina
1195 2168 1297 2193 scrinia.
1326 2167 1363 2193 lb.
1384 2166 1427 2193 VI.
1452 2169 1475 2193 2.
1502 2177 1522 2193 c.
1541 2170 1564 2193 2.
1589 2166 1654 2199 3.1.
1680 2165 1712 2192 de
1737 2165 1825 2192 Senat.
1853 2170 1878 2191 et
1904 2165 1935 2191 de

1090 2210 1157 2247 gleb.
1174 2209 1214 2236 11.
1236 2212 1277 2236 30.
1299 2220 1319 2236 c.
1339 2211 1378 2236 14.
1399 2209 1431 2236 de
1450 2209 1504 2235 Pal.
1525 2209 1552 2235 S.
1573 2208 1651 2244 lai-gg.
1691 2207 1760 2234 Toto
1780 2209 1843 2239 iure,
1864 2208 1935 2244 quod

1091 2255 1117 2280 in
1137 2254 1235 2279 nostris
1256 2258 1295 2279 est
1315 2253 1419 2279 scriniis
1439 2252 1625 2279 constitutum.
1646 2256 1721 2277 teste.
1745 2261 1767 2278 c.
1789 2252 1827 2277 19.
1848 2250 1881 2277 de
1900 2255 1935 2277 te-

1069 2320 1070 2325 ,
1092 2301 1166 2322 stam.
1187 2297 1210 2322 6.
1229 2298 1270 2322 23.
1308 2295 1408 2321 Habeat
1434 2299 1481 2327 (sc.
1504 2294 1640 2326 defensor)
1661 2299 1686 2320 et
1705 2294 1830 2320 scrinium
1850 2292 1936 2330 publi-

1092 2350 1159 2370 cum.v
1180 2339 1225 2365 ubi
1244 2342 1410 2364 monumenta
1430 2337 1535 2374 publica
1558 2336 1689 2374 deponere
1707 2337 1799 2373 possit.
1826 2335 1874 2362 lul.
1894 2346 1934 2372 ep.

1069 2393 1070 2396 ¹
1092 2392 1151 2408 nov.
1173 2392 1192 2407 c.
1207 2384 1248 2407 30.
1268 2381 1368 2414 3107.
1394 2379 1444 2406 Th.
1466 2379 1496 2406 C.
1516 2379 1575 2406 XV.
1598 2382 1636 2406 14.
1657 2390 1678 2406 c.
1698 2380 1721 2405 8.
1742 2379 1774 2405 de
1793 2378 1888 2405 infirm.
1909 2378 1934 2405 h.

1093 2435 1135 2461 qu.
1156 2434 1176 2451 s.
1197 2429 1245 2459 tyr.
1285 2423 1313 2448 Si
1335 2427 1395 2448 ante
1414 2432 1509 2449 annum
1529 2422 1650 2449 relationi
1669 2423 1764 2448 missae
1778 2431 1936 2458 responsum

1068 2467 1069 2479 ¹
1092 2477 1164 2493 sacra
1188 2466 1282 2492 scrinia
1307 2475 1359 2491 non
1384 2465 1528 2492 dedissent.
1554 2465 1603 2491 Th.
1624 2464 1654 2491 C.
1674 2464 1719 2490 XI.
1738 2465 1780 2490 30.
1801 2474 1822 2490 c.
1842 2466 1883 2490 54.
1903 2464 1936 2491 de

1092 2510 1150 2547 adp.
1171 2515 1196 2535 et
1215 2518 1292 2546 poen.
1319 2509 1420 2534 Scrinia
1438 2509 1585 2538 memoriae,
1606 2507 1818 2543 dispositionum,
1839 2508 1936 2544 episto-

1092 2553 1182 2582 larum,
1203 2561 1232 2576 ac
1251 2550 1409 2578 libellorum.
1430 2551 1466 2578 lb.
1485 2550 1527 2576 VI.
1542 2551 1583 2576 26.
1605 2560 1624 2576 c.
1642 2552 1663 2575 l.
1685 2560 1706 2576 c.
1719 2551 1741 2575 7.
1762 2560 1783 2576 c.
1800 2551 1837 2576 12.
1858 2559 1879 2576 c.
1896 2551 1934 2577 16.

1092 2605 1131 2631 sq.
1153 2594 1185 2620 de
1205 2604 1278 2630 prox.
1300 2595 1386 2620 comit.
1425 2594 1526 2620 Omnes
1546 2593 1660 2619 omnium
1677 2593 1833 2618 scriniorum
1852 2593 1935 2619 totius

1069 2660 1070 2672 ,
1092 2637 1217 2667 militiae,
1243 2646 1308 2672 quae
1332 2637 1381 2662 sub
1406 2638 1508 2673 privato
1534 2640 1616 2661 meret
1635 2635 1742 2661 aerario.
1771 2634 1808 2662 lb.
1827 2635 1872 2661 XI.
1891 2637 1932 2660 20.

1093 2690 1113 2706 c.
1134 2681 1157 2704 4.
1182 2679 1203 2712 3.
1223 2681 1248 2704 2.
1269 2679 1300 2706 de
1320 2679 1406 2706 collat.
1427 2679 1514 2705 donat.
1536 2678 1566 2704 cf.
1586 2678 1619 2704 X.
1638 2679 1680 2704 20.
1705 2688 1725 2704 c.
1748 2679 1787 2704 18.
1807 2677 1839 2704 de
1858 2678 1934 2704 muri-

1069 2736 1070 2759 }
1093 2722 1140 2758 leg.
1178 2721 1387 2752 primiscrinius,
1413 2726 1438 2748 et
1462 2721 1624 2747 numerarius
1649 2721 1739 2747 scrinii
1757 2720 1932 2751 Macedoniae,

1093 2770 1118 2791 et
1141 2765 1233 2790 scrinii
1252 2765 1363 2796 Daciae,
1389 2770 1414 2791 et
1438 2764 1529 2790 scrinii
1553 2772 1675 2800 operum,
1703 2769 1728 2790 et
1756 2764 1844 2790 scrinii
1869 2763 1931 2788 auri.

1093 2817 1114 2834 c.
1136 2809 1174 2833 12.
1196 2807 1228 2834 de
1247 2817 1375 2835 numerar.
1397 2809 1436 2833 12.
1456 2808 1498 2832 50.
1518 2805 1551 2833 cf.
1574 2816 1595 2833 c.
1617 2808 1638 2833 1.
1658 2806 1691 2834 de
1709 2815 1831 2844 praepos
1849 2809 1930 2841 agent.

1416 2851 1487 2876 109*
