2197 3121
1009 166 1101 198 CAL.

222 251 545 279 calceamentum.
583 248 625 276 Cf.
646 248 860 276 Calciamentum.
1050 280 1052 288 Κ

223 294 434 322 Calceatus.
469 292 600 326 (Partic.)
643 293 774 319 Calceis
805 294 947 318 indutus.
985 291 1028 318 Ill.

187 338 254 365 οη.
290 336 454 363 Praefectum
483 334 590 371 vigilum
614 345 662 371 per
690 339 771 361 totam
794 339 898 361 noctem
921 334 1030 371 vigilare
1051 356 1053 369 4

187 380 292 412 debere.
313 385 338 406 et
357 382 477 406 coerrare
497 377 639 404 calceatum
660 377 708 411 [al.
728 377 890 410 falciatumL
910 387 969 403 cum
988 377 1031 403 ha·

187 423 238 449 mis
258 427 283 449 et
303 422 428 449 dolabris.
450 421 480 447 sr.
494 422 518 447 3.
538 421 560 454 5.
574 422 599 447 3.
619 420 651 447 de
671 421 714 447 off.
734 420 818 447 Praes.
839 419 913 456 Vigg.
935 422 956 446 1.
972 421 1013 446 15.

224 466 395 492 Calceus.
428 466 650 491 Indumentum
668 466 769 498 pedis.
805 462 848 488 111.
864 464 930 490 Gn.
950 462 1032 488 Sutor
1052 459 1054 498 ξ

187 518 270 545 puero
285 507 398 534 discenti
417 524 449 527 -
469 506 551 533 forma
565 506 645 533 calcei
659 507 786 533 cervicem
799 506 940 542 percussit.
961 505 991 531 fr.
1006 507 1030 531 5.
1053 516 1054 526 1

187 551 210 584 5.
229 552 253 576 3.
274 549 307 576 ad
325 549 354 576 L.
375 551 443 586 Aqu.
464 551 487 576 9.
507 551 532 575 2.
552 549 582 575 fr.
604 551 644 576 13.
664 550 685 583 5.
705 550 729 575 4.
749 548 826 575 locat.
848 549 888 574 19.
909 550 933 574 2.

224 593 540 620 Calciamentum.
580 593 722 618 Calceus.
759 591 802 617 111.
829 592 895 618 Cn.
925 590 1031 617 Fasciae

188 635 317 666 crurales,
340 635 511 672 pedulesque.
532 651 564 654 —
588 634 646 661 Alia
666 645 742 661 causa
763 639 803 661 est
822 633 950 666 udonum,
971 634 1031 670 quia

188 688 264 705 usum
285 678 512 705 calciamentorum
532 682 674 715 praestant.
704 677 735 704 fr.
756 680 797 704 25.
822 677 843 711 5.
863 678 887 703 4.
917 676 949 703 de
969 686 1031 703 auro

188 731 240 757 arg.
261 722 303 747 34.
322 723 346 747 2.

225 763 469 791 Calciarium.
499 766 632 790 Sumtus
652 765 683 789 in
701 764 883 789 calceatum
896 764 1032 798 facien-

188 809 255 833 dus.
294 806 337 832 111.
364 808 430 834 011.
467 807 565 833 Diariis
589 806 703 837 relictis,
729 821 761 825 —
786 816 871 842 neque
895 805 1032 831 habitaiio-

188 860 262 882 nem,
285 860 370 886 neque
394 851 558 881 vestiarium,
587 859 672 885 neque
697 848 846 875 calciarium
870 848 968 874 deberi.
1000 847 1030 874 fr.

186 894 229 919 21.
249 892 281 919 de
301 892 369 919 alim.
390 903 413 918 v.
435 892 513 919 cibar.
532 893 574 919 34.
596 894 618 918 l.
639 891 670 918 fr.
690 893 714 918 8.
734 892 826 926 5512.
843 892 883 917 14.
904 890 936 917 de
949 895 1032 917 trans-
1052 881 1054 923 l

187 940 238 961 act.
257 937 282 961 2.
304 937 343 961 15.

224 978 466 1005 calcitro-us.

188 1030 272 1057 equus
292 1020 445 1047 calcitrosus
466 1020 536 1047 calce
549 1021 719 1057 percusserit.
738 1019 769 1046 fr.
785 1021 807 1045 l.
824 1020 845 1054 5.
860 1021 884 1045 4.
904 1020 926 1045 si
940 1019 1031 1055 quadr.

187 1073 266 1100 paup.
286 1065 309 1090 9.
331 1065 353 1090 l.
390 1063 507 1090 Iumenta
525 1063 620 1101 pavida
639 1068 665 1089 et
689 1062 835 1089 calcitrosa.
866 1062 897 1088 fr.
917 1063 941 1088 4.
965 1062 987 1096 5.
1006 1063 1030 1088 3.
1053 1063 1055 1094 ’ξ

189 1105 223 1132 de
242 1105 308 1132 Aed.
328 1106 405 1132 edict.
425 1108 467 1132 21.
489 1108 511 1132 1.
1053 1099 1055 1134 i

224 1149 451 1176 calculator.
488 1151 656 1182 Exceptor
685 1150 862 1175 rationum.
900 1147 942 1174 ΠΙ.
966 1149 1031 1175 Cn.

187 1191 256 1218 Ludi
279 1191 399 1218 litterarii
422 1192 552 1228 magistri,
577 1207 609 1210 -—
635 1196 660 1217 et
679 1190 793 1223 librarii⁷
820 1196 846 1217 et
870 1191 981 1222 notarii,
1007 1195 1033 1217 et

188 1234 374 1267 calculatores,
394 1236 451 1261 sive
470 1234 598 1260 tabularii.
619 1233 649 1260 fr.
671 1236 693 1260 1.
713 1235 734 1268 5.
755 1235 778 1260 6.
799 1234 832 1260 de
851 1239 917 1261 extr.
937 1235 1032 1270 cognit.

187 1279 229 1304 50.
252 1279 291 1304 13.
311 1277 342 1304 fr.
364 1279 386 1304 7.
407 1278 428 1312 5.
449 1280 472 1304 5.
498 1277 530 1304 de
550 1287 621 1314 oper.
642 1276 728 1303 libert.
748 1277 790 1303 38.
812 1278 834 1303 l.
872 1276 1033 1303 Liberalium

186 1319 335 1346 studiorum
353 1320 529 1357 professores,
547 1330 601 1346 non
620 1320 697 1346 etiam
716 1319 896 1346 calculatores.
917 1330 938 1346 c.
956 1322 980 1346 4.
1001 1320 1033 1346 de

187 1362 300 1400 profess.
321 1367 347 1389 et
366 1363 433 1390 med.
455 1365 495 1389 10.
515 1365 556 1389 52.

223 1406 410 1433 Calculus.
449 1407 480 1439 ξ.
500 1407 535 1433 l.
567 1407 779 1440 Suppuratio.
816 1405 858 1431 ΠΙ.
880 1406 946 1433 Cn.
973 1405 1033 1432 Cal-

507 980 572 1011 Qui
594 980 683 1005 calce
703 979 798 1012 petit.
837 976 880 1002 ΙΙΙ.
904 977 969 1004 Gn.
1002 976 1031 1002 Si
1053 994 1054 1002 1

188 1447 240 1475 culi
259 1450 360 1475 ratione
378 1450 480 1486 potius,
507 1459 584 1485 quam
607 1448 742 1477 maleficii.
767 1463 799 1467 -—
826 1449 969 1475 conveniri.
1001 1448 1032 1475 fr.
1054 1464 1055 1480 1

188 1493 231 1518 29.
252 1491 285 1517 de
305 1490 329 1518 d.
350 1502 382 1518 m.
403 1494 426 1518 4.
447 1494 471 1518 3.
493 1492 524 1518 cs.
544 1491 574 1518 fr.
589 1493 612 1518 6.
630 1492 652 1525 5.
668 1493 690 1517 7.
711 1490 743 1517 de
762 1490 786 1516 h.
808 1501 850 1527 qu.
871 1496 925 1517 not.
945 1491 1031 1518 iusam.

187 1535 211 1560 3.
231 1535 256 1560 2.
294 1533 399 1560 Nullam
418 1534 476 1560 fieri
494 1545 575 1572 posse
595 1535 799 1571 separationem,
825 1544 883 1560 cum
903 1535 1033 1560 communi

189 1575 290 1603 calculo
315 1577 500 1607 subiiciantur.
528 1582 553 1603 et
577 1579 689 1603 invicem
715 1576 839 1603 inducant
862 1577 1032 1604 contributio-

188 1629 255 1646 nem.
276 1619 306 1646 fr.
328 1621 368 1646 11.
389 1620 410 1653 5.
432 1622 454 1646 7.
475 1620 506 1646 ad
526 1619 554 1646 L.
576 1620 645 1646 Falc.
665 1622 707 1646 35.
723 1623 747 1646 2.
784 1620 908 1646 Deducto
928 1630 967 1652 eo.
987 1620 1033 1646 bo-

189 1672 281 1688 norum
301 1662 416 1689 calculus
437 1663 549 1690 subduci
569 1663 645 1689 solet.
666 1663 696 1689 fr.
711 1667 734 1689 8.
749 1663 840 1700 depos.
855 1664 895 1689 16.
909 1665 933 1689 3.
963 1662 1033 1689 Con-

190 1704 271 1735 fusio,
291 1705 385 1737 Error,
412 1706 513 1733 calculi.
548 1706 579 1732 fr.
601 1708 641 1732 ll.
661 1707 682 1740 5.
702 1707 726 1732 6.
752 1706 783 1732 ad
802 1706 832 1732 L.
852 1705 922 1732 Falc.
946 1708 988 1733 35.
1007 1708 1031 1732 2.

190 1746 219 1773 sr.
240 1750 263 1773 8.
283 1758 323 1784 pr.
344 1748 377 1774 de
396 1749 462 1775 adm.
482 1760 532 1776 rer.
553 1750 584 1776 ad
606 1751 675 1775 civit.
696 1752 738 1775 50.
752 1752 776 1775 8.
814 1749 842 1775 In
862 1748 970 1775 calculis
991 1758 1032 1774 su-

189 1790 320 1827 periorum
340 1795 498 1828 temporum,
522 1803 546 1818 v.
571 1793 597 1818 in
616 1792 730 1829 publicis
756 1792 879 1823 calculis,
904 1791 1030 1818 residere.

189 1832 256 1859 Nov.
276 1832 379 1859 Valent.
406 1834 447 1860 Ill.
473 1834 505 1861 de
529 1835 626 1871 indulg.
651 1835 744 1870 reliqu.
777 1834 807 1860 11.
829 1837 851 1861 l.
877 1844 898 1860 c.
920 1837 941 1860 l.
966 1835 1031 1867 5.1.

189 1875 256 1901 Nov.
276 1875 397 1902 Mau-ian.
423 1876 480 1903 eod.
505 1877 547 1903 Ill.
567 1880 591 1903 2.
619 1887 640 1903 c.
663 1879 685 1903 1.
713 1878 778 1910 5.1.
820 1876 924 1903 Aerarii
949 1877 1033 1903 nostri
1054 1877 1056 1905 ἱ

189 1918 298 1944 calculis
327 1918 502 1945 adiunximus.
536 1919 584 1946 Th.
610 1919 640 1946 C.
660 1919 704 1946 IX.
725 1921 766 1945 40.
792 1930 813 1945 e.
834 1921 874 1946 17.
904 1919 936 1946 de
955 1929 1032 1956 poen.
1054 1909 1056 1959 l

189 1977 221 1980 —
241 1962 272 1995 ξ.
287 1962 321 1987 2.
343 1965 530 1994 Sententia,
552 1965 775 1999 Suffragium.
811 1962 830 1988 I.
845 1963 906 1996 Sy.
931 1962 1032 1993 Forma,

189 2004 326 2030 Sententia
346 2004 512 2037 (arbitratis).
534 2016 554 2031 c.
570 2008 593 2031 4.
614 2006 635 2039 5.
650 2008 673 2031 5.
689 2016 709 2031 c.
725 2008 748 2031 5.
760 2015 799 2042 pr.
820 2005 852 2031 de
872 2015 922 2031 rec.
943 2005 1032 2031 arbitr.

187 2049 211 2073 2.
231 2047 273 2072 56.
311 2046 354 2072 ΠΙ.
376 2048 441 2074 Gn.
471 2047 500 2074 Si
525 2048 653 2074 caleulum
679 2048 826 2081 meliorem,
854 2053 880 2074 et
899 2049 1032 2074 victricem

190 2091 346 2116 sententiam
360 2091 508 2127 reportarit.
537 2090 603 2117 Νῦν,
620 2090 668 2117 Th,
683 2091 713 2117 11.
734 2102 766 2118 ne
780 2091 881 2119 duciau.
902 2091 944 2117 vel
958 2091 1032 2118 limit.

190 2132 208 2159 1.
227 2136 251 2159 2.
277 2143 298 2159 c.
320 2134 342 2158 1.
363 2133 384 2166 5
404 2136 427 2159 2.
465 2133 565 2160 Audire
590 2134 716 2160 militares
741 2145 832 2161 causas
857 2134 981 2166 militum,
1008 2139 1032 2160 et

190 2175 304 2211 legitimo
324 2175 424 2202 calculo
449 2176 579 2202 dirimere.
610 2177 702 2203 Iuliani
727 2179 787 2214 epit.
813 2188 872 2203 nov.
900 2188 920 2203 (·.
941 2179 983 2204 39.
1009 2178 1030 2211 5.

192 2219 248 2244 168.
285 2218 475 2255 Cuiuscunque
502 2219 593 2246 iudicii
622 2220 738 2246 calculos
766 2220 809 2247 vel
833 2221 965 2247 iussiones
990 2220 1032 2246 ha-

191 2261 275 2287 beant.
304 2262 341 2288 lb.
366 2272 387 2287 c.
409 2264 448 2288 15.
474 2263 495 2296 5
516 2264 557 2289 56.
596 2262 699 2298 Quodsi
726 2279 759 2282 —
784 2263 863 2289 iudex
888 2263 963 2290 datus
984 2265 1030 2290 sit.

191 2309 242 2329 tam
263 2314 294 2330 ex
313 2304 400 2330 divina
420 2306 550 2338 iussione,
577 2316 653 2342 quam
679 2316 711 2333 cx
736 2306 836 2332 calculo
856 2307 962 2333 maximi
981 2317 1032 2333 ma-

191 2348 323 2383 gistratus.
354 2347 391 2373 lb.
412 2358 433 2374 c.
453 2350 494 2374 22.
515 2349 537 2382 5.
557 2351 598 2375 57.

227 2390 382 2420 Caldus,
409 2400 430 2417 S.
456 2392 621 2418 Calidas.
651 2392 791 2424 (Adiect.)
831 2393 950 2419 Calore
974 2394 1030 2418 im-

190 2438 403 2467 praegnatus.
440 2433 481 2460 Ill.
509 2436 573 2461 Cn.
607 2435 722 2461 Aenum.
748 2436 774 2461 in
799 2444 850 2471 quo
875 2434 931 2460 olea
959 2434 1032 2461 calda

193 2485 258 2511 aqua
277 2474 385 2501 lavatur.
415 2475 445 2502 fr.
467 2479 505 2503 19.
530 2478 551 2511 5.
571 2479 595 2503 2.
621 2477 697 2504 locat.
719 2479 759 2504 19.
778 2480 802 2503 2.
841 2477 973 2514 Frigidae.
999 2494 1031 2497 —
1053 2507 1055 2512 .

193 2517 314 2549 Calidae,
334 2527 423 2553 aquae.
446 2518 476 2545 fr.
497 2522 518 2546 1.
539 2521 560 2554 5.
582 2522 621 2547 13.
642 2520 674 2547 de
695 2531 759 2557 aqua
780 2525 851 2558 quot.
872 2522 913 2547 43.
934 2523 975 2547 20.
1002 2521 1031 2547 fr.
1053 2513 1055 2523 Ι

191 2563 216 2588 3.
237 2560 258 2593 ᾗ.
278 2562 302 2586 5.
323 2560 354 2587 de
373 2562 420 2587 riv.
441 2563 482 2587 13.
500 2565 542 2589 21.
1053 2563 1055 2567 '

230 2604 462 2631 Calefacere.
501 2606 651 2632 Calidum
669 2608 790 2642 facere.
828 2606 869 2633 Ill.
890 2607 956 2634 Cn·
984 2606 1032 2633 Hic
1053 2591 1055 2628 i

193 2657 258 2683 aqua
279 2646 310 2673 ad
329 2647 473 2683 potandum
497 2646 590 2674 calefit.
624 2649 655 2675 fr.
678 2652 716 2676 18.
743 2650 764 2683 5.
785 2651 808 2675 3.
835 2649 867 2675 de
886 2651 961 2676 instr.
982 2649 1031 2686 leg.
1054 2645 1055 2657 ¹

192 2691 234 2716 33.
256 2691 278 2716 7.
316 2689 344 2715 In
364 2689 546 2716 calefaciendis
566 2691 635 2727 apud
653 2692 820 2719 Antiochiam
839 2693 955 2720 thermis.
982 2693 1030 2720 Th.
1053 2687 1055 2709 l

194 2732 225 2760 C.
244 2732 302 2759 XII.
324 2734 345 2758 1.
367 2742 387 2758 c.
410 2735 465 2759 131.
487 2733 518 2759 de
540 2733 671 2760 decurion.
1054 2752 1055 2767 χ

231 2775 452 2803 Calefactio.
493 2778 594 2803 Actus
628 2779 857 2813 calefaciendi.
899 2779 940 2806 111.
966 2781 1055 2807 Gli-¹

195 2817 382 2845 Calefactionis
410 2823 436 2844 et
463 2819 635 2856 praebitionis
664 2820 717 2853 (se.
747 2822 925 2855 balinearum)
958 2833 1031 2850 onus

1858 173 1916 203 107

1050 250 1051 258 ¹
1074 249 1104 276 sr.
1122 250 1164 276 35.
1184 250 1206 283 5.
1225 250 1249 275 3.
1270 249 1303 276 de
1322 249 1397 286 legat.
1417 250 1458 277 llJ.
1479 251 1556 283 (32.)
1589 250 1620 277 cf.
1641 251 1671 278 fr.
1693 253 1715 277 l.
1737 252 1758 285 5.
1778 253 1802 278 2.
1823 251 1854 278 fr.
1876 254 1915 279 18.

1074 293 1095 326 5.
1121 295 1144 319 5.
1179 292 1211 318 de
1239 302 1309 319 mun.
1340 298 1365 319 et
1393 293 1452 320 bon.
1487 295 1528 320 50.
1557 295 1581 320 4.
1630 294 1733 321 Balinei
1768 293 1916 324 calefactio.

1075 336 1131 361 sive
1151 334 1293 362 diaetarum
1313 335 1542 372 h>poraustarum
1572 336 1603 363 fr.
1623 339 1664 363 55.
1690 338 1711 371 5.
1731 339 1755 364 3.
1783 337 1815 364 de
1840 337 1915 374 legat.

1076 377 1118 404 111.
1140 378 1218 411 (32.)

1111 421 1316 448 calendae.
1354 422 1433 447 Dies
1457 423 1586 455 primus
1610 424 1765 457 cuiusque
1789 426 1915 451 mensis.

1075 463 1118 490 III.
1139 465 1204 491 Cn.
1233 463 1262 490 Si
1281 465 1357 501 „ipsa
1377 463 1419 489 die
1433 463 1626 491 cah-adaram*
1646 467 1705 502 quis
1720 466 1917 502 stipulationem

1076 507 1239 543 interponat,
1264 523 1296 526 —
1320 511 1384 543 puto
1409 511 1493 532 actum
1518 507 1602 533 videri
1626 508 1658 534 de
1677 510 1849 545 sequentibus
1869 509 1917 536 Ca-

1076 549 1169 575 lendis.
1191 549 1221 576 fr.
1235 550 1277 576 41.
1296 560 1336 586 pr.
1357 549 1390 576 de
1404 548 1434 574 V.
1450 548 1483 574 Ο.
1503 551 1544 576 45.
1566 552 1588 576 1.
1624 551 1665 578 Ex
1685 551 1811 578 Calendis
1830 552 1917 579 Ianua-

1077 593 1136 624 riis.
1162 592 1203 619 vel
1230 602 1313 629 usque
1337 592 1369 618 ad
1393 591 1503 618 Calend.
1524 592 1654 620 Ianuarias
1679 594 1801 621 decimas.
1832 594 1916 621 Vatic.

1076 635 1097 668 5.
1118 637 1159 661 50.
1191 634 1370 663 ..Centesimis
1385 634 1510 661 Calendis
1531 635 1614 667 dart:-
1634 636 1733 664 utiliter
1752 638 1916 675 stipulamur.

1053 678 1054 685 ’
1076 677 1106 703 fr.
1127 678 1168 704 46.
1188 688 1227 715 pr.
1248 677 1280 704 de
1300 677 1331 704 V.
1353 677 1385 704 Ο.
1406 679 1447 704 45.
1471 679 1491 704 l.
1530 677 1669 707 Secundis.
1689 680 1731 706 vel
1751 682 1836 707 tertiis
1856 681 1917 715 (Ca-

1053 741 1054 749 ,
1076 719 1195 753 leudis),
1220 720 1262 747 vel
1282 720 1378 757 quibus
1398 720 1465 747 aliis.
1490 720 1520 747 fr.
1542 722 1582 747 41.
1603 731 1641 758 pr.
1662 722 1696 748 ib.
1716 725 1756 749 45.
1779 726 1800 750 1.
1838 725 1916 753 Ante.

1076 774 1099 789 v.
1120 763 1198 795 Post,
1224 763 1292 790 diem
1314 764 1348 790 X.
1369 762 1551 790 Calendarum.
1582 763 1613 790 fr.
1635 766 1691 790 132.
1716 776 1754 801 pr.
1780 766 1812 793 de
1836 766 1867 794 V.
1889 766 1916 794 S.

1053 803 1054 850 j
1076 808 1117 832 50.
1139 807 1179 832 16.
1217 806 1299 833 Sexto
1314 806 1454 833 Calendas.
1474 823 1506 826 ——
1526 806 1663 833 Bisextum
1678 807 1811 836 Calendis.
1830 810 1861 837 fr.
1875 811 1916 836 98.

1075 860 1115 887 pr.
1145 849 1179 876 ib.
1199 851 1240 876 50.
1263 851 1302 875 16.
1340 849 1405 875 Post
1424 849 1480 876 Cal.
1501 849 1600 876 Ianuar.
1621 850 1663 876 die
1688 852 1772 877 tertio.
1804 852 1833 878 fr.
1857 855 1916 879 233.

1076 893 1097 927 ξ,
1120 894 1142 918 1.
1162 892 1197 918 ib.
1218 894 1259 918 50.
1281 893 1319 918 16.

1112 935 1395 962 Calendarium.
1449 937 1545 961 Liber
1573 939 1737 970 pecuniae
1773 940 1918 965 creditae

1053 980 1256 1014 ¹faenebris,
1281 979 1381 1004 Index
1405 980 1565 1005 nominum
1589 985 1617 1005 ee
1643 989 1814 1007 usurarum
1834 983 1918 1008 debi-

1075 1028 1187 1048 tarum.
1225 1020 1267 1046 111.
1288 1021 1354 1048 Gn.
1382 1020 1560 1050 Praediorum,
1586 1027 1637 1047 tam
1656 1023 1822 1055 rusticorum,
1842 1033 1919 1060 quam

1077 1064 1249 1095 urbanorum⁷
1275 1068 1301 1089 et
1319 1065 1523 1100 mancipiorum,
1548 1069 1573 1090 et
1593 1064 1780 1101 supellectilis,
1804 1067 1919 1102 itemque

1077 1106 1218 1134 calendarii
1237 1106 1334 1133 usnsfr.
1367 1106 1397 1133 fr.
1422 1108 1464 1133 37.
1490 1106 1522 1132 de
1547 1116 1595 1132 usu
1620 1112 1644 1133 et
1669 1107 1735 1134 usus.
1759 1107 1808 1143 leg.
1832 1111 1874 1135 33
1893 1111 1917 1135 2.

1077 1150 1107 1176 fr.
1128 1151 1152 1176 6.
1172 1149 1204 1176 de
1223 1150 1298 1176 instr.
1318 1149 1369 1186 leg.
1395 1151 1436 1176 33.
1458 1151 1480 1175 7.
1517 1149 1550 1175 Hi
1570 1150 1639 1175 servi
1659 1150 1764 1176 domiuo
1784 1151 1918 1178 debitores

1076 1193 1195 1225 suerunt,
1220 1197 1272 1218 tam
1296 1203 1328 1219 ex
1352 1192 1409 1219 aliis
1430 1193 1530 1222 causis,
1557 1202 1633 1229 quam
1658 1203 1689 1218 vx
1712 1195 1812 1220 ratione
1836 1194 1920 1221 calen-

1077 1235 1150 1262 darii.
1183 1235 1213 1261 sr.
1234 1236 1275 1262 58.
1301 1235 1333 1261 de
1356 1234 1441 1273 pecul.
1468 1237 1506 1262 15.
1528 1237 1550 1262 1.
1587 1235 1655 1262 Filio
1681 1246 1738 1262 meo
1763 1238 1867 1263 nomina
1887 1248 1919 1264 ex

1078 1278 1242 1310 calendario.
1271 1288 1337 1314 quae
1361 1278 1468 1314 elegerit
1492 1278 1563 1305 filius
1588 1288 1662 1305 meus
1688 1279 1750 1311 sibi,
1778 1280 1837 1306 XX.
1858 1280 1919 1307 dare

1054 1343 1055 1352 ,
1077 1322 1185 1349 damnas
1209 1325 1287 1347 sunto
1312 1322 1369 1347 siue
1393 1321 1417 1347 d.
1438 1331 1470 1347 m.
1504 1321 1534 1348 fr.
1558 1323 1600 1348 34.
1627 1322 1694 1356 5.1.
1720 1321 1752 1348 de
1777 1322 1851 1359 legat.
1876 1323 1917 1350 111.

1078 1365 1154 1399 (32.)
1198 1364 1252 1400 Qui
1280 1365 1307 1390 in
1335 1365 1470 1402 provincia
1495 1363 1614 1390 Stichum
1643 1375 1748 1391 servum
1771 1365 1919 1392 calendario

1076 1412 1273 1446 praeposuerat.
1303 1406 1333 1434 fr.
1354 1408 1394 1433 41.
1420 1407 1452 1434 de
1474 1406 1505 1434 R.
1532 1406 1562 1434 C.
1589 1409 1629 1434 12.
1650 1410 1672 1434 l.
1702 1408 1732 1434 fr.
1756 1410 1797 1435 23.
1821 1419 1861 1446 pr.
1887 1409 1920 1436 de

1076 1451 1162 1488 pecul.
1184 1450 1232 1487 leg.
1253 1451 1295 1476 33.
1315 1451 1339 1476 8.
1377 1450 1528 1477 Calendarii
1548 1452 1661 1483 curatio,
1681 1456 1706 1479 et
1726 1451 1874 1487 Quaestura
1893 1453 1920 1478 in

1077 1494 1163 1531 aliqua
1183 1494 1296 1519 civitate.
1316 1492 1347 1519 fr.
1368 1495 1409 1519 18.
1429 1494 1450 1527 5.
1470 1496 1494 1519 2.
1515 1493 1547 1519 de
1566 1504 1635 1520 mun.
1656 1499 1681 1520 et
1700 1493 1761 1520 hon.
1780 1497 1823 1521 50.
1842 1497 1866 1521 4.
1887 1494 1918 1521 cf.

1077 1537 1162 1564 vatic.
1183 1537 1219 1571 ξς.
1241 1538 1298 1563 128.
1320 1537 1378 1562 181.
1407 1535 1456 1562 Th.
1477 1536 1508 1563 C.
1527 1536 1585 1563 XII.
1606 1539 1646 1563 11.
1667 1547 1688 1563 c.
1704 1539 1726 1563 1.
1741 1547 1779 1574 pr.
1800 1538 1837 1572 §§.
1858 1540 1880 1564 1.
1894 1540 1918 1564 3.

1077 1580 1110 1607 de
1129 1590 1182 1607 cur.
1204 1579 1334 1606 calendar.
1373 1579 1402 1606 Si
1426 1590 1511 1616 neque
1536 1590 1568 1606 ex
1593 1580 1754 1609 calendario.
1778 1590 1863 1617 neque
1888 1591 1919 1608 ex

1077 1622 1263 1659 vectigalibus,
1289 1632 1374 1658 neque
1399 1632 1431 1648 ex
1450 1622 1572 1649 frumenti
1592 1622 1634 1649 vel
1654 1622 1705 1649 olei
1723 1623 1824 1660 publici
1842 1634 1919 1661 pecu-

1077 1668 1132 1698 nia,
1153 1682 1185 1686 —-
1205 1666 1318 1692 civitatis
1339 1665 1443 1692 debitor
1462 1667 1507 1692 sis.
1528 1676 1549 1692 c.
1563 1667 1586 1692 3.
1607 1665 1640 1692 de
1659 1671 1819 1703 compensat.
1839 1668 1862 1693 4.
1876 1668 1918 1693 31.

1077 1709 1127 1736 Th.
1148 1708 1179 1735 C.
1199 1708 1216 1735 l.
1236 1708 1253 1734 l.
1274 1718 1295 1734 c.
1314 1710 1338 1734 2.

1113 1752 1259 1779 calere.
1298 1753 1416 1777 Calore
1434 1752 1591 1783 incitari,
1611 1753 1753 1778 Fer-nere.
1791 1751 1833 1779 III.
1853 1753 1918 1780 οη.

1078 1795 1130 1830 Qui
1151 1799 1296 1820 castrorum
1316 1798 1438 1830 expertes
1458 1792 1599 1825 habentur,
1620 1805 1667 1820 nec
1686 1795 1712 1820 in
1731 1794 1834 1821 hostem
1854 1795 1919 1822 Mar-

1078 1839 1114 1863 tio
1135 1847 1193 1863 aere
1213 1836 1355 1862 caluerunt.
1388 1835 1437 1862 Th.
1452 1835 1482 1862 C.
1497 1836 1541 1862 XI.
1558 1839 1597 1863 18.
1618 1848 1639 1863 c.
1656 1839 1677 1864 1.
1703 1837 1757 1873 Qui
1777 1849 1790 1864 a
1808 1838 1918 1875 praebit.

1079 1881 1155 1906 tiron.
1193 1878 1424 1906 sanctimonialem
1443 1879 1570 1915 puellam.
1595 1880 1653 1906 aliis
1677 1880 1760 1907 adulti
1778 1891 1858 1908 sexus
1878 1883 1918 1908 sui

1078 1924 1147 1949 votis
1172 1923 1312 1954 calentem,
1342 1938 1373 1941 —
1398 1922 1478 1949 velari
1503 1923 1595 1950 facere.
1633 1922 1700 1949 Nov.
1724 1923 1858 1951 Dlaiorian.
1886 1925 1919 1952 de

1078 1967 1233 1992 sanctimon.
1254 1965 1298 1992 IV.
1318 1966 1342 1991 6.
1362 1976 1383 1991 c.
1404 1967 1427 1992 l.
1448 1966 1469 2000 5.
1489 1968 1513 1992 2.

1114 2009 1331 2036 salt-tanus.
1362 2008 1490 2042 (Adiect.)
1521 2011 1668 2036 Calenus.
1706 2009 1747 2035 HI.
1769 2012 1834 2038 Cn.
1862 2010 1919 2038 Hoc

1078 2052 1190 2089 amplius
1214 2051 1298 2078 eidem
1324 2051 1428 2078 alumno
1453 2062 1510 2078 meo
1535 2052 1666 2079 homiuem
1691 2052 1845 2080 Caletanum
1870 2054 1918 2088 [al.

1078 2095 1289 2128 collactaneninJ.
1310 2099 1335 2120 et
1355 2105 1461 2121 vernam
1481 2100 1596 2122 sutorem
1616 2100 1664 2122 etc.
1684 2096 1714 2122 fr.
1730 2097 1769 2122 78.
1790 2096 1866 2130 512.
1887 2097 1917 2123 ad

1078 2140 1104 2165 S.
1127 2138 1157 2165 C.
1178 2138 1257 2164 Treb.
1277 2140 1318 2164 36.
1340 2140 1362 2164 l.

1113 2182 1279 2208 calidus.
1317 2180 1358 2207 Cf.
1380 2180 1488 2207 Caldus.

1113 2224 1318 2258 Caligatus.
1341 2225 1583 2257 Manipnlaris,
1605 2235 1624 2250 r.
1646 2227 1845 2260 Gregorius,
1866 2227 1915 2251 mi-

1076 2270 1127 2293 les.
1165 2266 1208 2293 llI.
1224 2268 1289 2294 Cn.
1317 2266 1393 2293 Miles
1414 2266 1548 2302 caligatus.
1567 2266 1609 2293 vel
1629 2269 1650 2293 si
1670 2269 1729 2304 quis
1748 2268 1814 2294 alius
1834 2278 1916 2304 usque

1076 2309 1109 2336 ad
1128 2310 1314 2340 centurionem.
1334 2309 1376 2335 vel
1395 2309 1554 2346 praefectum
1574 2310 1703 2342 cohortis,
1723 2310 1764 2336 vel
1788 2310 1854 2337 alae.
1874 2310 1916 2337 vel

1076 2353 1195 2390 legionis.
1216 2352 1246 2379 fr.
1266 2354 1290 2378 2.
1310 2363 1349 2390 pr.
1370 2352 1401 2379 εἶ.
1416 2352 1445 2378 fr.
1462 2354 1534 2389 l.pr.
1555 2353 1586 2379 de
1605 2352 1630 2379 h.
1651 2363 1692 2389 qu.
1713 2358 1766 2379 not.
1786 2353 1872 2379 iui‘anl.
1891 2355 1915 2380 3.

1075 2399 1099 2422 2.
1121 2407 1141 2423 c.
1160 2399 1202 2423 21.
1223 2396 1255 2422 de
1274 2401 1346 2433 nupt.
1367 2397 1390 2421 5.
1412 2397 1435 2421 4.
1473 2396 1526 2431 Qui
1546 2397 1689 2423 exercitum
1709 2397 1815 2432 accipit,
1839 2397 1916 2423 etiam

1077 2441 1117 2466 ius
1138 2438 1360 2466 animadvertendi
1380 2439 1406 2464 in
1425 2438 1522 2465 milites
1543 2439 1666 2476 caligatos
1686 2439 1770 2465 habet.
1790 2438 1820 2465 fr.
1840 2440 1864 2466 9.
1884 2439 1915 2466 de

1053 2490 1055 2506 J
1078 2488 1144 2509 cust.
1165 2487 1190 2509 et
1209 2482 1267 2509 exh.
1288 2492 1355 2508 reor.
1375 2482 1416 2508 48.
1436 2483 1460 2508 3.

1113 2526 1254 2560 Caligo.
1296 2526 1454 2552 Tenebrae
1494 2524 1535 2551 111.
1557 2526 1621 2552 Cn.
1649 2523 1731 2549 Moles
1752 2526 1915 2551 constitutio-

1053 2579 1055 2590 ι
1077 2578 1146 2597 uum.
1167 2584 1199 2587 —
1224 2578 1289 2604 quae
1313 2567 1385 2594 velut
1404 2568 1452 2594 sub
1478 2578 1581 2594 crassae
1600 2567 1734 2593 demersae
1753 2567 1870 2604 caliginis
1890 2574 1914 2594 et

1077 2611 1245 2637 obscuritatis
1265 2610 1343 2637 vallo.
1372 2610 1465 2637 Coust.
1481 2610 1529 2637 Th.
1550 2610 1578 2636 Π.
1600 2609 1631 2635 (1(Ι
1651 2609 1700 2636 Τ11.
1717 2609 1747 2636 C.
1767 2616 1834 2637 auct.
1855 2611 1913 2644 5.1.

1077 2654 1166 2686 (va.
1187 2664 1211 2691 p.
1227 2654 1264 2687 9.)
1296 2653 1335 2680 Ne
1355 2664 1404 2690 qua
1424 2653 1605 2679 liberalitatem
1625 2657 1740 2679 nostram
1754 2653 1836 2689 caligo
1850 2653 1915 2679 frau-

1078 2697 1118 2723 dis
1138 2697 1224 2733 possit
1243 2696 1377 2733 impedire.
1412 2696 1477 2722 Νον.
1502 2694 1622 2720 Marciam.
1647 2695 1679 2721 de
1702 2695 1800 2733 indulg.
1821 2696 1913 2733 reliqu.

1054 2771 1055 2775 Ἰ
1078 2739 1119 2765 111.
1138 2742 1162 2765 2.
1183 2750 1204 2765 c.
1225 2741 1247 2765 1.
1267 2740 1288 2773 ξ.
1310 2741 1333 2765 2.

1114 2783 1231 2810 calix.
1253 2784 1357 2808 Genus
1374 2782 1491 2814 poculi.
1506 2779 1549 2806 ΠΙ.
1561 2782 1625 2808 Cn.
1637 2781 1740 2809 Omnia.
1752 2792 1816 2818 quae
1828 2781 1859 2808 ad
1870 2792 1913 2818 po-

1054 2843 1056 2853 1
1079 2825 1196 2851 culorum
1210 2825 1325 2862 speciem
1339 2827 1485 2859 comparata
1499 2829 1567 2850 sunt.
1583 2841 1613 2843 —
1628 2824 1708 2850 veluti
1722 2829 1835 2861 paterae.
1855 2824 1913 2850 cali-

1414 2866 1471 2890 14*
