2197 3121
927 151 1019 182 HOR
1043 168 1085 172 ——
1109 150 1205 182 HOS.

202 240 252 267 Prs.
272 239 345 275 Vigg.
373 241 394 265 l.
417 241 455 265 15.
477 238 507 264 cf.
533 237 563 263 19.
583 240 624 262 20,
654 236 675 269 5.
700 236 723 260 8.
745 234 776 260 (19
796 235 871 260 instr.
892 233 939 269 leg.
959 234 1000 258 33.
1021 233 1043 258 7.

202 283 231 309 fr.
251 285 291 309 232.
313 283 333 315 5.
355 283 377 307 4.
399 281 431 307 (19
457 291 518 307 auro
541 289 591 315 arg.
612 280 652 305 34v
673 280 696 304 2.

202 325 243 351 vel
268 325 333 351 colla
358 325 490 361 penuaria.
516 323 546 348 l'r.
572 324 596 348 3.
621 321 642 354 5.
672 322 710 346 ll.
737 320 768 346 (19
793 330 862 357 penu
888 319 936 355 leg.
960 320 1000 345 33.
1021 320 1044 343 9.

202 368 278 394 Horr.
299 369 434 394 vinarium.
456 376 514 392 cum
534 365 595 390 vino
617 368 641 389 ot
660 365 730 389 vasis
751 368 798 389 etc.
824 362 854 389 fr.
875 363 898 388 7.
918 361 951 387 (19
970 362 1045 386 instr.

203 411 252 446 leg.
271 412 312 436 33.
334 412 357 436 Τ.
396 409 471 435 lIorr.
496 407 701 434 frumentarium.
727 406 757 432 fr.
782 407 822 432 60.
848 404 880 430 de
903 404 935 430 A.
961 403 991 430 R.
1012 403 1045 429 D.

204 446 245 480 41⁷.
268 455 288 480 l.
326 453 424 479 Horrea
446 450 578 477 Caesaris.
616 449 728 475 Fiscalia
747 449 847 475 horrea.
869 446 898 473 sr.
918 449 960 472 21.
980 447 1001 480 5.
1024 447 1045 471 1.

205 497 257 532 Qu.
278 497 374 533 potior.
394 497 434 521 20.
455 495 478 520 4.
504 493 553 519 Th.
574 492 604 519 C.
627 492 679 518 Vll.
701 494 724 518 4.
750 501 770 517 c.
792 492 832 516 16.
852 489 884 516 dc
905 499 974 523 erog.
993 487 1047 514 mil.

205 549 299 565 annon.
319 537 378 564 XV.
396 539 417 563 1.
439 538 513 563 (3.12.
534 536 567 562 (19
586 546 647 572 opp.
662 535 725 572 pub.
745 533 905 560 Horreorum
925 536 1049 569 portuen-

206 584 273 608 sium
292 581 404 618 patroni.
430 579 466 606 lb.
487 578 558 605 XIV.
577 581 618 604 23.
641 588 661 604 c.
684 580 704 604 1.
725 577 758 603 de
776 580 878 613 patron.
899 575 970 601 horr.
986 574 1049 600 Pro-

206 630 349 655 curatores,
362 633 409 649 seu
421 627 598 659 susceptores.
610 620 651 647 vel
663 619 807 658 praepositi
819 628 944 655 pagorum
955 622 980 643 et
990 617 1050 643 hor-

206 677 317 694 reorum.
330 666 366 692 lb.
381 665 436 691 Vll.
452 667 474 691 4.
491 676 511 691 c.
529 666 551 690 l.
563 664 593 690 cf.
608 663 652 690 XI.
667 665 689 688 4.
705 672 725 688 c.
739 664 761 687 1.
775 671 808 687 ne
827 661 888 687 coll.
900 671 924 698 p.
938 660 1037 696 logogr.

243 709 443 737 Horridus.
475 707 604 741 (Adiect.)
640 706 828 733 Terribilis.
856 704 899 731 III.
918 704 985 731 Cn.
1004 702 1050 729 Pa-

735 277 863 303 Hom-vum
883 277 1044 313 penuarium.

206 757 259 779 teat
279 752 390 778 insuetis
411 750 535 777 horridus
555 758 643 776 carcer
661 746 801 784 aliquando
822 746 973 773 luminibus.
999 745 1048 772 Th.

207 795 237 822 C.
260 794 304 821 IX.
324 795 365 820 38.
387 804 408 819 c.
429 795 454 819 6.
474 792 506 819 de
526 791 623 827 indulg.
644 792 716 817 crim.
754 784 756 789 ¹

243 839 401 865 Horror.
438 837 601 862 Formido.
633 833 675 860 Ill.
697 835 762 861 Cn·
783 832 857 868 Quas
876 833 925 865 (sc.
946 831 1050 863 causas)

207 880 302 917 dignus
328 884 354 905 et
377 879 486 905 meritus
509 877 603 903 horror
626 877 808 913 inscriptionis
836 875 993 913 impleverit.
1014 874 1050 900 Ib.

207 923 238 950 II.
261 925 283 949 1.
304 933 324 949 c.
345 923 368 948 8.
390 922 411 955 5.
430 923 454 947 2.
475 920 507 947 de
526 919 654 946 iurisdict.

244 965 549 993 Hortamentum.
570 963 738 993 Hor-tatio,
758 960 1050 994 E.rci{atio.I.Sy.

208 1008 362 1039 Suasioues,
382 1006 558 1033 Hortamenta.
583 1004 633 1031 Th.
654 1004 685 1031 C.
705 1003 749 1030 IX.
769 1005 811 1030 24.
836 1015 858 1031 c.
885 1006 907 1031 l.
933 1003 955 1037 5.
976 1005 998 1030 l.
1019 1002 1051 1029 de

208 1056 287 1089 raptu
307 1052 388 1086 virgg.
424 1048 466 1075 III.
491 1049 557 1075 Gn.
588 1047 673 1074 Nobis
692 1047 857 1074 hortamento
877 1047 934 1079 suit,
954 1051 982 1073 ut
1001 1051 1050 1073 etc.

210 1105 232 1121 c.
254 1096 275 1120 1.
296 1093 328 1120 de
347 1091 445 1130 precib.
466 1090 529 1127 Imp.
550 1090 594 1117 off.
616 1092 637 1123 L
660 1092 699 1117 19.

245 1135 414 1164 Hortari.
435 1135 623 1165 Admonere,
645 1135 800 1164 Suadere.
819 1135 988 1159 Excitare.
1008 1132 1051 1158 III.

210 1181 276 1207 Cn.
297 1178 428 1208 labemus.
448 1176 597 1207 hortamur.
622 1181 649 1202 ut
669 1181 717 1202 etc.
738 1175 787 1201 Th.
808 1175 839 1202 C.
860 1175 903 1202 IX.
923 1177 965 1202 27.
987 1186 1008 1202 c.
1028 1176 1052 1201 6.

210 1222 241 1248 ad
262 1221 290 1247 L.
311 1220 357 1247 Iul.
377 1224 460 1257 repet.
499 1219 527 1245 Si
547 1219 631 1245 bonae
652 1218 717 1254 frugi
731 1228 835 1245 servum
849 1219 952 1256 pepulit
966 1218 998 1245 ad
1011 1218 1053 1245 (19-

210 1263 398 1300 11ῃψιυῐιι1υιῃ;
426 1273 458 1289 au
482 1272 545 1288 vero
571 1267 596 1288 et
621 1263 643 1288 si
669 1261 764 1287 malum
788 1261 909 1288 hortatus
934 1267 986 1293 est⁷
1011 1261 1054 1288 vel

209 1307 278 1334 malo
298 1306 455 1332 monstravit
475 1305 693 1341 quemadmodum
714 1305 826 1331 faceret?
845 1305 875 1331 sr.
898 1307 918 1330 1.
940 1305 961 1338 5.
977 1306 1000 1331 4.
1021 1304 1054 1330 (le

209 1360 287 1377 servo
309 1359 375 1375 corr.
402 1350 441 1374 11.
461 1350 484 1374 3.
510 1347 542 1374 cf.
567 1349 588 1381 5.
611 1349 649 1373 11.
670 1347 687 1373 I.
713 1347 745 1374 (19
770 1347 822 1374 obl.
848 1358 882 1384 qu
910 1358 942 1374 ex
962 1347 1012 1374 del.
1030 1349 1054 1373 4.

211 1395 233 1419 1.
258 1390 458 1419 Remuneranda
473 1390 590 1427 pericula
607 1400 705 1419 rorum.
720 1391 783 1426 quin
797 1392 874 1417 etiam
888 1395 914 1417 et
927 1390 1055 1417 hortanda

210 1436 342 1473 praemiis.
364 1434 394 1460 l'r.
414 1436 437 1459 5.
459 1433 480 1467 5.
501 1435 526 1460 3.
547 1433 579 1459 (19
601 1435 657 1460 iure
677 1435 781 1459 immun.
801 1436 841 1460 50.
861 1435 885 1460 6.

246 1479 442 1505 Ηοῐῐηῐθῐ.
481 1479 611 1503 Snasor.
643 1476 686 1502 111.
702 1478 767 1504 (711.
788 1476 947 1512 Cognoscat.
969 1481 1056 1502 utrum

210 1522 233 1548 is
253 1520 329 1547 suerit
349 1520 485 1557 petitionis
505 1519 632 1546 hortator.
657 1519 705 1546 Th.
727 1519 758 1546 C.
780 1519 814 1546 X.
843 1521 882 1546 12.
904 1530 925 1546 c.
944 1521 969 1546 2.
990 1519 1011 1553 5.
1031 1521 1054 1546 3.

211 1565 235 1590 si
252 1573 300 1599 vag
328 1567 381 1600 pet.
401 1572 482 1588 manc.

247 1607 444 1634 nortatus.
474 1604 598 1637 (Subst.)
628 1607 846 1637 Adliortatiev,
871 1606 1055 1632 Excitatio.

212 1649 255 1675 ΠΙ.
277 1651 343 1676 G‘n.
367 1648 477 1675 Monitio
497 1653 575 1684 atque
594 1647 721 1674 hortatus.
743 1647 791 1674 Th.
812 1647 842 1674 C.
856 1648 914 1674 ΧΗ.
936 1650 957 1674 1.
977 1658 998 1674 c.
1012 1649 1053 1674 39.

213 1692 246 1718 de
265 1692 397 1718 decia-ion.
435 1690 518 1717 Cuius
538 1691 652 1722 hortatu,
671 1691 817 1717 consiliove
831 1693 937 1722 (servus
953 1691 1055 1717 alienus

213 1735 328 1771 fugerit.)
353 1735 374 1767 5.
398 1735 440 1759 23.
466 1733 484 1760 1.
509 1733 541 1759 (19
568 1735 662 1760 action.
683 1735 706 1760 4.
727 1735 750 1759 6.
787 1733 900 1760 Hortatu
918 1738 964 1760 tuo
984 1744 996 1759 a
1016 1744 1056 1759 me

215 1778 316 1814 accepit
335 1777 484 1813 (pecuniam
503 1778 640 1809 mutuam.)
660 1776 690 1802 fr.
709 1779 752 1803 20.
771 1787 810 1813 pr.
831 1776 863 1803 de
883 1776 907 1803 d.
921 1786 953 1802 nl.
975 1779 999 1802 4.
1019 1778 1043 1801 3.

251 1820 469 1847 Hortensia.
506 1821 606 1853 Legis
625 1829 739 1846 ηοηιειι.
762 1819 806 1845 ΙΠ.
827 1821 893 1847 Cn.
917 1818 973 1845 Lex
992 1818 1057 1844 Hor-

215 1864 307 1894 tensia.
328 1872 378 1898 qua
398 1866 500 1887 cautum
520 1867 573 1891 est.
600 1867 628 1888 ut
646 1862 785 1898 plebiscita
805 1863 957 1888 universum
975 1871 1058 1898 popu-

215 1906 267 1932 lum
288 1909 415 1931 tenerent.
438 1904 493 1930 Gai.
514 1904 532 1930 1.
551 1906 574 1930 3.
596 1904 626 1930 fr.
646 1907 669 1930 2.
691 1905 711 1938 5.
732 1906 755 1930 8.
776 1904 809 1930 de
828 1904 861 1930 Ο.
882 1904 899 1930 I.
922 1906 943 1930 l.
962 1906 987 1930 2.

251 1949 500 1975 “ortulanum
538 1949 639 1974 Horti
661 1950 776 1973 cultor.
814 1947 856 1973 111.
878 1948 944 1974 Cn.
964 1947 1059 1973 Hortu-

214 1992 281 2023 laui,
306 1991 350 2027 qui
376 2003 404 2006 —
430 1989 522 2015 hortos
547 1990 578 2020 ab
603 1989 734 2026 aliquibus
759 1989 917 2016 conducunt.
944 1989 990 2016 Iul.
1017 2000 1057 2027 ep.

216 2044 275 2061 nov.
297 2043 318 2060 c.
339 2034 380 2059 58.
400 2032 423 2066 5.
443 2034 502 2058 202.

251 2077 447 2103 Hortalus.
486 2077 621 2101 Hortus.
641 2075 659 2101 I.
680 2077 742 2110 Sy.
768 2075 874 2102 Hortus.
896 2076 946 2102 Th.
967 2075 997 2102 C.
1013 2075 1057 2102 IX.

217 2121 257 2145 45.
279 2129 299 2145 c.
320 2120 343 2145 4.
365 2128 405 2155 pr.
425 2118 457 2144 de
476 2117 500 2144 h.
522 2128 564 2154 qu.
584 2118 616 2144 ad
636 2118 699 2145 eccl.
718 2119 752 2145 X.
766 2120 790 2145 3.
811 2129 832 2145 c.
847 2121 871 2145 5.
893 2118 925 2145 de.
944 2119 994 2145 loc.
1011 2120 1058 2145 iur.

219 2161 303 2198 emph.
339 2161 382 2187 III.
406 2162 472 2188 011.
504 2161 642 2197 Quidquid
667 2161 745 2188 suerit
763 2162 934 2193 interiacens.
959 2163 1060 2188 sivein

219 2202 330 2235 cellulis.
349 2205 405 2230 sive
425 2205 450 2229 in
470 2203 601 2234 domibus,
621 2204 743 2236 hortulis,
764 2205 873 2237 balneis.
887 2206 963 2237 areis.
982 2209 1061 2241 atque

218 2245 373 2281 porticibus
393 2246 443 2273 Th.
464 2246 495 2273 C.
509 2247 553 2273 IX.
574 2249 616 2273 45.
637 2257 658 2273 c.
679 2249 703 2273 4.
723 2258 762 2284 pr.

256 2289 408 2315 nortus.
446 2291 548 2316 Locus
567 2292 821 2324 circumseptus,
841 2292 872 2316 in
893 2300 952 2324 quo
971 2291 1062 2316 arbo—

220 2340 267 2356 res
287 2336 314 2356 et
334 2333 423 2357 olera
442 2335 608 2359 coluntur.
647 2333 688 2359 111.
715 2335 781 2360 (Ὺη.
806 2333 917 2361 Vineae.
937 2333 1061 2369 pomaria.

221 2373 297 2399 horti.
318 2372 348 2398 fr.
369 2374 410 2398 54.
434 2374 455 2407 5.
474 2376 497 2400 2.
523 2374 555 2401 de
575 2375 663 2402 herc-d.
688 2381 740 2413 pot.
765 2378 789 2402 5.
813 2378 837 2402 3.
881 2375 910 2401 Si
930 2379 1002 2401 extra
1022 2385 1062 2401 ur·
1083 2372 1084 2384 ¹

221 2416 293 2446 bem,
317 2414 415 2441 Roman·
439 2420 522 2442 tamen
548 2419 595 2450 sit,
620 2418 668 2444 sed
691 2423 717 2444 et
741 2420 763 2444 si
786 2420 812 2445 in
836 2418 921 2444 hortis
949 2419 984 2444 sit
1003 2418 1062 2444 urbi

221 2459 326 2484 iuuetis.
351 2457 381 2483 fr.
401 2459 425 2483 4.
450 2458 471 2490 5.
492 2460 515 2484 5.
534 2459 566 2486 de
585 2471 655 2498 penu
676 2461 724 2497 leg.
743 2463 785 2487 33.
806 2463 829 2487 9.
852 2460 882 2487 cf.
905 2461 934 2487 sr.
957 2463 980 2487 5.
1002 2470 1061 2497 sqq.

222 2501 253 2527 (19
274 2510 377 2537 procur.
396 2502 420 2526 3.
440 2502 464 2526 3.
502 2500 530 2526 Si
550 2503 575 2528 in
594 2504 656 2530 villa
675 2504 789 2535 habitet.
809 2504 851 2530 vel
871 2505 897 2530 iu
917 2504 1009 2529 hortis.
1030 2503 1060 2529 fr.

221 2546 243 2569 5.
265 2544 285 2577 5.
305 2544 328 2568 3.
349 2542 381 2568 (19
401 2543 476 2568 iuiur.
496 2545 536 2569 47.
553 2546 591 2571 10.
627 2547 739 2575 Domus.
760 2557 816 2573 cum
835 2547 913 2573 horto
928 2546 1060 2583 adplicito.

222 2586 251 2612 fr.
273 2588 313 2611 ⁴il.
334 2585 355 2618 5.
378 2587 399 2610 l.
420 2585 452 2611 du.
471 2585 545 2621 legat.
566 2586 608 2612 111.
627 2589 693 2621 (32.)
731 2590 760 2615 Si
785 2589 925 2626 plurimum
945 2589 1015 2615 horti
1036 2590 1060 2614 iu

223 2628 308 2654 reditu
328 2633 397 2657 suut.
417 2629 526 2654 vinearii
552 2628 631 2659 sorte..
654 2631 697 2657 vel
721 2633 797 2658 etiam
821 2632 928 2658 olitorii.
952 2632 982 2658 fr.
1004 2633 1061 2658 198.

222 2671 254 2697 de
274 2670 304 2696 V.
325 2671 351 2696 S.
372 2673 412 2696 50.
434 2672 473 2696 16.
495 2670 526 2697 cf.
546 2671 576 2697 fr.
598 2672 637 2697 13.
665 2672 686 2705 5.
706 2675 729 2699 4.
749 2674 781 2700 (19
801 2675 882 2701 ususr.
904 2676 926 2701 7.
948 2677 970 2701 l.
1008 2675 1061 2710 Qui

222 2713 314 2739 hortos
327 2713 449 2750 publicos
463 2723 476 2738 a
491 2714 582 2750 repub.
597 2713 741 2741 conductos
761 2717 880 2744 habebat.
900 2718 931 2744 fr.
945 2719 987 2744 30.
1003 2718 1060 2751 5.1.

222 2755 254 2782 de
278 2756 352 2792 legat.
377 2756 418 2782 III.
438 2756 514 2788 (32.)
556 2756 585 2783 Si
605 2756 782 2784 Sallustianos
801 2759 906 2789 hortos.
935 2761 979 2796 qui
1000 2765 1062 2786 sunt

223 2798 343 2835 Augusti,
363 2813 394 2817 —
415 2799 539 2834 legaverit
552 2800 618 2836 quis.
640 2799 668 2826 fr.
684 2801 725 2827 39.
739 2800 760 2834 5.
774 2802 798 2827 8.
812 2801 844 2828 de
856 2802 932 2839 legat.
947 2802 965 2829 1Δ
981 2804 1048 2836 (30.)

1870 147 1928 177 >121

1126 234 1283 265 nospes.
1323 233 1386 264 Qui
1413 232 1502 257 brevi
1531 232 1617 264 apud
1644 240 1701 256 nos
1727 231 1929 255 diversatur.

1089 275 1106 300 I.
1127 277 1189 309 Sy.
1210 275 1263 310 Qui
1283 275 1412 310 tantisper
1431 273 1588 310 hospitatur.
1610 273 1638 299 l'r.
1662 274 1683 298 l.
1704 273 1724 306 5.
1746 274 1769 297 9.
1790 270 1822 296 (19
1842 270 1865 296 b.
1887 280 1929 306 qu.

1090 317 1171 344 (19199.
1191 319 1214 344 9.
1234 319 1258 343 3.
1296 316 1337 343 111.
1353 318 1418 343 Gn.
1439 317 1569 352 Quisquis
1589 317 1694 342 omnino
1714 319 1806 340 nostro
1826 313 1930 339 nomine

1090 362 1126 386 sit
1150 362 1175 387 iu
1199 360 1384 397 possessione..
1408 359 1481 385 velut
1503 364 1672 396 procurator,
1692 357 1803 394 hospes.
1823 357 1930 382 amicus.

1092 403 1120 429 fr.
1140 406 1164 430 9.
1185 403 1218 429 de
1236 403 1267 429 A.
1287 413 1310 428 v.
1331 402 1362 428 A.
1383 401 1409 428 P.
1431 403 1471 427 41.
1490 405 1515 427 2.
1540 401 1571 428 cs.
1592 402 1621 428 fr.
1647 404 1670 428 5.
1696 401 1717 434 5.
1738 402 1761 426 4.
1787 399 1819 425 de
1843 398 1867 424 h.
1888 408 1930 434 qu.

1092 446 1173 473 (19199.
1193 448 1217 473 9.
1236 448 1260 472 3.
1281 445 1311 472 fr.
1333 447 1354 471 l.
1375 445 1396 478 5.
1420 447 1442 471 7.
1463 444 1493 470 fr.
1512 446 1536 470 3.
1557 445 1578 478 5.
1591 446 1615 470 4.
1635 444 1667 470 (19
1687 444 1741 469 itin.
1762 447 1847 477 aetuq.
1862 441 1929 477 priv.

1092 491 1132 515 43.
1155 490 1194 515 19.
1232 488 1324 524 Neque
1348 487 1379 514 ab
1401 497 1517 518 annona,
1538 503 1569 506 ——
1589 498 1674 523 neque
1694 486 1725 512 ab
1744 485 1850 521 hospite
1870 484 1932 509 reci-

1093 531 1198 569 piendo,
1219 545 1249 549 —
1271 531 1390 558 excusari
1409 540 1498 567 posse.
1519 530 1550 556 fr.
1571 532 1609 556 18.
1632 531 1670 564 55.
1689 531 1730 556 29.
1751 538 1790 565 sq.
1811 527 1844 553 (19
1863 536 1932 552 mun.

1093 580 1120 601 et
1137 574 1198 601 hou.
1218 576 1259 601 50.
1279 577 1303 600 4.
1323 573 1354 600 fr.
1375 575 1414 599 10.
1439 573 1460 606 5
1480 574 1504 598 2.
1525 572 1558 598 (19
1581 578 1662 599 vacat.
1688 577 1713 599 et
1737 580 1826 598 exous.
1846 571 1888 595 50.
1908 571 1931 594 5.

1093 617 1233 654 Hospites,
1260 621 1285 643 et
1308 617 1352 653 qui
1376 617 1515 652 gratuitam
1534 615 1721 641 habitationem
1743 614 1882 651 accipiunt.
1903 611 1932 638 fr.

1096 663 1135 686 15.
1159 661 1180 694 5
1204 662 1226 686 l.
1251 659 1283 686 de
1306 669 1407 696 precor.
1432 660 1474 685 43.
1497 659 1539 684 26.
1572 675 1601 678 —
1635 658 1665 690 ξ.
1686 659 1721 684 2.
1744 659 1806 690 Qui
1824 656 1933 689 hospi-

1094 706 1175 730 tium
1194 705 1295 730 alteri
1312 704 1451 736 praebet.
1488 701 1531 728 111.
1544 702 1610 728 Gn.
1630 700 1666 727 Vt
1684 699 1750 726 nihil
1769 700 1799 725 ab
1819 699 1934 735 hospite⁷

1094 746 1165 783 quod
1188 745 1231 772 vel
1250 745 1385 771 hominum
1408 744 1450 771 vel
1475 743 1624 770 animalium
1647 744 1734 780 pastui
1758 742 1935 768 necessarium

1094 789 1218 821 creditur⁷
1238 787 1395 826 postuletur.
1417 787 1466 814 Th.
1487 787 1517 814 C.
1538 787 1594 813 VII.
1614 788 1638 814 8.
1658 796 1679 812 c.
1695 788 1734 811 10.
1755 785 1776 819 5.
1790 787 1814 810 2.
1835 784 1867 810 de
1885 793 1935 809 me-

1095 837 1139 858 tat.
1160 831 1216 858 Vll.
1237 833 1260 858 9.
1282 841 1304 857 c.
1323 833 1347 857 2.
1367 841 1406 867 sq.
1427 830 1459 857 (19
1478 830 1601 866 salgamO.

1131 874 1435 907 Hospitaculum.
1465 875 1582 905 Locus,
1602 874 1655 899 ubi
1672 873 1815 905 hospites
1834 871 1934 896 diver-

1095 924 1217 944 santur.
1255 916 1274 942 I.
1301 918 1363 950 Sy.
1383 916 1541 953 Hospitium.
1563 915 1604 942 Cf.
1624 915 1648 941 h.
1669 925 1693 941 v.
1713 914 1778 947 51.

1132 959 1353 993 Hospitalis.
1373 959 1501 992 (Adiect.)
1526 961 1572 985 Ad
1589 959 1766 992 hospitium
1785 956 1935 991 praeben-

1096 1006 1165 1030 dum
1184 1009 1346 1037 spectans.
1383 1001 1402 1028 1.
1424 1003 1485 1036 Sy.
1509 1001 1629 1037 IIospitia
1649 999 1805 1037 praebenda.
1842 997 1937 1034 Hospi-

1094 1046 1191 1073 talitas.
1228 1044 1366 1082 Ilospitale
1390 1045 1445 1076 ius,
1470 1054 1490 1071 s.
1515 1042 1661 1080 Hospitalis
1686 1042 1815 1069 molestia.
1835 1041 1885 1068 Th.
1906 1039 1937 1066 C.

1096 1089 1151 1116 Vll.
1176 1090 1200 1115 8.
1229 1099 1250 1115 c.
1270 1090 1294 1114 3.
1323 1098 1345 1114 c.
1374 1089 1397 1113 5.
1418 1088 1439 1121 5.
1459 1089 1484 1113 2.
1516 1097 1536 1113 c.
1558 1088 1581 1113 Τ.
1602 1096 1660 1122 sqq.
1689 1096 1710 1112 c.
1736 1087 1774 1111 16.
1800 1084 1832 1111 (19
1850 1087 1937 1110 metat.

1095 1132 1164 1159 XIII.
1184 1134 1207 1158 3.
1228 1142 1248 1157 c.
1271 1132 1309 1157 16.
1330 1141 1351 1157 c.
1372 1132 1412 1156 18.
1433 1130 1465 1156 (19
1484 1129 1576 1156 medic.
1597 1134 1622 1155 et
1640 1128 1707 1165 pros.

1134 1174 1397 1207 llospitalitas.
1419 1174 1650 1207 Hospitiorum
1667 1169 1939 1205 11raebitio.I.Sy.

1097 1218 1218 1255 Hospitio
1238 1216 1395 1254 praebenda.
1434 1216 1476 1242 Ius
1496 1215 1635 1252 hospitale.
1675 1214 1715 1240 Cf.
1741 1224 1764 1239 v.
1786 1211 1939 1248 Hospitalis.

1097 1262 1140 1288 III.
1157 1263 1222 1289 Gn.
1242 1260 1346 1291 Munus,
1366 1269 1386 1286 S.
1406 1259 1540 1285 Praebitio
1561 1257 1758 1295 hospitalitatis.
1779 1255 1870 1282 Th.C.
1884 1253 1939 1280 Vll.

1098 1309 1121 1331 S.
1143 1315 1163 1330 c.
1183 1305 1207 1330 3.
1228 1313 1248 1329 c.
1269 1305 1292 1329 5.
1313 1303 1334 1337 5
1355 1305 1378 1329 2.
1400 1313 1420 1329 c.
1443 1304 1481 1328 10.
1503 1312 1560 1338 sqq.
1582 1301 1614 1327 (19.
1634 1305 1720 1327 metat.

1135 1346 1342 1380 nospitari.
1381 1347 1538 1379 Hospilio
1560 1347 1617 1370 uti.
1642 1344 1659 1370 I.
1679 1345 1741 1377 Sy.
1761 1342 1941 1378 lIospitautes,

1098 1390 1272 1427 Hospitaturi.
1293 1399 1314 1415 s.
1334 1387 1501 1425 Hospitandi,
1522 1387 1657 1424 Hospites.
1678 1386 1727 1413 Th.
1743 1385 1773 1412 C.
1795 1384 1838 1411 Vl.
1857 1385 1899 1409 23.
1920 1393 1941 1409 c.

1100 1436 1125 1459 4.
1146 1434 1168 1466 5.
1190 1435 1212 1459 l.
1232 1432 1264 1458 de
1284 1432 1372 1458 decur.
1397 1436 1423 1457 et
1442 1431 1529 1457 silent.
1550 1430 1605 1457 Vll.
1626 1432 1650 1456 8.
1676 1440 1696 1456 c.
1716 1431 1740 1455 3.
1761 1438 1819 1464 sqq.
1840 1427 1872 1453 (19
1891 1436 1941 1452 me-

1101 1482 1145 1503 tat.
1165 1475 1233 1502 XIII.
1252 1477 1276 1502 3.
1298 1485 1318 1501 c.
1332 1476 1356 1501 3.
1377 1485 1398 1501 c.
1416 1476 1453 1500 16.
1474 1473 1506 1500 de
1526 1473 1615 1500 medic.
1637 1477 1663 1499 et
1680 1471 1747 1509 prof.
1768 1471 1879 1504 11οΡ.
1894 1468 1942 1496 Ha-

1101 1520 1192 1546 bitare.
1213 1518 1253 1545 Cf.
1274 1517 1298 1544 h.
1319 1528 1343 1543 v.
1364 1518 1385 1551 5.
1406 1519 1429 1543 ⁵2.

1137 1561 1402 1595 Hospitiolum.
1441 1561 1632 1593 Hospitium
1652 1559 1815 1584 modicum.
1836 1556 1854 1582 1.
1881 1556 1942 1589 Sy.

1101 1606 1260 1642 Hospitium.
1299 1603 1339 1630 Ci'.
1361 1603 1384 1629 h.
1406 1613 1428 1629 v.
1449 1603 1471 1636 5.
1493 1604 1514 1628 l.

1136 1647 1364 1680 Hospitium.
1402 1646 1432 1679 §.
1452 1646 1486 1671 l.
1508 1646 1642 1676 Domus,
1663 1645 1715 1670 nbi
1732 1645 1943 1669 diversantur

1100 1693 1244 1725 hospites
1264 1691 1401 1722 accepti.
1422 1688 1439 1714 1.
1452 1689 1512 1722 Sy.
1533 1687 1680 1723 Hospitem.
1701 1696 1721 1712 s.
1741 1683 1943 1722 Hospitanduui,

1101 1735 1226 1770 recipere.
1264 1731 1384 1768 Hospitia
1409 1730 1544 1767 praebere.
1574 1730 1603 1755 fr.
1623 1731 1647 1755 3.
1676 1729 1759 1762 513.
1789 1728 1818 1754 fr.
1841 1729 1879 1753 115,
1905 1727 1942 1761 55

1100 1778 1141 1801 29.
1162 1784 1201 1811 sq.
1222 1774 1255 1801 de
1280 1784 1349 1800 mun.
1375 1778 1400 1799 et
1424 1773 1483 1799 hon.
1504 1775 1545 1799 50.
1565 1775 1589 1798 4.
1614 1771 1664 1798 Th.
1686 1771 1716 1798 C.
1738 1771 1792 1797 Vll.
1815 1772 1839 1797 8.
1860 1780 1881 1796 c.
1902 1770 1943 1795 16.

1101 1818 1133 1844 (19
1152 1822 1239 1843 metat.
1258 1816 1330 1843 XIII.
1350 1818 1375 1842 3.
1396 1826 1417 1842 c.
1438 1817 1477 1842 16.
1499 1826 1520 1842 c.
1542 1817 1581 1842 18.
1602 1815 1635 1841 (19
1654 1814 1747 1840 medic.
1768 1818 1793 1840 et
1812 1813 1878 1851 prof.
1893 1812 1944 1839 Ho-

1101 1860 1251 1898 spitiolum,
1274 1859 1425 1896 Hospitium
1448 1858 1588 1884 modicum.
1614 1858 1644 1884 fr.
1663 1860 1687 1884 5.
1712 1858 1778 1891 5.1.
1803 1856 1835 1883 de
1855 1856 1879 1882 h.
1900 1865 1942 1892 qu.

1102 1904 1183 1930 deiec.
1202 1905 1226 1929 9.
1245 1904 1270 1929 3.
1308 1901 1507 1939 Hospitaculum
1528 1901 1572 1934 [al.
1594 1900 1760 1937 IIospitaIia.]
1781 1899 1817 1925 11).
1833 1899 1848 1926 l.
1863 1898 1879 1925 l.
1900 1898 1942 1924 III.

1103 1948 1168 1974 (ln-
1189 1946 1287 1976 Gratis.
1310 1946 1366 1971 sive
1390 1944 1507 1981 hospitio
1533 1948 1669 1980 reeoptus,
1695 1943 1845 1976 (habitare.)
1869 1941 1899 1968 fr.
1919 1943 1943 1967 5.

1102 1991 1124 2023 5.
1143 1992 1167 2015 2.
1189 1989 1221 2015 de
1239 1989 1315 2014 iuiur.
1336 1989 1378 2014 47.
1400 1989 1438 2014 10.
1462 1987 1494 2013 cf.
1514 1987 1544 2013 fr.
1565 1988 1588 2013 G.
1609 1987 1630 2020 5.
1650 1988 1674 2013 3.
1695 1991 1764 2012 naut.
1785 1995 1858 2022 caup.
1878 1986 1902 2010 4.
1919 1985 1943 2010 9.

1102 2033 1133 2059 fr.
1153 2034 1176 2058 5.
1197 2032 1262 2065 5.1.
1282 2030 1314 2057 de
1334 2031 1357 2056 h.
1379 2041 1421 2067 qu.
1442 2030 1524 2056 (19199.
1538 2031 1562 2056 9.
1575 2032 1599 2056 3.
1637 2030 1708 2055 Dum
1728 2029 1871 2065 hospitium
1885 2027 1944 2063 quis

1103 2075 1235 2106 conducit,
1255 2073 1399 2100 sarcinulas
1420 2074 1555 2110 componit
1581 2078 1629 2099 etc.
1650 2072 1679 2098 fr.
1702 2074 1741 2098 15.
1765 2072 1786 2105 5.
1805 2074 1829 2098 3.
1850 2081 1881 2097 ex
1901 2080 1943 2107 qu.

1103 2130 1125 2145 c.
1145 2119 1202 2144 mai.
1222 2118 1246 2143 4.
1266 2118 1289 2143 6.
1315 2116 1347 2143 cf.
1374 2116 1402 2143 fr.
1422 2118 1464 2143 29.
1489 2116 1521 2142 (19
1540 2115 1625 2142 damn.
1651 2115 1695 2141 inf.
1715 2116 1757 2141 39.
1777 2117 1800 2141 2.
1837 2114 1945 2145 11Ιί11195,

1104 2161 1199 2198 quibus
1223 2159 1472 2197 supervenientibus
1501 2159 1616 2195 hospitia
1644 2157 1765 2195 praeberi
1789 2159 1815 2183 in
1839 2158 1945 2183 civitate

1105 2208 1219 2241 oportet.
1239 2203 1268 2229 sr.
1288 2204 1313 2229 3.
1332 2203 1354 2236 5
1378 2205 1416 2229 13.
1438 2202 1469 2228 de
1488 2212 1557 2228 mun.
1583 2206 1608 2227 et
1628 2200 1688 2227 hou.
1709 2203 1749 2227 50.
1770 2202 1792 2227 4.
1818 2200 1849 2226 cs.
1869 2199 1899 2225 fr.
1919 2201 1943 2224 4.

1104 2258 1143 2284 pr.
1163 2247 1196 2273 (19
1215 2246 1259 2272 olI'.
1279 2245 1354 2272 Pror.
1376 2250 1401 2271 et
1420 2245 1481 2281 ng.
1505 2246 1525 2270 1.
1548 2246 1586 2269 16.
1608 2259 1639 2262 —
1660 2244 1691 2277 ξ.
1709 2245 1743 2270 2.
1765 2246 1864 2270 Sedes.
1900 2240 1944 2266 111.

1106 2292 1171 2318 On.
1192 2289 1394 2315 sacrosanctum
1420 2288 1521 2314 cunctis
1545 2296 1604 2312 esse
1628 2286 1724 2312 deber«-
1748 2286 1890 2322 hospitium
1908 2285 1944 2310 vi-

1107 2333 1162 2359 rilis
1182 2333 1289 2358 animae.
1310 2331 1380 2357 Coll.
1400 2330 1452 2356 LL.
1473 2330 1505 2356 M.
1528 2329 1558 2355 V.
1578 2331 1602 2355 3.
1632 2345 1664 2349 —
1694 2330 1724 2362 ξ.
1745 2330 1782 2355 3.
1803 2329 1944 2354 coninu-

1105 2378 1169 2403 ctio
1189 2377 1275 2401 inter
1295 2375 1447 2407 hospites.
1485 2372 1528 2398 111.
1554 2374 1620 2400 (Ὶη.
1640 2372 1668 2398 Si
1689 2382 1745 2398 cum
1764 2375 1840 2406 geute
1859 2369 1945 2406 aliqua

1106 2429 1191 2454 neqiu¹
1211 2418 1361 2447 amicitiam.
1383 2426 1467 2451 neque
1486 2415 1645 2452 hospitium.
1671 2424 1755 2449 noque
1774 2412 1866 2439 foedus
1885 2413 1945 2439 ami—

1107 2463 1182 2488 citias·
1205 2470 1280 2487 causa
1312 2459 1407 2485 sactum
1432 2458 1566 2484 habemus.
1595 2458 1623 2484 19.
1648 2460 1671 2483 5.
1701 2457 1722 2489 5.
1745 2457 1768 2481 2.
1795 2455 1827 2482 de
1849 2456 1943 2492 captiv.

1106 2507 1147 2532 49.
1168 2507 1208 2531 15.

1142 2546 1288 2574 Hostia.
1331 2546 1466 2570 Animal
1493 2543 1665 2578 sacrificii
1688 2551 1786 2568 cansa
1815 2543 1944 2568 caeden-

1105 2593 1182 2616 dum.
1219 2588 1261 2614 III.
1283 2588 1348 2615 Cn.
1374 2586 1511 2613 Adversus
1532 2596 1588 2612 eum
1609 2586 1657 2616 (se.
1677 2585 1795 2620 pignoris
1815 2584 1889 2620 capio
1908 2584 1945 2609 iu-

1106 2632 1234 2663 troductn,
1254 2631 1311 2666 lege
1323 2630 1372 2656 XII
1386 2629 1483 2661 Tabb.)
1504 2630 1547 2664 qui
1566 2628 1677 2653 hostiam
1692 2628 1808 2658 emisset.
1827 2636 1875 2653 noc
1888 2637 1944 2663 pre-

1107 2677 1170 2701 tium
1190 2674 1320 2700 redderet.
1345 2673 1401 2699 Gai.
1428 2672 1472 2698 lv.
1491 2674 1531 2697 ΖΗ.
1571 2670 1653 2695 Nemo
1673 2681 1702 2696 se
1720 2670 1815 2696 hostiis
1834 2669 1944 2707 polluat,

1106 2728 1181 2744 nemo
1206 2718 1336 2743 insontem
1359 2716 1487 2742 victimam
1514 2712 1610 2739 caedat..
1636 2712 1685 2739 Th.
1711 2712 1741 2740 C.
1766 2712 1836 2739 XVI.
1863 2714 1901 2738 10.
1922 2721 1942 2737 c.

1108 2762 1146 2786 10.
1167 2759 1194 2786 ef
1219 2770 1239 2785 9,
1262 2761 1300 2785 12.
1321 2760 1342 2792 5.
1364 2761 1385 2783 1.
1406 2757 1438 2783 de
1459 2766 1547 2792 pagan.

1142 2803 1387 2830 Hosticolum.
1425 2799 1465 2825 Cf.
1486 2809 1509 2825 v.
1530 2798 1676 2825 Hosticum.
