2197 3121
267 179 330 209 460

267 259 434 297 Impetrabile
453 270 519 287 esse.
556 260 611 287 lud.
631 261 772 297 impetrari.
792 259 822 287 sr.
844 261 865 286 1.
885 260 907 293 3.
927 261 967 286 44.
988 258 1021 285 de
1041 268 1106 295 aqua

268 308 340 340 quot.
360 305 399 330 43.
419 306 460 329 20.
496 303 539 330 111.
560 305 625 331 Cn.
656 303 724 330 Illud
749 308 819 330 certe
838 302 984 329 indubitate
1003 301 1106 328 dicitur.

267 346 298 373 fr.
320 349 340 372 1.
361 347 382 380 3.
403 348 426 373 9.
447 346 480 372 (18
499 346 574 381 legat.
594 346 636 372 111.
657 348 724 379 (32.)
744 345 776 373 cf.
795 345 824 373 sr.
839 347 880 372 45.
900 345 932 371 de
951 345 1010 371 furt.
1030 347 1106 372 47.2.

267 389 322 415 lnd.
342 399 430 426 posse,
450 399 473 415 v.
494 400 545 415 non
565 398 651 426 posse.
673 388 703 415 fr.
723 390 747 415 6.
771 389 792 422 3.
813 390 835 415 7.
856 389 877 414 si
898 398 939 424 qu.
960 397 1010 414 om.
1030 398 1051 414 c.
1071 392 1107 414 te—

267 436 341 458 stam.
361 434 402 458 29.
423 434 446 458 4.
466 432 496 458 sr.
515 434 539 458 8.
559 442 598 469 pr.
623 431 655 458 de
679 441 790 458 manum.
814 433 855 457 40.
882 433 903 456 1.
941 430 1033 457 Indub.
1052 431 1106 468 pati

268 484 320 500 non
340 474 417 501 debet
436 476 589 511 (utrumque.
608 475 697 507 onus)
735 474 788 501 Sed
802 474 843 500 hic
856 473 991 500 videamus
1011 478 1059 500 etc.
1075 473 1105 501 fr.

267 520 290 543 4.
311 517 332 551 3.
351 520 375 543 2.
396 517 428 543 de
447 516 476 543 L.
497 517 584 544 Rhod.
606 519 644 544 14.
663 520 687 544 2.

265 610 382 637 potest.
402 603 420 630 1.
441 604 504 638 Sy.
524 603 629 630 Certus.
650 603 691 630 Cf.
712 603 736 630 h.
756 613 779 629 v.
800 603 865 636 3.1.
902 602 998 629 Procul
1017 603 1105 629 dubio.

266 687 309 714 Ill.
330 690 396 716 Cn.
415 689 481 716 Rem
500 695 596 717 certam
616 695 641 716 et
659 689 830 716 indubitatam
849 689 1016 722 (remittere.)
1035 688 1066 715 sr.
1082 690 1104 714 l.

267 730 300 757 de
318 736 440 759 transact.
459 736 484 759 2.
502 735 541 760 15.
580 733 646 760 Cum
666 732 698 759 de
717 733 846 758 sententia
866 731 1020 761 indubitata.
1041 742 1107 768 quae

267 773 340 800 nullo
359 775 474 802 remedio
494 776 622 802 adtentari
641 780 739 813 potest.
765 776 951 811 (transigitur.)
971 775 1001 801 l'r.
1021 776 1063 801 23.
1083 775 1104 808 3.

268 819 290 843 1.
311 817 344 843 (18
363 818 437 845 cond.
459 819 544 845 indeb.
565 821 604 845 12.
624 820 647 844 6.
684 817 860 844 Indubitatum
885 823 963 854 atque
981 819 1106 844 intactum

266 860 356 892 (saciat
375 861 537 898 perdurare.)
565 861 614 888 Th.
635 860 666 887 C.
685 860 755 887 XIV.
776 863 800 887 4.
826 872 846 887 c.
866 863 889 887 6.
910 861 942 887 de
961 871 1029 887 suar.
1067 860 1106 886 In-
1128 872 1129 876 ¹

267 902 378 930 dubitati
404 905 468 931 iuris
493 909 539 931 est.
565 904 594 931 sr.
619 905 660 931 49.
686 904 719 931 de
742 914 770 931 re
789 904 841 930 iud.
861 905 902 930 42.
923 907 945 930 1.
982 902 1103 930 Cousult.

266 951 317 973 vet.
338 946 410 973 1.Cti.
432 958 451 973 c.
474 949 495 973 1.

301 991 500 1017 Indubius.
538 990 675 1023 (Adiect.)
714 991 929 1025 Manifestus.
967 988 1010 1015 111.
1037 990 1103 1016 Cn.

265 1031 383 1059 Indubiis
402 1033 603 1070 probationibus
622 1033 741 1071 probare.
762 1044 783 1060 c.
800 1034 839 1059 11.
860 1032 892 1059 (18
912 1031 965 1058 fide
984 1033 1103 1058 instrum.

266 1076 289 1101 4.
303 1077 343 1102 21.
380 1076 489 1102 ludubia
508 1076 673 1114 probationis
686 1076 747 1102 luce
760 1081 887 1102 constare.
903 1085 923 1102 c.
937 1077 961 1101 3.
981 1074 1014 1101 de
1028 1074 1103 1101 cond.

266 1118 300 1144 ob
319 1123 387 1156 turp.
408 1130 429 1145 c.
449 1121 473 1145 4.
494 1121 517 1146 7.

301 1163 505 1189 Inducere.
543 1162 573 1195 ξ.
600 1163 635 1189 l.
673 1164 839 1195 Invehere,
874 1163 1103 1192 Introduc-ere,

266 1205 457 1237 Immittere,
494 1205 512 1231 I.
526 1206 588 1239 Sy.
616 1205 785 1232 introducere
806 1206 844 1236 (in
864 1203 968 1241 praedia
989 1204 1052 1236 etc.)
1073 1202 1103 1229 fr.

264 1248 307 1273 32.
327 1247 359 1274 de
378 1249 478 1285 pignor.
498 1250 539 1274 20.
561 1250 583 1274 l.
609 1248 638 1274 sr.
661 1250 682 1274 l.
702 1258 740 1285 pr.
767 1248 780 1281 3
809 1251 832 1274 5.
857 1247 889 1273 de
908 1248 980 1282 migr.
1001 1247 1042 1272 43.
1061 1247 1102 1272 32.

266 1289 369 1316 Mittere
388 1291 427 1324 (in
445 1291 665 1327 possessionem.)
685 1290 757 1317 Paul.
777 1290 820 1317 IV.
842 1292 864 1316 l.
883 1290 920 1324 33.
937 1291 975 1315 15.
992 1291 1031 1316 17.
1050 1289 1104 1315 Du-

266 1342 325 1359 cere
344 1334 379 1365 in,
398 1344 421 1359 v.
442 1344 491 1371 per
510 1334 620 1370 (agrum,
640 1344 663 1360 v.
683 1333 791 1367 locum.)
815 1333 844 1360 sr.
864 1335 905 1359 31.
925 1332 958 1358 de
977 1332 1004 1359 S.
1025 1331 1052 1359 P.
1072 1331 1103 1358 R.

265 1376 290 1402 8.
308 1378 332 1403 3.
352 1376 382 1403 fr.
404 1378 426 1403 1.
445 1377 466 1410 3.
486 1379 510 1403 5.
530 1377 553 1402 si
573 1376 699 1414 quadrup.
720 1378 742 1404 9.
764 1379 786 1403 1.
822 1376 852 1403 11.
869 1378 936 1410 ΟΡ.
956 1374 1102 1401 ΑΙ1(111881·8.

265 1418 296 1445 fr.
317 1420 339 1445 l.
357 1429 399 1456 pr.
420 1419 452 1445 de
471 1420 543 1455 migr.
569 1421 610 1446 43.
629 1421 670 1446 32.
707 1419 749 1446 111.
773 1421 838 1447 Cn.
872 1419 1053 1455 Quaecunque
1077 1419 1102 1444 in

265 1461 369 1499 praedia
389 1463 491 1499 pignori
515 1461 587 1493 data.
611 1461 729 1491 inducta.
754 1464 869 1495 invecta,
894 1463 1047 1499 importata,
1066 1461 1103 1487 ibi

265 1509 332 1536 nata.
352 1510 473 1541 paratave
492 1510 589 1531 essent.
609 1504 639 1531 fr.
652 1507 694 1531 32.
714 1505 746 1532 de
766 1506 866 1543 pignor.
886 1507 926 1531 20.
947 1506 970 1531 l.
991 1504 1023 1531 cl'.
1043 1514 1064 1531 c.
1078 1506 1102 1530 5.

265 1547 299 1574 de
318 1547 394 1574 locat.
414 1550 438 1574 4.
458 1550 498 1574 65.
542 1547 624 1574 Fures
649 1558 701 1574 non
724 1548 755 1575 ab
781 1558 810 1575 eo
831 1548 944 1580 inducti,
968 1547 1016 1574 sed
1039 1547 1103 1573 alias

264 1591 383 1626 ingressi.
403 1592 433 1617 lr.
452 1592 493 1617 39.
514 1590 546 1617 (18
565 1590 625 1617 furt.
639 1593 680 1617 47.
693 1593 717 1618 2.
753 1591 880 1618 Inducere
898 1592 925 1617 in
944 1590 1053 1617 fundum
1068 1589 1103 1616 18-

264 1635 397 1669 gatarium,
417 1644 509 1660 eumve
527 1635 581 1670 pati
600 1634 638 1660 uti
657 1633 715 1660 frui.
735 1633 765 1660 fr.
785 1635 809 1660 3.
829 1644 867 1671 pr.
887 1633 919 1660 de
938 1633 1019 1660 usufr.
1040 1635 1063 1659 7.
1079 1635 1102 1659 1.

264 1676 293 1702 In
312 1677 443 1710 (vacuam)
463 1678 662 1713 possessionem
686 1675 782 1703 induci.
806 1676 836 1703 fr.
856 1678 897 1703 35.
921 1676 942 1710 3
965 1678 986 1702 l.
1007 1675 1039 1702 de
1058 1675 1102 1702 do-

265 1724 316 1746 nat.
335 1721 376 1746 39.
397 1721 420 1746 5.
446 1719 476 1746 fr.
495 1721 537 1746 33.
557 1719 588 1745 fr.
608 1721 650 1746 52.
674 1719 696 1753 3.
714 1722 738 1746 2.
763 1719 795 1746 de
813 1720 844 1746 A.
864 1729 887 1745 v.
907 1719 938 1745 A.
958 1718 986 1745 P.
1010 1720 1052 1745 41.
1076 1720 1100 1745 2.

266 1762 296 1789 sr.
319 1764 343 1789 5.
368 1762 400 1789 de
424 1763 449 1789 vi
472 1767 498 1789 et
521 1763 547 1788 vi
570 1772 632 1788 arm.
658 1763 699 1789 43.
723 1763 763 1788 16.
791 1762 874 1789 Vatic.
900 1762 937 1796 33'.
962 1763 1021 1788 314.
1041 1763 1100 1788 316.

266 1804 375 1831 Perraro
394 1805 463 1831 solet
482 1806 536 1838 (sc.
556 1804 701 1843 Princeps)
724 1807 876 1842 permittere
899 1806 1101 1836 restitutionem,

266 1852 292 1874 et
310 1848 397 1874 induci
415 1849 442 1874 in
462 1848 618 1875 auditorium
638 1858 714 1875 suum
733 1858 790 1875 eum
810 1853 858 1875 etc.
878 1848 907 1874 fr.
930 1850 968 1874 18.
989 1848 1010 1881 3.
1027 1850 1048 1874 l.
1070 1847 1102 1874 de

265 1891 358 1918 minor.
377 1893 401 1917 4.
421 1892 444 1917 4.
465 1890 495 1917 cl'.
517 1901 538 1917 c.
557 1894 581 1918 2.
607 1890 639 1917 (18
663 1901 750 1918 excus.
775 1901 844 1917 mun.
870 1893 909 1917 10.
934 1892 975 1917 47.
1006 1905 1039 1910 -—
1070 1891 1101 1924 §-

266 1934 354 1960 LA.
386 1935 530 1969 Inferre,
558 1936 752 1968 :inspic-ari,
778 1936 964 1960 Admitlere.
1002 1933 1021 1960 I.
1040 1935 1102 1968 Sy.

266 1975 420 2002 Admittere.
440 1976 468 2002 l'r.
491 1978 512 2002 l.
532 1976 553 2010 3.
573 1978 596 2002 6.
617 1976 649 2002 (18
667 1976 697 2003 B.
718 1976 746 2002 P.
769 1987 789 2003 c.
810 1981 827 2003 t.
846 1978 887 2003 37.
907 1979 930 2003 4.
952 1976 981 2003 l'r.
993 1978 1016 2003 5.
1036 1977 1058 2010 3.
1077 1979 1101 2003 2.

266 2018 296 2045 fr.
317 2020 356 2044 10.
376 2019 397 2052 3
419 2020 440 2045 l.
461 2018 493 2045 ad
513 2018 540 2045 S.
553 2018 584 2045 C.
605 2018 677 2046 Tert.
695 2021 737 2046 38.
759 2021 798 2046 17.
839 2019 1016 2046 Constituere.
1037 2029 1058 2045 c.
1079 2020 1101 2045 7.

266 2062 304 2095 33.
323 2063 347 2088 4.
361 2063 384 2087 8.
405 2061 437 2088 de
456 2072 509 2088 cur.
528 2062 618 2088 furios.
633 2064 656 2088 5.
671 2064 711 2088 70.
746 2061 846 2089 Locum
866 2072 925 2088 esse
937 2061 1101 2095 (Falcidiae.)

266 2104 391 2131 Inducere
410 2114 491 2141 posse
509 2104 693 2138 (Falcidiam.)
720 2105 750 2131 fr.
772 2107 810 2131 11.
835 2106 856 2139 3.
876 2106 899 2130 6.
927 2104 956 2131 fr.
975 2106 1017 2131 32.
1036 2105 1058 2138 3.
1078 2105 1101 2130 4.

267 2147 298 2173 ad
318 2147 345 2173 L.
366 2147 435 2173 Falc.
454 2150 496 2173 35.
515 2150 539 2174 2.
576 2147 618 2174 Ill.
644 2149 709 2175 Cn.
734 2147 843 2174 Praetor
861 2148 1009 2185 proposuit,
1029 2147 1103 2173 indu-

267 2191 357 2226 xitque
376 2191 402 2216 111
421 2200 496 2217 usum
515 2191 564 2224 (sc.
584 2191 734 2225 actionem.)
754 2190 784 2217 fr.
806 2193 826 2218 l.
847 2201 885 2227 pr.
906 2190 938 2216 de
958 2194 1040 2216 contr.
1055 2194 1101 2216 tut.

265 2235 306 2259 27.
318 2234 341 2259 4.
377 2233 419 2259 Ad
439 2244 483 2260 eos
503 2250 535 2253 —
555 2244 606 2260 non
625 2234 739 2271 pertinet
758 2233 800 2260 lex
820 2232 969 2267 (Falcidia.)
990 2232 1035 2259 sed
1055 2242 1103 2270 per

267 2275 380 2303 edictum
400 2275 530 2303 Praetoris
554 2277 686 2303 inducitur
708 2281 826 2314 potestas
850 2275 923 2312 legis.
943 2276 972 2302 fr.
995 2277 1016 2302 1.
1036 2276 1058 2309 3.
1077 2278 1101 2302 2.

268 2318 299 2345 cf.
320 2318 350 2344 sr.
371 2320 410 2344 18.
431 2328 468 2355 pr.
489 2319 519 2345 ad
539 2319 567 2346 L.
588 2320 658 2346 Falc.
677 2321 718 2346 35.
733 2322 756 2346 2.
799 2318 844 2345 vel
865 2323 973 2356 propter
992 2318 1038 2344 lias
1058 2328 1103 2355 po-

268 2363 396 2388 tissimum
420 2363 544 2398 pecunias
564 2379 595 2382 —
616 2363 769 2389 constitutio
795 2361 908 2388 inducta.
933 2361 962 2388 fr.
988 2362 1012 2387 3.
1037 2361 1058 2395 3.
1077 2363 1102 2387 2.

268 2404 300 2430 de
320 2409 403 2430 const.
424 2414 514 2441 pecuu.
543 2407 580 2431 13.
600 2408 623 2431 5.
660 2405 716 2432 lloc
736 2405 849 2431 edictum
869 2420 901 2423 —-
920 2403 1046 2430 adversus
1066 2403 1103 2430 su-

269 2453 324 2474 tura
345 2457 422 2484 opera
442 2447 575 2474 inductum
596 2453 643 2474 est.
668 2449 698 2474 l‘r.
720 2450 741 2475 l.
766 2449 831 2482 3.1.
852 2447 883 2473 de
903 2446 936 2472 0.
958 2446 988 2473 N.
1010 2446 1040 2472 N.
1060 2448 1101 2472 39.

271 2492 291 2516 1.
329 2490 408 2526 Quod
428 2490 545 2516 moribus
565 2494 590 2515 et
604 2491 793 2517 consuetudine
806 2490 940 2517 inductum
960 2489 1003 2523 [al.
1023 2491 1103 2515 intro-

269 2533 385 2566 ductum]
407 2538 453 2559 est.
473 2533 503 2559 fr.
523 2534 564 2558 32.
583 2542 622 2569 pr.
643 2532 675 2558 de
690 2532 741 2559 LI..
758 2535 778 2559 1.
793 2535 816 2559 3.
837 2533 866 2559 fr.
881 2534 905 2559 3.
925 2542 963 2570 pr.
985 2532 1016 2558 de
1030 2542 1102 2569 prae-

269 2585 320 2602 var.
340 2578 381 2602 47.
403 2578 441 2602 15.
479 2576 578 2602 Senatu
597 2576 781 2607 constituente.
800 2587 823 2602 v.
844 2576 935 2608 S.Cto‚
954 2574 1050 2602 induci.
1070 2574 1100 2601 sr.

268 2621 291 2643 2.
312 2619 333 2651 3.
356 2621 395 2644 12.
415 2619 447 2645 de
466 2620 499 2645 0.
520 2619 536 2646 1.
559 2620 580 2645 l.
599 2620 623 2644 2.
647 2617 676 2644 fr.
700 2620 720 2644 l.
741 2618 772 2644 de
792 2619 873 2645 usul'r.
894 2628 943 2645 ear.
963 2628 1012 2644 rer.
1033 2620 1055 2644 7.
1076 2620 1100 2644 5.

270 2660 444 2691 Constitutio,
470 2671 536 2697 quae
560 2661 610 2688 hoc
635 2660 746 2687 induxit.
771 2660 800 2686 fr.
824 2663 865 2686 37.
889 2662 911 2694 3.
930 2663 954 2687 3.
975 2661 1007 2687 (18
1027 2661 1099 2697 legat⁴

271 2702 311 2728 111.
331 2705 397 2735 (32.)
435 2703 592 2735 11118111111111,
611 2714 673 2730 num
688 2719 716 2722 —
732 2703 818 2740 possit
832 2703 1046 2739 interpretatione
1064 2704 1101 2729 in-

270 2745 338 2777 duri,
359 2750 385 2770 ut.
405 2751 451 2772 ele.
473 2747 502 2772 t'r.
522 2748 563 2773 29.
583 2746 604 2780 3
626 2748 665 2773 14.
686 2746 718 2773 (18
736 2745 780 2772 lib.
801 2749 826 2771 et
845 2745 931 2781 postli.
944 2748 985 2772 28.
999 2748 1023 2772 2.
1047 2745 1101 2772 No-

270 2798 327 2814 vam
346 2789 499 2814 sententiam
518 2789 676 2816 induxerunt
695 2788 797 2825 (Papin.
817 2793 842 2814 et
855 2787 988 2820 Messius.)
1008 2789 1037 2814 l'r.
1058 2790 1100 2815 50.

271 2830 303 2857 de
322 2831 378 2857 iure
396 2830 461 2856 fisci.
481 2833 521 2857 49.
543 2834 581 2859 14.
619 2832 711 2859 Gallus
730 2831 840 2863 induxit,
860 2831 911 2864 (sic
929 2840 1009 2867 posse
1028 2832 1101 2858 insti—

1085 176 1172 207 IND.

1130 260 1132 283 i
1152 259 1189 285 tui
1210 257 1387 295 posthumus.)
1407 258 1437 285 fr.
1457 260 1498 285 29.
1518 268 1557 296 pr.
1578 258 1611 285 de
1631 259 1676 286 lib.
1696 265 1721 286 et
1739 261 1827 297 pesth.
1842 262 1882 287 28.
1896 264 1919 287 2.
1940 261 1989 288 Ae-

1152 302 1247 338 quitas,
1266 311 1290 327 v.
1311 300 1387 327 liatio
1407 302 1480 333 iuris.
1500 301 1601 328 inducit
1620 307 1668 329 etc.
1688 302 1718 329 sr.
1737 304 1778 329 36.
1798 303 1831 330 (18
1850 303 1943 330 admin.
1963 309 1989 330 ct

1128 330 1130 368 J
1151 345 1231 381 peric.
1251 344 1292 370 26.
1313 345 1336 370 τ.
1356 343 1386 370 fr.
1412 346 1452 371 18.
1476 345 1498 379 ς.
1518 346 1542 371 2.
1567 344 1600 371 de
1620 345 1644 371 1..
1670 355 1712 382 qu.
1736 351 1765 372 ut
1788 346 1884 383 indign.
1903 348 1944 373 34.
1963 348 1988 373 9.

1150 386 1197 414 His
1218 396 1383 423 consequens
1407 388 1469 419 erit,
1489 392 1516 414 ut
1538 404 1566 408 —-
1588 389 1665 414 etiam
1690 388 1885 416 Trebellianum
1908 389 1935 416 S.
1957 389 1988 416 C.

1151 429 1313 461 inducamus.
1334 430 1372 462 (et
1391 429 1469 456 utiles
1489 431 1606 457 actiones
1626 432 1742 458 exerceri
1757 433 1882 468 possint.)
1902 432 1931 459 fr.
1947 433 1988 459 18.

1127 478 1129 487 1
1150 474 1171 507 3.
1193 475 1216 499 l.
1237 472 1269 499 ad
1287 472 1318 499 L.
1338 472 1407 499 Fale.
1426 475 1468 499 35.
1488 475 1512 500 2.
1550 473 1689 500 Hereditas
1713 475 1823 511 captivi,
1848 485 1913 511 quae
1931 474 1990 511 lege

1127 526 1129 538 ⁴.
1151 515 1275 542 Cornelia
1294 515 1434 542 inducitur.
1453 516 1483 542 sr.
1506 518 1544 543 12.
1564 517 1586 550 3.
1608 518 1629 542 1.
1650 516 1682 543 (18
1702 518 1796 554 captiv.
1810 519 1851 543 49.
1868 519 1906 544 15.
1926 516 1989 544 Tra-

304 561 559 588 Indubitatus.
579 560 708 594 (Adit-ct.)
729 562 775 587 De
795 570 856 594 quo
875 561 1028 587 dubitari
1045 570 1105 587 non
1128 569 1129 585 1

1128 600 1129 626 Ῐ
1150 601 1291 628 Praetoris.
1312 600 1342 628 sr.
1364 603 1385 628 1.
1405 602 1426 635 3.
1446 604 1470 628 2.
1490 601 1523 628 de
1542 601 1569 628 S.
1589 601 1617 629 P.
1637 602 1668 629 R.
1688 605 1704 629 8
1730 604 1755 629 3.
1784 602 1927 629 Voluntate
1945 601 1990 629 do-

266 645 444 673 Indubitatum
463 651 511 673 est.
532 646 562 673 l'r.
582 649 605 674 6.
626 647 707 681 3.12.
728 646 758 673 l'r.
777 647 801 672 8.
822 656 860 683 pr.
883 645 915 672 de
935 645 966 672 N.
987 645 1018 673 G.
1038 649 1062 672 3.
1081 648 1105 672 5.
1128 643 1129 652 ¹

1127 685 1129 694 ⁴
1150 688 1219 725 pign.
1233 689 1275 713 20.
1288 689 1313 713 2.

1151 558 1216 585 ditio
1244 558 1322 596 plane
1347 564 1372 585 et
1399 560 1523 596 patientia
1547 560 1714 586 servitutium
1743 559 1850 586 inducet
1872 560 1989 586 officium

1150 645 1213 671 mini
1237 644 1325 671 induci
1348 645 1441 681 pignus
1466 645 1499 670 ita
1523 654 1611 681 posse.
1636 645 1666 672 fr.
1691 648 1714 672 5.
1743 646 1813 679 3.1.
1854 644 1882 671 Iu
1903 654 1945 681 qu.
1966 654 1989 671 c.

1350 687 1559 713 inducendortsm
1578 689 1691 720 nomine,
1711 693 1734 715 et
1755 689 1933 724 cognitionum
1946 697 1990 714 ex-

1151 730 1332 762 ercendarum,
1353 740 1376 756 v.
1396 729 1447 756 Pro
1467 730 1613 757 inducenda
1634 732 1790 767 cognitione.
1811 730 1905 764 (dare.)
1924 741 1945 757 c.
1964 732 1989 757 4.

1151 784 1189 811 pr.
1210 773 1243 800 de
1262 774 1431 800 castrensian.
1458 775 1496 799 12.
1520 775 1561 800 26.
1587 784 1607 800 c.
1627 775 1651 800 3.
1677 775 1699 808 3.
1718 776 1741 801 2.
1767 774 1799 800 de
1818 775 1884 811 priv.
1904 772 1988 799 schol.

1152 819 1190 843 12.
1209 818 1251 843 30.
1289 816 1424 851 Quaedam
1443 826 1535 852 genera
1556 833 1588 836 —
1609 816 1743 844 doctrinae
1757 817 1938 854 superstitioni
1952 817 1990 842 in-

1150 860 1252 886 ducere.
1273 858 1344 886 Colt.
1363 858 1415 885 LL.
1435 859 1468 886 M.
1488 859 1546 886 XV.
1566 862 1590 886 3.
1615 860 1646 887 cf.
1666 859 1738 887 Paul.
1758 859 1790 886 V.
1809 861 1851 886 21.
1871 859 1892 893 3.
1911 861 1936 886 2.
1956 873 1988 878 —·

1150 903 1180 936 ξ.
1200 904 1235 929 2.
1255 904 1418 929 Adducere
1463 902 1504 928 111.
1531 904 1597 930 Cn.
1627 903 1756 930 Educatio
1775 902 1936 940 pupillorum
1956 917 1988 921 ·-

1149 946 1224 971 matri
1247 955 1350 977 eorum,
1375 946 1398 972 si
1422 956 1475 971 uon
1498 946 1619 972 vitricum
1643 947 1680 972 eis
1704 945 1845 977 induxerit,
1874 945 1989 971 commit-

1149 988 1226 1015 tenda
1246 992 1294 1014 est.
1315 998 1336 1014 c.
1358 990 1378 1014 l.
1399 987 1444 1014 ubi
1463 999 1524 1026 pup.
1544 988 1618 1015 educ.
1638 991 1662 1015 5.
1682 990 1724 1015 49.
1744 1004 1776 1008 -·
1796 989 1873 1022 §.2-
1887 989 1930 1014 A.
1950 989 1989 1014 ΙΙ-

1149 1033 1263 1063 licere,
1293 1032 1507 1065 compellere,
1537 1034 1745 1059 Persuadere.
1786 1031 1829 1057 111.
1855 1032 1922 1058 Gn.
1959 1029 1989 1057 Si

1149 1078 1219 1100 metu
1238 1083 1279 1099 me
1299 1074 1426 1109 coegeris,
1445 1078 1489 1099 aut
1508 1073 1569 1100 dolo
1589 1073 1733 1101 induxeris.
1755 1079 1783 1100 ut
1802 1079 1852 1100 etc.
1873 1073 1929 1100 Gai.
1943 1071 1988 1099 IV.

1150 1118 1207 1143 117.
1245 1115 1285 1142 Ne
1304 1117 1331 1142 in
1349 1121 1481 1153 potestate
1500 1117 1555 1143 eius
1575 1118 1618 1147 511,
1637 1116 1756 1153 proferre
1776 1117 1847 1153 quod
1866 1116 1943 1149 velit,
1963 1120 1989 1142 et

1149 1170 1196 1197 per
1215 1159 1265 1185 hoc
1284 1160 1311 1185 in
1330 1158 1446 1185 fraudem
1466 1159 1580 1195 legatarii
1606 1159 1770 1186 inducantur.
1795 1160 1825 1186 fr.
1849 1161 1890 1186 95.
1917 1160 1938 1193 3.
1962 1160 1987 1185 2.

1149 1202 1181 1229 ad
1199 1202 1229 1229 L.
1249 1201 1319 1228 Falc.
1339 1203 1380 1228 35.
1400 1203 1424 1228 2.
1445 1201 1476 1228 cf.
1502 1202 1532 1228 fr.
1556 1203 1597 1229 48.
1621 1202 1687 1235 3.1.
1712 1202 1744 1228 (18
1765 1202 1883 1229 lideiuss.
1903 1203 1943 1228 46.
1964 1203 1988 1228 1.

1148 1245 1223 1272 Licet
1247 1245 1296 1271 alia
1321 1245 1445 1282 opinione
1468 1244 1590 1271 inductus
1615 1244 1757 1271 crediderit
1782 1250 1829 1272 etc.
1862 1245 1918 1272 Gai.
1942 1243 1987 1271 IV.

1150 1290 1208 1315 178.
1243 1288 1320 1314 Licet
1339 1298 1391 1314 non
1416 1289 1565 1324 acceperint
1590 1288 1643 1321 (sc.
1662 1289 1824 1324 pecuniam.)
1847 1288 1934 1314 calore
1952 1292 1988 1314 ta-

1148 1341 1206 1358 men
1226 1330 1326 1357 iuducti
1344 1330 1532 1357 interfecerint.
1556 1330 1586 1357 fr.
1606 1332 1630 1357 7.
1654 1331 1675 1364 3.
1695 1332 1720 1357 3.
1740 1330 1772 1356 ad
1791 1330 1819 1357 L.
1839 1330 1885 1357 lul.
1905 1335 1987 1368 repet-

1148 1376 1189 1401 45.
1212 1375 1250 1400 11.
1270 1390 1302 1393 —
1323 1374 1353 1407 §-
1379 1375 1414 1400 20
1429 1375 1474 1400 B.
1501 1375 1688 1400 Instituere.
1720 1373 1763 1399 111.
1779 1375 1844 1401 Gn.
1864 1374 1918 1409 Qui
1936 1374 1988 1411 pri-

1148 1418 1197 1443 mis
1216 1417 1311 1443 litteris
1330 1426 1427 1454 pueros
1447 1416 1575 1443 inducunt
1598 1415 1642 1449 [al.
1662 1416 1790 1448 imbuunt,
1810 1427 1834 1443 v.
1854 1416 1986 1450 induunt]

1148 1459 1177 1486 fr.
1200 1461 1238 1486 ll.
1258 1460 1279 1493 3.
1299 1462 1323 1486 4.
1343 1459 1376 1486 de
1395 1469 1463 1486 mun.
1484 1464 1509 1485 et
1529 1459 1590 1485 11011.
1610 1461 1651 1485 50.
1665 1461 1689 1485 4.
1710 1475 1742 1479 ——
1762 1460 1793 1493 ξ.
1808 1461 1845 1486 3.
1868 1462 1988 1493 Super-

1106 1512 1122 1525 θ’
1147 1505 1275 1534 ducere,
1297 1504 1472 1529 Obdueere.
1508 1502 1550 1528 111.
1572 1503 1637 1529 Cn.
1669 1501 1698 1528 Si
1717 1502 1814 1528 ususfr.
1834 1503 1933 1529 civitati
1952 1501 1988 1528 le-

1146 1550 1229 1581 getur,
1249 1550 1276 1572 ut
1295 1550 1406 1571 aratrum
1426 1546 1453 1571 in
1478 1555 1534 1571 eam
1558 1544 1704 1571 inducatur.
1730 1545 1759 1572 sr.
1778 1547 1821 1571 2l.
1845 1545 1896 1580 Qu.
1917 1544 1986 1572 mod.

1147 1588 1245 1615 ususfr.
1266 1590 1288 1615 7.
1308 1590 1332 1614 4.
1370 1588 1399 1615 Si
1418 1589 1559 1615 tectorium
1577 1586 1722 1614 induxeriS.
1741 1587 1771 1614 sr.
1789 1589 1831 1614 38.
1851 1587 1884 1614 de
1902 1587 1934 1614 R.
1952 1586 1986 1614 V.

1146 1634 1169 1658 (5.
1190 1634 1213 1658 1.
1233 1647 1266 1651 ·-
1285 1631 1316 1664 §-
1340 1633 1432 1658 ΒΗΛ.
1455 1632 1675 1662 Oblitterare,
1699 1632 1904 1666 Expungere.
1942 1629 1986 1657 [Π.

1147 1675 1212 1702 οη.
1232 1674 1312 1710 Quod
1332 1684 1383 1701 non
1408 1675 1482 1700 iussu
1501 1673 1599 1700 domini
1619 1673 1761 1710 scriptum,
1780 1672 1923 1705 inductum,
1943 1672 1987 1700 de-

1146 1717 1259 1744 letumve
1278 1721 1326 1743 est.
1346 1716 1377 1743 fr.
1399 1718 1420 1743 l.
1440 1726 1478 1753 pr.
1499 1716 1532 1742 de
1551 1715 1574 1741 11.
1596 1725 1639 1751 qu.
1659 1717 1686 1741 in
1705 1720 1806 1742 testam.
1825 1717 1868 1742 28.
1887 1717 1911 1742 4.
1942 1714 1988 1742 Ni-

1145 1760 1183 1787 hil
1202 1761 1319 1792 interest,
1338 1759 1476 1786 inducatur
1495 1758 1566 1795 quod
1585 1759 1713 1795 scriptum
1732 1763 1781 1791 est,
1800 1769 1831 1785 an
1851 1758 1987 1786 adimatur.

1146 1803 1176 1830 t'r.
1198 1804 1237 1829 16.
1257 1803 1290 1830 (18
1309 1802 1385 1829 adim.
1405 1801 1480 1838 legat.
1505 1803 1547 1827 34.
1567 1802 1590 1828 4.
1627 1801 1735 1828 Inducta
1754 1817 1787 1821 —
1806 1801 1987 1839 accipiendum

1147 1851 1195 1878 est,
1215 1851 1241 1872 et
1260 1847 1282 1872 si
1301 1845 1427 1883 perducta
1447 1845 1507 1871 sint.
1527 1844 1556 1871 fr.
1579 1846 1601 1870 1.
1620 1854 1660 1881 pr.
1680 1843 1712 1871 de
1731 1844 1755 1871 h.
1776 1855 1818 1881 qu.
1838 1845 1865 1871 in
1883 1849 1985 1872 testam.

1146 1890 1187 1916 28.
1213 1890 1236 1916 4.
1285 1888 1403 1915 Incidere
1428 1891 1612 1914 testamentum
1632 1897 1722 1919 suum,
1747 1892 1773 1914 et
1796 1887 1922 1914 heredum
1940 1897 1986 1914 no-

1146 1933 1215 1958 mina
1234 1931 1367 1958 inducere.
1387 1930 1418 1957 fr.
1439 1932 1464 1957 3.
1484 1930 1518 1957 ib.
1537 1932 1579 1956 28.
1599 1931 1623 1956 4.
1643 1929 1674 1956 fr.
1696 1932 1736 1957 12.
1756 1930 1786 1957 fr.
1807 1931 1847 1957 16.
1866 1931 1887 1964 3.
1907 1932 1931 1957 2.
1952 1929 1985 1957 de

1147 1975 1171 2001 b.
1192 1985 1234 2011 qu.
1255 1979 1283 2001 ut
1304 1974 1401 2010 indign.
1420 1975 1462 2000 34.
1482 1975 1506 2000 9.
1526 1989 1558 1993 -
1577 1974 1608 2007 §-
1629 1975 1666 2000 3.
1678 1975 1724 2000 B.
1744 1975 1889 2005 Abolere,
1912 1974 1984 2000 Tol-

1147 2020 1218 2045 lere.
1255 2017 1274 2044 Ι.
1295 2018 1356 2052 Sy.
1388 2016 1593 2043 Circumducere
1616 2016 1826 2052 (cognitionem.)
1850 2015 1880 2042 fr.
1899 2017 1940 2042 27.
1960 2016 1982 2050 3.

1149 2063 1169 2087 l.
1190 2061 1223 2087 de
1241 2059 1343 2087 liberali
1363 2070 1384 2086 c.
1403 2061 1444 2086 40.
1460 2061 1498 2086 12.
1519 2059 1548 2086 fr.
1563 2061 1586 2086 9.
1606 2058 1639 2085 de
1656 2060 1713 2085 iure
1731 2059 1797 2085 fisci.
1815 2059 1858 2085 49.
1878 2060 1918 2085 14.
1938 2058 1982 2085 III.

1148 2105 1213 2131 cn.
1233 2101 1416 2130 Disserendum
1439 2101 1472 2128 (18
1495 2101 1617 2128 libertate
1636 2100 1772 2132 iudicium.
1793 2100 1876 2127 donec
1896 2100 1928 2128 de
1946 2102 1984 2128 in-

1147 2146 1266 2172 officioso
1286 2144 1410 2171 iudicium
1429 2149 1473 2170 ant
1490 2144 1636 2176 inducatur,
1655 2148 1699 2171 aut
1717 2144 1796 2170 finem
1815 2144 1932 2181 accipiat.
1951 2143 1983 2171 fr.

1147 2191 1169 2216 7.
1189 2199 1228 2226 pr.
1249 2188 1281 2214 de
1300 2187 1387 2214 hered.
1407 2192 1458 2224 pet.
1478 2188 1502 2213 5.
1521 2188 1545 2213 3.
1582 2186 1621 2213 Ne
1640 2188 1756 2224 capiatur
1774 2192 1857 2224 pater,
1877 2186 1983 2213 inducta

1147 2233 1227 2258 totius
1246 2231 1373 2268 temporis
1393 2240 1476 2256 causa.
1496 2229 1526 2257 sr.
1545 2231 1586 2256 37.
1605 2229 1627 2263 3.
1646 2231 1670 2256 2.
1691 2229 1723 2256 (18
1742 2229 1836 2256 admin.
1857 2234 1883 2256 et
1901 2230 1981 2267 peric.

1146 2277 1187 2301 26.
1208 2276 1230 2301 7.

1182 2317 1381 2344 Indueiae.
1418 2317 1448 2349 §-
1472 2317 1507 2342 l.
1527 2317 1614 2342 Belli
1632 2318 1774 2342 cessatio
1794 2318 1827 2342 in
1846 2318 1983 2350 aliquod

1145 2368 1280 2395 tempus.
1317 2359 1360 2385 111.
1385 2360 1450 2386 Gn.
1480 2357 1601 2384 Inducian·
1626 2363 1699 2389 sunt,
1724 2368 1782 2385 cum
1805 2359 1831 2384 in
1851 2358 1930 2385 breve
1948 2373 1981 2378 —

1147 2404 1277 2434 convenit,
1296 2412 1329 2428 ue
1347 2403 1458 2428 invicem
1477 2410 1505 2426 58
1524 2399 1661 2427 lacessant.
1686 2401 1716 2427 fr.
1739 2403 1777 2428 19.
1801 2402 1823 2435 3.
1844 2403 1866 2427 l.
1891 2400 1924 2427 de
1942 2411 1981 2428 ca-

1146 2448 1210 2483 ptiv.
1231 2447 1272 2472 49.
1298 2447 1337 2471 15.
1366 2460 1398 2464 —
1426 2445 1456 2477 §.
1480 2445 1514 2470 l·
1528 2444 1570 2469 Α.
1601 2445 1740 2470 Furoris
1765 2446 1979 2471 intermissio.

1146 2490 1164 2516 1.
1186 2492 1247 2523 Sy.
1278 2486 1415 2514 Intervalla
1441 2485 1584 2519 (dilucida.
1609 2496 1631 2512 v.
1657 2486 1766 2519 media.)
1785 2485 1979 2518 Laxamentum,

1146 2532 1307 2558 intermissio
1327 2529 1464 2563 (suroris.)
1484 2528 1606 2555 Induriae
1625 2529 1761 2562 (furiosi.)
1785 2540 1806 2556 c.
1826 2531 1849 2556 6.
1874 2529 1906 2556 de
1925 2538 1978 2555 cnr.

1146 2574 1235 2601 furios.
1254 2575 1277 2600 5.
1297 2574 1338 2599 70.
1358 2582 1378 2599 c.
1398 2573 1421 2598 9.
1443 2572 1493 2607 Qu.
1514 2576 1613 2598 testam.
1634 2571 1680 2598 fac.
1701 2582 1725 2609 p.
1745 2573 1769 2598 6.
1786 2574 1828 2598 22.
1850 2588 1880 2592 ——
1899 2572 1930 2606 §0
1941 2572 1976 2598 2·

1147 2618 1286 2644 Dilatio.
1324 2614 1342 2640 1.
1362 2615 1423 2648 Sy.
1455 2614 1587 2651 Spatium,
1613 2614 1744 2652 Tempus,
1768 2614 1867 2641 Dilatio
1892 2614 1977 2651 (quin-

1146 2660 1261 2696 quennii,
1280 2667 1301 2683 5.
1322 2657 1535 2693 quinquennale.)
1554 2657 1676 2684 Induciae
1695 2657 1934 2694 (quinquennales)
1953 2666 1974 2682 c.

1145 2704 1168 2729 8.
1189 2702 1241 2738 Qui
1259 2700 1320 2726 bon.
1340 2699 1394 2726 ced.
1415 2711 1439 2737 p.
1460 2702 1482 2727 7.
1503 2702 1543 2726 71.
1580 2700 1621 2726 111.
1643 2701 1708 2728 Gn.
1732 2700 1797 2727 Post
1814 2700 1915 2737 lapsum
1934 2708 1976 2725 eo-

1144 2754 1201 2771 rum
1220 2744 1273 2777 (sc.
1293 2742 1498 2776 curriculorum)
1521 2747 1662 2769 semestres
1684 2747 1784 2769 tantum
1805 2742 1899 2768 habere
1917 2751 1976 2768 eum

1145 2786 1269 2813 inducias.
1290 2796 1310 2812 c.
1330 2787 1371 2812 26.
1391 2786 1424 2812 de
1443 2785 1560 2812 fideiuss.
1580 2790 1605 2811 et
1624 2785 1708 2812 mand.
1729 2787 1752 2812 8.
1766 2787 1805 2811 41.
1840 2783 1896 2816 His,
1916 2793 1975 2810 con-

1144 2830 1267 2856 ventione
1289 2829 1444 2866 praemissa,
1468 2828 1527 2856 XX.
1551 2828 1651 2855 dierum
1674 2827 1877 2856 condonavimus
1900 2826 1974 2854 indu-
