2197 3121
966 146 1029 177 Fls
1056 165 1094 170 —
1120 147 1210 177 FLA.

228 233 285 260 eod.
304 234 346 259 49.
367 233 493 266 14.--§.
513 233 548 258 Β.
568 232 615 258 Ad
632 239 792 257 annonam
814 231 982 264 publicam
1002 238 1066 262 spe—

226 283 331 307 ctans,
351 282 380 302 et
400 270 530 302 tributa
543 277 634 311 fisco
653 275 823 307 pendenda.
861 272 879 298 I.
902 274 963 306 Sy.
983 271 1091 313 Fisca-<

226 318 270 350 lia.
291 317 406 345 Census.
427 317 510 344 Vatic.
531 318 551 351 5.
571 319 612 343 35.
631 315 674 342 ΙΙΙ.
687 317 752 343 Gn.
781 315 974 342 pensitationes
993 314 1069 340 fisca-
1090 315 1091 318 ’

226 360 281 393 les,
311 371 331 387 s.
353 360 490 387 fiscalium.
529 359 577 386 Tb.
603 358 634 385 C.
648 358 693 385 XI.
715 360 737 384 1.
758 369 778 384 c.
795 360 834 385 12.
855 358 888 384 de
906 368 964 384 ann.
985 362 1011 383 ct
1025 358 1068 383 tri·

226 403 282 429 but.
297 402 369 429 XVI.
384 405 407 429 2.
428 413 449 429 c.
464 404 504 428 15.
522 403 543 436 5.
558 405 581 429 2.
597 402 629 429 de
648 402 728 439 episc.
744 401 807 428 eccl.
844 400 974 427 Vniversa
994 400 1068 426 fisca—
1089 426 1090 429 ,

228 445 272 478 lia,
293 456 358 482 quae
378 446 411 472 de
434 446 578 482 provinciis
604 444 732 482 speranda
755 449 823 470 sunt.
844 443 910 470 Nov.
934 443 1067 469 Maiorian.

227 488 260 515 de
279 489 376 525 indulg.
402 488 495 524 reliqu.
513 487 558 514 IV.
578 490 602 514 3.
628 498 648 514 c.
671 489 692 514 1.
719 487 740 521 5.
761 489 785 513 2.

227 537 305 568 atquc
330 530 436 558 fiscalis.
466 530 516 557 Th.
542 530 572 557 C.
596 530 667 557 XJV.
694 531 733 556 19.
766 540 786 556 c.
812 531 834 555 1.
859 529 892 555 de
916 534 982 566 pret.
1008 539 1066 566 pan.

227 574 289 601 Ost.

262 617 406 643 Fiscus·
446 617 478 650 §.
510 617 544 643 1.
590 618 709 643 Saccas
738 617 887 650 plexilis.
926 614 968 640 IH.
1001 616 1067 642 Gn.

226 659 305 690 Fisci,
326 659 422 695 quibus
447 659 479 685 ad
502 659 671 696 premendam
697 658 779 684 oleam
805 659 909 684 utimur.
931 657 961 684 fr.
984 659 1024 683 19.
1045 657 1066 690 5.

225 704 250 728 2.
269 701 346 728 locat.
369 702 408 727 19.
428 704 453 727 2.
474 718 506 721 --
526 703 556 735 §-
577 703 612 729 20
637 703 800 728 Pecuniae
822 703 977 735 publicae
1000 702 1067 726 tlte-

226 754 360 775 gaurus,
387 746 480 771 cuius
504 747 651 771 rationes
675 745 845 777 Principis
869 745 970 770 titulo
998 750 1066 769 tra-

225 789 415 814 ctabantur.
453 786 484 813 Π.
509 789 576 821 01).
612 787 756 813 Aerarium.
778 796 799 812 c.
819 788 843 812 2.
863 796 902 823 pr.
924 785 956 812 dc
976 785 1066 822 quadr.

224 839 339 867 praescr.
361 831 383 855 7.
402 831 444 856 37.
481 829 558 856 Ratio
583 828 704 856 Caesaris
724 833 750 854 et
768 828 910 864 Augustae.
939 828 970 855 l'r.
990 830 1013 855 6.
1044 829 1066 862 5.

224 874 249 898 1.
269 872 302 898 de
320 873 376 898 iure
396 873 463 899 lisci.
482 874 524 899 49.
546 873 585 898 14.
622 871 664 898 III.
691 872 756 898 Gn.
788 870 896 897 Publica
920 871 1066 907 vectigalia.

224 931 258 934 —
278 925 310 942 cx
330 915 426 951 quibus
446 914 557 951 vectigal
575 915 656 941 fiscus
676 915 754 951 capit.
778 914 809 940 fr.
830 916 870 940 17.
895 915 917 948 5.
940 917 961 941 l.
983 914 1015 941 de
1035 914 1066 940 V.

224 956 252 984 S.
273 959 314 983 50.
336 959 376 983 16.
396 957 427 984 cf.
447 957 478 984 fr.
497 959 521 984 9.
541 958 562 991 9.
583 959 607 984 8.
628 957 659 983 de
679 957 811 994 publican.
830 958 872 982 39.
888 959 912 983 4.
950 957 1066 984 Plerum-

224 1010 275 1036 que
294 1000 355 1026 inde
381 1010 503 1027 conrasas
522 1001 647 1037 pecunias
666 999 805 1026 Praesides
819 999 852 1025 ad
870 1000 964 1026 fiscum
983 1006 1066 1027 trans-

223 1043 359 1069 miserunt.
381 1043 410 1069 l'r.
429 1044 453 1069 6.
473 1042 506 1069 de
526 1043 586 1069 bon.
611 1043 723 1070 damnat.
750 1045 792 1069 48.
816 1045 858 1069 20.
895 1043 979 1075 Loca,
1000 1054 1066 1080 quae

223 1091 287 1112 suut
311 1087 337 1112 in
360 1085 418 1112 fisci
442 1086 609 1122 patrimonio.
634 1086 665 1112 l'r.
689 1088 713 1112 2.
739 1087 761 1120 5.
786 1088 809 1112 4.
835 1096 868 1112 ne
891 1096 934 1123 qu.
960 1088 986 1113 in
1006 1087 1065 1114 loco

222 1128 285 1165 pub.
305 1129 346 1154 43.
366 1129 390 1154 8.
428 1128 503 1154 Bona
523 1139 614 1155 eorum
634 1145 665 1148 —
684 1128 758 1155 velut
780 1130 899 1166 pignoris
924 1131 980 1156 iure
999 1130 1065 1157 fisco

223 1171 379 1207 obligantur.
400 1171 442 1198 Fr.
463 1171 495 1198 de
514 1171 532 1198 I.
554 1171 581 1198 F.
610 1172 631 1205 5.
651 1174 675 1198 5.
696 1171 727 1198 cf.
754 1172 784 1198 fr.
804 1174 863 1198 205.
883 1171 916 1199 dc
935 1172 966 1199 R.
985 1172 1003 1199 I.
1024 1175 1065 1200 50.
1087 1168 1089 1207 ss

221 1216 264 1241 17.
301 1213 415 1240 Poenam
436 1214 502 1241 fisco
522 1219 732 1251 repraesentare.
752 1225 776 1241 v.
796 1214 901 1241 inferre.
933 1215 975 1242 Fr.
995 1216 1028 1243 de
1047 1216 1064 1243 Ι.
1087 1236 1088 1239 .

222 1257 250 1284 F.
270 1258 292 1291 5.
312 1258 336 1283 8.
357 1256 388 1283 cf.
409 1257 493 1290 518.
517 1257 548 1283 fr.
568 1259 593 1284 3.
617 1257 638 1291 5.
664 1260 688 1283 5.
709 1257 742 1284 de
761 1258 860 1294 sepulc.
881 1258 943 1285 viol.
963 1261 1003 1285 47.
1026 1261 1064 1286 12.

222 1300 335 1336 Quoties
356 1300 413 1336 lege
432 1300 496 1326 Iulia
522 1300 589 1326 bona
614 1302 733 1327 vacantia
757 1300 789 1326 ad
809 1301 903 1327 fiscum
923 1303 1064 1338 pertinent.

220 1343 251 1369 fr.
272 1345 312 1370 96.
333 1343 397 1376 5.1.
419 1343 451 1369 dc
470 1343 546 1379 legat.
566 1343 584 1369 Ι.
605 1345 671 1377 (30.)
692 1343 722 1370 l'r.
742 1345 765 1370 9.
786 1344 818 1370 de
839 1345 865 1370 S.
881 1345 911 1371 U.
927 1344 1008 1371 silan.
1022 1346 1063 1371 29.

220 1388 245 1412 5.
282 1386 356 1412 Bona
380 1386 445 1412 lisco
470 1385 608 1412 vindicata.
634 1386 664 1412 fr.
689 1388 712 1413 8.
738 1386 770 1413 de
795 1388 850 1413 iure
874 1387 941 1414 fisci.
962 1389 1003 1414 49.
1024 1389 1064 1413 14.

221 1428 278 1456 Gai.
298 1429 328 1455 II.
348 1431 407 1456 285.
430 1428 489 1466 le.
510 1428 592 1455 XVII.
612 1431 635 1455 2.
674 1429 702 1456 Si
717 1435 851 1467 —patres
872 1430 997 1457 caducum
1010 1431 1066 1456 vin-

221 1471 318 1501 dicent.
339 1473 444 1498 omniuo
465 1472 531 1498 fisco
552 1471 627 1498 locus
652 1482 704 1498 non
725 1478 772 1499 cst.
798 1473 840 1499 Fr.
861 1473 893 1499 de.
913 1473 930 1499 Ι.
951 1473 978 1499 F.
999 1474 1020 1507 5.
1040 1475 1064 1499 3.

219 1515 294 1541 Bona
314 1516 443 1547 vacantia,
463 1515 530 1541 fisco
550 1515 665 1541 nondum
679 1517 807 1542 nunciata.
828 1516 859 1542 l'r.
872 1518 913 1543 18.
928 1515 960 1542 de
975 1526 1064 1553 usurp.

220 1559 262 1584 41.
281 1560 305 1584 3.
335 1558 356 1591 5.
381 1560 404 1584 9.
425 1558 443 1584 1.
469 1558 501 1585 de
525 1568 631 1595 usucap.
657 1562 680 1584 2.
705 1560 728 1584 6.
778 1558 807 1584 In
833 1558 928 1585 fiscum
948 1559 1064 1595 cogenda

220 1611 279 1627 csse
298 1601 402 1635 (bona.)
422 1601 452 1627 l'r.
472 1603 514 1627 31.
535 1601 567 1627 dc
586 1603 642 1628 iure
661 1602 728 1628 sisci.
743 1603 784 1628 49.
801 1603 839 1628 14.
878 1602 951 1628 Bona
971 1613 984 1628 a
997 1602 1063 1628 fisco

220 1649 330 1680 propter
349 1644 467 1670 debitum
487 1650 621 1681 occupata.
642 1644 672 1671 fr.
692 1647 716 1671 3.
744 1644 765 1677 5.
786 1646 809 1670 4.
831 1644 864 1671 de
883 1646 975 1671 minor.
994 1647 1018 1671 4.
1038 1647 1062 1671 4.
1085 1650 1086 1667 1

222 1686 291 1713 Fisci
311 1697 402 1712 causas
422 1697 510 1722 agere,
531 1697 551 1714 s.
572 1687 725 1713 Advocatus
745 1687 804 1713 fisci
824 1697 890 1714 esse.
912 1688 941 1714 sr.
964 1690 1002 1714 10.
1023 1698 1062 1724 pr.
1084 1697 1086 1709 ι

220 1729 251 1756 sr.
272 1731 311 1755 ll.
333 1729 364 1755 dc
384 1729 481 1766 postul.
501 1732 568 1756 3.1.
607 1730 677 1756 fisci
696 1729 824 1759 advocati.
845 1731 941 1766 quibus
956 1730 987 1756 ad
1001 1735 1063 1756 tcm-
1084 1740 1086 1746 ¹

219 1782 270 1809 pus
289 1772 405 1798 osticium
424 1772 573 1799 mandatum
594 1777 641 1798 est.
663 1772 704 1798 Fr.
725 1772 757 1799 de
777 1773 795 1799 I.
816 1772 843 1799 1⁴⁵.
864 1774 941 1807 5.17.
972 1772 1063 1799 Patro-

221 1825 270 1842 nus
290 1815 357 1841 fisci.
377 1815 407 1840 fr.
427 1816 468 1840 33
489 1825 527 1851 pr.
548 1825 580 1841 cx
599 1826 642 1851 qu.
663 1826 684 1841 c.
705 1817 794 1842 maior.
816 1818 839 1841 4.
860 1818 883 1842 6.

256 1859 416 1885 Fistula.
438 1858 469 1890 ᾗ.
491 1859 526 1884 l.
548 1859 700 1890 Canasts,
720 1869 739 1885 s.
762 1860 883 1890 Tabas,
902 1868 957 1892 per
977 1869 1061 1893 quem

220 1911 304 1936 aqua
318 1902 416 1936 fluit.
453 1900 495 1926 111.
511 1901 577 1927 Cn.
614 1901 705 1937 Aquas
729 1911 866 1938 spui-care.
889 1900 1007 1932 fistulas,
1028 1900 1063 1927 la-
1082 1903 1085 1941 1

221 1954 266 1970 cus
287 1959 319 1963 —-
339 1944 524 1969 contaminare.
545 1943 575 1970 fr.
598 1945 619 1970 l.
639 1945 661 1977 5.
683 1946 705 1970 1.
731 1944 763 1970 dc
783 1949 848 1970 extr.
869 1945 940 1970 crim.
959 1946 1001 1970 47.
1022 1946 1062 1970 11.

220 1986 324 2013 Novum
345 1986 476 2018 canalem,
497 1986 539 2012 vel
560 1986 676 2017 listulaS.
697 2003 729 2006 —
748 1988 775 2013 in
794 1989 851 2013 rivo
872 1986 1010 2013 collocare.
1032 1987 1061 2013 [ι’.
1084 2001 1085 2012 ι

219 2032 242 2056 3.
267 2031 289 2064 s.
312 2032 336 2055 -ι,
357 2029 389 2056 ae
408 2030 455 2056 riv.
481 2031 522 2055 43.
546 2031 587 2055 21.
614 2029 645 2056 cf.
670 2030 700 2055 fr.
722 2032 761 2056 15.
791 2030 823 2056 de
843 2029 871 2056 s.
892 2029 919 2056 P.
940 2030 971 2056 n.
992 2031 1016 2056 3.
1037 2031 1061 2056 3.
1083 2022 1085 2066 j

219 2072 308 2103 Lines,
328 2072 408 2104 labra.
428 2072 562 2104 salientes.
582 2072 687 2099 fistulae
707 2083 812 2109 quoque
827 2083 892 2109 quae
906 2073 1062 2099 salientibus

220 2116 374 2151 iunguntur.
400 2116 518 2151 quamvis
544 2115 621 2151 longe
644 2121 783 2142 excurrant
807 2121 880 2143 extra
905 2116 1061 2143 aedilicium.

220 2156 253 2183 fr.
274 2159 312 2184 15.
333 2158 364 2184 cf.
384 2158 415 2184 fr.
437 2160 476 2184 17.
497 2159 518 2192 5.
539 2162 562 2184 ὅ.
583 2158 616 2184 de
635 2159 666 2184 A.
686 2159 716 2185 E.
737 2158 768 2185 V.
790 2161 830 2185 19.
851 2161 878 2185 l..
894 2158 967 2185 Paul.
981 2159 1023 2185 111.
1038 2161 1062 2185 (i.

222 2200 244 2233 5.
263 2201 303 2226 65.
341 2200 499 2233 Castcllum,
525 2212 557 2227 ex
582 2211 634 2237 quo
658 2201 757 2227 fistulis
777 2212 843 2238 aqua
863 2201 1010 2228 duceretur.
1031 2202 1061 2228 fr.
1084 2210 1085 2217 ¹

223 2244 262 2268 78.
282 2252 322 2279 pr.
342 2243 374 2269 dc
393 2249 476 2270 contr.
497 2249 556 2270 emt.
578 2246 617 2270 18.
640 2246 662 2270 l.
700 2244 829 2273 Fistulae.
855 2254 919 2280 quas
940 2246 1061 2271 matrices

222 2290 325 2311 vocant.
346 2285 395 2311 Th.
416 2286 446 2312 C.
459 2286 518 2313 XV.
538 2289 562 2313 2.
584 2298 604 2313 c.
624 2290 647 2313 5.
669 2286 701 2313 de.
720 2287 828 2323 aquae-d.
849 2303 881 2306 —
901 2288 932 2321 ξ.
952 2289 987 2314 2.
1012 2289 1061 2314 1'l-
1084 2296 1085 2303 ¹

223 2338 276 2355 cas
295 2330 395 2354 altum
414 2335 443 2354 et
463 2337 655 2365 angustum,
675 2333 799 2357 saniem
818 2332 980 2357 emittens.
1019 2331 1061 2357 Ill.

224 2372 289 2398 Gn.
319 2371 373 2405 Qui
399 2370 507 2398 alicuius
532 2374 614 2409 partis
635 2374 756 2410 corporis
776 2389 808 2392 —
829 2374 967 2399 sanitatem
985 2373 1062 2410 polli-

223 2418 330 2444 centur,
350 2417 441 2449 utputa
461 2415 483 2439 si
502 2415 667 2447 auricularis⁷
692 2416 714 2441 si
733 2415 852 2447 fistulae,
876 2415 918 2441 vel
938 2415 1062 2443 dentium.

223 2456 253 2481 fr.
275 2457 297 2480 1.
319 2456 341 2488 5.
359 2457 384 2481 3.
404 2455 436 2481 de
456 2461 520 2483 extr.
541 2468 613 2494 cogn.
633 2461 674 2484 50.
696 2460 735 2485 13.

259 2498 385 2524 Fixus.
423 2498 557 2532 (Partic.)
600 2502 630 2534 ἓ.
660 2502 695 2528 1.
738 2503 891 2537 Adfixus.
934 2501 964 2527 II.
995 2504 1062 2536 Op.

224 2540 317 2572 fixae.
338 2556 369 2559 —
390 2541 520 2568 Revulsae
545 2543 711 2579 (imagines.)
737 2555 758 2570 c.
778 2547 819 2570 22.
846 2544 879 2570 de
899 2544 993 2570 admin.
1014 2550 1061 2572 tut.

224 2586 247 2609 5.
267 2585 308 2609 37.
346 2582 389 2609 ΠΙ.
410 2585 474 2611 Cn.
495 2583 530 2609 Vt
550 2589 606 2610 ruta
625 2596 708 2619 caesa,
728 2589 813 2613 vincta
835 2587 948 2623 fixaque.
969 2587 999 2613 fr.
1019 2589 1061 2614 38.

178 2629 186 2632 “
225 2627 246 2660 9.
266 2629 290 2652 2.
311 2625 343 2652 de
362 2626 393 2652 A.
413 2626 443 2653 E.
463 2627 494 2653 V.
516 2629 555 2653 19.
577 2629 599 2653 l.
619 2643 651 2646 —
671 2629 701 2661 ξ.
716 2631 751 2657 z,
773 2633 926 2661 stabilis,
948 2632 1061 2657 Incon-

223 2679 343 2695 cussus.
382 2668 423 2695 III.
455 2670 521 2697 Cn.
557 2670 648 2697 Fixam
667 2676 744 2707 atquc
764 2672 943 2699 inviolabilem
962 2683 1061 2710 perma-

224 2722 285 2738 nere
305 2712 430 2747 (legem.)
455 2711 504 2738 Th.
525 2712 555 2739 C.
576 2712 619 2739 VI.
639 2714 661 2738 4.
687 2723 708 2739 c.
730 2716 768 2741 18.
797 2715 829 2741 de
852 2715 937 2742 Praet.
963 2721 988 2742 et
1008 2716 1059 2751 Qu.
1082 2723 1083 2729 ¹

224 2754 318 2781 Fixum
337 2756 571 2791 intemeratumque
595 2757 701 2782 servari.
726 2756 763 2782 11),
782 2757 837 2784 XII.
859 2760 881 2784 1.
908 2769 928 2784 c.
950 2760 1007 2785 139.
1028 2759 1060 2784 ‹le›

226 2796 358 2824 decurion.
388 2814 419 2817 —
449 2798 479 2831 §0
499 2799 536 2825 3.
562 2800 752 2835 Definicus,
773 2800 977 2835 Descriptus.
1016 2801 1059 2827 Ill.
1081 2804 1083 2845 J

823 486 901 512 Panis
922 486 1066 517 Ostiensis.
1089 511 1090 514 ,

1890 147 1952 176 381

1089 233 1092 237 ”
1114 230 1180 256 Cn.
1199 228 1249 255 Hic
1268 227 1338 254 fixus
1358 239 1387 254 ac
1406 228 1509 255 stabilis
1535 228 1684 255 servabitur
1708 227 1808 254 modus.
1836 238 1856 253 c.
1879 229 1900 252 1.
1921 227 1953 253 de

1090 243 1091 295 l
1113 282 1206 298 annon.
1227 276 1252 298 et
1271 272 1347 308 capit.
1369 273 1390 297 l.
1410 274 1451 298 52.
1490 271 1716 307 Quemadmodum
1737 271 1768 297 ab
1788 271 1862 297 initio
1883 269 1952 296 fixus

1113 319 1153 340 est
1172 316 1221 347 (sc.
1241 314 1359 345 ususl'r..)
1377 315 1410 339 ita
1436 319 1459 340 et
1485 319 1664 341 conservetur.
1686 324 1706 340 c.
1729 315 1767 339 15.
1788 313 1819 339 dc
1840 312 1906 339 usus.
1928 318 1953 339 et

1112 357 1192 383 habit.
1216 358 1240 383 3.
1264 356 1305 382 33.
1344 356 1418 392 Quae
1443 359 1587 395 antiquitus
1612 357 1675 383 fixis
1700 357 1862 393 temporibus
1887 355 1953 382 limi-

1112 405 1206 426 tantur.
1246 399 1295 426 Th.
1326 398 1356 426 C.
1388 398 1431 425 IV.
1462 402 1501 426 14.
1534 411 1554 427 c.
1585 403 1606 426 1.
1638 400 1659 434 5.
1690 402 1713 426 3.
1743 399 1774 426 de
1803 405 1850 426 act.
1879 404 1951 425 certo

1113 447 1192 479 temp.
1212 442 1259 469 fin.

1148 487 1375 519 Flagellare.
1417 486 1543 521 Virgis,
1570 496 1591 512 v.
1620 488 1732 515 Fusio,
1756 488 1893 512 caedere.
1932 485 1950 511 l.

1089 523 1090 571 1
1112 530 1174 563 Sy.
1194 527 1309 564 Flagello
1330 527 1445 554 caedere.
1467 528 1497 554 fr.
1517 530 1540 554 2.
1565 529 1601 561 55.
1621 531 1644 554 4.
1666 539 1704 564 sq.
1725 528 1757 554 dc
1776 529 1841 565 priv.
1863 527 1950 554 delict.

1089 579 1090 595 1
1112 574 1153 598 47.
1175 573 1196 598 1.
1233 571 1275 597 III.
1295 572 1360 598 Gn.
1380 570 1409 597 Si
1429 572 1488 607 quis
1508 570 1628 596 ancillam
1647 571 1756 597 alienam
1775 571 1907 608 subripuit
1927 575 1953 597 ct

1089 610 1090 656 1
1114 614 1293 651 flagellaverit.
1315 613 1362 647 [al.
1383 613 1565 649 flagitaverit]
1586 613 1615 639 sr.
1635 616 1659 640 2.
1684 615 1705 648 5.
1726 617 1749 640 5.
1771 614 1803 640 de
1823 615 1888 651 priv.
1910 613 1952 640 dc—

1089 659 1090 677 l
1115 659 1163 684 iet.
1183 659 1226 684 47.
1247 659 1269 683 l.

1147 701 1379 734 Flagellum.
1418 700 1449 732 ξ.
1472 701 1506 726 1.

1088 773 1089 778 ¹
1113 744 1241 780 flagrum.
1262 743 1295 769 fr.
1313 744 1336 769 9.
1360 743 1381 776 5
1401 744 1425 768 3.
1446 742 1476 768 fr.
1497 744 1536 768 17.
1561 742 1583 775 5.
1602 744 1627 768 2.
1651 742 1682 768 fr.
1702 744 1742 769 45.
1763 742 1795 769 de
1815 744 1890 769 iniur.
1910 744 1952 768 47.

1088 786 1089 802 ¹
1113 789 1153 813 10.
1191 786 1315 813 1Π.ίή.
1336 785 1454 812 Fustium
1478 785 1636 817 admonitio,
1660 785 1823 821 flagellorum
1845 786 1952 821 castiga-

1111 831 1157 861 tio,
1177 828 1344 855 vinculorum
1367 828 1523 855 verberatio.
1549 828 1578 854 sr.
1600 830 1622 854 7.
1646 828 1677 855 fr.
1698 830 1737 855 10.
1761 839 1800 865 pr.
1824 828 1856 854 de
1875 838 1951 864 poen.

1111 874 1153 899 48.
1178 874 1218 898 19.
1244 871 1275 898 cf.
1301 871 1331 897 sr.
1356 873 1379 897 4.
1404 871 1436 897 de
1460 872 1503 898 off.
1528 870 1581 897 Prf.
1601 870 1676 908 Vigg.
1702 873 1724 898 1.
1745 873 1785 897 15.
1823 871 1953 897 Modicam

1111 915 1308 951 castigationem
1332 914 1473 940 fructuario
1499 919 1655 951 competere.
1682 931 1714 934 —
1740 913 1774 940 Vi
1798 924 1883 950 neque
1902 919 1953 939 tor-

1111 963 1197 995 queat,
1217 967 1302 993 neque
1322 956 1432 993 flagellis
1453 957 1551 983 caedat.
1571 957 1601 983 fr.
1622 959 1663 984 2-3.
1684 958 1749 991 5'.1.
1775 957 1807 984 de
1827 956 1908 983 usul'r.
1929 958 1952 982 7.

1112 1004 1134 1028 1.
1163 1000 1235 1027 Paul.
1254 1000 1297 1026 111.
1317 1002 1341 1026 6.
1370 1001 1392 1034 5.
1416 1002 1457 1026 23.
1504 999 1635 1026 Personae
1664 1000 1827 1037 flagellorum
1854 999 1952 1026 ictibus

1111 1044 1254 1071 subiectae.
1279 1043 1310 1069 fr.
1332 1044 1371 1069 12.
1392 1042 1424 1069 de
1448 1042 1581 1069 decurion.
1606 1045 1647 1070 50.
1666 1046 1691 1070 2.
1728 1043 1854 1079 Flagello,
1874 1059 1906 1062 —
1926 1043 1953 1068 in

1111 1098 1163 1124 quo
1183 1087 1264 1114 dolon
1284 1087 1381 1118 inerat,
1405 1085 1545 1111 verberare
1569 1086 1745 1112 tabernarium
1769 1090 1900 1123 coeperat.
1921 1085 1951 1111 fr.

1088 1143 1089 1146 ¹
1110 1133 1151 1157 52.
1172 1131 1194 1164 5.
1214 1132 1237 1156 1.
1258 1129 1290 1156 ad
1310 1128 1339 1155 L.
1360 1128 1429 1165 Aqu.
1449 1130 1473 1155 9.
1493 1130 1519 1154 2.
1550 1144 1583 1148 —
1615 1130 1645 1162 §-
1671 1131 1706 1156 2.
1738 1131 1861 1160 Rlceda,
1885 1138 1952 1155 cnm

1110 1174 1273 1200 iumentis.
1311 1172 1329 1198 I.
1355 1173 1416 1206 Sy.
1449 1171 1610 1208 Quadrigme.
1634 1172 1677 1198 vel
1697 1171 1806 1208 flagella.
1835 1171 1950 1198 Rhedac.

1087 1212 1088 1218 ¹
1111 1216 1161 1243 Th.
1183 1215 1214 1242 C.
1234 1214 1278 1241 VI.
1298 1217 1340 1242 29.
1361 1225 1382 1241 c.
1402 1217 1426 1241 5.
1446 1225 1485 1252 pr.
1506 1215 1539 1241 de
1558 1216 1654 1241 curios.

1146 1258 1354 1293 Flagitare.
1392 1257 1450 1291 (Cf.
1480 1268 1504 1284 v.
1535 1257 1704 1294 Flagellarc.)
1750 1260 1950 1289 provocare,

1109 1304 1261 1337 Exigere.
1299 1301 1316 1327 l.
1338 1302 1399 1335 Sy.
1437 1300 1583 1333 Postularc,
1604 1301 1725 1327 Poscere.
1751 1300 1789 1327 11).
1810 1300 1864 1326 Vll.
1885 1301 1908 1326 9.
1930 1311 1951 1326 c.

1109 1347 1133 1372 3.
1153 1355 1192 1381 sq.
1213 1344 1245 1371 de
1265 1344 1369 1380 salgam.
1389 1343 1434 1370 XI.
1457 1346 1496 1370 17.
1517 1354 1538 1370 c.
1558 1346 1582 1370 2.
1603 1354 1642 1380 sq.
1664 1344 1696 1370 ‹le
1716 1354 1806 1380 equor.
1828 1343 1888 1369 coll.
1920 1342 1951 1369 II.

1111 1390 1178 1422 Op.
1201 1387 1308 1414 Iudiciis
1329 1386 1445 1422 flagitati,
1466 1402 1498 1406 —
1518 1386 1620 1423 Sponte
1640 1387 1735 1413 delecti
1755 1386 1881 1419 (arbitri.)
1913 1385 1951 1412 Ib.

1109 1431 1139 1458 II.
1159 1434 1183 1457 8.
1204 1441 1225 1457 c.
1246 1431 1286 1456 18.
1307 1429 1420 1463 (ch.)
1445 1429 1477 1456 de
1501 1429 1581 1456 feriis.
1602 1429 1669 1456 VIII.
1689 1433 1712 1456 8.
1739 1440 1758 1455 c.
1778 1431 1803 1455 3.
1828 1429 1860 1455 de.
1880 1439 1952 1455 exsc-

1548 701 1663 726 Verber
1681 702 1814 736 flexile.
1852 699 1870 726 I.
1889 700 1952 733 Sy.

1110 1479 1161 1501 cut.
1182 1479 1207 1500 et
1227 1477 1310 1500 exact.

1086 1509 1087 1553 1
1144 1515 1363 1551 Flagitatio.
1383 1517 1591 1547 Provocatio,
1612 1516 1809 1541 Nominatio.
1830 1514 1873 1540 III.
1886 1515 1952 1542 Cn.

1086 1565 1087 1568 ’
1109 1560 1146 1586 Ita
1166 1560 1220 1593 (sc.
1241 1559 1315 1591 eum)
1336 1558 1437 1584 ordinis
1457 1559 1582 1584 senatorii
1603 1557 1756 1594 complexus
1777 1558 1900 1594 excipiet,
1923 1563 1952 1584 ut

1108 1603 1304 1640 reposcentium
1323 1603 1418 1627 civium
1439 1600 1564 1637 flagitatio
1584 1611 1636 1626 nou
1656 1601 1752 1636 fatiget.
1773 1600 1822 1626 Th.
1844 1600 1876 1627 C.
1893 1600 1950 1626 XII.

1109 1648 1131 1672 l.
1152 1657 1172 1672 c.
1193 1648 1234 1672 57.
1255 1645 1288 1672 de
1307 1644 1442 1671 decuriou.

1142 1688 1361 1722 Flagitiose.
1400 1686 1513 1720 (Advb.)
1551 1688 1708 1720 Improbe,
1730 1687 1878 1721 Nefaria
1905 1685 1949 1712 III.

1108 1733 1173 1758 Cn.
1193 1730 1311 1756 Peritura
1331 1729 1493 1765 collegerint,
1513 1739 1553 1756 an.
1574 1739 1640 1764 quac
1660 1730 1759 1754 servari
1772 1730 1886 1765 possint,
1906 1729 1951 1755 fla-

1107 1775 1202 1810 gitiose
1221 1773 1373 1799 invaserint.
1393 1772 1423 1798 fr.
1443 1773 1467 1798 4.
1487 1772 1508 1805 5
1531 1773 1551 1798 l.
1572 1771 1605 1798 dc
1624 1771 1727 1798 iucend.
1748 1773 1830 1798 ruina.
1851 1773 1893 1798 47.
1913 1773 1939 1798 9.

1084 1817 1085 1839 l
1142 1815 1384 1850 Flagitiosus.
1426 1815 1564 1847 (Adiect.)
1609 1816 1843 1845 Facinorosus,
1876 1816 1950 1841 Cri-

1107 1860 1262 1885 minosns.
1299 1857 1317 1884 I.
1344 1859 1406 1892 Sy.
1437 1857 1550 1884 Foedus.
1583 1856 1624 1884 Cf.
1649 1857 1673 1883 h.
1694 1867 1717 1884 v.
1739 1857 1868 1891 (Adiect.)
1906 1857 1949 1883 Ill.

1108 1902 1174 1929 Gn.
1204 1900 1262 1927 Nec
1280 1902 1393 1927 societas
1414 1916 1445 1920 —
1464 1900 1610 1936 flagitiosae
1628 1900 1667 1926 rei
1686 1899 1753 1926 ullas
1773 1901 1843 1926 vires
1862 1899 1949 1926 babet.

1107 1944 1137 1970 fr.
1157 1945 1198 1970 35.
1219 1944 1240 1978 5.
1259 1946 1284 1970 2.
1309 1943 1341 1970 dc
1365 1948 1448 1970 contr.
1474 1948 1533 1970 emt.
1559 1944 1599 1969 18.
1627 1945 1649 1969 1.
1692 1942 1826 1980 Turpiter,
1847 1948 1949 1969 etcum

1108 1987 1237 2022 flagitiosa
1257 1986 1391 2019 foeditate,
1412 1987 1535 2020 (vivere.)
1556 1997 1576 2013 c.
1599 1987 1638 2012 19.
1659 1986 1692 2012 de
1710 1986 1783 2012 inoff.
1804 1991 1905 2013 testam.
1925 1987 1949 2012 3.

1106 2031 1148 2056 28.
1186 2029 1226 2056 Ne
1246 2046 1278 2049 —
1297 2029 1367 2067 apud
1391 2030 1520 2056 scelestos
1545 2034 1570 2056 et
1595 2029 1740 2065 flagitiosos
1765 2030 1865 2055 animos
1891 2039 1950 2066 per-

1107 2078 1222 2099 maneret
1242 2074 1360 2109 (pictatis
1380 2073 1545 2110 praemium.)
1566 2072 1615 2098 Th.
1638 2072 1668 2099 C.
1689 2072 1756 2098 VIII.
1778 2074 1816 2098 13.
1838 2082 1858 2098 c.
1873 2073 1897 2097 2.
1917 2071 1950 2097 de

1083 2115 1085 2120 ’
1108 2127 1193 2142 revoc.
1214 2116 1301 2142 donat.
1340 2116 1445 2151 Quibus
1466 2116 1611 2152 flagitiosus
1625 2115 1703 2141 luxus
1719 2120 1766 2145 est,
1786 2114 1875 2147 (virile
1895 2124 1949 2140 cor-

1107 2169 1157 2196 pus
1182 2159 1346 2185 muliebriter
1370 2160 1543 2185 constitutum
1567 2160 1634 2191 etc.)
1655 2158 1725 2185 Coll.
1746 2157 1798 2184 LL.
1820 2158 1852 2184 Μ.
1873 2157 1905 2184 V.
1923 2159 1947 2183 ’3.

1142 2202 1361 2235 Flagifium.
1400 2204 1534 2228 Factum
1559 2203 1706 2235 impiam,
1737 2204 1783 2228 uel
1806 2203 1947 2227 scelero-

1084 2249 1085 2286 ἰ
1107 2255 1180 2270 sam.
1218 2246 1367 2271 Facinus
1412 2245 1429 2271 I.
1456 2246 1517 2278 Sy.
1543 2244 1676 2281 Turpiter.
1715 2244 1774 2270 Non
1798 2245 1854 2269 sinc
1879 2243 1947 2278 flagi-

1084 2310 1085 2330 ¹
1108 2288 1152 2313 tio.
1179 2286 1208 2313 fr.
1228 2289 1251 2313 2.
1277 2288 1299 2321 9.
1319 2290 1343 2313 2.
1369 2287 1401 2313 de
1426 2288 1520 2323 captiv.
1545 2288 1585 2313 49.
1612 2289 1651 2313 15.
1689 2287 1720 2314 11.
1746 2289 1812 2321 (Dp.
1850 2285 1878 2311 Si
1897 2286 1948 2310 iam

1084 2334 1085 2342 ¹
1108 2330 1187 2356 multa
1212 2330 1308 2366 flagitia
1332 2331 1358 2356 iu
1383 2329 1463 2356 tutela
1490 2329 1602 2355 admisit.
1627 2346 1659 2349 —
1685 2330 1757 2356 anc
1782 2329 1897 2366 probati,
1922 2332 1947 2354 et

1084 2381 1085 2386 ¹
1107 2373 1195 2399 idonci
1215 2378 1292 2409 atquc
1312 2373 1416 2398 honesti
1437 2373 1572 2405 (tutores.)
1598 2372 1628 2398 fr.
1649 2374 1688 2398 17.
1709 2373 1730 2406 5.
1752 2374 1773 2397 1.
1794 2372 1825 2397 dc
1845 2376 1946 2397 testam.

1084 2418 1085 2452 l
1109 2421 1154 2442 tut.
1174 2417 1216 2442 26.
1236 2417 1259 2441 2.
1297 2415 1340 2441 III.
1362 2416 1427 2442 Cn.
1452 2414 1480 2441 Si
1506 2416 1564 2452 quis
1589 2416 1793 2445 occentavisset,
1818 2414 1875 2439 sive
1894 2424 1946 2440 car-

1084 2456 1085 2474 l
1107 2469 1165 2484 men
1185 2458 1358 2485 condidisset.
1379 2457 1450 2494 quod
1469 2457 1599 2484 infamiam
1620 2458 1715 2484 faceret
1734 2457 1893 2492 flagitiumve
1912 2456 1946 2482 al-

1084 2489 1085 2510 l
1107 2503 1163 2528 teri.
1189 2501 1230 2527 Fr.
1250 2501 1308 2527 XII.
1334 2500 1417 2527 Tabb.
1443 2500 1510 2527 VIII.
1536 2503 1558 2527 1.
1597 2501 1650 2536 Qui
1674 2504 1783 2536 propter
1804 2500 1946 2536 nequitiam

1083 2578 1084 2582 Ἰ
1107 2544 1243 2579 malosque
1263 2553 1363 2575 morcS,
1388 2543 1548 2580 flagitiumve
1568 2542 1673 2578 aliquod
1692 2541 1846 2573 admissum.
1866 2544 1946 2575 (mor-

1083 2584 1085 2607 l
1106 2592 1159 2613 tem
1183 2586 1235 2612 sibi
1259 2587 1425 2613 eonsciscere
1448 2586 1558 2617 voluit.)
1584 2585 1613 2610 l'r.
1638 2586 1679 2610 43.
1708 2585 1728 2618 5.
1754 2587 1778 2610 4.
1802 2584 1835 2611 de.
1858 2585 1944 2611 Aedil.

1083 2630 1084 2642 ¹
1107 2629 1184 2656 edict.
1204 2631 1246 2655 21.
1268 2632 1290 2656 1.
1310 2629 1383 2656 Paul.
1399 2629 1430 2655 V.
1454 2631 1491 2654 12.
1512 2629 1574 2661 91.
1613 2626 1748 2663 Stuprom,
1766 2627 1945 2663 flagitiumque

1083 2654 1084 2691 l
1107 2674 1247 2709 impurum⁷
1267 2674 1364 2709 (pati.)
1392 2672 1429 2698 lb.
1450 2671 1479 2697 II.
1499 2671 1540 2695 26.
1561 2670 1643 2702 513.
1663 2670 1694 2696 V.
1714 2672 1737 2696 4.
1757 2670 1779 2703 5.
1801 2672 1840 2696 14.
1862 2670 1892 2696 cf.
1914 2671 1943 2696 l'r.

1107 2718 1129 2741 7.
1150 2716 1171 2748 5.
1188 2717 1208 2741 l.
1231 2715 1281 2750 Qu.
1302 2720 1361 2741 met.
1387 2725 1408 2740 c.
1429 2716 1451 2739 4.
1471 2715 1494 2738 2.
1532 2712 1575 2737 Ob
1598 2712 1724 2748 flagitium
1743 2712 1856 2739 militare
1875 2712 1943 2738 (lam-

1107 2759 1168 2784 nati.
1189 2768 1209 2784 c.
1233 2759 1271 2784 13.
1293 2758 1325 2784 dc
1344 2762 1445 2783 testam.
1467 2754 1541 2780 milit.
1561 2756 1584 2781 6.
1605 2757 1646 2781 21.

1141 2802 1340 2834 Flagrans.
1361 2798 1490 2831 (Partic.)
1516 2799 1660 2825 Nondum
1684 2801 1867 2825 exstinctas
1888 2799 1941 2827 (li-

1084 2156 1085 2163 l

1083 2191 1085 2198 ι
