2197 3121
245 191 308 221 410

245 282 277 298 m.
298 273 322 297 4.
341 272 365 297 3.
404 270 593 297 Demonstrare
608 279 689 306 posse
703 268 840 306 (patrem.)
860 267 891 295 fr.
904 269 946 294 23.
967 267 1000 295 de
1020 272 1091 294 statu

245 315 314 341 hom.
337 317 358 340 1.
378 316 402 340 5.
440 313 483 339 111.
508 315 574 341 sn.
599 312 698 338 Eadem
717 311 756 338 illi
776 312 935 348 (Augustae)
954 310 1092 348 privilegia

246 358 365 384 tribuunt
385 358 438 390 (sc.
459 355 629 392 Principes)
655 365 722 391 quae
741 355 792 392 ipsi
817 354 922 381 habent.
947 354 976 380 fr.
996 355 1039 381 31.
1060 354 1092 381 de

247 400 298 427 LL.
320 402 342 426 1.
361 402 386 427 3.
425 399 537 426 Perinde
557 399 598 424 ins
619 398 725 430 habere,
745 402 824 434 atque
843 403 936 424 etc.-
950 397 1038 424 Minus
1051 398 1092 424 ius

246 445 272 470 in
296 454 324 469 ea
349 453 377 469 re
403 442 506 469 habere.
533 440 595 478 le.
615 441 713 468 XXIX.
739 442 763 467 4.
788 440 845 467 Gai.
866 440 908 467 111.
929 442 987 467 166.
1007 440 1092 467 Vatic.

245 487 267 520 ξ.
286 487 345 512 209.
384 486 453 511 Ante
473 495 520 511 eos
540 494 592 511 non
606 484 733 511 babuisse
746 485 944 515 immunitatem,
963 483 1011 510 sed
1025 494 1094 510 nunc

245 530 283 556 eis
303 529 358 555 dari
378 538 443 556 eam.
463 538 530 565 quae
551 527 609 554 data
629 533 670 554 est
694 527 736 554 his
761 532 810 553 etc.
831 526 867 553 lb.
888 527 909 561 ξ.
929 528 989 553 236.
1009 526 1041 553 ct'.
1062 526 1092 554 fr.

246 574 286 599 17.
306 573 328 606 §.
347 574 371 598 3.
393 571 425 597 de
445 581 534 597 excus.
553 573 596 597 27.
618 572 639 597 l.
687 570 824 606 Quaedam
844 571 997 607 provinciae
1016 571 1094 596 etiam

245 616 296 642 hoc
315 615 421 646 babent,
441 619 470 641 ut
490 619 539 641 etc.
564 614 595 641 fr.
615 615 639 640 4.
665 613 679 647 §
711 616 736 639 5.
761 613 794 639 de
818 613 862 640 off.
887 612 963 640 Proc.
984 618 1011 640 et
1029 612 1092 649 Leg.

246 660 268 685 1.
290 659 329 684 16.
367 658 422 693 Qui
442 659 637 694 magistratum,
663 661 857 694 potestatemve
880 656 998 683 habebit.
1018 656 1048 682 fr.
1070 658 1093 682 l.

244 701 267 735 ᾗ.
294 703 314 727 1.
349 702 402 736 Qu.
428 701 515 738 quisq.
545 702 593 727 iur.
612 702 636 727 2.
656 702 680 726 2.
718 699 873 737 Imperium,
897 699 985 726 v.1us
1004 698 1093 735 gladii,

245 744 303 771 hab.
324 744 355 770 fr.
375 746 399 771 8.
424 743 456 770 sr.
482 745 526 770 ll.
551 743 584 770 de
608 743 652 769 off.
678 741 754 769 Proc.
780 747 806 769 et
828 742 891 779 Leg.
913 744 935 768 1.
957 743 997 769 16.
1018 742 1049 769 fr.
1067 743 1092 769 3.

245 798 285 824 sq.
306 787 338 814 de
359 787 402 813 off.
423 786 512 813 Praes.
529 789 551 813 1.
568 788 607 812 18.
645 786 700 821 Qui
719 785 814 812 claram
835 785 988 822 dignitatem
1007 795 1037 812 se
1051 785 1093 812 ba-

244 831 308 858 bere
327 829 525 868 praetendebat.
552 829 583 856 fr.
607 830 649 855 23.
673 839 714 866 pr.
735 828 787 865 Qu.
807 833 868 855 met.
888 839 910 856 c.
930 830 954 856 4.
973 831 998 856 2.
1043 828 1093 855 Ha-

244 875 308 901 bere
327 877 377 906 (sc.
393 874 447 904 ius)
462 883 493 899 ex
508 872 564 908 lege
578 871 639 905 (XII
653 871 738 898 Tabb.
758 882 783 899 v.
797 871 872 898 Aelia
888 872 988 904 Sentia,
1007 882 1032 898 v.
1045 871 1093 898 Pa-

244 918 308 955 pia.)
329 916 390 954 le.
411 915 510 942 XXIX.
530 917 555 942 4.
574 925 614 952 sq.
635 914 693 941 Gai.
712 915 731 942 I.
746 916 789 942 31.
827 915 904 951 Quae
923 925 976 942 non
995 915 1093 942 habent

244 962 309 988 iuris
333 960 460 987 ordinarii
484 959 691 986 exsecutionem.
715 958 746 986 fr.
772 960 830 985 178.
856 959 878 993 ᾖ.
904 960 928 985 2.
954 958 987 985 de
1006 958 1038 985 V.
1064 958 1091 985 S.

243 1006 286 1031 50.
308 1005 347 1030 16.
385 1002 501 1030 Tutores
521 1007 591 1033 sunt,
611 1002 657 1038 qui
677 1012 732 1028 eam
751 1002 805 1028 vim
825 1012 854 1028 ac
872 1006 1032 1039 potestatem
1050 1001 1093 1028 ba-

243 1048 315 1074 bent.
339 1046 370 1073 sr.
391 1048 414 1072 1.
439 1046 461 1079 ᾖ.
484 1047 505 1072 1.
533 1044 566 1071 de
589 1044 664 1071 tutel.
691 1046 734 1071 26.
756 1046 777 1071 1.
816 1045 870 1081 Qui
890 1046 1092 1072 commentarios

244 1090 323 1117 hahet
341 1089 478 1116 Praefecti.
503 1087 590 1115 Vatic.
615 1089 637 1122 §.
662 1090 722 1114 222.
762 1087 836 1119 Filii,
860 1097 929 1124 quos
952 1087 1044 1114 habuit
1063 1098 1093 1115 ac

244 1134 353 1160 retinuit
373 1134 399 1159 in
418 1136 552 1170 potestate
571 1136 654 1169 pater.
675 1131 712 1157 lb.
733 1131 754 1165 ξ.
774 1132 833 1158 294.
870 1130 976 1158 Liberis
996 1132 1052 1157 suis
1065 1132 1092 1157 in

243 1181 403 1214 potestatem
428 1174 588 1202 habentibus
613 1178 771 1201 testamento
796 1179 899 1200 tutores
923 1174 993 1201 dare.
1012 1174 1050 1201 lb.
1070 1175 1093 1209 §.

244 1221 303 1247 229.
342 1219 429 1255 Quem
449 1219 475 1245 in
489 1218 545 1244 suis
559 1217 713 1249 heredibus,
734 1227 792 1244 cum
806 1218 926 1249 moritur,
947 1217 1046 1244 habuit.
1061 1217 1092 1244 fr.

245 1264 286 1290 73.
306 1263 328 1297 ᾗ.
350 1264 372 1289 1.
393 1262 426 1289 de
444 1261 476 1288 R.
496 1261 515 1288 I.
536 1263 576 1287 50.
599 1262 639 1287 17.
676 1260 720 1287 Ius
739 1259 885 1287 liberorum
903 1265 986 1287 mater
1004 1260 1092 1293 habet,

246 1316 312 1343 quae
331 1310 386 1332 tres
405 1305 476 1331 filios
497 1309 540 1330 aut
559 1303 648 1335 habet,
669 1307 713 1329 aut
733 1302 832 1334 habuit,
852 1308 896 1330 aut
909 1314 995 1341 neque
1013 1303 1094 1331 habet

244 1359 331 1385 neque
350 1348 450 1375 habuit.
476 1346 548 1373 Paul.
568 1345 613 1373 IV.
637 1347 661 1372 9.
686 1346 708 1380 §.
732 1347 756 1372 9.
794 1346 900 1382 Quodsi
920 1358 952 1374 ex
971 1346 1022 1374 alio
1042 1357 1093 1374 ma-

244 1392 368 1419 trimonio
388 1391 487 1418 liberos
504 1390 663 1427 superstites
678 1388 800 1416 habeant.
821 1389 883 1426 le.
897 1390 956 1417 XV.
972 1393 994 1418 l.
1015 1390 1092 1423 Orbi,

245 1436 291 1472 qui
310 1434 410 1461 liberos
430 1444 483 1461 non
502 1433 607 1460 babent.
634 1432 691 1459 Gai.
712 1432 742 1459 II.
765 1435 822 1459 lll.
842 1434 902 1459 286.
941 1433 995 1469 Qui
1014 1439 1092 1461 testa-

246 1483 334 1505 mento
354 1478 454 1504 liberos
474 1476 580 1503 habent.
599 1475 638 1502 lb.
657 1475 688 1502 Π.
708 1477 768 1502 286.
806 1476 868 1512 Quo
888 1477 938 1509 (sc.
958 1478 1090 1514 tempore)

244 1523 304 1559 quis
324 1531 433 1548 uxorem
452 1520 539 1546 habet.
564 1518 638 1546 Paul.
658 1518 688 1545 11.
712 1521 754 1545 20.
779 1519 802 1552 §.
824 1521 846 1545 l.
871 1519 903 1546 cf.
928 1519 985 1547 Gai.
1010 1520 1029 1547 Ι.
1048 1521 1090 1546 63.

243 1575 284 1602 sq.
321 1564 440 1601 Incipere
464 1563 562 1590 habere
586 1567 709 1589 tutorem.
729 1578 762 1582 —
780 1561 935 1599 Iit-ponere,
960 1573 1028 1599 quos
1048 1563 1090 1590 ha-

244 1609 302 1636 bet.
328 1613 438 1634 tutores.
463 1606 501 1633 Ib.
526 1606 544 1632 1.
566 1607 625 1631 115.
646 1607 704 1632 195.
741 1604 771 1631 Si
789 1605 904 1632 habeant
922 1611 1089 1643 praesentem

243 1651 386 1678 dominum.
407 1649 438 1676 sr.
460 1651 500 1676 10.
520 1648 553 1675 de
572 1658 678 1685 procur.
698 1649 723 1674 3.
736 1649 760 1674 3.
798 1648 904 1674 morans
919 1659 950 1675 eo
964 1648 1032 1681 loco,
1047 1648 1090 1675 ha-

243 1695 308 1721 bens
328 1695 354 1720 in
375 1693 523 1720 substantia
543 1691 604 1729 plus
630 1692 717 1717 minus
742 1696 851 1717 tantum.
877 1690 962 1718 Yatic.
987 1691 1009 1725 ξ.
1031 1692 1089 1718 166.

243 1738 297 1773 Qui
318 1738 382 1763 satis
403 1736 498 1763 idonee
518 1734 606 1767 habet,
627 1735 688 1772 (pro
707 1734 887 1770 magnitudine
905 1735 965 1768 rei.)
985 1734 1015 1761 fr.
1029 1736 1090 1761 234.

243 1781 264 1814 ξ.
288 1783 310 1806 l.
329 1779 362 1806 de
381 1778 413 1805 V.
434 1779 462 1806 S.
482 1780 523 1805 50.
545 1780 586 1804 16.
625 1778 679 1813 Qui
704 1778 758 1811 (sc.
777 1777 867 1811 filius)
893 1783 1028 1804 castrense
1047 1777 1091 1804 ha-

243 1823 301 1849 buit
320 1822 461 1860 peculium.
483 1821 513 1848 fr.
534 1823 558 1848 8.
578 1832 618 1859 pr.
639 1821 672 1847 de
691 1821 717 1847 in
736 1822 777 1847 ius
797 1831 854 1847 voc.
874 1823 898 1847 2.
913 1822 936 1847 4.
966 1820 1026 1847 Non
1040 1821 1091 1847 exi-

244 1867 344 1903 gimus.
364 1870 392 1892 ut
417 1865 531 1892 habeant
553 1864 731 1896 voluntatem,
750 1864 793 1891 vel
812 1863 971 1895 mandatum,
990 1863 1039 1890 sed
1057 1874 1090 1891 ne

245 1909 376 1936 contraria
396 1908 520 1934 voluntas
539 1907 675 1944 probetur.
695 1907 726 1934 sr.
745 1909 787 1934 40.
807 1908 829 1941 §.
849 1909 872 1933 4.
893 1906 926 1934 de
945 1917 1051 1944 procur.
1064 1908 1088 1934 3.

243 1953 268 1979 3.
305 1951 405 1978 Locum
424 1950 522 1977 habere
541 1950 586 1982 (ad
606 1951 668 1983 etc.)
689 1950 718 1977 fr.
739 1952 765 1976 6.
786 1951 807 1984 ᾗ.
822 1952 846 1976 2.
867 1950 900 1977 ad
919 1950 987 1977 SC.
1007 1950 1087 1977 Treb.

243 1997 285 2022 36.
308 1997 328 2021 1.
349 1994 400 2028 (cf.
420 2004 444 2020 v.
470 1993 519 2020 Ad.
540 1994 562 2027 ξ.
582 1994 624 2026 6.)
656 2009 689 2012 -
720 1994 752 2027 ᾗ.
773 1994 808 2020 Β.
820 1995 864 2020 Α.
897 1995 1088 2026 Continere,

245 2039 436 2072 Complecli.
474 2036 492 2063 1.
513 2038 574 2071 sy.
594 2036 760 2073 Conceptum
779 2046 839 2062 esse
857 2037 883 2062 in
903 2041 952 2062 etc.
973 2036 1030 2062 Gai.
1044 2036 1088 2063 IV.

248 2083 302 2107 106.
341 2080 382 2106 111.
395 2081 461 2107 (7η.
480 2079 693 2106 FamiliarItatem
713 2078 827 2115 aliquam
846 2080 915 2105 inter
934 2089 963 2105 se
982 2079 1088 2112 habere,

246 2124 282 2150 lb.
301 2123 343 2150 ΙΙΙ.
365 2125 422 2150 145.
461 2122 529 2150 Cum
548 2127 633 2149 metus
653 2122 748 2148 habeat
766 2123 792 2148 in
812 2132 840 2148 se
860 2123 1040 2158 ignorantiam.
1055 2122 1086 2149 fr.

246 2169 286 2193 14.
306 2167 328 2199 ξ.
348 2168 372 2193 3.
393 2168 444 2202 Qu.
465 2171 524 2192 met.
545 2176 566 2192 c.
586 2167 610 2192 4.
630 2168 653 2192 2,
691 2165 764 2192 Hanc
789 2165 963 2192 adiectionem
983 2181 1016 2184 —
1035 2175 1088 2191 non

245 2209 422 2236 conditionem
442 2211 467 2235 in
488 2220 516 2235 se
535 2209 645 2240 habere,
670 2209 718 2235 sed
737 2208 950 2235 admonitionem.
970 2208 1001 2235 fr.
1021 2210 1045 2235 6.
1065 2209 1088 2242 ξ.

249 2255 268 2279 Ι.
289 2252 321 2279 dv
341 2252 414 2279 tutel.
434 2254 475 2278 26.
498 2255 519 2278 1.
562 2251 667 2278 Nullam
695 2251 882 2287 obligationem
911 2252 965 2285 (sc.
995 2253 1086 2284 esse,)

245 2306 311 2333 quae
335 2306 386 2322 non
411 2295 504 2321 haheat
528 2297 554 2321 in
578 2306 607 2321 se
631 2296 841 2321 conventionem.
866 2294 896 2321 sr.
922 2297 944 2321 l.
969 2295 991 2329 §.
1011 2296 1035 2321 3.
1056 2294 1088 2321 de

245 2344 312 2376 pact⁴
331 2341 356 2364 2.
380 2340 417 2364 14.
456 2338 564 2365 Nullum
585 2338 664 2365 habet
687 2339 713 2364 in
733 2348 762 2364 se.
782 2338 922 2367 delictum.
942 2339 1018 2374 quasi
1038 2343 1087 2364 etc.

246 2382 275 2408 fr.
298 2384 319 2408 1.
341 2382 362 2415 ξ.
382 2383 405 2407 8.
431 2380 464 2407 d·-
484 2381 569 2407 Aodil.
596 2381 673 2408 edict.
697 2383 738 2407 21.
766 2383 787 2407 1.
826 2382 902 2417 Quae
921 2382 971 2414 (sc.
991 2382 1088 2413 noxae)

245 2424 378 2462 publicam
397 2424 584 2450 exercitionem
605 2440 636 2443 —
656 2424 761 2450 habent.
780 2424 810 2450 fr.
829 2426 889 2451 200.
909 2423 942 2450 de
952 2423 983 2450 V.
998 2424 1024 2450 S.
1046 2426 1087 2450 50.

248 2470 286 2494 16.
326 2467 445 2494 Tabulae
464 2466 561 2493 habent
582 2466 649 2492 diem
669 2472 694 2494 et
708 2467 772 2494 Cos.
787 2467 816 2493 fr.
830 2469 854 2494 6.
868 2468 890 2501 ς.
905 2468 928 2493 6.
949 2467 982 2493 de
995 2466 1087 2493 edend.

245 2513 269 2537 2.
292 2512 330 2536 13.
369 2510 476 2539 Oratio.
501 2519 567 2546 quae.
592 2519 677 2545 neque
700 2511 912 2537 coniunctionem
931 2520 1017 2546 neque
1037 2510 1088 2536 dis-

247 2554 406 2579 iunctionem
426 2553 512 2579 habet.
534 2551 564 2578 fr.
585 2553 626 2578 28.
648 2553 667 2586 ξ.
691 2554 712 2578 1.
733 2553 765 2579 dc»
787 2553 815 2579 V.
836 2553 864 2579 S.
883 2555 924 2579 50.
946 2554 986 2579 16.
1018 2552 1088 2579 Ilaec

247 2597 331 2622 onmia
351 2596 447 2622 habent
467 2596 687 2632 disceptationem
707 2594 848 2622 Praetoris
870 2596 898 2623 sr.
912 2598 936 2622 8.
957 2596 978 2630 ξ.
993 2597 1034 2622 24.
1056 2595 1088 2622 de
1109 2609 1110 2617 π

1109 2642 1110 2646 ’
1133 2639 1185 2674 Qu.
1206 2638 1256 2664 cui.
1276 2637 1344 2662 univ.
1366 2645 1434 2661 nom.
1453 2636 1478 2660 3.
1497 2636 1521 2661 4.
1558 2634 1683 2666 Proinde,
1703 2643 1722 2659 s,
1742 2632 1864 2665 Perinde,
1882 2632 1972 2659 haberi

248 2644 368 2665 transact.
389 2641 412 2665 2.
435 2641 474 2665 15.
513 2639 712 2665 Dubitationem
737 2637 794 2664 hab.
821 2639 850 2665 sr.
870 2641 912 2665 25.
932 2649 971 2676 pr.
992 2639 1024 2665 de
1043 2640 1087 2665 mi-

248 2691 302 2707 nor.
324 2683 346 2706 4.
366 2683 389 2706 4.
414 2681 443 2707 fr.
465 2683 505 2707 41.
526 2692 564 2718 pr.
586 2681 618 2708 de
637 2680 668 2707 V.
689 2680 722 2707 Ο.
742 2683 783 2706 45.
806 2683 826 2707 l.
864 2681 1006 2708 Plurimum
1027 2682 1087 2708 sacti
1108 2696 1109 2700 =

247 2724 322 2750 habet
344 2725 514 2759 (possessio.)
534 2724 563 2750 l‘r.
586 2726 625 2750 19.
647 2734 677 2751 ex
697 2733 739 2760 qu.
760 2734 781 2750 c.
802 2725 858 2749 mai.
880 2726 902 2749 4.
923 2726 946 2750 6.
960 2740 989 2744 -
1004 2725 1036 2758 §.
1048 2726 1085 2751 ³.

248 2768 421 2799 consequi,
449 2768 610 2793 obtinere.
648 2766 666 2793 I.
684 2768 746 2801 Sy.
778 2765 928 2802 Consequi.
955 2767 1085 2793 N'ancisci.
1108 2793 1109 2799 ¹

247 2809 304 2835 Gai.
325 2808 354 2834 11.
377 2810 431 2833 126.
468 2809 604 2841 Naneitor,
623 2809 733 2836 Habeto.
755 2808 809 2835 Frr.
830 2808 858 2835 L.
880 2808 927 2835 ΧΗ
948 2809 1032 2836 Tabb.
1053 2809 1084 2836 V.

249 2855 271 2878 4.
290 2862 329 2888 sq.
368 2851 410 2878 111.
431 2852 497 2878 Cn.
520 2852 559 2879 ‘Ne
579 2869 610 2872 —
630 2854 712 2890 petito
731 2852 780 2885 (sc.
801 2852 1000 2888 magistratum.)
1020 2862 1085 2878 neve

1066 185 1163 216 ΗΑΒ.

1137 244 1234 305 capito,
1253 276 1320 293 neve
1339 268 1432 303 gerite,
1451 277 1518 294 neve
1537 267 1642 294 habeto.
1669 267 1725 295 Tab
1754 269 1857 298 Heracl.
1878 271 1924 298 lin.
1944 273 1987 298 21.

1136 320 1176 347 sq.
1197 320 1248 337 aer.
1268 309 1350 347 Neap.
1370 309 1412 337 Cf.
1433 309 1474 337 Fr.
1499 310 1565 346 legis
1589 310 1712 338 Thoriae.
1750 312 1804 340 Alii
1829 315 1937 342 usumt'r.
1963 316 1989 341 in

1137 355 1193 380 iure
1219 352 1312 380 cedere
1335 357 1427 390 potest
1446 354 1500 387 (sc.
1526 353 1682 387 dominus.)
1703 360 1732 382 ut
1750 355 1796 382 ille
1815 357 1923 384 usumsr.
1945 357 1989 384 ha-

1138 396 1206 428 beat,
1226 401 1253 423 et
1271 397 1329 434 ipse
1349 395 1444 423 nudam
1463 398 1651 434 proprietatem
1672 399 1790 425 retineat.
1818 398 1875 426 Gai.
1895 400 1925 427 II.
1945 402 1988 427 30.

1139 439 1183 471 Vt,
1204 439 1277 476 qnod
1296 439 1469 466 adcrescendi
1494 441 1551 466 iure
1575 440 1711 468 habiturae
1736 447 1827 468 essent
1845 444 1895 475 (sc.
1915 442 1987 470 semi-

1139 484 1209 515 nae.)
1229 483 1252 509 si
1271 493 1335 509 suae
1354 482 1476 511 fuissent.
1495 482 1524 509 id
1538 484 1626 521 ipsum
1646 485 1722 511 etiam
1742 495 1791 522 per
1803 485 1833 512 B.
1848 484 1928 512 Pnem
1942 485 1987 512 ha-

1138 526 1225 553 beant.
1250 525 1287 552 lb.
1313 525 1344 552 11.
1371 527 1428 552 126.
1454 525 1486 552 cl'.
1512 526 1543 553 fr.
1570 529 1609 554 19.
1637 527 1669 554 dc
1692 528 1765 554 inoff.
1792 533 1896 555 testam.
1915 530 1940 555 5.
1959 531 1985 556 2.

1138 568 1277 595 Hereditas
1297 584 1330 588 —
1350 568 1486 600 dividitur,
1506 569 1541 596 ita
1561 574 1589 596 ut
1607 580 1676 597 unus
1694 570 1766 598 filius
1787 576 1813 598 et
1831 571 1923 609 plures
1941 581 1987 598 ne·

1137 617 1215 650 potes
1235 611 1354 648 singulos
1374 612 1500 638 semisses
1519 612 1640 640 habeant.
1661 613 1732 641 Coll.
1751 613 1805 641 LL.
1825 614 1858 641 M.
1878 613 1949 642 XVI.
1959 616 1985 642 3.

1139 654 1181 682 Cf.
1201 654 1232 681 fr.
1252 656 1277 681 2.
1297 654 1330 681 de
1349 654 1450 691 adsign.
1474 654 1561 682 libert.
1586 658 1628 683 38.
1648 658 1672 682 4.
1710 656 1814 693 Singuli
1833 662 1923 694 partes
1942 657 1988 684 ha-

1138 699 1202 725 bere
1221 697 1327 725 debent.
1348 698 1405 725 Gai.
1425 697 1456 724 11.
1474 700 1534 725 223.
1571 699 1739 727 Denunciare
1759 716 1791 720 —
1812 700 1854 727 his
1874 700 1987 734 scilicet,

1138 746 1220 768 totam
1239 741 1369 768 habituris
1389 741 1575 774 hereditatem,
1599 742 1641 769 vel
1661 748 1762 781 partem
1781 744 1846 770 eius.
1867 742 1898 770 fr.
1919 745 1942 770 l.
1962 743 1986 777 §.

1140 787 1179 812 12.
1200 784 1233 812 de
1252 785 1347 822 inspic.
1373 789 1474 811 ventre.
1498 787 1540 812 25.
1565 786 1590 813 4.
1627 785 1663 812 Vt
1683 786 1828 813 creditores
1847 786 1986 818 haberent,

1138 839 1151 855 a
1171 838 1224 865 quo
1244 837 1321 855 suum
1336 833 1570 865 consequerentur.
1591 827 1649 855 Gai.
1665 828 1696 855 11.
1709 831 1751 856 55.
1788 829 1919 857 Effectum
1932 839 1987 856 non

1138 871 1243 898 habere.
1263 870 1294 897 sr.
1316 873 1339 898 l.
1359 871 1382 905 §.
1401 873 1426 898 2.
1446 871 1499 907 Qu.
1519 872 1607 908 quisq.
1626 872 1674 898 iur.
1687 874 1712 898 2.
1725 874 1750 899 2.
1770 888 1803 892 —-
1823 873 1854 907 ἓ.
1866 875 1905 900 -Ι,
1919 874 1986 900 Ex-

1137 916 1256 945 Iaibere,
1276 915 1438 948 Exsequi,
1459 916 1644 942 Celebrare.
1683 914 1726 942 [Il.
1742 916 1808 943 Gn.
1826 915 1868 942 Ex
1881 920 1987 942 senten-

1138 959 1182 990 tia,
1202 973 1235 977 —
1254 966 1303 994 pro
1325 956 1376 984 alio
1396 956 1494 990 habita,
1513 957 1593 984 alium
1611 959 1785 995 praegravari.
1804 958 1836 986 fr.
1849 961 1892 985 21.
1912 958 1945 986 dc
1959 957 1986 985 h.

1138 1011 1181 1038 qu.
1201 1004 1256 1026 not.
1275 999 1363 1026 infam.
1383 1000 1407 1026 3.
1426 1001 1452 1026 2.
1487 999 1553 1027 Pars
1572 1005 1691 1028 actorum
1710 1001 1859 1029 habitorum
1878 1002 1906 1028 in
1925 1011 1987 1028 con-

1137 1044 1255 1071 sistorio.
1275 1042 1345 1080 apud
1363 1043 1428 1081 Imp.
1448 1043 1498 1070 Th.
1519 1043 1550 1071 C.
1569 1043 1615 1070 XI.
1634 1046 1676 1071 39.
1702 1055 1723 1071 c.
1743 1047 1767 1071 5.
1795 1055 1816 1071 c.
1836 1045 1860 1071 8.
1881 1044 1914 1071 de
1933 1043 1987 1071 fide

1136 1089 1213 1113 test.'
1234 1085 1272 1113 Vt
1291 1086 1357 1113 ordo
1376 1096 1430 1113 non
1454 1086 1531 1114 aliter
1553 1087 1688 1114 habeatur.
1712 1087 1742 1114 fr.
1762 1089 1787 1114 3.
1811 1087 1844 1114 de
1863 1087 1934 1114 decr.
1954 1087 1987 1114 ab

1138 1129 1194 1157 ord.
1213 1131 1255 1156 50.
1275 1130 1300 1156 9.
1336 1128 1397 1156 Νοη
1420 1134 1527 1157 auctore
1549 1129 1738 1163 Procuratore,
1757 1146 1790 1151 -—
1809 1140 1896 1167 neque
1914 1130 1986 1157 habi·

1137 1174 1172 1200 tis
1187 1172 1286 1204 hastis,
1301 1182 1388 1209 neque
1405 1174 1476 1199 omni
1487 1172 1581 1203 ordine
1591 1178 1712 1210 peracto,
1723 1173 1845 1200 venditas
1855 1183 1899 1201 res
1917 1183 1985 1201 esse.

1138 1226 1159 1242 c.
1173 1217 1195 1242 1.
1216 1215 1249 1242 de
1268 1215 1322 1242 fide
1341 1221 1367 1242 et
1386 1217 1442 1243 iure
1461 1216 1529 1243 hast.
1551 1218 1590 1243 10.
1605 1217 1629 1243 3.
1649 1216 1682 1244 cf.
1701 1216 1751 1243 Th.
1772 1216 1803 1244 C.
1820 1216 1855 1243 X.
1874 1219 1898 1243 2.
1920 1226 1942 1243 c.
1962 1218 1986 1243 l.

1137 1269 1179 1296 sq.
1199 1258 1232 1285 de
1251 1258 1322 1285 dom.
1346 1259 1379 1286 ad
1402 1269 1458 1286 rem
1482 1260 1550 1297 priv.
1587 1259 1804 1286 Evidentissimis
1823 1259 1986 1297 probationi-

1137 1302 1197 1335 bus,
1216 1303 1243 1328 in
1262 1303 1371 1340 scriptis
1390 1301 1498 1334 habitis,
1518 1301 1667 1329 ostendere.
1686 1302 1717 1329 fr.
1736 1303 1778 1329 25.
1798 1303 1820 1336 §.
1834 1304 1858 1329 4.
1879 1302 1912 1330 de
1924 1312 1985 1340 pro-

1137 1346 1190 1372 bat.
1209 1347 1251 1372 22.
1271 1347 1296 1372 3.
1334 1345 1457 1372 Testatio
1476 1346 1534 1372 sine
1553 1346 1660 1382 scriptis
1680 1345 1776 1372 habita.
1796 1345 1827 1372 fr.
1847 1347 1872 1372 4.
1886 1344 1920 1372 de
1932 1345 1986 1372 fide

1137 1390 1214 1416 instr.
1233 1390 1276 1414 22.
1297 1390 1321 1415 4.
1359 1388 1485 1416 Tractatu
1507 1388 1599 1415 habito
1618 1389 1750 1421 (societas
1775 1389 1870 1422 coita.)
1890 1387 1921 1415 fr.
1939 1389 1984 1415 32.

1137 1443 1185 1470 pro
1205 1442 1260 1459 soc.
1281 1430 1321 1459 17.
1341 1434 1365 1459 2.
1402 1431 1533 1458 Diversae
1556 1433 1703 1458 sententiae
1727 1443 1740 1458 a
1766 1431 1851 1468 legum
1870 1430 1985 1469 pruden-

1135 1476 1208 1502 tibus
1227 1475 1340 1502 habitae.
1361 1485 1382 1502 c.
1404 1477 1444 1502 ll.
1464 1475 1496 1502 de
1516 1485 1578 1502 rem.
1599 1475 1670 1512 pign.
1690 1476 1714 1501 8.
1727 1476 1770 1501 26.
1806 1473 1927 1501 Habendi
1940 1473 1985 1501 vel

1135 1529 1189 1545 non
1207 1518 1322 1546 habendi
1342 1523 1494 1545 contractus
1514 1518 1568 1551 (sc.
1594 1517 1677 1544 libera
1696 1518 1845 1555 potestas.)
1865 1527 1887 1544 c.
1906 1519 1930 1544 5.
1951 1516 1985 1544 de

1136 1562 1168 1589 O.
1189 1567 1215 1589 et
1234 1562 1266 1589 A.
1285 1564 1310 1588 4.
1332 1564 1373 1588 10.
1411 1561 1475 1588 Sine
1499 1561 1608 1598 scriptis
1634 1560 1722 1587 habita
1747 1561 1835 1587 emtio.
1859 1560 1890 1587 fr.
1913 1561 1939 1587 2.
1962 1560 1984 1594 ξ.

1136 1607 1158 1632 1.
1183 1605 1217 1632 de
1241 1610 1324 1632 contr.
1349 1609 1410 1631 emt.
1438 1606 1479 1631 18.
1505 1605 1528 1631 l.
1569 1603 1664 1631 Habita
1688 1605 1904 1641 compensatione
1932 1602 1985 1629 fru-

1135 1653 1232 1679 ctuum,
1252 1647 1396 1684 solutoque
1420 1646 1491 1684 quod
1515 1646 1647 1684 reliquum
1671 1647 1820 1674 deberetur.
1846 1646 1878 1673 fr.
1897 1648 1940 1673 52.
1959 1645 1983 1680 §.

1137 1693 1158 1718 1.
1179 1691 1212 1717 de
1231 1695 1300 1728 pact.
1320 1692 1345 1717 2.
1367 1692 1406 1716 14.
1444 1689 1631 1717 Adfectionem
1649 1690 1747 1717 habere
1766 1689 1886 1727 (gerendi
1905 1698 1983 1725 nego-

1136 1734 1186 1768 tii.)
1206 1733 1237 1761 sr.
1258 1735 1298 1760 19.
1323 1734 1345 1768 §.
1369 1735 1394 1760 2.
1418 1732 1452 1759 de
1476 1732 1508 1759 N.
1530 1732 1561 1760 G.
1581 1735 1606 1760 3.
1625 1735 1650 1760 5.
1687 1733 1800 1760 Luctum
1819 1732 1879 1759 hab.
1898 1732 1983 1770 patris

1135 1777 1282 1804 memoriae.
1302 1776 1332 1803 fr.
1351 1778 1394 1803 25.
1413 1786 1453 1813 pr.
1473 1775 1506 1803 de
1525 1775 1550 1802 h.
1572 1786 1615 1813 qu.
1641 1781 1695 1803 not.
1716 1776 1803 1803 infam.
1822 1777 1847 1802 3.
1867 1777 1892 1802 2.
1929 1775 1983 1802 De—

1135 1822 1223 1847 sinere
1240 1821 1267 1847 iu
1287 1830 1336 1847 usu
1355 1819 1454 1846 haberi.
1475 1818 1532 1845 Gai.
1553 1818 1584 1846 Π.
1603 1821 1663 1846 253.
1684 1835 1716 1839 -
1736 1820 1768 1852 §.
1789 1819 1827 1845 5.
1846 1819 1982 1846 Existi-

1134 1873 1234 1896 mare,
1255 1865 1408 1895 Cenure,
1429 1864 1590 1889 [udicare.
1610 1862 1630 1889 1.
1650 1863 1713 1896 Sy.
1737 1861 1836 1893 Putari,
1856 1860 1981 1898 Intelligi‚

1134 1907 1239 1934 llaberi.
1260 1905 1292 1933 fr.
1312 1907 1353 1932 76.
1373 1905 1406 1932 de
1425 1905 1504 1932 iudic.
1523 1907 1548 1932 5.
1569 1907 1592 1932 1.
1611 1904 1642 1932 fr.
1663 1906 1722 1931 162.
1740 1915 1781 1942 pr.
1801 1903 1834 1931 de
1844 1903 1876 1931 V.
1891 1903 1919 1931 S.
1938 1905 1981 1930 50.

1137 1952 1175 1977 16.
1213 1949 1351 1977 Contineri
1371 1948 1520 1982 (nomine.)
1545 1948 1576 1975 fr.
1595 1950 1619 1975 8.
1644 1947 1677 1975 de
1695 1946 1785 1974 Senat.
1806 1949 1829 1974 1.
1848 1948 1872 1974 9.
1909 1946 1980 1979 Dici,

1134 1994 1237 2031 Accipi,
1256 1993 1334 2024 Esse,
1354 1991 1455 2019 videri.
1476 1992 1507 2018 fr.
1527 1994 1551 2018 5.
1571 2001 1630 2029 sqq.
1651 1991 1682 2018 fr.
1698 1992 1737 2016 10.
1757 1989 1788 2016 fr.
1803 1991 1843 2016 12.
1863 1989 1885 2023 §.
1901 1991 1924 2016 1.
1943 1989 1979 2016 ib.

1136 2039 1157 2063 1.
1177 2038 1202 2063 9.
1223 2035 1255 2062 cf.
1277 2035 1307 2062 tr.
1328 2037 1352 2062 2,
1372 2036 1409 2069 §§.
1430 2037 1471 2062 45.
1491 2045 1532 2072 sq.
1553 2034 1585 2061 de
1605 2034 1638 2061 Ο,
1657 2033 1677 2060 I.
1699 2035 1721 2059 l.
1740 2034 1764 2059 2.
1785 2032 1815 2060 l'r.
1832 2033 1874 2058 53.
1894 2041 1934 2069 pr.
1954 2032 1977 2066 §-

1136 2082 1157 2106 1.
1177 2079 1208 2106 fr.
1231 2080 1291 2105 242.
1316 2088 1356 2115 pr.
1382 2078 1415 2105 de
1438 2077 1470 2104 V.
1491 2077 1518 2104 S.
1543 2079 1584 2103 50.
1611 2078 1651 2102 16.
1689 2075 1730 2102 [Π.
1754 2076 1821 2103 Gn.
1841 2074 1878 2101 Vt
1896 2076 1979 2102 maior

1133 2123 1197 2149 iuris
1217 2122 1359 2148 auctoritas
1379 2120 1528 2151 haberetur,
1549 2119 1722 2151 (constituit.)
1742 2118 1796 2144 Imo
1810 2127 1917 2154 magnae
1936 2128 1980 2145 au·

1134 2165 1264 2193 ctoritatis
1283 2163 1334 2190 hoc
1353 2164 1393 2190 ius
1414 2162 1534 2189 habetur.
1555 2162 1585 2189 fr.
1605 2164 1629 2188 2.
1654 2162 1675 2196 §.
1697 2163 1739 2188 47.
1764 2161 1797 2187 de
1817 2160 1850 2187 Ο.
1870 2160 1889 2187 1.
1910 2162 1932 2187 1.
1952 2163 1976 2188 2.

1134 2208 1164 2234 fr.
1182 2209 1225 2234 36.
1245 2206 1278 2233 de
1296 2205 1349 2233 LL.
1371 2208 1392 2234 1.
1412 2208 1436 2232 3.
1470 2206 1524 2241 Qui
1543 2204 1680 2232 facultates
1699 2214 1761 2230 suas
1781 2208 1920 2241 suspectas
1933 2203 1978 2230 ha—

1134 2252 1185 2278 bet.
1206 2250 1263 2277 Gai.
1284 2249 1315 2276 Π.
1336 2251 1394 2276 154.
1432 2249 1486 2285 Qui
1506 2249 1571 2274 tanti
1591 2247 1697 2279 habuit,
1717 2257 1745 2273 re
1759 2257 1856 2279 carere,
1875 2257 1908 2274 ne
1927 2251 1977 2274 etc.

1134 2295 1163 2322 fr.
1189 2297 1214 2321 4.
1238 2295 1260 2328 §.
1286 2295 1308 2320 1.
1336 2292 1368 2319 de
1396 2291 1472 2319 alien.
1497 2290 1550 2317 iud.
1574 2294 1637 2317 mut.
1662 2300 1683 2316 c.
1703 2291 1728 2316 4.
1751 2291 1773 2316 7.
1817 2289 1927 2317 Praetor
1944 2290 1975 2316 B.

1134 2338 1210 2365 l’rem
1229 2336 1334 2364 heredis
1353 2335 1413 2362 loco
1433 2336 1460 2362 in
1478 2334 1549 2360 omni
1569 2343 1645 2359 causa
1665 2332 1752 2359 habet.
1773 2333 1803 2360 l'r.
1820 2335 1877 2360 117.
1897 2333 1931 2360 de
1942 2332 1975 2360 R.

1135 2382 1154 2408 Ι.
1173 2382 1216 2407 50.
1239 2382 1277 2406 17.
1315 2378 1412 2406 Haberi
1436 2378 1494 2404 vice
1517 2375 1674 2409 (absentis.)
1699 2375 1729 2402 fr.
1750 2377 1790 2402 15.
1810 2376 1832 2410 §.
1851 2377 1877 2403 3.
1896 2376 1927 2403 ad
1946 2375 1976 2403 L.

1134 2424 1180 2451 lul.
1202 2423 1234 2450 de
1253 2421 1334 2449 adult.
1354 2422 1396 2448 48.
1415 2422 1439 2447 5.
1475 2418 1541 2446 Hab.
1566 2418 1625 2445 loco
1645 2418 1808 2452 (infamium.
1832 2428 1856 2445 v.
1877 2418 1976 2446 domini

1134 2467 1197 2501 etc.)
1218 2466 1249 2493 fr.
1268 2467 1310 2492 21,
1330 2464 1363 2491 de
1386 2463 1410 2490 h.
1435 2472 1478 2499 qu.
1502 2466 1556 2488 not.
1580 2461 1668 2488 insani.
1693 2464 1718 2489 3.
1742 2464 1766 2488 2.
1792 2462 1849 2488 Gai.
1868 2461 1913 2489 IV.
1933 2463 1974 2488 97.

1134 2510 1195 2547 le.
1215 2508 1300 2536 XXV.
1321 2509 1360 2533 14.
1396 2505 1462 2532 Hab.
1486 2506 1567 2537 inter,
1590 2515 1615 2531 v.
1639 2506 1666 2532 in
1689 2514 1807 2531 numero.
1832 2504 1902 2531 Coll.
1921 2503 1973 2531 LL.

1133 2553 1166 2579 Μ.
1186 2551 1246 2579 XV.
1265 2553 1290 2577 2.
1310 2550 1366 2576 Gai.
1387 2549 1404 2575 1.
1428 2550 1484 2575 120.
1527 2548 1572 2574 Sic
1595 2547 1758 2579 habendum,
1778 2549 1855 2584 quasi
1874 2552 1922 2574 etc.
1941 2546 1972 2574 fr.

1132 2598 1174 2622 37.
1195 2595 1228 2622 de
1247 2594 1271 2621 d.
1290 2603 1323 2619 m.
1344 2594 1367 2618 4.
1387 2594 1411 2618 3.
1437 2591 1469 2618 cs.
1494 2591 1524 2618 sr.
1546 2593 1568 2617 7.
1588 2602 1621 2629 pr
1649 2591 1682 2618 de.
1701 2590 1790 2617 Senat.
1811 2592 1834 2617 1.
1853 2592 1878 2617 9.
1897 2590 1927 2617 fr.
1946 2591 1971 2616 2.

1132 2692 1160 2707 ac
1181 2681 1203 2706 si
1223 2685 1272 2706 etc.
1293 2678 1350 2705 Gai.
1371 2678 1413 2704 111.
1435 2680 1474 2705 73.
1493 2679 1553 2704 218.
1575 2677 1636 2715 le.
1656 2677 1674 2704 I.
1695 2679 1735 2703 12.
1754 2676 1825 2703 XVI.
1843 2677 1867 2702 3.
1887 2691 1919 2695 —
1938 2675 1970 2708 ὃ.

1131 2725 1170 2750 6.
1192 2724 1362 2757 Oportere,
1388 2721 1554 2756 compelli.
1591 2720 1610 2747 1.
1635 2721 1696 2755 Sy.
1720 2719 1824 2746 Habere
1844 2717 1971 2744 redimen-

1131 2765 1188 2792 dos.
1228 2764 1361 2802 compelli
1385 2764 1481 2791 debere
1505 2763 1640 2790 redimere.
1666 2763 1697 2790 sr.
1717 2764 1758 2789 55.
1782 2762 1804 2796 §.
1822 2762 1846 2787 2.
1867 2759 1899 2787 de
1918 2771 1969 2787 ma-

1130 2818 1198 2835 nuni.
1219 2813 1320 2834 testam.
1341 2809 1382 2834 40.
1402 2810 1425 2834 4.
1463 2806 1505 2833 111.
1524 2808 1590 2834 οη.
1615 2807 1682 2842 Qui,
1707 2806 1730 2832 si
1753 2803 1863 2831 reddere
1883 2802 1909 2829 id
1929 2814 1970 2830 co-

1130 2856 1213 2888 gatur,
1232 2850 1332 2877 laribus
1352 2867 1384 2871 —
1405 2849 1544 2878 carendum
1564 2849 1665 2877 habeat.
1684 2848 1715 2875 sr.
1733 2849 1776 2874 38.
1801 2845 1833 2872 de
1851 2845 1882 2872 R.
1895 2845 1926 2872 V.
1946 2848 1969 2873 6.
