2197 3121
939 141 1036 172 HVM
1060 160 1101 164 —
1125 142 1228 173 HVN.

217 225 246 251 fr.
266 225 289 250 6.
310 224 342 250 de
363 234 421 261 app.
443 230 467 251 et
487 224 559 251 relat.
580 226 620 250 49.
644 226 664 250 l.
702 223 785 249 Recte
804 223 919 255 dicetur,
940 223 1056 249 humani·
1077 231 1079 262 1

216 272 268 294 tate
287 272 449 303 suggerente.
475 267 505 293 fr.
528 270 548 293 l.
573 277 611 304 pr.
638 266 740 301 Quanti.
766 277 824 303 app.
849 268 890 292 49.
910 267 934 293 4.
971 265 1056 292 Habet

215 310 408 336 humanitatem.
430 310 459 336 fr.
485 322 503 335 A.
525 311 545 343 3.
563 311 584 335 l.
603 309 635 335 de
655 309 678 335 (1.
700 319 732 335 111.
754 319 808 335 exc.
822 310 863 335 44.
877 310 901 335 4.
939 308 1055 345 Recepta
1077 325 1078 337 ἢ

216 352 375 379 humanitate
394 352 499 389 placuit.
520 351 604 378 tatic.
625 353 646 385 3.
666 354 725 378 281.
764 352 818 378 Nec
837 351 922 377 solum
942 351 982 377 his
998 362 1055 388 per-

215 396 288 421 sonis
308 395 374 422 hanc
393 395 578 421 humanitatem
598 394 706 421 Praetor
726 395 795 421 solet
813 394 945 425 exhibere.
965 404 1055 420 verum
1101 400 1147 422 est.
1168 395 1198 422 fr.
1217 399 1241 422 2.
1262 397 1283 430 3.
1303 398 1326 422 5.
1348 396 1378 422 cf.
1400 396 1429 422 fr.
1451 399 1491 423 37.
1512 408 1550 434 pr.
1571 398 1603 424 de
1622 398 1694 434 relig.
1716 400 1756 424 11.
1778 400 1800 424 7.

215 443 241 464 et
260 439 282 464 si
302 440 361 474 quis
382 437 447 463 alius
468 439 510 463 sit.
535 438 564 463 fr.
587 440 607 463 1.
634 438 654 471 3.
675 441 697 464 4.
724 437 756 464 de
782 436 879 475 postul.
899 438 923 463 3.
946 439 968 463 1.
1004 436 1055 463 Pro
1077 437 1078 442 ¹

215 491 261 507 sua
285 480 443 507 humanitate
468 480 513 512 (D.
538 480 640 506 Maru-us
660 497 692 500 -—
712 480 778 506 hanc
802 490 855 506 rem
879 480 1055 516 temperavit.)

215 523 245 550 t'r.
265 526 306 550 31.
327 524 359 550 (le
377 523 406 550 L.
428 522 508 549 Corn.
533 523 566 549 de
590 523 646 549 fals.
672 525 713 549 48.
742 525 780 549 10.
824 522 920 548 Nostra
940 522 1055 548 humani-

215 571 263 593 tas,
282 566 348 593 Nov.
369 568 410 592 23.
430 576 451 591 c.
472 568 494 591 4.
533 565 616 592 Tanta
636 567 703 593 cirea
723 575 771 592 nos
791 565 894 592 divinae
913 565 1055 591 humanita-

215 610 248 635 tis
267 614 307 635 est
324 608 498 646 providentia.
520 619 541 634 c.
561 611 584 635 2.
605 619 645 646 pr.
666 609 698 635 de.
721 613 772 635 vet.
793 609 849 634 inre
869 608 954 635 enucl.
976 610 997 634 l.
1015 610 1053 634 17.

214 662 235 678 c.
255 654 296 678 31.
317 651 349 678 de
369 656 470 678 testam.
492 656 517 677 et
537 651 654 688 quemad.
679 653 701 677 6.
723 653 765 677 23.
803 650 842 677 Ne
862 652 945 677 iustae
964 652 1053 688 poeni·

213 694 312 721 tudinis
332 694 478 720 humanitas
497 699 652 732 amputetur.
674 693 723 720 Th.
744 693 775 720 C.
795 693 841 720 XI.
861 696 902 720 30.
924 704 944 721 c.
959 696 1000 720 56.
1021 694 1053 720 de

213 748 271 774 app.
293 742 318 763 et
336 747 413 774 poen.
435 737 466 763 cf.
487 737 542 764 Vll.
563 740 586 764 9.
607 748 630 764 c.
644 739 665 763 l.
685 737 717 763 de
737 736 842 773 salgam.
879 736 994 774 Speciali
1008 737 1053 763 hu-

211 781 335 811 manitate
354 779 501 806 tribuimus.
522 780 558 806 lh.
578 779 635 806 XII.
657 781 679 805 l.
700 789 720 806 c.
743 782 799 806 155.
820 779 852 806 de
872 779 1005 806 decurion.

247 823 490 850 Humaniter.
529 822 568 850 Cf.
589 833 612 848 v.
633 821 757 849 Humane.

248 866 492 892 Humanitas.
530 865 641 899 (Advb.)
680 867 767 892 More
786 867 928 892 humano.
952 864 970 891 I.
990 865 1051 899 Sy.

210 907 321 944 Aliquid
340 908 480 935 humanum
499 908 673 944 (contingere.
693 918 713 934 S.
729 907 869 941 accidere.)
906 907 1051 935 Decedere.

210 950 241 977 fr.
261 952 303 977 26.
323 961 363 988 pr.
384 951 479 988 depos.
497 952 536 977 16.
556 952 581 977 3.
605 951 636 977 fr.
655 953 697 977 30.
723 952 760 985 33.
780 954 804 977 2.
825 953 848 977 4.
869 951 901 977 de
920 951 996 977 adim.
1017 951 1050 977 le-

210 998 261 1030 gat.
280 995 323 1020 34.
343 996 367 1020 4.
822 1008 824 1010 -

247 1038 458 1063 numanus.
486 1036 615 1070 (Adiect.)
644 1038 674 1070 §.
695 1038 730 1063 l.
755 1039 804 1063 Aa
820 1038 963 1063 homines
982 1047 1051 1071 spe-

209 1086 318 1111 ctans,
345 1086 374 1105 et
402 1081 545 1105 ordinem
575 1090 679 1106 rernm
711 1083 905 1107 naturalem.
943 1079 962 1106 I.
987 1081 1049 1114 Sy.

210 1122 358 1153 Hominum,
378 1121 511 1148 Humanae
530 1122 608 1155 (res.)
629 1123 658 1149 l'r.
680 1125 701 1149 l.
722 1132 760 1159 pr.
782 1122 812 1148 fr.
832 1124 856 1148 2.
877 1123 898 1156 3.
921 1124 942 1148 l.
963 1122 995 1149 (19
1014 1123 1050 1148 111·

210 1164 312 1191 terdict.
337 1166 378 1191 43.
404 1166 427 1191 l.
466 1164 534 1191 Vita.
572 1164 625 1191 Res
650 1165 783 1191 humanae.
811 1164 841 1191 sr.
868 1167 907 1192 10.
932 1166 953 1199 3.
976 1167 997 1191 l.
1018 1165 1050 1192 119

208 1207 277 1244 vulg.
303 1212 328 1233 et
350 1218 413 1244 pup.
439 1209 481 1234 28.
506 1209 530 1234 6.
561 1218 582 1234 c.
611 1210 650 1234 15.
675 1218 714 1245 sq.
744 1208 777 1234 (19
799 1213 866 1245 pact.
886 1210 911 1234 2.
930 1210 954 1235 3.
983 1218 1004 1235 9.
1025 1211 1048 1234 5.

208 1250 313 1286 Quand.
333 1250 390 1277 dies
410 1250 486 1287 legat.
506 1252 528 1277 6.
544 1253 584 1277 53.
622 1251 784 1281 Humanitas,
805 1251 974 1283 lhunanitns,
998 1251 1049 1278 Hu-

206 1303 318 1320 manum.
340 1293 380 1320 Cf.
402 1303 425 1319 v.
444 1293 607 1320 Humanitas.
628 1295 648 1328 3.
670 1296 691 1320 l.
711 1304 735 1320 v.
756 1294 918 1321 Ilumanitus.
939 1294 967 1320 Il.
981 1296 1047 1328 Op.

205 1335 271 1363 Rem
291 1336 427 1362 humanam
452 1342 478 1363 et
501 1337 643 1364 naturalem
667 1338 729 1374 pati.
756 1337 778 1363 fr
809 1339 850 1363 27.
876 1338 897 1371 3.
918 1339 941 1364 9.
967 1337 998 1363 ad
1017 1337 1046 1364 L.

206 1378 274 1415 Aqu.
294 1380 317 1405 9.
337 1381 361 1405 2.
386 1378 494 1406 Factum
513 1380 640 1406 humanae
659 1381 747 1407 sortis.
769 1380 799 1407 fr.
813 1382 855 1407 21.
868 1391 907 1417 pr.
923 1380 955 1407 de
970 1382 1046 1407 evict.

205 1423 246 1447 21.
266 1423 289 1447 2.
316 1421 346 1447 cf.
371 1421 400 1448 fr.
425 1424 466 1448 35.
491 1423 512 1456 3
533 1425 555 1449 4.
576 1423 608 1449 de
628 1433 659 1449 m.
685 1433 706 1449 c.
735 1423 823 1450 donat.
841 1425 882 1450 39.
903 1425 926 1449 6.
965 1423 994 1450 Si
1013 1440 1045 1443 —

204 1463 247 1490 vel
267 1465 292 1490 in
311 1464 390 1490 rebus
410 1464 541 1497 humanis,
560 1465 604 1492 vel
624 1465 715 1492 saltem
735 1467 857 1503 concepti
877 1466 975 1492 suerint
993 1470 1043 1499 (sc.

205 1508 246 1533 sui
264 1506 396 1537 heredes.)
421 1507 450 1534 fr.
472 1510 493 1535 1.
519 1508 540 1541 3.
561 1509 583 1534 8.
605 1508 637 1534 de
656 1509 711 1534 suis
732 1513 757 1535 et
782 1508 851 1544 legit.
872 1510 914 1535 38.
935 1510 974 1535 16.
1014 1508 1044 1535 81

205 1551 241 1576 sit
259 1549 364 1586 quidem
384 1560 426 1576 res
447 1551 472 1576 in
491 1550 570 1577 rebus
590 1551 719 1583 humanis,
740 1551 786 1577 sed
802 1551 857 1578 dari
877 1561 928 1578 non
948 1553 1042 1589 possit.

205 1592 235 1618 t’r.
256 1594 297 1619 91.
323 1593 345 1626 3.
367 1595 389 1619 l.
416 1593 448 1619 de
468 1592 499 1619 V.
520 1593 553 1619 Ο.
578 1596 620 1620 45.
646 1596 666 1620 l.
705 1594 759 1629 Qui
779 1604 809 1620 eo
828 1599 946 1635 tempore
967 1611 998 1614 —
1018 1596 1044 1621 in

205 1635 284 1661 rebus
302 1635 422 1662 humanis
443 1641 468 1662 et
487 1637 513 1662 in
533 1646 562 1662 eo
583 1637 670 1663 officio
691 1637 794 1663 suerint.
815 1638 844 1663 fr.
865 1639 906 1664 20.
927 1638 947 1671 3.
971 1640 992 1664 l.
1013 1638 1044 1664 de

206 1688 263 1704 ann.
282 1678 357 1714 legat.
383 1680 423 1705 33.
450 1680 472 1705 l.
510 1678 538 1705 In
562 1679 641 1706 rebus
665 1680 785 1706 humanis
810 1690 897 1717 agens.
917 1680 1000 1707 Vatic.
1021 1681 1042 1715 3.
1064 1694 1066 1700 ·

204 1722 263 1746 313.
300 1720 390 1747 Rebus
414 1721 533 1748 humanis
558 1723 650 1754 eximi,
674 1733 697 1749 v.
723 1723 850 1749 subtrahi.
870 1734 892 1750 c.
911 1724 934 1749 8.
958 1723 990 1749 de
1010 1723 1041 1750 Ο.

206 1767 236 1788 et.
250 1762 281 1788 A.
301 1764 324 1788 4.
345 1765 384 1789 10.
414 1774 434 1790 c.
454 1766 477 1790 5.
507 1764 610 1800 Quand.
635 1765 692 1792 dies
712 1765 787 1801 legat.
807 1768 831 1791 6.
851 1768 893 1792 53.
930 1765 1043 1792 Naturae

204 1805 331 1831 humanae
355 1815 507 1842 congruum.
532 1807 562 1833 fr.
587 1810 628 1834 65.
653 1808 674 1841 3.
698 1810 721 1834 3.
752 1808 784 1834 de
808 1808 884 1844 legat.
909 1808 951 1835 ΠΙ.
976 1809 1042 1842 (32.)

205 1848 272 1874 Cum
292 1850 350 1885 ipso
369 1859 463 1884 genere
482 1849 593 1876 humano
614 1850 746 1887 proditum
767 1852 816 1883 (sc.
831 1852 894 1883 ius.)
915 1850 944 1877 I'r.
961 1853 982 1877 l.
1002 1861 1042 1888 pr.

204 1891 236 1917 de
260 1891 290 1917 A.
315 1891 346 1918 R.
372 1892 405 1918 D.
430 1894 472 1918 4l.
498 1894 520 1918 1.
559 1892 691 1929 Capitatio
716 1893 825 1919 humana
848 1898 926 1930 atque
950 1894 1043 1919 anima-

203 1933 274 1960 lium.
295 1933 345 1960 Th.
366 1934 396 1961 C.
417 1934 460 1960 XI.
480 1936 521 1961 20.
543 1945 563 1961 9.
581 1936 603 1961 6.
624 1945 662 1972 pr.
684 1935 716 1961 de
735 1936 822 1962 collat.
843 1936 930 1962 donat.
950 1936 1042 1963 Huma-

169 1988 174 1991 *
203 1986 250 2003 nae
269 1976 416 2013 fragilitatis
435 1982 582 2014 praetextu.
608 1977 636 2004 fr.
658 1979 680 2004 6.
706 1979 728 2012 3.
749 1981 771 2005 7.
792 1979 825 2005 de
844 1980 888 2006 oss.
909 1979 997 2006 Praes.
1019 1982 1040 2006 1.

204 2021 243 2046 18.
281 2019 355 2046 Fidei
378 2020 504 2046 humanae
528 2030 679 2057 congruum.
705 2020 735 2047 fr.
762 2023 783 2048 l.
809 2032 848 2059 pr.
874 2022 906 2049 (19
929 2028 997 2060 pact.
1017 2025 1040 2049 2.

203 2063 243 2088 14.
263 2078 295 2082 ——
315 2063 346 2096 §-
370 2064 405 2090 2.
424 2065 602 2099 Profanus.
639 2063 669 2089 ss.
695 2066 763 2098 ΟΡ.
782 2065 918 2097 Divinum,
939 2082 971 2085 —
990 2065 1042 2092 Hu-

203 2114 304 2132 manum
324 2106 398 2138 (ius.)
419 2105 493 2132 frsl.
513 2116 552 2143 pr.
573 2105 606 2132 de
624 2105 654 2132 R.
675 2106 707 2132 D.
730 2108 751 2133 l.
773 2109 796 2134 8.
817 2107 847 2134 fr.
868 2110 890 2134 l.
911 2108 943 2135 de
962 2108 993 2136 R.
1008 2109 1039 2136 N.

203 2148 244 2173 23.
263 2149 287 2173 2.
325 2147 413 2179 Sacer,
433 2148 476 2175 vel
495 2148 644 2185 religiosuS‚
665 2165 697 2168 —
716 2148 827 2176 Humani
846 2151 910 2178 iuris
931 2151 1039 2185 (locus.)

204 2188 261 2215 Gai.
280 2189 322 2216 III.
341 2192 382 2218 97.
402 2191 432 2218 fr.
453 2194 492 2218 10.
507 2192 528 2226 3.
542 2194 566 2218 2.
587 2191 619 2217 de
639 2191 656 2217 Ι.
677 2196 702 2217 et
721 2191 739 2218 Ῑ.
761 2194 782 2219 l.
798 2195 819 2219 1.
841 2204 862 2219 c.
876 2195 900 2220 9.
921 2194 953 2220 de
971 2199 1039 2232 pact.

203 2232 250 2257 int.
271 2237 330 2258 emt.
349 2235 372 2260 4.
387 2235 513 2268 54.—§.
534 2236 570 2261 3.
593 2236 778 2269 Bmzignzm,
798 2237 930 2271 Aequus.
951 2237 1038 2272 [Sy.

204 2274 353 2310 Benignior.
372 2275 515 2304 Humanior
535 2278 752 2314 (interpretatio.)
772 2277 802 2304 fr.
816 2280 840 2305 3.
860 2278 893 2305 de
911 2279 935 2306 h.
956 2290 998 2316 qu.
1012 2282 1039 2307 in

205 2321 304 2342 testam.
324 2318 366 2343 28·
385 2320 408 2344 4.
445 2319 486 2346 III.
509 2321 575 2347 (1η.
595 2320 643 2346 Est
663 2321 731 2346 enim
750 2320 888 2347 humanior
907 2327 932 2348 et
951 2322 1040 2349 utilior
1060 2326 1061 2346 i

205 2360 266 2390 (ista
286 2360 486 2396 interpretatio.)
505 2362 535 2389 fr.
555 2364 597 2389 24.
618 2363 649 2389 de
670 2367 752 2389 const.
772 2373 865 2400 pecun.
888 2366 928 2391 13.
945 2367 968 2391 5.
1006 2366 1039 2392 Et

204 2401 340 2428 humanius
361 2407 408 2431 est.
429 2408 454 2429 et
467 2406 546 2441 magis
561 2407 700 2442 aequitatis
720 2407 820 2432 ratione
839 2407 987 2434 subnixum.
1007 2408 1037 2435 fr.

204 2446 243 2469 84.
265 2454 303 2480 pr.
323 2444 355 2470 (19
375 2444 461 2471 1191911.
481 2447 539 2474 inst.
559 2450 600 2475 28.
614 2451 637 2475 5.
675 2448 793 2484 Aequius
812 2449 924 2481 videtur.
945 2467 977 2471 —
996 2461 1039 2478 ne-

204 2497 253 2523 que
273 2486 410 2513 humanum
430 2487 515 2514 suerit.
535 2490 564 2516 fr.
584 2492 625 2517 37.
647 2491 679 2518 de
697 2491 783 2517 fideic.
804 2491 866 2518 libb.
886 2495 927 2519 40.
948 2495 971 2519 5.
1008 2494 1037 2520 111

203 2529 329 2564 ambiguis
349 2529 427 2556 rebus
451 2530 630 2559 humaniorem
655 2535 811 2560 sententiani
830 2536 905 2571 sequi
924 2542 1035 2573 oportet.
1057 2547 1059 2562 r

203 2571 232 2597 l'r.
257 2574 292 2597 10.
314 2572 334 2605 3
358 2573 378 2597 l.
399 2572 430 2599 de
449 2573 503 2599 reb.
524 2573 584 2600 dub.
609 2577 650 2602 34.
670 2579 693 2602 5.
720 2577 747 2603 cf
776 2577 806 2603 sr.
825 2580 866 2604 23.
892 2589 931 2615 pr.
956 2579 988 2606 de
1007 2579 1034 2606 S.

202 2613 229 2640 P.
251 2614 281 2640 V,
308 2617 331 2640 8.
355 2617 378 2640 2.
416 2615 450 2641 Et
473 2626 563 2642 verum
586 2622 663 2653 puto,
682 2635 714 2638 —
734 2619 784 2646 hoc
808 2621 875 2647 enim
899 2621 1035 2649 humanius

202 2662 249 2683 est.
270 2657 299 2683 fr.
318 2659 341 2683 3.
363 2657 395 2683 (19.
414 2658 457 2685 off.
477 2658 562 2685 Praet.
584 2661 606 2685 1.
630 2661 669 2686 14.
706 2661 851 2690 Humanum
871 2669 911 2691 est
930 2665 1035 2698 (confir-

202 2701 273 2731 mari,
293 2710 316 2726 v.
337 2701 424 2736 exigi.)
450 2700 479 2727 fr.
506 2704 544 2728 13.
569 2703 590 2736 3.
614 2704 636 2728 1.
661 2703 693 2730 de
717 2704 804 2732 donat.
828 2708 874 2733 int.
894 2707 925 2734 V.
949 2709 990 2734 24.
1011 2711 1033 2735 l.

202 2742 231 2768 I'r.
250 2744 291 2768 24.
312 2743 343 2769 ad
363 2744 456 2769 munic.
481 2746 521 2770 50.
548 2746 569 2770 l.
612 2744 727 2772 Humana
746 2749 962 2786 interpretatione
980 2751 1033 2788 pla-

204 2786 262 2811 cuit.
282 2786 312 2812 fr.
334 2788 355 2812 1.
376 2787 398 2820 3.
417 2788 440 2813 6.
461 2786 493 2813 ad
512 2786 538 2813 S.
558 2787 589 2814 C.
610 2787 681 2814 Tert.
701 2790 741 2815 38.
763 2792 802 2817 16.
1054 2809 1055 2823 1

1888 147 1944 177 123

1136 226 1318 252 Humare.
1339 227 1439 252 Humo
1464 233 1583 261 tegere,
1604 229 1780 260 sepeliendi
1798 237 1902 253 cansa.
1924 228 1942 254 1.

1101 269 1162 302 Sy.
1183 267 1312 294 Condere.
1334 268 1374 294 (Ὺ.
1396 268 1418 294 11.
1440 279 1463 295 v.
1485 269 1613 306 Svpelire.
1638 269 1669 295 l'r.
1695 271 1737 295 37.
1757 280 1795 306 pr.
1817 269 1849 295 (le
1869 269 1940 306 relig.

1101 312 1140 336 11.
1162 312 1184 336 7.
1221 310 1263 336 III.
1286 311 1351 337 011.
1379 310 1435 337 Nou
1457 317 1536 340 totus.
1557 314 1600 348 qui
1622 312 1773 349 sepulturae
1793 311 1940 339 destinatus

1100 358 1148 383 est.
1168 353 1242 379 locus
1261 352 1400 389 religiosus
1421 354 1458 385 lit,
1479 355 1526 381 sed
1546 360 1676 391 quatenus
1690 365 1786 392 corpus
1807 355 1940 381 humatum

1839 397 1873 424 Vt
1887 408 1940 424 cer-

1100 443 1142 464 tus
1166 449 1289 465 numerus
1318 439 1450 466 hominum
1480 442 1506 466 in
1532 451 1582 466 uno
1612 441 1671 467 loco
1701 441 1830 467 humetur,
1859 441 1888 467 fr.
1914 443 1936 467 4.

1100 491 1191 508 comm.
1216 482 1305 518 praed.
1329 484 1353 509 8.
1378 484 1400 508 4.
1449 482 1587 510 Humatum
1607 494 1704 521 corpus
1729 500 1761 503 —
1786 484 1935 510 transferre.

1100 524 1149 550 Th.
1170 524 1200 550 C.
1220 524 1265 551 IX,
1287 527 1326 551 17.
1346 536 1366 551 c.
1388 527 1411 551 7.
1432 525 1464 551 de
1483 526 1582 563 sepulc.
1604 527 1665 553 viol.

1135 568 1328 595 namatio.
1366 570 1467 595 Actus
1486 571 1501 595 Ιι
1510 572 1648 596 arnandi.
1668 570 1686 596 Ι,
1707 571 1768 604 Sy.
1788 569 1938 607 Sepultura.

1099 609 1127 636 fr.
1148 613 1172 636 2.
1193 611 1214 644 3.
1234 613 1257 636 5.
1278 611 1310 638 de
1329 611 1403 647 relig.
1426 613 1464 637 ll.
1486 613 1508 637 7.
1529 610 1558 637 fr.
1578 614 1618 638 22.
1640 613 1660 645 3.
1680 615 1704 639 4.
1726 613 1777 648 Qu.
1797 614 1824 640 vi
1843 617 1887 640 aut
1905 613 1938 640 91.

1098 654 1138 679 43.
1158 655 1199 679 24.

1133 697 1354 724 Humerale.
1392 699 1559 724 Armorum
1580 708 1698 732 gemm,
1727 701 1810 732 quod
1834 700 1937 724 hame-

1097 749 1147 765 ros
1166 741 1262 774 tegit.
1299 739 1341 766 III.
1363 741 1429 767 Gn.
1454 740 1483 766 Si
1502 745 1612 777 partem,
1632 742 1681 773 (sc.
1702 741 1843 773 armorum)
1862 757 1895 760 —
1914 742 1937 767 si

1097 781 1195 812 tibiale.
1214 781 1256 808 vel
1276 782 1422 815 humerale7
1447 782 1578 810 alienavit.
1604 783 1633 810 fr.
1655 785 1694 809 14.
1715 784 1780 817 3.1.
1801 783 1832 810 (19
1851 782 1882 810 R.
1902 783 1935 810 M.

1096 825 1137 850 49.
1160 825 1198 850 16.

1132 867 1305 894 numeri·
1325 870 1469 896 Persona
1488 872 1567 903 ipsa.
1588 868 1629 895 ΠΙ.
1651 871 1716 897 Gn.
1736 868 1872 906 lmponere.
1892 869 1936 895 hu-

1096 911 1174 936 meris
1188 910 1388 947 provincialium
1399 912 1526 944 (aerariae
1540 913 1727 949 praestationis
1741 911 1935 944 adiectionem.)

1096 951 1145 978 Th.
1167 951 1197 978 C.
1217 952 1261 978 XI.
1284 954 1305 978 l.
1326 963 1347 979 c.
1366 955 1407 979 23.
1428 954 1460 980 de
1479 964 1573 981 annon.
1594 960 1619 981 et
1638 955 1728 981 tribut.

1131 996 1331 1022 Humidus.
1351 996 1479 1029 (Adieet.)
1500 999 1669 1024 Humorem
1688 1000 1809 1024 liabens.
1828 997 1934 1031 Hop-

1094 1038 1217 1070 Arentes,
1237 1055 1269 1058 —
1289 1038 1417 1065 Humidae
1436 1039 1559 1076 (fruges.)
1584 1039 1633 1066 Th.
1654 1040 1684 1067 C.
1705 1041 1735 1067 II.
1755 1042 1796 1067 33.
1817 1051 1839 1067 9.
1860 1042 1882 1066 1.
1902 1039 1935 1066 de

1095 1091 1165 1108 usur.

1131 1124 1306 1151 numius.
1345 1124 1474 1158 (Adiect.)
1512 1126 1542 1159 §.
1562 1126 1596 1152 l.
1629 1127 1790 1158 Decliris,
1810 1127 1933 1152 Demis-

1094 1177 1153 1193 sus.
1191 1167 1220 1193 II.
1238 1169 1305 1201 Op.
1325 1168 1463 1199 Altiorem,
1485 1184 1516 1187 —
1537 1168 1708 1195 llumiliorem
1728 1170 1808 1201 (viam
1827 1168 1933 1201 facere.)

1094 1210 1123 1236 fr.
1146 1212 1168 1236 l.
1189 1211 1208 1244 3
1229 1213 1252 1236 2.
1273 1211 1305 1237 (19.
1324 1212 1364 1237 via
1385 1211 1447 1248 pub.
1468 1216 1494 1237 et
1514 1212 1569 1237 itin.
1588 1212 1629 1237 43.
1652 1213 1691 1237 11.
1713 1228 1743 1232 —
1766 1212 1796 1245 ξ.
1812 1213 1847 1238 2.
1870 1213 1933 1244 Qui

1094 1254 1271 1289 inferioris
1295 1256 1435 1285 ordinis,
1462 1256 1509 1280 nel
1531 1255 1795 1280 existimationis
1822 1260 1875 1280 est.
1913 1253 1931 1281 Ι.

1093 1297 1153 1330 Sy.
1175 1295 1280 1333 TurpiS.
1302 1296 1331 1323 fr.
1351 1299 1375 1323 3.
1396 1298 1417 1330 3.
1438 1298 1464 1323 4.
1482 1296 1515 1323 de
1534 1296 1607 1323 liber.
1629 1296 1715 1323 exhib.
1737 1298 1777 1323 43,
1797 1298 1838 1323 30.
1876 1295 1932 1322 Ple-

1092 1339 1152 1370 11911,
1173 1338 1328 1371 Temiores,
1349 1339 1516 1366 Humiliores.
1538 1339 1568 1366 fr.
1586 1341 1624 1365 ll.
1645 1340 1703 1373 3.1.
1725 1339 1757 1366 de
1776 1339 1802 1366 d.
1821 1350 1853 1365 mv
1868 1342 1892 1366 4.
1905 1340 1929 1365 3.

1092 1381 1121 1407 l'r.
1143 1383 1165 1407 l.
1185 1382 1206 1415 3.
1226 1383 1249 1407 8.
1271 1382 1299 1408 fr.
1320 1384 1344 1409 3.
1364 1383 1447 1416 §.16.
1467 1382 1500 1409 de
1518 1393 1591 1420 susp.
1612 1388 1660 1409 tut.
1680 1384 1721 1409 26.
1743 1384 1781 1408 10.
1802 1381 1832 1408 fr.
1846 1383 1887 1408 28.
1908 1381 1930 1414 3.

1089 1426 1113 1450 2.
1134 1424 1163 1450 fr.
1183 1426 1224 1450 38.
1245 1425 1266 1458 3.
1285 1426 1310 1451 3.
1331 1425 1363 1451 de
1382 1436 1461 1463 poen.
1480 1427 1521 1452 48.
1544 1427 1582 1452 19.
1620 1425 1650 1452 ΙΙ.
1676 1427 1743 1459 01).
1764 1424 1930 1451 potentiores

1089 1468 1146 1493 viri.
1179 1483 1211 1486 —
1242 1467 1408 1494 Humiliores.
1430 1468 1459 1494 l'r.
1481 1470 1503 1495 6.
1528 1469 1550 1502 3.
1569 1471 1593 1495 2.
1620 1468 1651 1495 de
1671 1468 1715 1495 off.
1735 1468 1823 1494 Praes.
1845 1469 1867 1493 l.
1890 1468 1929 1492 18.

1090 1509 1201 1536 Humilis
1220 1510 1280 1542 loci,
1307 1521 1326 1537 S.
1349 1511 1515 1537 Humiliores.
1540 1527 1571 1530 —
1596 1511 1776 1537 Honestiores.
1796 1510 1826 1536 fr.
1845 1510 1886 1536 38.
1907 1510 1929 1543 3.

1088 1555 1112 1579 3.
1133 1553 1148 1579 l.
1170 1555 1210 1579 43.
1233 1555 1271 1579 19.
1293 1554 1324 1580 ef.
1351 1554 1380 1580 sr.
1400 1556 1424 1580 3.
1450 1555 1473 1588 3
1493 1556 1516 1580 5.
1537 1554 1570 1580 ad
1588 1554 1618 1580 L.
1639 1553 1719 1581 Corn.
1740 1553 1772 1580 (19
1791 1554 1867 1580 sicar.
1886 1554 1927 1578 48.

1089 1597 1112 1622 8,
1133 1595 1205 1622 Paul.
1226 1595 1258 1622 V.
1280 1598 1318 1623 19.
1340 1597 1361 1630 3.
1384 1599 1405 1623 l.
1443 1597 1562 1623 Senator.
1577 1613 1609 1616 —-
1625 1597 1756 1629 Plebeius,
1776 1595 1818 1622 vel
1838 1594 1930 1621 humili

1090 1638 1148 1665 loco
1168 1644 1252 1665 natus.
1277 1639 1314 1666 Ib.
1339 1639 1370 1666 V.
1391 1641 1414 1666 4.
1440 1640 1460 1673 3
1484 1642 1522 1666 10.
1547 1640 1604 1666 Gai.
1628 1640 1670 1666 ΙΙΙ.
1694 1642 1752 1666 225.
1795 1638 1824 1665 Si
1847 1638 1929 1664 humi-

1090 1681 1156 1708 liore
1175 1681 1234 1708 loco
1254 1683 1314 1708 sint.
1347 1697 1378 1701 —
1411 1682 1439 1708 Si
1460 1684 1485 1708 in
1504 1683 1591 1719 aliquo
1615 1683 1696 1719 gradu
1715 1682 1742 1709 id
1761 1682 1877 1708 fecerint.
1896 1680 1927 1706 fr.

1091 1726 1130 1750 12.
1151 1725 1216 1757 3.1.
1236 1724 1268 1751 de
1288 1724 1390 1751 incend.
1410 1726 1491 1751 ruina.
1512 1727 1552 1752 47.
1573 1727 1596 1752 9.
1635 1725 1664 1751 Si
1683 1725 1725 1751 vel
1744 1725 1869 1761 dignitate
1884 1723 1928 1750 ali-

1089 1777 1147 1803 qua.
1167 1767 1209 1793 vel
1229 1766 1341 1793 fortunis
1361 1772 1476 1794 utuntur.
1506 1784 1538 1787 —-
1567 1768 1620 1803 Qui
1640 1767 1788 1794 humilioris
1808 1767 1927 1793 fortunae

1088 1814 1156 1835 sunt.
1179 1809 1228 1836 Th.
1249 1809 1280 1836 C.
1301 1810 1355 1837 VII.
1378 1813 1415 1836 10.
1437 1821 1457 1837 c.
1480 1812 1501 1837 l.
1522 1812 1543 1845 3.
1562 1813 1586 1837 2.
1607 1821 1639 1837 ue
1662 1821 1704 1847 qu.
1724 1812 1750 1836 in
1769 1810 1847 1848 palat.
1883 1809 1925 1836 III.

1088 1854 1153 1879 Cn.
1175 1852 1296 1884 Humilis.
1317 1853 1496 1883 calumniator,
1515 1858 1592 1880 uotae
1612 1854 1750 1890 nequitiae.
1770 1853 1802 1880 fr.
1821 1855 1845 1879 3.
1865 1853 1887 1886 3.
1901 1855 1925 1879 4.

1087 1894 1119 1921 (19
1137 1895 1211 1921 liber.
1233 1895 1319 1922 exhib.
1334 1898 1374 1922 43.
1389 1898 1430 1923 30.
1467 1896 1589 1927 Humilis,
1608 1896 1650 1923 vel
1664 1897 1764 1923 abiecta
1777 1895 1926 1933 (persona.)

1087 1948 1108 1965 9.
1128 1940 1150 1964 7.
1171 1937 1203 1964 de
1222 1939 1313 1965 incest.
1328 1943 1402 1975 nupt.
1422 1941 1446 1966 5.
1461 1941 1485 1965 5.
1507 1939 1555 1966 Th.
1577 1939 1607 1966 C.
1627 1939 1671 1966 IV.
1691 1941 1714 1966 6.
1735 1950 1757 1966 c.
1776 1941 1799 1965 3.
1820 1937 1924 1972 (ch.)

1086 1980 1118 2007 de
1137 1985 1220 2007 natur.
1240 1981 1275 2008 fil.
1300 1981 1412 2008 Humilis
1427 1987 1451 2008 et
1471 1982 1632 2019 deploratus.
1662 1982 1703 2009 Cf.
1715 1993 1738 2009 v.
1753 1982 1923 2019 Deploratus.

1085 2024 1234 2051 Humilibus
1253 2024 1362 2056 officiis,
1383 2030 1426 2051 aut
1450 2025 1662 2052 extraordinariis
1687 2025 1811 2051 oneribus
1836 2025 1923 2057 (occu-

1085 2068 1161 2104 pari.)
1181 2067 1216 2094 Ib.
1237 2067 1293 2094 XII.
1313 2069 1336 2094 6.
1357 2078 1378 2094 9.
1392 2070 1434 2094 31.
1455 2067 1487 2094 de
1501 2073 1649 2105 susceptor.
1688 2068 1741 2103 Qui
1760 2068 1862 2103 negotia
1878 2066 1923 2092 hu-

1085 2110 1186 2137 miliora
1214 2110 1371 2148 disceptent.
1409 2110 1444 2137 lb.
1469 2110 1486 2137 I.
1514 2112 1552 2137 16.
1582 2121 1603 2137 9.
1628 2112 1651 2137 8.
1677 2110 1788 2144 (ch.)
1817 2109 1850 2136 de
1878 2109 1920 2135 off.

1084 2153 1158 2180 Rect.
1178 2153 1219 2180 Pr.

1120 2197 1337 2223 Humilstas.
1366 2198 1504 2229 Vilicus,
1524 2198 1722 2232 Indignitam
1746 2196 1856 2230 1101).
1875 2194 1921 2221 Di-

1083 2240 1168 2275 gnitas
1188 2240 1299 2272 (vitae.)
1323 2239 1394 2265 Paul.
1418 2239 1446 2265 V.
1468 2241 1506 2266 15.
1533 2240 1553 2272 3.
1576 2241 1597 2265 l.
1634 2239 1676 2265 lII.
1701 2240 1766 2267 Cn·
1787 2238 1919 2265 contemti

1083 2287 1109 2308 et
1127 2283 1238 2308 miserae
1256 2282 1410 2308 humilitatis
1434 2282 1559 2308 inclinati.
1584 2282 1632 2309 Th.
1653 2282 1684 2309 C.
1703 2281 1773 2308 XVI.
1792 2284 1816 2307 2,
1836 2291 1857 2307 9.
1877 2281 1917 2306 41.

1083 2324 1115 2351 de
1144 2326 1224 2361 episc.
1253 2324 1315 2351 eccl.
1353 2324 1552 2361 Regradationis
1580 2325 1738 2351 humanitate
1765 2324 1852 2361 plecti.
1880 2322 1917 2348 Ib.

1082 2366 1150 2393 VIII.
1171 2369 1194 2393 5.
1215 2377 1235 2393 c.
1255 2369 1278 2393 2.
1299 2367 1331 2393 (19
1351 2378 1429 2394 cursu
1448 2368 1510 2404 pub.

1118 2411 1275 2437 Hunnor.
1312 2412 1451 2445 Liquor,
1471 2413 1568 2445 Aqua..
1604 2411 1646 2437 IH.
1677 2412 1740 2438 (ἠ.
1760 2408 1831 2435 Vitio
1851 2409 1917 2435 vesi-

1082 2463 1126 2479 cae
1145 2452 1284 2479 collectum
1303 2452 1437 2479 humorem
1458 2455 1592 2480 continere
1611 2464 1663 2479 non
1681 2462 1768 2489 posse.
1788 2451 1818 2478 sr.
1834 2453 1873 2477 l4.
1893 2452 1914 2485 3.

1081 2497 1104 2521 4.
1131 2495 1163 2522 (19
1182 2495 1268 2521 Α9(111.
1293 2495 1371 2521 edict.
1396 2498 1436 2522 21.
1463 2498 1485 2522 l.
1523 2497 1649 2531 Quamvis
1673 2495 1807 2521 humorem
1831 2495 1916 2532 capiat

1080 2539 1174 2575 paries.
1202 2538 1232 2565 fr.
1255 2540 1294 2564 19.
1314 2548 1353 2576 pr.
1372 2538 1404 2565 de
1424 2539 1450 2565 S.
1472 2539 1498 2566 P.
1523 2539 1553 2565 V.
1573 2540 1596 2564 S.
1616 2540 1639 2563 2.
1661 2537 1691 2563 cf.
1716 2537 1746 2563 sr.
1770 2539 1811 2563 57.
1837 2537 1913 2564 locat.

1081 2582 1120 2607 19.
1140 2583 1164 2607 2.

1115 2625 1273 2650 Hamus.
1314 2626 1430 2655 Terra,
1452 2626 1565 2649 Solum.
1603 2622 1645 2649 ΙΙΙ.
1669 2624 1734 2650 sn.
1762 2623 1839 2650 Humi
1859 2633 1914 2650 cor-

1079 2676 1129 2703 pus
1149 2666 1218 2692 dare.
1238 2665 1268 2692 fr.
1288 2667 1328 2693 40,
1349 2668 1370 2700 3
1385 2669 1407 2692 2.
1423 2666 1454 2692 de
1467 2676 1528 2691 auro
1543 2676 1593 2701 arg.
1607 2667 1648 2692 34.
1662 2668 1686 2692 2.
1723 2665 1807 2692 Η111110
1822 2671 1912 2703 operta

1079 2710 1174 2742 (saxa.)
1195 2708 1244 2735 Th.
1265 2708 1295 2736 C.
1316 2710 1349 2736 X.
1371 2711 1409 2735 19.
1431 2719 1452 2734 9.
1472 2709 1511 2734 14.
1532 2708 1564 2734 de
1584 2708 1678 2736 metall.

1114 2752 1257 2778 Hunni.
1303 2753 1423 2785 Populi
1454 2753 1648 2778 Sarmatiae.
1691 2751 1732 2778 III.
1759 2753 1823 2779 Cn.
1848 2752 1910 2787 Scy-

1076 2804 1127 2823 ras.
1146 2794 1281 2821 barbaram
1300 2794 1438 2825 nationem,
1458 2794 1577 2820 maximis
1591 2794 1675 2828 (Hun)
1695 2805 1795 2825 norum,
1815 2794 1908 2830 quibus
