2197 3121
266 183 331 214 860

267 266 322 303 pite
341 275 370 291 ac
389 266 514 300 sanguine
533 263 661 301 supplicia
681 263 779 290 luituri.
800 262 850 289 Th.
865 262 896 289 C.
912 261 982 289 XVI.
1004 263 1027 288 l.
1048 272 1068 288 c.
1083 262 1107 288 4.

267 308 301 335 de
320 308 372 334 lide
391 308 457 334 cath.
476 307 546 334 XVI.
567 310 590 333 4.
612 317 632 333 c.
654 309 676 333 1.
697 307 729 333 (le
749 306 772 332 h.
794 316 835 342 qu.
856 316 913 343 sup.
934 304 1007 341 relig.

302 352 448 378 Sanies.
481 352 627 385 Sanguis
647 359 754 376 recens
773 355 956 383 corruptus.
985 347 1108 375 HLC'n.

268 393 447 421 Tabeseentes
471 398 556 425 artus,
586 398 642 419 atro
666 393 791 428 sanguine
815 393 942 429 permixta
968 391 1042 417 sanic
1067 390 1110 417 de-

267 437 389 464 fluentes.
410 436 460 462 Th.
481 435 511 463 C.
532 436 576 463 IX.
598 438 638 463 12.
658 446 678 462 c.
700 437 722 461 1.
742 435 774 462 (le
794 434 894 461 emend.
915 444 1015 460 servor.

302 480 468 507 sanitas.
515 480 545 512 ξ.
567 481 601 506 1.
633 481 819 514 Integritas
849 479 975 505 virium.
1016 478 1110 504 Bona

268 525 426 550 valetudo.
464 522 495 548 II.
511 524 578 556 Op.
593 521 700 548 Vitium.
720 521 837 548 Morbus.
857 520 887 547 fr.
904 522 926 547 l.
946 521 966 554 9.
982 521 1003 546 7.
1024 520 1054 546 fr.
1068 521 1110 546 38.

268 576 307 603 pr.
327 566 348 598 9.
368 567 391 592 5.
413 565 445 592 de
464 565 550 591 Aedil.
570 564 647 591 edict.
667 567 708 591 21.
730 567 752 591 l.
774 564 805 591 cf.
828 563 857 590 fr.
880 566 919 590 10,
939 564 961 597 9.
983 565 1005 589 l.
1025 562 1110 589 mand.

268 610 309 634 17.
326 610 347 634 l.
385 608 428 634 III.
441 610 507 636 (In.
527 608 644 634 Sanitate
662 608 770 634 robusta
790 607 942 639 (animalia.)
957 605 1006 632 Th.
1021 606 1052 632 C.
1068 605 1110 632 Vl.

267 652 310 677 29.
330 661 351 677 c.
372 652 395 678 9.
415 652 436 685 9
460 653 481 677 l.
505 651 537 677 de
557 653 652 678 curios.
691 650 820 677 Cessante
840 649 1004 681 valetudine,
1028 654 1053 675 et
1073 658 1112 674 se—

269 698 327 720 cuta
353 695 471 720 sanitate.
500 694 572 721 Paul.
597 694 639 721 111.
664 696 686 720 7.
712 694 732 728 9.
755 695 779 720 2.
817 694 925 720 Sumtus
950 694 976 719 in
1000 692 1112 718 salutem

268 737 325 763 eius
345 742 371 763 et
389 738 526 764 sanitatem
546 738 614 764 facti.
640 736 709 763 Cull.
730 736 782 763 LL.
802 736 835 763 M.
856 736 886 762 lI.
906 738 930 762 4.
951 736 981 762 fr.
1003 738 1025 762 1.
1045 736 1067 769 §.
1087 737 1111 761 3.

269 778 302 806 de
326 785 391 806 extr.
418 790 491 817 cogn.
518 783 557 807 50.
584 782 624 806 13.
654 795 685 799 --
714 780 745 813 δ.
767 781 802 806 2.
830 782 923 806 Recte
949 780 1113 806 sentiendi

268 825 454 858 agendique
473 826 572 850 ratio.
609 822 652 849 Ill.
668 824 735 850 Gn.
754 822 799 849 Sic
818 822 895 854 dicta.
916 823 991 859 quasi
1009 831 1113 853 vecors,

268 874 397 898 vesanus⁷
423 868 468 903 qui
492 867 549 892 sine
573 865 666 897 corde,
690 871 734 892 aut
759 867 871 892 sanitate
896 870 974 892 esset.
999 864 1029 892 fr.
1052 866 1111 891 242.

268 909 291 942 §.
310 910 334 935 3.
359 908 391 935 de
410 909 442 936 V.
463 909 489 936 S.
516 911 557 935 50.
579 910 617 935 16.
655 909 797 945 Prodigus,
824 914 929 947 recepta
953 909 1022 935 vitae
1046 909 1113 934 sani-

269 956 336 984 tate,
360 952 393 978 ad
417 952 502 978 bonos
522 962 608 978 mores
633 962 764 979 reversus.
788 952 861 979 Paul.
880 952 924 979 III.
944 952 1006 978 4.A.
1028 952 1050 986 §.
1073 953 1112 977 12.

269 994 300 1021 Τι’.
322 996 344 1021 l.
365 1005 402 1032 pr.
423 995 454 1021 dc
474 1005 527 1021 cur.
548 996 639 1021 furios.
658 997 699 1020 27.
722 997 762 1020 10.

304 1038 678 1071 Sanus.(Adi1—ct.)§.l.
699 1039 789 1065 Bona
808 1039 994 1064 valetudine
1014 1043 1113 1063 alens.

270 1079 300 1106 Π.
322 1082 389 1114 Op.
415 1080 564 1107 morbosus.
589 1080 630 1107 Cf.
652 1080 676 1107 h.
696 1090 720 1107 v.
749 1079 913 1107 Periclitans.
939 1080 980 1107 Cf.
999 1090 1023 1106 v.
1044 1079 1114 1106 Peri-

271 1123 364 1150 clitari.
379 1124 399 1157 9.
414 1125 437 1150 2,
476 1123 518 1150 III.
534 1125 600 1151 Cn.
620 1124 649 1150 Si
669 1125 728 1160 quis
748 1133 827 1150 sanus
847 1123 910 1149 alias
930 1134 959 1150 ac
978 1123 1114 1151 robustus.

270 1171 389 1204 tempore
402 1166 534 1193 iudicandi
548 1166 682 1193 levissima
696 1166 761 1193 febri
776 1172 914 1203 correptus
928 1166 1013 1193 fucrit.
1029 1166 1059 1192 fr.
1073 1167 1114 1191 60.

270 1209 304 1236 de
323 1220 350 1236 rc
369 1209 422 1236 iud.
442 1212 483 1236 42.
504 1212 527 1236 1.
563 1210 695 1246 integrum
715 1220 744 1236 ac
763 1220 854 1236 sanum
873 1209 948 1236 tradi.
969 1209 1000 1236 fr.
1019 1211 1062 1235 27.
1082 1208 1114 1234 de

270 1252 303 1280 A.
327 1253 356 1279 E.
377 1252 409 1279 V.
437 1254 477 1280 19.
498 1255 522 1279 l.
549 1253 578 1279 fr.
598 1255 622 1279 2.
647 1252 680 1279 dc
704 1263 753 1279 rer.
777 1257 887 1290 permut.
914 1254 953 1279 19.
972 1253 996 1278 4.
1023 1251 1053 1278 fr.
1074 1252 1114 1277 16.

269 1297 292 1330 §.
312 1298 335 1322 2.
361 1296 391 1322 fr.
411 1298 453 1323 31.
478 1295 510 1322 dc
536 1295 658 1322 eviction.
681 1298 724 1322 21.
743 1298 768 1322 2.
792 1311 824 1314 -
852 1296 883 1328 9.
904 1297 939 1322 2.
966 1297 1116 1329 Sapiens,

270 1341 409 1366 Rationi
428 1341 624 1366 conveniens.
662 1338 753 1373 [Sy.
773 1338 886 1370 Sentire,
906 1339 1017 1365 Saniore
1036 1348 1117 1364 sensu

271 1381 452 1415 (admittere.)
477 1381 506 1407 Τι’.
528 1383 567 1408 14.
587 1381 619 1408 dc
640 1382 683 1408 off,
704 1381 790 1408 Praes.
812 1384 834 1408 1.
857 1383 896 1408 18.
933 1381 964 1408 II.
981 1383 1048 1415 ⁰1¹·
1068 1380 1118 1407 Fu-

270 1425 373 1454 riosus.
396 1424 439 1450 vel
463 1424 578 1451 demens.
606 1424 648 1451 Cf.
673 1435 697 1451 v.
717 1425 841 1452 Demens.
878 1424 922 1451 III.
939 1426 1005 1452 Gn.
1031 1424 1116 1450 Sanus

271 1472 372 1499 mente,
396 1467 458 1493 licet
483 1478 558 1503 aeger
582 1478 702 1504 corpore.
728 1478 748 1494 c.
773 1470 814 1494 27.
840 1468 872 1495 de
894 1472 1018 1494 transact.
1042 1470 1066 1494 2.
1092 1469 1116 1493 4.

272 1509 354 1546 Quod
373 1511 463 1546 utique
482 1521 558 1536 nemo
578 1520 657 1537 sanus
677 1511 809 1548 probabit.
829 1511 859 1538 sr.
878 1513 920 1538 31.
942 1510 974 1537 dc
994 1512 1116 1537 evictiou.

271 1555 314 1579 21.
333 1555 357 1579 2.
394 1553 479 1579 Sanos
504 1564 590 1580 mores
615 1555 741 1591 recipere.
765 1554 795 1581 fr.
817 1556 839 1581 1.
860 1565 900 1591 pr.
926 1554 959 1581 dc
981 1558 1061 1581 curat.
1080 1553 1117 1580 su-

272 1597 334 1622 rios.
353 1597 395 1621 27.
418 1597 456 1622 10.

307 1640 419 1671 Sapa-
446 1640 586 1666 Mustam
600 1642 770 1667 decoctum.
796 1639 838 1666 Ill.
850 1641 917 1668 Cn.
932 1639 985 1667 Vas
1000 1650 1116 1672 aeneum,

273 1682 301 1708 in
320 1692 371 1718 quo
392 1692 453 1719 sapa
474 1687 640 1718 coqueretur.
661 1688 687 1709 et
705 1682 835 1709 defrutum
855 1683 908 1709 fiat.
928 1683 958 1710 fr.
980 1685 1019 1710 12.
1039 1684 1116 1718 9.10.

273 1725 307 1752 de
326 1727 400 1752 instr.
420 1725 468 1761 leg.
488 1727 529 1752 33.
551 1728 574 1751 7.
594 1725 666 1752 Paul.
686 1725 728 1752 III.
750 1728 773 1752 6.
794 1726 815 1760 9.
836 1728 876 1753 77.

308 1770 464 1802 Sapere.
494 1770 634 1796 Ralione
651 1771 838 1803 praeditum
858 1780 928 1796 esse.
959 1769 1051 1804 [Sy.
1072 1769 1118 1796 Sa-

273 1812 350 1849 piens
369 1822 436 1838 esse.
457 1822 477 1837 c.
498 1813 522 1838 9.
542 1811 574 1838 de
593 1812 692 1848 impub.
712 1817 738 1838 et
757 1811 788 1838 al.
809 1813 832 1838 6.
852 1814 893 1839 26.
930 1812 961 1839 lI.
981 1814 1048 1847 ΟΡ.
1068 1812 1118 1839 Fu-

274 1864 346 1886 rere,
369 1854 496 1881 Furiosus
523 1865 589 1882 esse.
614 1855 644 1881 fr.
664 1857 687 1882 9.
711 1865 750 1892 pr.
776 1855 808 1882 de
829 1855 860 1882 R.
880 1855 912 1882 N.
932 1857 973 1882 23.
993 1858 1018 1883 2.
1042 1855 1072 1882 fr.
1092 1858 1116 1882 2.

275 1898 296 1931 §.
316 1900 340 1923 2.
361 1897 409 1924 sol.
430 1899 538 1924 matrim.
558 1900 600 1924 24.
620 1900 644 1924 3.

309 1941 481 1974 Sapiens.
502 1940 622 1974 (Partic.)
643 1942 720 1974 §.10
740 1943 880 1968 Ratione
898 1948 996 1968 utens.
1025 1941 1118 1976 LSy.

276 1983 332 2019 Qui
350 1983 471 2010 stabilem
486 1989 597 2010 mentem
612 1984 723 2021 adeptus
738 1990 785 2011 est.
807 1995 828 2011 c.
844 1986 881 2011 18.
902 1985 934 2011 de
948 1984 1001 2011 mil.
1016 1990 1117 2012 testam.

276 2028 299 2052 6.
312 2028 354 2052 21.
386 2026 416 2052 II.
433 2028 499 2060 ΟΡ.
521 2026 625 2053 Fatuus.
647 2027 688 2054 Cf.
703 2028 727 2054 h.
741 2038 765 2054 v.
784 2027 921 2059 Furiosus,
941 2028 983 2054 vel
1003 2028 1119 2055 demens.

277 2069 318 2096 Cf.
338 2079 362 2095 v.
382 2069 506 2095 Demens.
526 2084 559 2088 —
579 2070 609 2102 §.
625 2071 660 2096 2.
682 2072 813 2097 peritas
836 2073 963 2102 (iuris.)
994 2070 1036 2097 III.
1052 2072 1118 2098 Gn.

275 2112 375 2139 Atilius
394 2117 479 2138 autem
498 2113 598 2150 primus
618 2123 631 2138 a
651 2113 750 2149 populo
770 2113 883 2150 Sapiens
902 2113 1050 2151 adpellatus
1070 2119 1118 2141 est.

277 2155 308 2181 fr.
327 2157 352 2181 2.
371 2156 393 2189 9.
412 2157 453 2181 315.
474 2155 505 2181 cf.
526 2156 547 2189 §.
567 2157 609 2181 37.
629 2155 662 2181 de
682 2155 714 2182 O.
735 2156 753 2182 1.
775 2159 796 2182 l.
816 2158 840 2183 2.

311 2198 524 2231 Sapienter.
539 2198 651 2231 (Advb.)
666 2201 766 2231 Scite,
785 2201 976 2227 Prudenter.
996 2199 1118 2228 111οη.

277 2240 306 2267 In
325 2242 464 2278 proposito
483 2242 616 2278 sapienter
639 2240 716 2268 faciet
740 2241 831 2273 heres,
856 2243 879 2268 si
899 2247 947 2268 etr.
972 2243 1001 2270 fr.
1021 2245 1062 2270 57.
1087 2243 1119 2270 de

279 2284 356 2310 cond.
375 2289 400 2309 et
419 2284 485 2310 dem.
504 2286 546 2310 35.
569 2286 590 2311 l.

312 2328 522 2361 Sapientia.
548 2329 579 2360 §.
595 2329 628 2355 1.
645 2330 786 2360 Perieia‚
802 2330 968 2363 Cognitio.
995 2328 1038 2354 111.
1053 2331 1119 2357 Gn.

279 2370 321 2397 Ad
345 2372 498 2408 sapientiam
523 2371 617 2397 iudicis
642 2373 769 2408 pertinet,
797 2376 825 2397 ut
849 2376 898 2398 etc.
923 2371 970 2397 lul.
996 2382 1035 2409 ep.
1060 2382 1119 2398 nov.

281 2424 302 2440 c.
316 2416 357 2440 66.
371 2414 392 2447 9.
407 2416 465 2440 230.
494 2413 553 2440 Non
573 2414 648 2440 aliter
667 2414 828 2441 iudicaturos
843 2424 909 2446 esse,
931 2425 978 2451 pro
993 2416 1120 2452 sapientia

281 2467 310 2483 ac
329 2456 386 2483 luce
406 2456 539 2492 diguitatis
559 2468 628 2484 suae.
654 2456 684 2483 fr.
706 2460 726 2483 l.
751 2458 772 2491 §.
795 2459 817 2484 1.
841 2457 874 2484 de
897 2458 940 2483 off.
961 2457 1012 2484 l'rt.
1035 2456 1075 2483 I'r.
1098 2460 1119 2483 l.

281 2501 321 2526 11.
341 2514 375 2518 --
395 2501 425 2532 ,ξ-
444 2501 480 2527 2.
501 2502 649 2527 Scientia
667 2502 907 2534 philosophiae.
937 2502 1120 2527 Prudentia

281 2544 373 2569 iuris.
409 2542 451 2569 111.
470 2544 536 2571 Cn.
560 2542 739 2580 Philosophus
761 2553 876 2569 summae
896 2543 1001 2570 Stoicae
1019 2544 1121 2580 sapien-

282 2587 339 2612 tiae.
359 2586 388 2612 Τι’.
408 2589 431 2612 2.
453 2586 484 2612 (lc
504 2585 555 2612 LL.
577 2588 599 2611 l.
619 2589 642 2613 3.
680 2585 776 2613 Civilis
795 2587 930 2622 sapientia.
956 2586 985 2612 fr.
1008 2587 1030 2612 l.
1055 2586 1076 2620 §.
1096 2587 1119 2612 5.

282 2627 314 2653 de
333 2634 397 2655 extr.
419 2639 492 2665 cogn.
513 2631 554 2655 50.
572 2630 611 2654 13.
632 2628 663 2655 cf.
684 2628 714 2655 fr.
733 2630 756 2654 2.
778 2628 799 2661 9.
819 2630 860 2655 47.
881 2629 913 2655 de
927 2629 959 2655 Ο.
974 2629 992 2655 I.
1008 2631 1030 2655 l.
1044 2632 1068 2655 2.
1090 2645 1118 2649 ——

283 2671 314 2704 θ’.
328 2673 364 2698 3.
385 2674 466 2699 [cti
485 2674 559 2706 ipsi.
595 2671 637 2698 III.
654 2673 719 2699 Cn.
739 2671 871 2707 Antiquae
890 2673 1034 2709 sapientiae
1053 2671 1120 2698 libri.

284 2723 304 2740 c.
323 2715 347 2739 2.
368 2715 389 2747 9.
412 2717 449 2741 17.
470 2715 501 2741 cf.
526 2715 548 2749 9.
570 2717 609 2741 ll.
632 2714 665 2741 de
684 2719 735 2741 vet.
755 2715 811 2741 iure
830 2714 914 2741 enucl.
936 2717 958 2741 l.
980 2717 1018 2741 17.
1040 2725 1060 2741 c.
1082 2716 1120 2741 10.

282 2766 322 2794 pr.
342 2756 375 2782 (le
393 2757 481 2794 adopt.
499 2761 522 2784 ὅ.
542 2760 584 2785 48.

317 2799 577 2832 sapphirinus.
601 2800 738 2833 (Adiect.)
767 2802 815 2827 Ad
831 2802 1021 2834 sapphirum
1039 2810 1122 2835 gem·

285 2853 362 2870 mam
381 2849 539 2877 spectans.
564 2843 607 2870 111.
620 2845 686 2871 Cn.
705 2843 785 2880 Lapis
799 2844 947 2875 universus,
963 2859 993 2863 —
1009 2842 1121 2876 adamas,

1015 179 1098 210 SAN
1112 197 1151 203 —
1165 177 1254 210 SAR.

1153 260 1322 298 sapphirinus
1343 260 1391 295 [al.
1410 261 1543 289 saffirinus
1564 262 1630 298 etc.]
1656 262 1686 290 fr.
1707 264 1747 290 16.
1770 263 1792 297 9.
1813 266 1836 291 7.
1861 264 1893 292 de
1912 264 1998 302 publi-

1154 314 1208 331 can.
1228 306 1270 330 39.
1290 306 1314 330 4.

1189 346 1386 374 Saraceni.
1416 348 1537 381 Populi
1556 351 1698 376 Arabiae
1711 352 1838 386 felicis.
1874 349 1916 376 111.
1931 351 1997 378 Gn.

1155 390 1345 417 Saracenorum
1366 389 1574 423 foederatorum,
1594 392 1755 429 aliarumque
1773 394 1888 429 gentium
1907 393 1998 425 (anno-

1155 434 1226 460 naria
1245 433 1388 466 alimenta.)
1412 432 1478 459 Nov.
1498 433 1547 460 Th.
1567 434 1598 461 11.
1623 435 1655 461 de
1675 435 1774 462 ambitu
1793 440 1819 462 et
1837 435 1887 462 loc.
1907 435 1961 462 lim.
1978 435 1997 462 I.

1154 478 1196 503 24.
1217 486 1238 502 c.
1260 478 1282 502 1.
1302 476 1323 510 9.
1343 479 1368 502 2.
1406 475 1596 504 Saracenorum
1615 478 1675 505 dux.
1696 478 1738 505 Cf.
1758 489 1782 505 v.
1802 477 1976 515 Phylarchus.

1189 519 1361 546 Sarcina.
1390 519 1420 552 §·
1434 520 1468 546 1.
1490 520 1535 546 On
1544 531 1578 547 11⁸
1598 523 1773 548 vellendam.
1802 521 1845 548 ΠΙ.
1860 522 1925 549 Cn.
1940 520 2000 547 Via-

1157 563 1220 593 tica,
1245 567 1270 588 et
1289 578 1320 583 ——
1340 567 1477 594 vecturae.
1501 562 1544 589 vel
1567 565 1621 596 sui,
1645 563 1688 590 vel
1712 565 1873 591 sarcinarum
1894 574 2000 590 suarum

1156 606 1244 641 grafia.
1270 604 1299 632 fr.
1319 607 1360 632 52.
1385 606 1406 639 9
1428 607 1468 631 15.
1492 615 1541 642 pro
1566 616 1620 632 soc.
1641 608 1681 633 17.
1700 608 1725 633 2.
1750 606 1781 633 cf.
1806 607 1837 633 fr.
1856 609 1880 634 2.
1903 617 1942 645 pr.
1967 606 2000 633 de

1156 647 1185 674 L.
1205 647 1292 674 Rhod.
1313 650 1352 674 14.
1371 650 1395 674 2.
1434 648 1517 675 Oneri
1541 648 1649 686 publico
1674 651 1801 676 sarcinam
1821 651 1948 686 privatam
1967 660 2000 676 ne

1157 692 1216 727 quis
1236 691 1360 728 imponat.
1380 691 1429 717 Th.
1450 690 1481 718 C.
1497 692 1565 718 XIII.
1585 694 1607 719 8.
1628 702 1649 718 c.
1666 694 1688 718 1.
1709 703 1741 719 ne
1761 703 1802 729 qu.
1824 703 1866 720 on.
1886 693 1948 731 pub.
1966 708 1998 713 -—

1133 752 1135 764 ⁴
1157 735 1188 767 ξ.
1205 735 1240 760 2.
1261 735 1511 766 Incommodum,
1536 736 1727 762 Praestaeio
1746 738 1861 763 debila.
1898 736 1917 763 I.
1937 737 2000 770 Sy.

1157 776 1349 809 Necessitates,
1374 777 1498 809 functio,
1525 777 1679 804 Gravatnen.
1700 778 1736 805 lb.
1756 779 1801 805 XI.
1822 781 1862 806 17.
1883 790 1903 806 c.
1923 781 1947 806 4.
1967 778 2001 806 de

1157 830 1247 857 equor.
1269 819 1329 846 coll.
1348 819 1419 847 XIV.
1439 822 1463 847 4.
1484 830 1504 847 c.
1525 822 1549 848 5.
1570 821 1603 848 de
1621 831 1689 848 suar.
1714 821 1782 848 Nov.
1802 822 1852 849 Th.
1872 822 1902 849 II.
1922 822 1955 849 de
1974 821 1999 848 h.

1157 873 1199 899 qu.
1224 872 1264 900 sp.
1289 873 1359 889 mun.
1382 863 1400 890 1.
1419 865 1460 890 22.
1487 874 1508 890 c.
1527 866 1551 890 2.
1576 865 1614 898 99.
1635 866 1675 891 14.
1696 866 1736 891 15.
1773 865 1809 891 ΙΙΙ
1833 867 1899 893 Cn.
1924 865 2000 892 Onus

1157 916 1186 932 ac
1212 907 1340 932 sarcinam
1363 911 1554 943 recognoscant
1573 908 1713 945 (propriae.
1732 909 1925 945 capitationis.)
1950 907 2001 935 Th.

1158 948 1188 975 C.
1208 948 1280 975 XVI.
1299 951 1323 975 2.
1349 960 1371 975 c.
1390 951 1431 975 33.
1457 949 1490 976 de
1515 951 1596 987 episc.
1620 950 1684 977 eccl.
1709 950 1750 977 Cf.
1776 950 1843 977 Nnv.
1863 951 1913 978 Th.
1932 950 1962 977 II.
1983 950 2000 977 1.

1157 991 1269 1027 Reliqua
1298 993 1466 1017 sarcinarum.
1504 992 1612 1018 Sarcina
1639 993 1782 1020 destitutae
1811 994 2000 1030 possessionis.

1158 1033 1208 1060 Th.
1229 1034 1260 1060 C.
1279 1034 1337 1060 XII.
1359 1036 1381 1060 1.
1402 1044 1422 1060 c.
1443 1036 1485 1060 54.
1505 1034 1537 1061 de
1556 1035 1690 1062 decurion.
1710 1036 1779 1063 XIII.
1801 1038 1841 1062 ll.
1861 1046 1882 1062 c.
1904 1037 1943 1062 l4.
1969 1035 2002 1062 de

1159 1077 1281 1102 censitor.
1307 1076 1338 1102 cf.
1362 1076 1407 1102 XI.
1429 1078 1469 1110 153.
1494 1087 1515 1110 Q
1536 1079 1576 1104 17.
1601 1077 1633 1104 de
1658 1084 1723 1105 extr.
1749 1089 1769 1106 s.
1790 1079 1861 1105 sord.
1889 1078 2003 1105 Iuiuncti

1159 1119 1240 1145 officii
1260 1120 1388 1145 sarcinam
1408 1120 1573 1153 (sustinere.)
1592 1120 1628 1147 lb.
1650 1120 1717 1148 Vlll.
1736 1123 1760 1148 5.
1782 1132 1803 1148 c.
1822 1123 1864 1148 23.
1884 1122 1906 1156 9.
1925 1124 1950 1148 2.
1970 1121 2002 1148 de

1160 1172 1238 1189 cursu
1254 1162 1316 1199 pub.
1337 1161 1378 1189 Cf.
1399 1162 1462 1189 lust.
1483 1162 1514 1189 C.
1535 1173 1555 1189 c.
1575 1165 1599 1190 4.
1619 1165 1645 1190 in
1665 1174 1707 1201 qu.
1728 1175 1749 1191 c.
1769 1166 1838 1202 pigo.
1859 1165 1883 1191 8.
1905 1166 1945 1191 15.

1193 1205 1433 1236 Sarcinator,
1465 1206 1716 1234 Sarcinatrix.
1764 1210 1840 1241 Qui,
1870 1217 2001 1242 quaeve,

1160 1255 1259 1275 restes
1280 1250 1348 1274 suit
1367 1255 1396 1275 et
1416 1250 1541 1284 reficit.
1578 1249 1621 1275 111.
1635 1251 1701 1277 Cn.
1721 1250 1750 1277 Si
1764 1250 1856 1277 fulloni
1870 1250 2002 1288 polienda‚

1160 1291 1321 1323 emandave,
1349 1292 1505 1317 sarcinatori
1532 1292 1668 1318 sarcienda
1692 1294 1848 1320 vestimenta
1876 1293 2002 1321 dederim.

1161 1334 1218 1361 Gai.
1238 1334 1279 1360 III.
1301 1336 1359 1361 143.
1379 1335 1436 1361 162.
1455 1336 1514 1361 205.
1535 1345 1575 1372 sq.
1594 1334 1667 1361 Paul.
1686 1335 1717 1362 11.
1736 1337 1778 1362 31.
1798 1337 1819 1370 §.
1832 1338 1875 1363 29.
1903 1336 1933 1363 Si
1952 1347 2002 1373 qua

1160 1378 1325 1409 sarcinatrix.
1345 1382 1389 1403 aut
1406 1378 1506 1404 textrix
1524 1379 1581 1409 erit,
1601 1383 1645 1404 aut
1664 1378 1771 1415 aliquod
1791 1379 1928 1406 artificium
1946 1379 2001 1407 vul‘

1160 1430 1220 1456 gare
1239 1425 1368 1447 exerceat.
1388 1420 1418 1447 Τι’.
1431 1422 1472 1447 27.
1493 1431 1532 1458 pr.
1553 1421 1584 1447 de
1603 1421 1689 1459 pecul.
1710 1423 1750 1448 15.
1767 1423 1790 1449 l.
1805 1422 1836 1449 cf.
1856 1422 1886 1449 Τι’.
1902 1424 1924 1449 l.
1943 1423 1964 1457 §.
1980 1425 2001 1449 l.

1161 1463 1194 1490 de
1213 1464 1303 1490 tribut.
1323 1468 1371 1490 act.
1392 1465 1432 1490 14.
1451 1465 1474 1490 4.

1197 1508 1411 1535 Sarcinula.
1438 1509 1589 1541 supellex
1608 1509 1761 1534 viatoris.
1789 1507 1832 1535 III.
1848 1509 1914 1536 οη.
1933 1508 2004 1535 Dum

1138 1551 1140 1583 ᾗ
1161 1550 1306 1588 hospitium
1331 1551 1391 1586 quis
1416 1549 1552 1582 conducit,
1576 1550 1722 1577 sarcinulas
1746 1553 1887 1588 componit.
1910 1551 1942 1578 Τι’.
1962 1553 2003 1578 15.

1161 1594 1183 1628 9.
1202 1596 1226 1620 3.
1247 1604 1278 1620 ex
1298 1604 1340 1630 qu.
1362 1603 1383 1620 c.
1403 1594 1460 1619 mai.
1481 1595 1504 1619 4.
1525 1595 1548 1620 6.

1195 1637 1360 1663 Sareirc.
1398 1637 1429 1670 ξ.
1444 1638 1478 1663 1.
1494 1638 1659 1672 Reficere,
1680 1638 1853 1671 Reparare.
1881 1637 2004 1666 HLCn.

1162 1679 1250 1706 Verbo
1270 1681 1404 1715 reficiendi
1422 1684 1522 1715 tegere.
1546 1679 1713 1712 substruere,
1737 1681 1846 1713 sarcire,
1866 1680 2005 1708 aedificare

1162 1739 1194 1743 —
1215 1723 1389 1749 continentur.
1409 1722 1439 1748 fr.
1461 1724 1483 1748 l.
1504 1723 1525 1756 9.
1545 1724 1569 1749 G.
1590 1722 1622 1749 (le
1641 1723 1688 1749 riv.
1708 1724 1749 1749 43.
1768 1725 1810 1750 21.
1847 1722 1900 1750 Vbi
1921 1728 2005 1760 urget,

1162 1782 1194 1786 —
1219 1770 1247 1792 ut
1270 1765 1389 1792 aedilicia
1412 1766 1571 1797 sarciantur.
1595 1775 1628 1791 ne
1652 1767 1706 1801 agri
1729 1765 1822 1793 inculti
1845 1767 1906 1793 sint.
1930 1766 1960 1793 fr.
1981 1768 2004 1793 7.

1163 1810 1184 1843 9.
1203 1810 1227 1835 3.
1248 1808 1280 1835 de
1299 1809 1354 1835 iure
1375 1808 1453 1835 delib.
1472 1809 1514 1835 28.
1530 1810 1553 1835 8.
1591 1808 1753 1835 Sarcinatori
1772 1809 1908 1835 sarcienda
1925 1810 2020 1841 vestr„

1162 1857 1248 1879 menta
1268 1851 1336 1878 dare.
1362 1851 1403 1878 Cf.
1422 1861 1446 1878 v.
1467 1852 1627 1878 Sarcinator.
1652 1868 1685 1871 —
1711 1852 1742 1885 §.
1764 1853 1799 1879 2.
1824 1854 2003 1880 Βεεανοίνε.

1163 1898 1337 1923 Praestare
1359 1897 1543 1927 (damnum.)
1582 1895 1602 1921 l.
1615 1896 1677 1929 Sy.
1696 1894 1855 1926 Restituerc,
1868 1894 2005 1922 Praestare

1163 1939 1430 1973 (fideicommissum.)
1449 1938 1480 1964 fr.
1496 1940 1534 1964 ll.
1554 1938 1637 1972 §.18.
1658 1938 1691 1964 de
1709 1938 1786 1974 legat.
1805 1938 1847 1964 Ill.
1867 1938 1935 1971 (32.)
1953 1938 2005 1964 Da-

1162 1992 1249 2009 mnum
1273 1981 1385 2008 solvere.
1410 1981 1452 2008 Fr.
1477 1981 1563 2008 Servii
1587 1981 1662 2019 Sulp.
1686 1981 1763 2008 I.Cti.
1783 1981 1834 2018 Ap.
1854 1980 1960 2008 Festum
1978 1991 2003 2007 v.

1163 2025 1275 2051 Sarcito.
1312 2024 1354 2051 III.
1374 2026 1440 2052 011.
1463 2024 1554 2051 lubeat
1573 2025 1712 2051 restituere
1731 2025 1780 2057 (sc.
1801 2034 1868 2061 opus
1885 2024 2004 2057 factum.)

1163 2068 1338 2105 damnumque
1357 2068 1462 2094 sarcire.
1481 2067 1512 2094 Τι’.
1532 2069 1555 2094 6.
1575 2067 1597 2101 9
1611 2069 1634 2094 6.
1655 2067 1688 2094 de
1707 2077 1773 2104 aqua
1792 2071 1818 2093 et
1835 2077 1893 2103 aqu.
1912 2066 1948 2104 pl.
1960 2068 2003 2094 39.

1162 2113 1186 2138 3.
1207 2111 1238 2137 cf.
1262 2111 1293 2137 fr.
1315 2113 1354 2137 15.
1378 2111 1399 2145 §.
1418 2112 1461 2137 34.
1486 2110 1518 2137 dc
1540 2110 1625 2136 damn.
1644 2110 1690 2136 inf.
1708 2112 1749 2136 39.
1768 2112 1793 2136 2.
1829 2109 1951 2147 Rupitias
1970 2126 2003 2130 —

1164 2155 1268 2181 sarcito.
1292 2153 1323 2181 L.
1346 2153 1397 2180 XII
1420 2153 1502 2180 Tabb.
1523 2153 1590 2179 Ylll.
1610 2155 1634 2179 5.
1672 2152 1756 2179 Fundi
1779 2151 1918 2179 deterioris
1942 2152 2003 2180 facti

1164 2214 1196 2217 —
1216 2197 1301 2234 culpa.
1321 2197 1429 2223 arbitrio
1446 2196 1541 2223 iudicis
1561 2213 1592 2216 —
1612 2197 1703 2222 sarciri
1716 2199 1812 2232 potest.
1831 2194 1902 2222 Paul.
1917 2195 1946 2222 II.
1962 2198 2002 2223 18.

1164 2241 1186 2274 9.
1205 2243 1229 2267 2.
1254 2240 1286 2267 V.
1305 2242 1346 2266 20.
1372 2240 1409 2274 99.
1433 2242 1456 2266 3.
1477 2250 1516 2276 sq.
1537 2241 1560 2266 6.
1581 2239 1612 2266 cf.
1638 2238 1668 2265 V.
1688 2240 1711 2265 3.
1736 2238 1816 2271 99.1.
1836 2239 1859 2264 6.
1898 2238 1956 2265 Nisi
1979 2240 2004 2266 ci

1164 2283 1285 2310 damnum
1304 2283 1346 2309 vel
1366 2283 1467 2309 lucrum
1486 2283 1532 2316 (a)
1553 2281 1795 2309 fideicommissario
1814 2282 1950 2308 sarciatur.
1971 2281 2002 2308 fr.

1166 2329 1204 2353 ll.
1219 2337 1257 2364 pr.
1277 2326 1309 2353 ad
1323 2326 1387 2353 SC.
1403 2326 1482 2353 Treb.
1497 2328 1538 2352 36.
1553 2328 1574 2352 1.
1610 2324 1639 2350 ln
1658 2324 1767 2360 pecunia
1781 2324 1908 2350 sarciatur
1920 2324 2004 2361 (quod

1165 2370 1197 2396 de
1216 2369 1384 2396 facultatibus
1403 2369 1482 2396 fuerit
1501 2367 1682 2397 deminutum.)
1702 2365 1751 2391 Th.
1773 2366 1803 2392 C.
1823 2366 1880 2393 XII.
1900 2368 1923 2393 1.
1943 2377 1964 2394 c.
1979 2369 2003 2394 6.

1165 2412 1197 2438 de
1216 2412 1349 2439 ‹lt-curion.
1381 2412 1504 2439 Omnium
1519 2409 1712 2437 contributione
1726 2410 1853 2436 sarciatur
1866 2414 1914 2437 etc.
1933 2410 1964 2437 Τι’.
1980 2412 2003 2437 l.

1165 2456 1194 2481 fr.
1214 2458 1238 2481 2.
1259 2456 1323 2489 9.1.
1349 2455 1382 2482 de
1401 2455 1430 2482 L.
1451 2453 1535 2480 lihod.
1558 2454 1596 2478 14.
1616 2454 1640 2478 2.
1662 2452 1692 2478 cf.
1718 2451 1748 2478 fr.
1768 2453 1809 2478 28.
1835 2462 1926 2479 comm.
1951 2453 2003 2480 div.

1166 2500 1204 2524 10.
1219 2500 1243 2524 3.
1275 2498 1310 2524 Vt
1330 2498 1383 2525 doli
1402 2497 1522 2534 exceptio
1542 2500 1641 2521 tantum
1660 2495 1764 2527 sarciat,
1783 2500 1907 2531 qnantum
1921 2495 2003 2523 deest.

1165 2552 1185 2567 ι’.
1209 2544 1253 2568 23.
1276 2541 1307 2568 ad
1327 2541 1356 2567 L.
1378 2540 1445 2567 Falc.
1465 2542 1506 2565 35.
1525 2540 1550 2564 2.

1166 2578 1177 2603 f
1210 2585 1437 2611 sarcocolla.
1478 2583 1629 2608 Lacrima
1657 2583 1785 2607 arboris
1811 2583 1843 2607 in
1874 2583 2004 2609 Perside

1166 2629 1340 2654 nascentis.
1376 2625 1419 2652 Ill.
1434 2626 1500 2652 Cn.
1519 2624 1628 2661 Species
1647 2625 1810 2660 pertinentes
1830 2624 1862 2650 ad
1881 2624 2001 2661 vectigal:

1167 2687 1197 2690 —
1223 2680 1309 2696 aroma
1332 2668 1461 2699 Indicum.
1483 2684 1511 2688 —
1538 2666 1682 2694 sarcocolla
1702 2666 1754 2701 [al.
1774 2667 1950 2703 sarcogalla,]
1971 2682 2003 2687 -—

1166 2712 1356 2739 cardamomum
1377 2716 1424 2737 etc.
1445 2710 1474 2737 fr.
1496 2712 1535 2737 16.
1556 2711 1577 2744 §.
1599 2711 1621 2736 7.
1642 2709 1674 2735 de
1692 2709 1825 2746 puhlican.
1844 2712 1885 2737 39.
1904 2712 1928 2736 4.

1200 2756 1473 2788 §arcophaguffi
1520 2756 1604 2781 Arca
1633 2754 1866 2786 sepulchralis,
1895 2762 1930 2779 ex
1955 2753 2001 2778 la—

1163 2800 1244 2833 pide.
1280 2797 1323 2823 111.
1344 2799 1410 2825 Cn.
1434 2798 1509 2833 Quae
1532 2806 1611 2833 supra
1630 2800 1725 2821 terram
1744 2797 1817 2822 urnis
1837 2795 1937 2826 clausa,
1960 2794 2002 2821 vel

1166 2840 1346 2877 sarcophagis,
1372 2850 1481 2877 corpora
1506 2840 1664 2867 detinentur.
1693 2837 1743 2865 Th.
1764 2838 1795 2865 C.
1814 2838 1858 2864 IX.
1879 2838 1918 2863 17.
1938 2847 1958 2863 c.
1977 2838 2001 2863 6.
