2197 3121
288 198 352 229 306

289 281 520 318 praetorianorum.
542 294 572 298 --
595 278 621 304 ln
641 276 731 303 schola
745 275 964 303 draconariorum.
985 285 1006 301 c.
1028 276 1050 301 l.
1070 274 1091 308 5.
1102 275 1127 301 8.

289 323 322 349 de
341 323 384 348 off.
405 321 456 348 Prt'.
478 321 517 347 I'r.
539 320 593 347 Asr.
616 322 638 345 l.
657 321 698 346 27.

322 367 472 392 Dromo.
512 367 618 390 Genus
637 364 728 389 navis
751 364 877 396 longae.
897 360 1015 388 mon.
1033 359 1062 386 In
1076 370 1127 396 quo

289 409 397 435 traiectu
421 408 497 433 etiam
518 406 671 433 drmnones.
692 410 804 442 quantos
824 404 987 442 provideris.
1013 403 1127 430 ordinari

288 452 376 477 facias.
398 460 418 476 c.
439 452 462 476 2.
483 450 504 483 5.
524 452 547 475 2.
569 448 585 474 l.
606 448 622 474 l.
644 450 665 474 1.
684 450 726 474 27.

321 493 458 520 Dubio.
496 491 619 525 (Advb.)
657 492 863 518 Dubitanler.
892 489 984 523 LSy.
1003 488 1063 516 Non
1083 489 1128 516 du-

287 537 329 563 bie
348 536 463 573 (posse)
489 535 600 561 videtur.
638 533 698 561 Non
717 534 823 563 dubito,
847 543 871 559 v.
891 532 1076 559 dubitabimus.
1096 532 1126 559 fr.

285 581 326 606 65.
347 579 384 613 55.
404 580 428 605 3.
449 588 488 615 sq.
509 578 541 604 ad
561 577 588 604 S.
609 576 639 604 C.
666 577 745 604 Treb.
770 578 811 603 36.
833 578 854 602 1.
892 575 935 602 ΙΙΙ.
957 577 1023 604 οη.
1055 575 1127 611 Quid

287 632 356 659 ergo,
377 623 399 648 si
419 622 486 648 etc?
513 637 545 641 -—
572 620 632 647 Non
653 620 731 647 dubie
751 625 798 646 ete.
820 619 850 645 fr.
872 620 911 645 13.
936 619 958 652 5.
980 621 1002 645 l.
1027 618 1059 645 de
1078 623 1126 645 tut.

286 671 312 692 et
331 675 384 691 cur.
405 664 456 690 dat.
476 666 518 691 26.
537 666 561 690 5.
582 663 613 690 cl’.
634 663 663 690 sr.
683 665 724 689 52.
744 663 766 696 5.
785 664 827 689 26.
848 662 880 688 de
900 661 959 688 furt.
979 663 1020 688 47.
1039 663 1064 688 2.

319 708 517 736 Dubietas.
538 708 692 738 Dubium,
714 707 930 740 Ambiguitas.
957 704 974 731 Ι.
990 706 1052 739 Sy.
1072 704 1126 730 Du-

286 752 385 778 bitatio.
408 761 428 777 c.
451 752 490 777 19.
511 760 551 787 sq.
577 750 609 776 de
633 751 688 776 iure
707 748 786 775 delib.
806 750 831 775 6.
849 750 884 774 30
928 747 971 774 III.
993 749 1058 775 (3¹11.
1086 746 1126 773 Ne

286 805 336 832 qua
350 795 385 820 sit
398 793 528 821 dubietas.
549 793 596 819 hac
610 797 699 829 aperta
712 791 865 818 definitione
881 791 1054 817 decernimus.
1075 789 1124 816 Th.

285 837 316 865 C.
337 837 382 864 XI.
403 839 426 863 5.
446 848 467 863 c.
488 839 511 862 2.
532 836 564 862 de
580 835 714 862 indiction.
753 834 859 861 Nullius
879 833 1020 860 dubietatis
1040 838 1126 860 exstet

285 881 439 917 ambiguum.
472 879 508 905 Il).
528 879 585 905 XII.
608 881 629 904 l.
655 888 676 904 c.
696 879 737 904 86.
757 878 790 904 de
809 877 943 904 decurion.
981 876 1049 903 Illud
1069 877 1125 902 sine

284 925 385 950 ratione
404 934 416 949 a
437 922 592 958 quibusdam
612 922 637 947 in
655 921 815 948 dubietatem
829 920 977 947 deductum.
992 930 1013 946 c.
1027 921 1068 946 20.
1084 929 1124 956 pr.

284 967 317 993 de
337 966 422 993 collat.
443 966 466 991 6.
486 967 527 991 20.

319 1009 561 1036 Dubitanter.
593 1007 706 1039 (Advb.)
739 1009 813 1033 Cum
833 1008 1050 1033 dubitatione.
1081 1004 1123 1031 III.

284 1053 350 1080 Cn.
369 1052 455 1078 Minus
476 1050 627 1077 dubitanter
647 1049 694 1084 [al.
714 1049 875 1082 dubitatum]
895 1048 1012 1076 Iulianus
1032 1048 1124 1075 eodem

284 1095 342 1122 loco
362 1094 462 1121 scribit.
483 1094 512 1120 fr.
533 1095 556 1120 9.
577 1094 598 1127 5.
619 1095 642 1119 5.
664 1092 696 1119 de
713 1092 798 1130 pecul.
821 1094 860 1118 15.
881 1094 903 1118 l.

317 1138 516 1165 Dubitare.
555 1137 736 1171 Ambigere,
766 1138 827 1162 Pro
855 1137 979 1162 incerto
1002 1134 1147 1161 hahere*

286 1180 315 1208 11.
330 1183 396 1215 Op.
416 1180 547 1210 Dubitari.
562 1195 594 1198 —
609 1178 726 1206 Certum.
746 1189 770 1205 v.
784 1177 890 1209 Verum,
909 1187 934 1204 v.
948 1177 1123 1209 Manifestum.

285 1234 352 1251 esse.
372 1223 402 1250 fr.
422 1225 464 1250 33.
493 1233 532 1260 pr.
557 1223 578 1256 5.
602 1224 622 1248 1.
650 1221 682 1247 de
707 1231 810 1258 procur.
829 1222 854 1247 3.
873 1222 897 1247 3.
921 1220 951 1247 fr.
970 1222 1012 1247 34.
1032 1230 1072 1258 pr.
1092 1220 1124 1247 de

284 1268 316 1294 Α.
335 1277 359 1294 v.
380 1267 413 1293 0.
434 1266 464 1293 H.
483 1268 525 1292 29.
545 1268 569 1291 2.
607 1264 648 1290 111.
670 1265 735 1292 Gn.
754 1264 892 1295 Dubitare,
910 1263 953 1290 vel
973 1273 1060 1290 errare
1079 1263 1124 1296 (de

284 1315 354 1337 statu
374 1310 443 1343 suo.)
464 1309 493 1335 fr.
516 1311 553 1334 15.
591 1308 643 1343 Qu.
663 1312 764 1333 testam.
785 1306 831 1333 sac.
850 1316 876 1344 p.
895 1308 937 1333 28.
958 1308 981 1333 1.
1018 1306 1124 1334 Minime

284 1353 423 1380 dicendum
444 1357 491 1381 est.
513 1368 544 1371 —
564 1351 632 1386 Quis
652 1351 720 1376 enim
734 1350 836 1377 dubitat
849 1350 915 1376 eto?
934 1349 963 1376 fr.
977 1351 1019 1376 24.
1039 1360 1078 1387 pr.
1092 1349 1125 1376 de

285 1395 368 1422 damu.
390 1395 434 1421 inf.
447 1397 489 1421 39.
503 1397 526 1420 2.
564 1393 625 1420 Fuit
644 1393 798 1429 quaesitum.
819 1409 851 1413 —
871 1392 926 1419 Nec
945 1403 1059 1429 unquam
1079 1392 1124 1419 du·
1144 1414 1146 1434 <¹

284 1439 393 1465 bitatum
414 1443 461 1464 est.
500 1438 556 1464 Gai.
577 1437 595 1464 I.
616 1438 639 1463 4.
665 1446 705 1472 sq.
730 1435 773 1462 Ill.
794 1437 851 1462 193.
876 1435 906 1462 fr.
925 1437 948 1462 9.
974 1435 1007 1462 de
1025 1435 1079 1462 LL.
1100 1438 1122 1462 1.
1144 1443 1145 1450 ¹

283 1483 308 1508 3.
328 1481 358 1508 fr.
380 1484 419 1508 15.
444 1481 476 1507 de
501 1486 570 1507 statu
594 1479 662 1506 hom.
690 1481 711 1505 1.
737 1481 760 1505 5.
797 1478 872 1505 Licet
891 1484 965 1506 antea
985 1479 1122 1511 dubitavit.
1144 1483 1145 1487 ¹

283 1530 366 1551 tamen
387 1525 493 1551 admisit
512 1525 561 1557 (sc.
581 1522 742 1555 Marcellus.)
761 1521 792 1548 fr.
813 1524 836 1548 7.
856 1522 877 1556 5.
898 1524 938 1548 18.
959 1521 992 1548 de
1010 1527 1078 1559 pact.
1097 1524 1121 1548 2.
1144 1541 1145 1549 η

284 1570 322 1594 14.
361 1568 427 1594 Sunt
448 1573 546 1597 tamen,
571 1567 616 1603 qui
640 1565 672 1591 de
692 1566 743 1591 isto
762 1575 815 1591 non
834 1569 906 1591 recte
924 1564 1058 1597 dubitant,
1078 1566 1122 1602 qui
1143 1562 1145 1586 ⁴3

281 1611 372 1647 utique
392 1610 464 1636 nullo
487 1609 566 1636 modo
586 1608 756 1639 dubitabunt,
782 1609 805 1633 si
825 1613 873 1634 etc.
894 1607 923 1634 fr.
943 1609 984 1634 32.
1005 1608 1026 1642 5.
1046 1609 1069 1634 9.
1090 1607 1122 1634 de
1143 1602 1145 1629 i

282 1664 332 1680 rec.
353 1664 395 1690 qu.
417 1653 470 1679 arb.
490 1654 514 1679 4.
535 1653 559 1678 8.
603 1650 692 1687 Longa
718 1651 767 1677 erit
786 1650 943 1688 disputatio.
963 1660 1022 1677 nam
1041 1650 1074 1677 de
1093 1661 1121 1677 ea

281 1707 309 1723 re
327 1696 404 1723 valde
426 1701 530 1722 veteres
557 1694 751 1721 dubitaverunt.
781 1692 837 1720 Gai.
858 1693 875 1719 I.
898 1694 955 1720 188.
993 1693 1057 1720 Item
1077 1694 1122 1720 du-
1143 1701 1145 1714 ¹

281 1739 399 1766 bitatum.
419 1755 451 1758 —
470 1739 504 1765 Et
523 1748 585 1764 saue
603 1742 666 1774 post
683 1741 801 1763 veterum
814 1737 996 1763 auctoritatem
1016 1747 1046 1763 eo
1065 1748 1122 1774 per—

282 1787 387 1809 ventum
407 1786 455 1813 est,
476 1786 503 1808 ut
523 1786 571 1807 etc.
592 1780 621 1806 fr.
641 1780 683 1806 53.
703 1780 724 1813 5.
746 1781 768 1806 l.
788 1778 820 1805 de
840 1778 871 1805 V.
892 1778 919 1805 S.
939 1781 979 1806 50.
1002 1781 1041 1807 16.
1070 1780 1121 1806 Iam
1143 1798 1144 1806 η

282 1835 335 1851 non
354 1825 496 1856 dubitatur,
515 1833 596 1861 posse
616 1828 665 1849 etc.
685 1822 741 1849 Gai.
757 1822 787 1848 11.
806 1823 867 1848 288.
904 1821 1040 1849 Neminem
1057 1828 1121 1860 puto

282 1868 470 1899 dubitaturum,
490 1868 553 1904 quin
573 1871 621 1893 etc.
642 1866 671 1892 fr.
691 1867 733 1892 35.
753 1865 785 1892 de
804 1864 882 1891 indic.
896 1867 919 1891 5.
936 1867 957 1892 l.
995 1865 1064 1892 Illud
1077 1865 1122 1892 du-

282 1911 359 1937 bitari
378 1915 476 1947 potest.
496 1910 552 1936 Gai.
573 1909 615 1935 111.
635 1910 676 1935 95.
713 1909 755 1935 De
775 1918 826 1934 uno
847 1908 960 1935 dubitari
979 1913 1076 1946 potest.
1090 1908 1121 1935 fr.
1143 1922 1144 1926 ¹

281 1955 323 1980 67.
343 1954 364 1987 5.
388 1955 408 1979 1.
429 1952 462 1978 de
480 1952 511 1978 R.
532 1952 562 1978 N.
582 1954 623 1977 23.
643 1954 667 1977 2.
704 1951 833 1977 Dubitare
858 1961 951 1988 posse,
976 1962 1000 1978 v.
1026 1951 1120 1984 solere,
1142 1962 1144 1982 ς

282 2002 377 2028 utrum,
397 2006 421 2022 v.
442 1996 512 2032 quin.
544 1994 600 2021 Gai.
624 1994 641 2021 1.
663 1996 719 2020 129.
740 1994 769 2020 I'r.
791 1996 848 2020 150.
868 1994 900 2021 de
920 1994 951 2021 V.
972 1994 999 2021 S.
1018 1996 1059 2021 50.
1080 1997 1120 2021 16.
1142 2000 1143 2023 I

283 2039 344 2066 Seio
364 2039 524 2067 dubitatum.
546 2052 575 2056 —
596 2038 701 2063 invenio
724 2042 809 2063 tamen
832 2038 998 2074 rescriptum.
1035 2037 1119 2064 Vatic.
1142 2041 1143 2066 j

282 2083 303 2116 5.
326 2084 382 2109 189.
421 2082 496 2117 Quae
517 2082 580 2107 iuris
600 2081 683 2106 nostri
698 2080 816 2106 delinitio
833 2081 909 2106 etiam
923 2080 955 2107 ad
973 2080 1049 2107 aliam
1063 2091 1120 2118 spe-
1142 2077 1143 2107 Ῐ

283 2126 347 2151 ciem
368 2125 510 2151 dubitatam
535 2124 646 2160 benigne
671 2123 833 2150 extendatur.
854 2134 875 2149 c.
895 2125 918 2150 5.
943 2124 965 2158 5.
985 2126 1010 2151 3.
1031 2124 1063 2151 de
1078 2135 1120 2151 ne-
1141 2112 1143 2154 i

283 2178 348 2194 cess.
369 2167 456 2194 hereil.
476 2170 500 2194 6.
518 2169 560 2194 27.
1142 2155 1143 2168 i

316 2211 524 2237 Dubitatio.
546 2211 768 2243 Ambiguum,
784 2209 1120 2238 Haesitatio.111.0n.

284 2254 403 2289 Quaeris.
425 2269 455 2272 —
476 2253 529 2279 Sed
554 2264 581 2279 ea
605 2263 647 2279 res
671 2262 718 2278 nec
742 2252 932 2279 dubitationem
957 2253 1048 2286 habet,
1073 2264 1120 2280 nec

284 2306 396 2333 unquam
417 2295 519 2322 habuit.
545 2297 607 2332 quin
626 2295 790 2332 exploratum
809 2297 841 2321 sit
864 2301 911 2322 etc.
932 2295 962 2322 sr.
982 2298 1006 2323 3.
1026 2297 1059 2323 de
1078 2307 1120 2323 na-
1141 2314 1142 2319 .

283 2339 325 2366 tal.
346 2339 430 2365 restit.
451 2340 491 2364 «10.
514 2341 551 2365 11,
590 2339 664 2365 Solet
678 2339 790 2365 tractari.
811 2354 842 2357 —
862 2338 1059 2365 Dubitationem
1079 2350 1120 2366 au-

283 2387 325 2417 get
344 2381 457 2408 edictum
478 2387 526 2407 etc.
552 2382 580 2408 fr.
600 2384 624 2408 2.
648 2382 669 2415 5.
692 2383 712 2408 1.
739 2381 770 2407 de
795 2381 896 2408 custod.
923 2386 947 2408 et
971 2382 1058 2408 exhib.
1078 2383 1118 2408 48.
1141 2383 1142 2413 ζ

282 2427 306 2451 3.
344 2424 412 2451 Illud
432 2429 502 2451 recte
522 2425 662 2460 quaeritur.
675 2424 804 2451 —Causa
825 2424 997 2450 dubitationis
1017 2429 1057 2451 est
1070 2430 1118 2451 etc.
1140 2419 1142 2472 i

1007 192 1103 223 DRO
1128 210 1166 216 —
1191 192 1295 223 DVC.

1172 273 1337 307 (libertatis.)
1357 273 1386 300 sr.
1406 276 1447 301 20.
1468 275 1499 302 de
1519 275 1550 302 R.
1570 275 1588 302 1.
1607 277 1648 302 50.
1672 278 1711 302 17.
1749 276 1777 303 In
1797 287 1824 303 re
1843 277 1921 304 dubia
1940 277 2011 304 beni-

1172 319 1288 353 gniorem
1312 318 1553 354 interpretationem
1577 320 1660 355 sequi.
1685 319 1715 345 fr.
1738 321 1793 346 192.
1818 320 1839 354 5.
1866 322 1888 346 1.
1913 320 1948 347 ib.
1968 322 2009 347 50.

1149 350 1150 377 3
1174 362 1213 387 17.
1251 361 1304 396 Qui
1329 361 1354 386 in
1379 359 1466 387 dubiis
1491 362 1690 398 quaestionibus
1715 367 1805 388 contra
1823 362 1916 389 fiscum
1935 362 2010 390 facile

1149 402 1150 406 ¹
1172 403 1347 440 responderit.
1372 402 1402 429 fr.
1428 405 1468 430 10.
1493 404 1526 430 de
1549 406 1604 431 iure
1623 405 1689 432 fisci.
1710 406 1751 431 49.
1773 407 1812 432 14.

1149 472 1150 480 ἵ
1172 457 1204 472 au
1223 446 1255 472 ad
1274 451 1300 473 te
1319 447 1463 483 pertineat,
1489 446 1596 474 dubium
1621 453 1668 474 est.
1695 447 1751 474 Gai.
1771 447 1815 474 IV.
1835 450 1876 474 89.
1914 448 2009 475 Viden-

1859 405 1921 437 Res.
1944 416 2009 442 quae

1173 489 1242 521 dum.
1257 499 1289 515 ne
1309 490 1334 515 in
1355 489 1435 515 dubio
1454 489 1512 522 hoc.
1533 501 1564 516 au
1577 496 1660 517 ratum
1674 491 1790 522 habeam.
1810 492 1877 517 actio
1897 507 1929 510 —
1948 501 2010 528 pen-

1172 532 1239 559 deat.
1260 532 1289 559 fr.
1310 534 1334 559 9.
1355 532 1387 558 de
1406 530 1437 557 N.
1458 532 1489 558 G.
1509 535 1533 559 3.
1553 535 1577 560 5.
1608 533 1664 560 Nec
1683 534 1790 560 dubium
1810 539 1858 560 est.
1879 534 1941 570 quin
1961 539 2008 560 etc.

1172 591 1204 595 ——
1224 575 1358 602 videamus
1383 579 1482 606 autem,
1506 585 1539 601 ne
1564 581 1612 603 etc.
1637 577 1667 603 fr.
1690 578 1744 603 142.
1765 577 1796 603 εἴ.
1817 578 1858 603 45.
1878 576 1911 603 de
1930 576 1961 603 V.
1981 576 2008 604 S.

1171 620 1212 645 50.
1234 620 1273 644 16.
1311 618 1400 644 Dubio
1425 618 1517 655 procul
1538 621 1608 651 (non
1627 620 1673 646 fiet
1692 622 1759 650 etc.)
1779 619 1809 646 fr.
1829 622 1871 646 22.
1891 620 1913 653 5.
1934 622 1957 646 5.
1978 619 2010 646 ad

1171 662 1199 688 S.
1220 660 1250 688 C.
1272 661 1350 688 Treb.
1370 662 1411 688 36.
1434 663 1455 687 l.
1476 661 1507 688 ct'.
1529 661 1558 688 fr.
1577 663 1619 689 30,
1639 662 1661 696 5.
1674 665 1698 689 2.
1736 664 1789 699 Qui
1809 667 1835 689 et
1853 673 1866 689 a
1886 673 1929 699 qu.
1943 672 2009 689 man.

1170 706 1211 731 40.
1236 706 1260 731 9.

1204 748 1386 774 nucator.
1432 748 1595 782 Magister
1628 750 1762 779 (navis.)
1804 748 1847 775 ΠΙ.
1877 749 1943 776 Gn.
1979 747 2009 775 Si

1171 791 1244 816 navis
1264 789 1371 816 alteram
1391 805 1423 809 -—
1443 789 1585 822 obruisset,
1605 795 1649 817 aut
1668 791 1694 816 iu
1708 791 1908 827 gubernatorem
1927 792 2009 818 autin

1170 833 1321 859 ducatorem
1341 831 1384 865 [al.
1405 832 1552 866 ductorem]
1572 834 1702 860 actionem
1716 839 1872 871 competere.
1892 833 1922 860 fr.
1934 836 1976 861 29.
1986 835 2008 868 5

1170 878 1193 903 4.
1214 876 1246 903 ad
1265 875 1294 902 L.
1314 876 1383 912 Aqu.
1403 877 1426 902 9.
1441 878 1464 902 2.

1204 920 1387 947 Ducatus.
1426 918 1543 952 (Subst.)
1582 920 1684 946 Ducis
1703 922 1858 955 dignitas.
1882 920 2008 948 111.th-

1170 962 1224 997 Qui
1249 961 1371 988 ducatum
1396 961 1586 988 administrant.
1624 962 1674 989 Th.
1699 962 1729 989 C.
1757 963 1800 989 Vl.
1825 964 1848 990 4.
1874 974 1895 990 c.
1914 964 1956 990 28.
1976 963 2009 990 de

1168 1004 1254 1031 Praet.
1274 1009 1300 1030 et
1319 1004 1371 1039 Qu.
1409 1004 1462 1040 Qui
1482 1004 1604 1031 ducatum
1623 1015 1699 1042 agere
1718 1011 1876 1033 meruerunt.
1907 1006 1944 1033 lb.
1964 1005 2007 1033 Vl.

1167 1049 1209 1074 24.
1230 1057 1251 1075 c.
1272 1049 1312 1074 11.
1333 1046 1365 1073 de
1384 1047 1494 1074 domest.
1519 1053 1545 1074 ct
1562 1053 1674 1085 protect.
1695 1048 1727 1075 ct'.
1747 1049 1791 1076 Vl.
1809 1051 1851 1076 26.
1873 1059 1894 1076 c.
1915 1051 1955 1076 13.
1976 1049 2009 1076 de

1145 1102 1147 1131 ἰ
1168 1100 1244 1128 prox.
1265 1091 1352 1116 comit.

1203 1135 1374 1160 Ducena·
1413 1134 1674 1161 Ducenariorum
1698 1137 1857 1170 dignitas.
1879 1135 1922 1163 ΠΙ.
1942 1137 2008 1164 Gn·

1169 1176 1198 1203 Si
1217 1176 1324 1203 decurio
1344 1192 1375 1195 —
1394 1175 1639 1213 perfectissimatus.
1659 1177 1700 1203 vel
1720 1177 1843 1210 ducenae,
1862 1178 1905 1205 vel
1924 1184 2009 1205 ceute-

1168 1230 1224 1252 nae,
1244 1219 1287 1246 vel
1312 1220 1456 1255 egregiatus
1481 1221 1606 1246 meruerit
1632 1219 1791 1256 dignitatem.
1829 1220 1879 1248 Th.
1900 1221 1931 1248 C.
1951 1221 2007 1248 XII.

1170 1265 1191 1289 l.
1212 1273 1233 1289 c.
1253 1264 1276 1289 5.
1297 1262 1329 1289 de
1349 1261 1482 1289 decuriou.
1508 1262 1539 1289 cf.
1560 1263 1592 1289 X.
1612 1264 1653 1289 2⁰.
1679 1273 1700 1289 c.
1721 1265 1743 1290 l.
1764 1263 1796 1290 de
1814 1264 1931 1301 murileg.
1953 1264 2007 1292 Du-

1169 1316 1248 1333 ceuae
1271 1305 1405 1341 dignitatis
1429 1315 1530 1332 merere
1552 1306 1741 1343 principatum,
1772 1316 1794 1333 s.
1822 1307 1865 1334 Ad
1892 1307 2008 1335 ducenae

1168 1349 1306 1386 pervenire
1325 1349 1508 1386 principatum.
1528 1348 1565 1375 Ib.
1586 1348 1629 1375 VI.
1648 1350 1689 1375 27.
1710 1359 1730 1376 e.
1750 1350 1791 1376 20.
1811 1359 1851 1387 sq.
1871 1349 1904 1376 de
1923 1355 2006 1387 agent.

1168 1394 1194 1419 in
1213 1392 1268 1419 reb.

1202 1435 1435 1463 Dueenaria.
1472 1436 1565 1461 Idem.
1601 1434 1644 1461 111.
1669 1436 1735 1463 Cn.
1771 1435 1815 1462 Ad
1833 1435 2007 1469 ducenariam,

1167 1479 1351 1510 centenariam,
1373 1477 1416 1511 [al.
1437 1477 1563 1504 (lucenam
1583 1482 1608 1504 et
1627 1483 1769 1505 centenam.
1790 1478 1839 1506 Th.
1859 1478 1890 1506 C.
1903 1479 1922 1506 1.
1941 1480 1965 1506 9.
1984 1489 2006 1506 c.

1168 1524 1190 1548 1.
1211 1521 1243 1548 de
1262 1521 1306 1548 off.
1326 1531 1390 1557 mag.
1410 1520 1498 1554 oilic.]
1523 1525 1548 1547 et
1570 1520 1712 1547 biarchiam
1735 1531 1810 1548 nemo
1830 1522 1953 1559 suffragio
1973 1538 2005 1542 --

1166 1565 1309 1602 perveniat.
1330 1574 1351 1591 c.
1373 1566 1395 1590 l.
1417 1563 1474 1590 eod.
1494 1564 1533 1589 tit.
1555 1565 1576 1590 l.
1596 1565 1639 1590 31.

1202 1607 1455 1634 Ducenarius.
1477 1607 1636 1633 Ducentis
1654 1617 1691 1633 ex
1710 1608 1819 1634 ει-Ιιοὶα
1838 1609 2006 1643 agentium

1143 1645 1144 1660 ³
1166 1652 1199 1677 in
1218 1652 1309 1676 rebus
1326 1651 1528 1685 praefectus.
1566 1648 1609 1675 III.
1630 1649 1695 1676 Cn.
1715 1649 1857 1676 Ducenarii
1876 1654 1902 1677 et
1921 1655 2006 1677 cente-

1167 1694 1240 1725 narii,
1259 1694 1316 1719 sive
1335 1692 1505 1728 sexagenarii,
1520 1702 1572 1718 uon
1585 1692 1659 1729 prius
1673 1691 1770 1719 debent
1783 1692 1896 1729 aliquem
1915 1703 1948 1720 ex
1963 1693 2006 1720 de—

1166 1735 1297 1762 bitoribus
1315 1735 1456 1761 convenire
1476 1739 1524 1761 etc.
1563 1734 1612 1761 Th.
1640 1734 1671 1761 C.
1695 1735 1739 1762 XI.
1765 1737 1787 1762 7.
1813 1746 1834 1762 c.
1860 1738 1882 1763 l.
1907 1736 1940 1763 de
1964 1747 2006 1764 ex-

1168 1780 1262 1805 actiou.
1300 1778 1470 1805 Sumentibus
1489 1777 1637 1804 ducenariis
1660 1779 1834 1815 principatum
1857 1779 1942 1813 (hanc
1963 1781 2007 1807 tri·

1166 1822 1271 1849 buimus
1290 1821 1460 1854 facultatem.)
1481 1821 1517 1847 lb.
1538 1820 1581 1848 Vl.
1601 1823 1642 1847 27.
1663 1832 1685 1847 c.
1700 1822 1724 1847 8.
1745 1822 1766 1855 5.
1781 1823 1805 1848 2.
1825 1821 1857 1848 de
1875 1827 1959 1859 agent.
1979 1823 2005 1849 iu

1166 1865 1221 1892 reb.
1258 1864 1294 1891 Vt
1313 1875 1345 1891 ex
1364 1864 1458 1891 iisdem
1478 1864 1531 1897 (sc.
1551 1864 1741 1898 mlttendariis)
1761 1866 1840 1892 annui
1858 1865 1955 1902 singuli
1973 1876 2005 1892 ex

1166 1909 1327 1935 ducenariis.
1351 1908 1418 1934 terni
1442 1917 1474 1933 ex
1501 1908 1657 1933 centenariis
1677 1924 1709 1927 —
1729 1908 1833 1944 cingulo
1851 1908 2002 1935 liberentur.

1166 1952 1205 1978 lb.
1224 1951 1268 1978 VI.
1288 1952 1329 1977 30.
1350 1961 1371 1977 c.
1391 1952 1414 1977 8.
1435 1950 1467 1976 de
1481 1949 1561 1976 Palat.
1582 1950 1609 1976 S.
1630 1949 1709 1987 lai-gg.

1199 1994 1376 2022 Ducenti.
1412 1992 1541 2026 (Adiect.)
1580 1995 1638 2019 Bis
1657 2000 1786 2020 centum.
1824 1993 1867 2020 ΠΙ.
1888 1994 1953 2021 Cn.
1973 1993 2003 2020 Si

1167 2038 1235 2074 quis.
1256 2036 1279 2063 C
1299 2045 1392 2062 aureos
1411 2035 1519 2067 debens,
1540 2035 1587 2062 CC
1607 2037 1756 2062 constituat.
1776 2035 1806 2062 fr.
1822 2038 1862 2062 ll.
1882 2037 1903 2070 5.
1929 2038 1951 2063 1.
1971 2036 2003 2063 de

1165 2090 1257 2117 pecun.
1282 2084 1366 2106 const.
1394 2080 1432 2104 13.
1457 2081 1480 2104 5.
1519 2077 1547 2104 Si
1571 2078 1698 2104 adversus
1722 2089 1749 2105 ea
1773 2078 1868 2105 sactum
1893 2080 1950 2109 erit.
1970 2096 2001 2100 -

1165 2123 1244 2149 solidi
1265 2121 1312 2149 CC
1333 2136 1363 2141 -
1385 2120 1580 2147 condemnetur.
1601 2120 1685 2147 11:42.
1706 2121 1738 2147 de
1758 2121 1844 2148 Aedil.
1865 2122 1940 2149 edict.
1960 2124 2001 2149 21.

1142 2175 1143 2199 ;
1167 2167 1188 2192 1.
1209 2165 1240 2192 cs.
1260 2165 1290 2191 I'r.
1310 2166 1334 2191 3.
1354 2174 1393 2201 pr.
1414 2163 1446 2190 de.
1464 2163 1564 2200 sepulc.
1584 2163 1645 2190 viol.
1665 2165 1706 2190 47.
1731 2166 1770 2190 12.

1199 2211 1361 2236 Ducere.
1401 2207 1431 2240 §.
1451 2207 1485 2233 l·
1523 2208 1678 2239 Educ-ere,
1699 2209 1865 2243 Dirigere.
1902 2208 1920 2235 Ι.
1940 2210 2002 2244 Sy.

1142 2259 1143 2262 ’
1164 2251 1311 2279 Deducere.
1349 2250 1389 2276 Ct'.
1411 2249 1435 2276 h.
1449 2260 1472 2276 v.
1492 2250 1513 2283 5.
1530 2251 1551 2275 l.
1583 2250 1717 2282 Dei-ivaro,
1737 2247 1866 2278 Educere⁹
1875 2252 2002 2288 (aquam.)

1165 2295 1196 2322 ct'.
1216 2305 1240 2322 v.
1261 2295 1395 2321 Derivare.
1416 2293 1437 2327 5.
1460 2295 1481 2319 l.
1518 2292 1626 2319 Ponere.
1646 2293 1794 2320 Aedificare,
1814 2295 1960 2331 (parietem,
1979 2304 1999 2321 s.

1141 2342 1142 2366 i
1164 2338 1322 2369 maceriam.)
1343 2337 1372 2363 sr.
1394 2338 1432 2362 16.
1453 2336 1517 2370 5.1.
1537 2335 1567 2362 fr.
1585 2337 1624 2361 17.
1645 2346 1737 2363 comm.
1757 2337 1845 2374 praed.
1859 2338 1883 2364 8.
1897 2338 1920 2364 4.
1940 2336 2000 2364 Per-

1164 2381 1272 2412 ducere.
1300 2380 1450 2410 Abducere,
1475 2378 1584 2405 Mittere.
1605 2378 1634 2404 sr.
1657 2381 1694 2405 11.
1720 2380 1741 2413 5.
1762 2382 1784 2406 7.
1811 2379 1939 2407 commod.
1960 2381 1999 2407 13.

1163 2426 1187 2451 6.
1208 2424 1264 2450 Gai.
1285 2423 1327 2450 111.
1350 2425 1407 2450 196.
1432 2423 1461 2449 fr.
1481 2424 1540 2448 203.
1563 2421 1595 2447 de
1617 2421 1645 2447 V.
1666 2422 1693 2448 S.
1717 2424 1758 2448 50.
1786 2424 1825 2449 16.
1863 2423 1905 2449 111.
1933 2424 1999 2451 Gn·

283 2468 313 2494 fr.
334 2469 356 2494 7.
377 2467 460 2501 5.11.
481 2466 513 2493 de
532 2467 562 2492 Α.
583 2466 613 2492 R.
634 2467 666 2493 Ι).
687 2469 727 2493 41.
750 2469 770 2493 l.
809 2467 989 2494 Dubitatiouis
1009 2473 1062 2500 est.
1088 2478 1120 2494 an
1140 2474 1142 2485 '
1164 2467 1193 2494 Si
1213 2477 1277 2503 aqua
1302 2468 1328 2493 in
1353 2476 1431 2493 unum
1455 2465 1542 2491 locum
1562 2464 1730 2495 conducatur.
1754 2471 1779 2491 et
1798 2465 1859 2492 iude
1878 2476 1925 2503 per
1943 2466 1998 2503 plu-

283 2511 369 2546 possit
388 2514 436 2536 etc.
457 2510 486 2536 t'r.
506 2511 546 2536 91.
567 2510 588 2543 5.
609 2510 632 2535 6.
653 2509 684 2535 de
704 2509 734 2536 V.
755 2510 787 2536 O.
808 2512 848 2536 115.
870 2512 894 2537 l.
919 2510 950 2537 cs.
975 2510 1006 2537 sr.
1026 2513 1066 2537 46.
1087 2510 1119 2537 de
1140 2491 1142 2523 i
1163 2520 1205 2536 res
1226 2510 1319 2536 ductus
1339 2509 1456 2535 ducatur.
1481 2507 1511 2534 fr.
1531 2509 1555 2534 3.
1576 2508 1596 2541 5.
1617 2510 1641 2534 3
1667 2508 1699 2534 de
1718 2510 1766 2535 riv.
1785 2510 1826 2535 43.
1846 2510 1887 2535 21.
1908 2509 1937 2536 fr.
1959 2510 1996 2535 16.

283 2552 314 2579 R.
334 2552 365 2579 N.
387 2554 428 2579 23.
448 2554 471 2579 2.
510 2552 577 2579 Illud
601 2551 789 2578 dubitationem
811 2554 912 2590 recipit.
932 2568 966 2572 —
985 2553 1038 2580 Sed
1062 2555 1119 2591 ipsa
1164 2552 1291 2588 Quemad.
1312 2552 1401 2578 servit.
1420 2551 1443 2577 8.
1464 2552 1487 2577 6.
1507 2550 1578 2577 Paul.
1594 2550 1624 2576 V.
1640 2552 1663 2576 6.
1677 2551 1698 2584 5.
1714 2553 1736 2577 9.
1775 2551 1803 2578 Si
1823 2551 1892 2579 forte
1911 2551 1996 2578 cloaca

285 2600 373 2621 natura
393 2595 634 2622 manifestissimum
658 2599 698 2621 est
717 2600 765 2621 etr.
786 2595 815 2622 sr.
837 2597 876 2622 75.
896 2596 917 2630 5.
937 2597 960 2622 4.
981 2595 1013 2622 de
1033 2595 1063 2622 V.
1085 2597 1117 2622 Ο.
1140 2599 1141 2634 i
1164 2595 1240 2622 ducta
1260 2596 1294 2621 sit
1313 2605 1344 2621 ex
1369 2594 1467 2620 urbano
1491 2593 1610 2620 aedilicio
1634 2594 1659 2619 in
1684 2594 1832 2630 proximum
1851 2604 1946 2631 agrum.
1965 2593 1995 2620 fr.

285 2638 324 2663 45.
346 2640 366 2664 1.
404 2638 493 2673 Magna
513 2638 641 2664 dubitatio
660 2637 708 2664 fuit
732 2638 764 2663 de
783 2637 831 2664 his.
861 2654 892 2658 —
921 2638 975 2665 Sed
994 2639 1044 2666 hoc
1064 2640 1118 2665 iure.
1139 2638 1141 2652 ²
1166 2640 1186 2664 l.
1215 2639 1236 2672 5.
1260 2642 1283 2664 ⁸.
1309 2636 1341 2663 de
1364 2637 1443 2663 elo-¹10.
1468 2638 1509 2663 43.
1533 2639 1574 2663 23.
1611 2636 1640 2663 Si
1665 2638 1724 2673 quis
1747 2647 1788 2664 me
1812 2637 1950 2674 prohibeat
1969 2638 1995 2663 in

286 2681 387 2706 utimur.
408 2681 436 2707 l'r.
458 2683 498 2707 73.
518 2682 583 2714 5.1.
604 2680 636 2707 ad
654 2679 683 2707 L.
704 2680 772 2707 Fale.
792 2682 833 2706 35.
853 2683 876 2707 2.
1163 2682 1226 2707 mari
1244 2680 1352 2717 piscari.
1378 2679 1419 2706 vel
1444 2679 1614 2706 everriculem
1638 2679 1742 2706 ducere.
1767 2679 1798 2706 sr.
1820 2682 1858 2706 13.
1878 2680 1899 2713 5.
1920 2681 1942 2705 7.
1964 2679 1996 2705 de

319 2723 475 2751 Dubius.
514 2723 642 2757 (Adiert.)
679 2726 842 2755 Incertus,
864 2725 1048 2759 Ambiguae.
1086 2724 1116 2751 ΙΙ.
1139 2724 1140 2755 l
1163 2725 1238 2750 iniur.
1258 2724 1299 2749 47.
1321 2724 1359 2748 10.
1397 2722 1425 2749 Si
1446 2723 1503 2759 quis
1529 2732 1623 2759 equum
1646 2722 1764 2759 gestandi
1790 2732 1865 2749 eausa
1885 2731 1995 2748 commo-

286 2766 353 2799 ΟΡ.
390 2765 490 2797 Dubia,
514 2783 545 2786 —
571 2766 650 2792 Certa
671 2768 709 2799 (et
728 2766 885 2793 indubitata.
905 2776 946 2792 res
965 2777 988 2793 v.
1010 2767 1116 2793 libertas
1139 2766 1140 2777 ¹
1162 2766 1249 2792 datum
1269 2765 1371 2801 longius
1390 2775 1477 2792 secum
1498 2765 1585 2801 aliquo
1605 2764 1715 2792 duxerit.
1736 2765 1792 2792 Gai.
1811 2764 1851 2790 ΠΙ.
1873 2766 1929 2790 196.
1966 2764 1993 2791 Si

285 2808 346 2840 etc.)
367 2807 396 2833 fr.
419 2809 440 2833 1.
460 2808 491 2834 de
512 2814 632 2836 tiu-insaet.
653 2811 676 2835 2.
701 2811 737 2836 15.
758 2809 788 2835 sr.
807 2810 848 2835 24.
874 2809 895 2842 5.
916 2810 938 2835 4.
964 2809 996 2835 de
1015 2809 1116 2836 liberali
1138 2806 1140 2856 ἱ
1163 2810 1222 2845 quis
1246 2818 1300 2835 rem
1320 2808 1442 2834 mobilem
1462 2808 1587 2834 vindicari
1607 2819 1618 2834 a
1639 2818 1667 2833 se
1687 2818 1780 2845 passus
1799 2817 1849 2833 nou
1870 2812 1923 2834 est.
1948 2807 1995 2834 sed

286 2860 306 2876 “-
330 2851 371 2876 40-
399 2852 435 2876 ΓΖ-
475 2850 514 2877 III.
534 2853 610 2879 Cn·-
636 2853 749 2888 Quoties
774 2851 852 2879 dubia
875 2852 1056 2889 interpretatio
1077 2857 1117 2878 est
1138 2858 1139 2887 ζ
1163 2852 1222 2879 duci
1247 2862 1300 2878 eam
1325 2851 1366 2877 vel
1392 2851 1451 2878 ferri
1476 2861 1571 2888 passus
1595 2856 1643 2877 est.
1669 2850 1698 2877 fr.
1720 2853 1740 2877 1.
1766 2850 1829 2883 5.1.
1850 2850 1872 2875 si
1892 2860 1932 2886 qu.
1954 2851 1993 2877 ius

1137 2889 1139 2919 l
