2197 3121
262 214 326 245 768

265 295 295 322 sr.
319 296 339 320 1.
360 294 374 327 3
404 295 424 319 1.
445 292 476 319 fr.
496 294 538 318 25.
558 292 580 325 3.
599 291 624 317 3.
645 289 678 317 de
697 289 783 316 Aedit.
804 288 881 315 edict.
899 289 979 315 21.1.
1016 287 1113 314 Proeu-
1134 288 1135 294 ¹

265 343 336 365 rator
355 336 549 374 possessionis,
574 335 631 360 sive
650 338 737 364 actor,
762 331 804 359 vel
825 333 901 359 ctiam
921 330 1040 358 colonus.
1062 329 1112 357 Th.
1134 347 1135 353 .

265 381 297 408 C.
318 380 372 407 Vll.
394 382 432 405 1³.
454 389 474 404 e.
495 380 518 403 S.
538 377 560 411 ξ.
582 378 603 403 1.
625 376 657 403 de
676 376 805 403 desertor.
826 374 958 403 cf.11.31.
980 384 1001 400 c.
1018 376 1039 400 1.
1060 374 1112 409 Qu.

265 425 348 451 iussu.
368 423 411 449 lx.
431 423 473 447 30.
499 431 520 447 c.
540 422 564 446 2.
594 419 674 455 Qnib.
701 429 790 456 equor.
815 428 854 445 us.
892 417 1050 444 Procurator
1069 421 1113 442 aut

266 467 298 493 ad
318 466 397 496 litem.
417 469 458 490 aut
481 463 512 489 ad
533 473 609 489 omne
628 463 769 498 negotium.
790 461 878 488 autad
893 464 993 498 partem
1006 460 1113 495 negotii,
1134 485 1135 490 ¹

266 515 307 536 aut
328 508 360 534 aul
380 517 421 533 res
442 506 662 533 administrandas
682 505 766 532 datur.
786 503 859 531 Paul.
881 503 899 529 1.
919 504 944 529 3.
962 503 983 536 3
998 504 1022 528 2.
1044 501 1073 528 sr.
1090 503 1111 527 l.

266 554 288 587 3.
308 554 330 577 1.
350 551 382 577 de
402 560 505 587 procur.
526 551 550 576 3.
569 551 594 576 3.
632 548 722 580 Ρτοο.,
747 548 789 574 cui
813 547 927 573 omnium
947 555 1033 572 rernm
1054 555 1114 583 pro-

266 595 365 622 curatio
385 603 511 620 concessa
531 597 579 619 est.
599 592 630 618 fr.
650 592 674 617 4.
694 591 716 624 §
740 593 778 617 ts.
799 590 831 616 de
851 589 875 616 d.
895 599 928 615 m.
949 598 1004 615 exc.
1025 590 1067 614 44.
1088 589 1112 613 4.

266 638 298 665 cs.
319 637 348 664 sr.
363 640 404 663 55.
425 636 454 663 t'r.
468 637 509 662 6³3.
530 634 562 661 de
580 644 686 672 procur.
699 636 724 660 3.
737 636 762 660 3.
801 632 868 659 Cum
886 636 1044 669 procurator
1061 640 1112 662 res,

267 682 415 707 rationesve
434 683 538 705 nostras
558 677 758 704 administravit.
780 675 808 702 sr.
823 677 846 702 9.
867 685 906 712 pr.
927 674 959 700 de
980 673 1072 701 edend.
1088 676 1112 700 2.

268 725 306 750 13.
328 723 357 750 sr.
376 726 399 749 2,
420 723 442 756 3.
462 723 485 748 9.
507 731 555 758 pro
576 725 635 747 emt.
656 722 697 746 ⁴1.
716 722 741 746 4.
762 735 794 739 —
819 719 850 752 §.
871 720 907 745 2.
919 719 962 745 A.
985 719 1047 750 Qui
1065 727 1113 743 re-

265 770 321 794 bus
351 767 470 793 alienis
499 765 629 790 tuendis
657 765 724 790 siue
752 764 903 789 mandato
932 771 961 787 se
984 762 1112 787 obtulit.

267 810 310 836 111.
321 811 388 837 Cn.
407 807 580 835 voluntarius
600 810 764 844 procurator.
785 806 829 842 qui
849 814 878 831 se
892 804 1004 838 negotiis
1021 802 1113 829 alienis

266 853 352 879 offert.
376 851 449 878 Paul.
470 851 495 876 in
516 849 585 875 Coti.
607 854 657 875 vet.
678 848 757 874 [Cli.
783 858 803 873 c.
824 850 847 873 3.
869 847 901 873 cl'.
927 847 956 872 [ι’.
978 848 1000 872 7.
1021 856 1060 882 pr.
1081 845 1114 871 de

267 895 378 923 calumn.
398 896 422 921 3.
442 894 465 919 6.
480 908 511 912 -
532 892 562 925 §.
577 893 614 918 3.
638 893 700 924 Qui
718 892 870 926 defensor
889 891 1019 916 alienae
1038 890 1113 915 litis

266 940 471 966 constitutus
490 936 825 966 est‚(intervenie11te
844 935 1005 963 mandato.
1024 934 1112 958 citra

267 984 432 1009 verborum
457 979 722 1007 solemnitatem.)
761 976 791 1003 ll.
813 977 880 1010 Op.
909 974 1046 1011 Cognitor.
1071 973 1112 1000 Cf.

267 1025 293 1051 h.
313 1034 336 1050 v.
358 1023 378 1056 ξ
399 1025 422 1048 ·.¹.
460 1021 600 1048 Defensor.
621 1019 662 1047 Cf.
683 1019 707 1046 h.
728 1029 752 1045 v.
772 1020 793 1053 3.
813 1021 837 1045 3.
875 1018 1005 1045 Dominus
1026 1016 1113 1049 (litis.)

268 1067 310 1094 Cf.
330 1066 345 1093 h
375 1076 398 1092 v.
419 1065 482 1099 31.
511 1063 555 1090 111.
572 1064 638 1091 (711.
658 1062 713 1089 Nec
733 1062 833 1088 iudices
854 1071 913 1088 esse
932 1065 1044 1098 possunt
1064 1062 1113 1093 (sc.

268 1110 406 1139 feminae.)
428 1118 476 1134 nec
495 1107 675 1143 magistratum
695 1115 803 1142 gerere,
828 1115 877 1132 nec
896 1103 1045 1142 postulare.
1065 1113 1114 1129 nec

268 1164 315 1192 pro
336 1152 386 1179 alio
406 1151 579 1182 intervenire,
604 1160 653 1176 nec
671 1153 857 1187 procuratores
879 1149 1014 1174 exsistere.
1039 1146 1069 1172 fr.
1089 1149 1113 1172 2.

268 1208 306 1234 pr.
327 1196 359 1223 de
379 1194 409 1221 R.
429 1194 447 1220 1.
463 1195 504 1220 50.
521 1195 560 1220 17.
598 1192 627 1219 Si
641 1207 674 1211 —
688 1201 772 1228 neque
792 1192 823 1223 is,
843 1192 917 1217 cuius
937 1191 963 1216 in
982 1193 1115 1227 potestate

1097 205 1195 236 PRO.

1157 288 1213 314 iure
1233 287 1298 313 fisci.
1318 287 1359 312 49.
1382 288 1421 313 14.
1458 287 1501 314 111.
1522 288 1588 315 011.
1612 287 1647 314 Et
1670 287 1722 315 hoc
1745 288 1777 315 ad
1796 289 1934 322 Procoss..
1957 289 2005 317 Lo-

1157 335 1284 366 gatosque
1309 339 1412 361 eorum,
1445 335 1471 357 et
1494 330 1525 357 ad
1556 340 1601 358 eos
1625 332 1670 368 qni
1697 332 1842 368 provinciis
1869 338 2003 370 praesunt,

1157 372 1379 399 Procuratoresve
1398 372 1563 411 Principum,
1589 375 1633 408 qui
1657 375 1684 400 in
1708 375 1853 412 provinciis
1873 380 2003 402 tenentur.

1157 417 1280 453 pertinet.
1305 415 1335 441 fr.
1355 416 1396 442 32.
1421 426 1452 442 ex
1473 426 1515 453 qn.
1537 427 1558 443 c.
1577 418 1636 444 mai.
1656 419 1680 444 4.
1700 419 1724 444 6.
1763 417 1921 445 Procurator
1940 418 2005 445 Cae-

1158 460 1239 491 saris,
1263 468 1315 485 non
1340 458 1425 485 solum
1450 461 1490 485 cui
1516 470 1603 486 rerum
1628 461 1756 497 cuiusque
1775 462 1927 498 provinciae
1946 471 2004 498 pro-

1134 532 1136 548 1
1158 502 1258 528 curatio
1277 501 1397 527 mandata
1417 503 1475 533 erit,
1495 502 1543 529 sed
1557 507 1583 529 et
1596 504 1628 535 is,
1648 505 1688 530 cui
1704 513 1798 531 rernm.
1819 505 1938 540 quamvis
1952 514 2004 530 non

1135 575 1136 581 1
1158 545 1280 571 omnium.
1301 544 1330 571 sr.
1350 546 1392 570 35.
1412 545 1434 578 3.
1453 546 1477 572 2.
1498 545 1532 572 ib.
1553 547 1577 572 4.
1597 547 1620 572 6.
1641 546 1671 572 cs.
1694 546 1764 573 Coll.
1781 546 1833 572 LL.
1848 546 1881 573 Μ.
1896 545 1959 572 XIV
1980 548 2004 573 3.

1158 588 1187 614 Si
1207 586 1305 623 fiscalis
1325 588 1475 624 pecuniaria
1495 598 1572 615 causa
1591 590 1639 621 sit,
1664 599 1730 626 qnae
1753 589 1784 616 ad
1805 589 2006 616 Procuratorem

1158 630 1289 667 Principis
1313 631 1430 667 respicit.
1459 630 1489 657 fr.
1509 632 1535 657 9.
1560 642 1599 668 pr.
1624 631 1657 658 de
1681 632 1725 658 off.
1746 632 1821 658 Proc.
1848 636 1874 658 et
1898 630 1959 667 Leg.
1981 633 2004 658 1.

1160 675 1200 700 16.
1219 673 1249 700 sr.
1270 675 1295 700 8.
1314 674 1335 707 3.
1358 675 1396 700 19.
1417 673 1449 699 de
1469 678 1591 700 transaet.
1612 677 1636 701 2.
1659 677 1698 701 15.
1727 675 1799 702 Paul.
1820 674 1853 702 V.
1876 676 1914 700 12.
1940 675 1961 708 3.
1981 675 2004 700 6.

1159 716 1287 743 Vtrumne
1313 716 1429 743 officium
1454 726 1570 742 summae
1594 718 1631 744 rei
1657 717 1855 749 Procumtoris,
1883 727 1915 743 an
1935 721 2006 743 certe

1158 759 1280 786 Rectoris
1294 758 1345 791 Pr.‚
1364 759 1399 791 id,
1420 759 1491 796 quod
1506 759 1622 786 debitum
1640 760 1726 793 suerit,
1746 761 1925 798 proposuerit.
1946 770 1967 786 c.
1980 761 2005 787 3.

1159 804 1180 829 si
1200 813 1239 840 pr.
1264 802 1326 839 pub.
1345 803 1441 840 pensit.
1461 805 1485 828 4.
1505 804 1547 829 46.
1592 802 1702 830 Praedia
1727 803 1864 835 Caesaris,
1889 814 1955 840 quae
1979 803 2006 829 in

1158 846 1266 872 formam
1286 846 1435 882 patrimonii
1456 844 1575 877 redacta,
1596 845 1645 871 snb
1665 851 1836 882 procuratore
1855 846 2006 883 patrimonii

1158 893 1228 915 sunt.
1248 888 1278 914 fr.
1292 890 1334 914 39.
1354 888 1375 921 3.
1394 889 1433 914 10.
1454 887 1486 914 de
1505 888 1581 923 legat.
1602 887 1619 914 Ι.
1641 889 1708 921 (30.)
1746 889 1830 915 Actor
1848 899 1934 916 rerum
1955 889 2006 926 pri-

1158 936 1275 957 vatarum
1295 936 1453 961 nostrarum,
1473 932 1529 957 sive
1548 936 1714 967 procurator.
1733 931 1782 958 Th.
1803 931 1834 958 C.
1847 932 1881 958 X.
1901 934 1925 958 4.
1946 942 1967 958 c.
1982 933 2005 957 l.

1159 974 1191 1001 de
1211 979 1291 1001 actor.
1311 984 1384 1011 proc.
1422 973 1611 1000 Procuratores
1631 976 1833 1011 possessionum
1847 979 2005 1001 nostrarum.

1159 1017 1195 1043 lb.
1216 1016 1286 1043 XVI.
1308 1019 1347 1042 10.
1370 1026 1390 1042 c.
1413 1018 1452 1043 13.
1471 1027 1509 1053 pr.
1537 1016 1569 1043 de
1591 1027 1681 1054 pagan.
1709 1017 1751 1044 Cf.
1770 1018 1803 1044 X.
1823 1019 1866 1044 25.
1887 1028 1908 1044 c.
1931 1019 1952 1044 1.
1973 1016 2006 1043 de

1135 1064 1137 1086 ¹.
1158 1060 1226 1096 priv.
1246 1059 1314 1086 dom.
1335 1060 1401 1095 Aug.
1439 1059 1634 1086 Thesaurorum
1655 1061 1814 1097 praepositi,
1836 1060 1879 1087 vel
1899 1059 2006 1097 baphio-

1159 1113 1228 1133 rum,
1253 1113 1282 1129 ac
1307 1103 1481 1129 textrinorum
1505 1108 1699 1139 procuratores.
1724 1113 1745 1130 c.
1767 1105 1807 1130 14.
1832 1103 1865 1130 de
1887 1102 2005 1139 murileg.

1160 1147 1200 1172 11.
1221 1147 1244 1171 7.
1271 1144 1321 1171 Th.
1343 1144 1373 1172 C.
1393 1145 1438 1172 IX.
1458 1147 1499 1172 27.
1524 1156 1546 1172 c.
1567 1147 1589 1172 7.
1614 1145 1645 1172 ad
1665 1145 1694 1172 L.
1719 1145 1767 1172 lul.
1791 1151 1873 1183 repet.
1910 1145 2006 1172 Procu-

1159 1193 1261 1214 ratores
1280 1188 1463 1215 hereditatum.
1488 1188 1519 1215 fr.
1538 1191 1580 1215 32.
1603 1188 1636 1215 de
1655 1190 1710 1215 iure
1730 1189 1796 1216 fisci.
1816 1192 1858 1216 49.
1879 1191 1920 1215 14.
1941 1199 1961 1215 c.
1983 1190 2006 1214 1.

268 1245 317 1271 est,
336 1247 461 1276 praesens
482 1237 539 1268 erit,
559 1245 644 1272 neque
663 1239 819 1272 procurator
838 1234 977 1270 quisquam
996 1233 1114 1263 exsistat.
1136 1227 1138 1268 1
1159 1231 1192 1258 de
1220 1241 1291 1258 usur.
1317 1233 1354 1258 rei
1378 1231 1431 1258 iud.
1458 1233 1480 1258 7.
1500 1233 1542 1258 54.
1584 1230 1658 1258 Proc.
1683 1233 1813 1258 exactioni
1839 1233 2007 1269 praepositus

268 1285 313 1320 qui
332 1293 363 1309 eo
383 1281 489 1308 nomine
509 1284 574 1315 agat.
594 1279 624 1305 I‘r.
646 1279 686 1304 17.
706 1278 798 1312 3310.
816 1278 854 1302 16.
875 1275 907 1302 de
925 1276 1003 1302 iniur.
1017 1277 1059 1301 47.
1076 1277 1114 1301 10.
1137 1269 1138 1318 1
1160 1274 1331 1308 (horreorum
1352 1274 1500 1307 Caesaris.)
1525 1274 1556 1301 fr.
1574 1276 1617 1300 21.
1643 1274 1707 1308 31.
1731 1275 1783 1310 Qu.
1803 1276 1900 1312 potior.
1919 1276 1961 1300 20.
1981 1276 2005 1300 4.

266 1327 307 1353 Ex
326 1325 368 1352 die
387 1324 488 1360 accepti
508 1322 597 1349 iudicii
612 1337 643 1340 —
664 1326 716 1347 tam
736 1320 828 1346 dantes
849 1329 925 1356 quam
946 1319 1115 1355 accipientes,
1137 1319 1138 1354 1
1163 1335 1192 1338 -
1214 1318 1245 1352 §.
1259 1319 1347 1345 4.sp
1371 1319 1433 1350 Qui
1452 1319 1531 1344 aliis
1550 1320 1641 1344 rebus
1659 1320 1804 1352 publicis
1821 1327 2006 1352 procuran-

268 1368 379 1396 heredes
405 1376 511 1404 quoque
536 1374 643 1396 eorum,
667 1368 868 1401 procuratores.
898 1363 1115 1398 cognitorumque
1136 1382 1138 1385 .
1160 1363 1209 1388 dis
1226 1367 1366 1395 praeest.
1405 1360 1423 1387 I.
1444 1362 1506 1395 Sy.
1527 1360 1642 1387 Curator
1662 1361 1810 1393 (civitatis.)
1831 1359 1880 1387 Th.
1902 1359 1933 1386 C.
1949 1359 2006 1386 Vll.

268 1421 412 1450 personae.
431 1410 546 1444 itemque
566 1417 710 1444 sponsores
731 1405 836 1439 (eadem
857 1405 1029 1443 stipulatione
1048 1414 1115 1431 com-
1136 1407 1138 1437 1
1160 1406 1183 1430 4.
1205 1414 1226 1431 c.
1250 1406 1271 1431 1.
1292 1414 1313 1431 c.
1333 1405 1374 1430 32.
1400 1403 1432 1430 de
1456 1414 1525 1440 erog.
1549 1403 1603 1430 mil.
1628 1413 1686 1429 ann.
1707 1402 1775 1430 VIII.
1796 1404 1836 1430 12.
1855 1413 1876 1430 c.
1895 1404 1920 1430 3.
1940 1413 1961 1429 c.
1981 1404 2005 1429 8.

267 1453 494 1493 prehenduntur.)
520 1450 590 1477 Paul.
612 1449 642 1476 v.
662 1451 685 1476 9.
713 1450 734 1483 ς.
755 1452 778 1476 2.
822 1448 851 1475 si
876 1449 935 1485 quis
962 1448 1046 1474 ..neno
1071 1457 1115 1473 no-
1136 1440 1138 1498 1
1159 1448 1181 1481 ξ,
1203 1449 1225 1474 1,
1245 1447 1277 1473 de
1298 1447 1385 1473 donat.
1423 1446 1465 1472 111.
1487 1448 1553 1474 cn.
1578 1446 1779 1478 Procuratores,
1805 1456 1852 1473 seu
1871 1451 2007 1483 Μηρώ-

267 1499 337 1525 mine
357 1495 545 1523 condemnatus
565 1493 657 1524 fuerit,
678 1508 707 1512 -
729 1497 898 1529 procurator⁷
918 1491 962 1517 vel
982 1490 1115 1522 defensor,
1136 1499 1138 1527 ζ
1160 1500 1217 1521 res.
1240 1489 1282 1516 vel
1301 1490 1447 1527 praepositi
1466 1499 1592 1527 pagorum
1613 1494 1637 1516 et
1656 1489 1819 1516 horreorum.
1849 1489 1887 1515 lb.
1907 1488 1963 1515 Vll.
1982 1491 2006 1515 4.

268 1540 310 1567 vel
331 1545 409 1570 tutor,
430 1537 471 1564 vel
492 1541 604 1568 curator.
624 1535 667 1562 vel
687 1535 771 1562 heres.
795 1535 825 1561 fr.
845 1536 869 1561 6.
889 1534 910 1568 3.
930 1536 954 1560 2.
975 1533 1007 1560 de
1027 1533 1050 1560 h.
1072 1543 1114 1570 qu.
1136 1532 1138 1555 ἶ

269 1588 322 1610 not.
347 1582 392 1609 int.
415 1583 439 1607 3.
459 1583 484 1606 2.
526 1580 567 1606 Ex
591 1589 704 1616 persona
729 1588 784 1604 mea
811 1579 885 1614 quasi
910 1578 1043 1614 cognitor,
1072 1581 1115 1602 ant

268 1630 424 1664 procurator
443 1633 530 1655 meus.
551 1623 672 1659 experiri.
700 1620 756 1647 Gai.
777 1621 806 1647 11.
826 1623 872 1648 39.
889 1620 934 1647 IV.
953 1622 994 1646 55.
1014 1621 1056 1646 95.
1075 1629 1113 1655 sq.

270 1671 326 1695 101.
364 1668 522 1694 Procurator
545 1664 625 1691 nullis
651 1665 731 1690 certis
759 1664 848 1690 verbis
873 1665 898 1690 in
923 1663 995 1689 litem
1020 1663 1116 1688 consti·
1137 1674 1138 1685 1

269 1713 358 1738 tuitur.
387 1710 424 1737 ld.
444 1709 488 1736 IV.
508 1710 549 1734 84.
570 1707 602 1734 ef.
631 1707 704 1734 Paul.
724 1707 741 1732 1.
762 1708 785 1733 3.
812 1707 877 1740 3.1.
907 1705 991 1732 Vatic.
1014 1705 1036 1739 3.
1055 1706 1114 1731 317.

268 1754 349 1781 Velut
374 1753 522 1791 praesentis
546 1755 745 1789 procuratorem
771 1750 939 1775 intervenire.
965 1749 994 1775 fr.
1015 1750 1056 1774 65.
1084 1747 1115 1773 de

268 1808 340 1836 proc.
360 1799 382 1823 3.
403 1798 430 1823 3.
467 1794 525 1821 Non
545 1794 631 1820 solum
650 1795 675 1820 in
696 1793 923 1819 administratione
945 1801 1044 1823 rernm,
1069 1790 1115 1817 sed

269 1842 346 1867 etiam
366 1841 392 1866 in
411 1837 569 1869 actionibus,
585 1853 614 1857 —
636 1847 707 1871 proc.
729 1836 839 1862 alicuius
859 1845 927 1862 esse.
947 1834 977 1861 fr.
995 1834 1114 1868 3331.

787 1880 802 1895 ἦ

270 1884 301 1911 es.
322 1894 360 1921 pr.
384 1882 402 1909 l.
421 1882 438 1908 l.
458 1883 482 1908 3.
502 1882 525 1907 3.
555 1879 628 1906 Paul.
653 1879 670 1906 1.
696 1882 720 1905 3.
745 1879 766 1912 ξ.

270 1926 300 1953 sr.
323 1928 344 1952 1.
365 1926 386 1959 3.
407 1929 430 1951 ὅ,
455 1924 536 1960 Quar.
557 1933 605 1949 rer.
626 1928 675 1949 act.
695 1924 736 1948 44.
757 1924 780 1948 5.
818 1921 903 1948 Datus
922 1920 954 1947 ad
974 1919 1116 1958 petendum
1137 1939 1138 1949 1

270 1979 342 2008 proc.
363 1968 392 1994 t'r.
412 1969 435 1993 9.
456 1967 477 2000 3.
498 1968 520 1992 b'.
542 1965 574 1992 de
594 1967 700 1992 iureiur.
724 1967 761 1991 12.
781 1967 805 1991 2.
844 1964 894 1991 Per
918 1969 1115 2001 procuratorem

269 2021 351 2050 posse
370 2010 441 2046 argui
461 2010 602 2044 (ingratum
623 2008 768 2040 libertum.)
789 2007 818 2034 fr.
836 2010 859 2033 4.
881 2007 912 2034 de
932 2007 1041 2043 obsequ.
1061 2016 1115 2043 par.
1137 2005 1139 2042 1

270 2057 311 2082 37.
335 2056 373 2080 15.
413 2052 594 2079 Procuratoris
615 2051 727 2077 habendi
747 2051 827 2087 gratia
849 2051 1043 2083 (manumittere
1063 2060 1116 2075 ser-

271 2099 351 2128 vum.)
374 2096 430 2123 Gai.
450 2095 468 2121 1.
491 2097 529 2121 19.
549 2096 590 2120 δά.
612 2094 641 2120 tr.
658 2096 696 2120 13.
718 2094 749 2119 de
769 2104 880 2120 manum.
901 2093 971 2120 vind.
989 2095 1031 2119 40.
1044 2094 1068 2118 2.
1083 2108 1114 2111 -

271 2142 302 2174 ξ.
315 2141 401 2167 θυὶ.
418 2139 669 2171 Qui,711‹111clatz‘s
688 2139 723 2163 ‹zh
743 2139 810 2163 aliu
831 2139 1025 2168 actionibus,
1044 2146 1116 2170 prv-

884 2179 901 2205 1.
923 2180 984 2214 Sy.
1013 2179 1041 2205 In
1063 2188 1115 2205 rem

272 2236 345 2253 suam
366 2224 546 2262 procuratorio
566 2224 670 2249 nomine
691 2232 773 2257 agere.
812 2222 840 2247 ln
860 2232 913 2248 rem
927 2232 947 2247 s.
963 2226 1116 2258 procurator

272 2269 438 2296 interm-nire.
460 2267 481 2293 I'r
503 2268 543 2292 33.
565 2267 585 2300 3.
601 2269 623 2292 5.
645 2265 674 2291 t'r.
689 2267 730 2291 31.
751 2264 782 2291 (1(-
798 2274 901 2301 procur.
915 2266 938 2290 3.
952 2267 975 2289 IJ.
996 2264 1036 2289 III.
1051 2265 1115 2291 Cn.

272 2313 415 2339 Dominum
435 2311 534 2346 potins.
560 2319 636 2345 quam
661 2318 718 2334 eum
743 2309 787 2344 qui
812 2309 837 2333 in
858 2317 911 2333 rem
932 2317 1003 2333 suam
1024 2317 1116 2344 procn-

273 2360 344 2381 rator
363 2359 414 2383 est.
436 2352 620 2385 (convenire.)
644 2351 674 2377 fr.
695 2353 736 2376 29.
762 2350 792 2376 tr.
812 2352 852 2376 55.
874 2349 906 2376 de
925 2359 1028 2386 procur.
1048 2352 1071 2375 3.
1092 2352 1116 2375 3.

273 2397 333 2423 Non
354 2398 378 2423 in
401 2406 453 2422 rem
474 2404 546 2420 suam
566 2394 657 2425 datus,
682 2404 729 2420 ner
755 2393 785 2419 ad
813 2403 867 2419 eam
887 2403 941 2419 rem
961 2397 1116 2429 procurator

270 2185 339 2218 prii
358 2183 512 2209 contuendi
528 2182 646 2215 gralia
667 2181 846 2213 experitur.

837 1878 866 1904 fr.
886 1882 910 1904 ὅ.
931 1888 969 1915 pr.
994 1877 1028 1904 ib.
1048 1878 1071 1903 3.
1091 1878 1115 1903 3.
1137 1883 1139 1892 '

1160 1544 1182 1560 c.
1204 1535 1226 1560 1.
1246 1533 1262 1560 l.
1300 1534 1426 1565 Actores,
1446 1533 1489 1559 vel
1509 1537 1696 1570 procuratores
1717 1532 1782 1564 loci,
1802 1533 1845 1565 (in
1866 1542 1917 1569 quo
1936 1532 2007 1568 flagi-

1136 1582 1138 1596 1
1160 1578 1224 1603 tium
1244 1576 1386 1602 admissum
1407 1577 1468 1609 est.)
1487 1575 1633 1602 1b.X11.1.
1654 1585 1675 1602 c.
1695 1577 1719 1601 6.
1739 1575 1772 1602 de
1791 1574 1925 1601 decurion.
1945 1574 2007 1601 Pro-

1137 1619 1138 1655 1
1161 1625 1295 1646 curatores
1316 1620 1453 1646 curiarum.
1476 1618 1512 1645 lb.
1534 1618 1589 1645 VII.
1609 1620 1632 1644 4.
1654 1629 1675 1645 c.
1694 1620 1736 1645 32.
1756 1617 1773 1645 l.

1137 1661 1138 1672 ¹
1198 1663 1506 1689 l‘rocuratorius.
1527 1661 1667 1695 (Adiect.)
1691 1663 1740 1688 Ad
1757 1662 1830 1688 litis
1847 1671 2006 1695 procura-

1137 1695 1138 1745 1
1160 1713 1258 1733 torem
1278 1712 1442 1739 spectans.
1478 1704 1497 1731 1.
1517 1705 1579 1738 Sy.
1603 1703 1799 1735 procuratoris,
1824 1703 2007 1730 Procuratoria

1137 1759 1138 1783 1
1161 1748 1326 1785 (exceptio.)
1352 1747 1382 1774 fr.
1402 1749 1443 1774 23.
1469 1753 1516 1774 rat.
1540 1757 1594 1774 rem
1614 1746 1672 1773 hab.
1693 1748 1735 1773 46.
1755 1748 1778 1773 8.
1814 1746 1844 1773 II.
1867 1749 1935 1781 011.
1956 1746 2007 1774 Co-

1160 1792 1296 1829 gnitorius.
1318 1790 1359 1817 Cf.
1379 1790 1404 1817 h.
1424 1801 1449 1817 v.
1481 1790 1545 1822 Suo,
1565 1805 1597 1809 —
1618 1789 1804 1816 Procuratorio
1824 1791 1950 1823 (nomine,
1969 1799 2005 1817 sc.

1161 1845 1236 1871 agere
1256 1835 1318 1867 etc.)
1338 1834 1368 1860 fr.
1382 1835 1407 1860 3.
1428 1834 1486 1860 sam.
1506 1834 1599 1860 ercisc.
1617 1835 1657 1859 10.
1671 1835 1694 1859 2.
1715 1832 1746 1859 fr.
1763 1834 1801 1859 10.
1822 1833 1843 1867 3.
1860 1835 1900 1859 12.
1920 1833 2005 1860 inand-

1162 1881 1202 1905 17.
1229 1880 1250 1904 l.
1287 1877 1328 1904 III.
1354 1878 1420 1905 Gn.
1449 1877 1634 1903 Procuratorio
1663 1877 1768 1902 nomine
1797 1877 1934 1908 nunciare,
1963 1881 2007 1902 aut

1160 1921 1302 1948 vindicare.
1323 1920 1352 1947 fr.
1374 1922 1396 1946 1.
1417 1920 1439 1954 3.
1458 1922 1500 1946 20.
1520 1920 1550 1946 t'r.
1571 1922 1595 1946 5.
1615 1919 1698 1953 318.
1719 1918 1751 1944 de.
1772 1918 1804 1944 O.
1825 1918 1856 1944 N.
1875 1918 1906 1945 N.
1925 1920 1966 1945 39.
1982 1920 2004 1945 1.

1161 1965 1190 1992 Si
1210 1965 1269 2001 quis
1293 1964 1319 1990 in
1345 1973 1399 1990 rem
1423 1972 1496 1989 snam
1519 1963 1701 1999 procuratorio
1720 1962 1826 1988 nomine
1845 1963 1910 1997 agit,
1934 1961 2006 1988 velut

1162 2013 1245 2035 emtor
1264 2007 1427 2034 hereditatis.
1448 2006 1477 2032 t'r.
1497 2008 1539 2031 31.
1560 2005 1592 2031 de
1612 2015 1714 2042 procnrv
1735 2006 1758 2031 3.
1774 2007 1798 2031 ’J.
1836 2004 1863 2031 Si
1884 2014 2006 2041 procura-

1161 2052 1226 2078 toria
1246 2052 1304 2087 quis
1326 2051 1482 2087 exceptione
1503 2053 1598 2080 utatur,
1619 2058 1649 2073 eo
1667 2047 1737 2084 qnod
1758 2057 1810 2073 non
1831 2047 1949 2073 licuisset
1963 2046 2003 2073 ad-

1161 2095 1277 2120 versario
1298 2093 1373 2125 dare,
1398 2092 1439 2118 vel
1460 2093 1515 2118 tien-i
1537 2096 1742 2128 procuratorem.
1768 2090 1797 2116 [ι’.
1820 2091 1858 2116 19.
1883 2090 1905 2123 3.
1925 2092 1949 2116 2.
1973 2090 2005 2116 de

1160 2137 1263 2175 probat,
1282 2138 1323 2162 22.
1343 2138 1367 2162 3.
1388 2136 1419 2162 cf.
1441 2135 1470 2161 l'r.
1497 2135 1532 2160 ¹8.
1552 2134 1582 2160 t'r.
1603 2136 1643 2160 62.
1665 2133 1697 2160 de.
1716 2142 1820 2170 procur.
1839 2134 1863 2158 3.
1883 2134 1907 2158 3.

1199 2180 1382 2206 Prodere.
1407 2178 1484 2210 §.L
1506 2179 1671 2208 Promere,
1693 2177 1855 2211 Profert-e.
1884 2174 1925 2201 111.
1938 2177 2005 2203 οη.

1161 2224 1214 2258 Qui
1235 2222 1314 2249 salso.
1337 2220 1378 2246 vel
1399 2221 1482 2251 varie.
1509 2220 1658 2246 testimonia
1679 2218 1813 2249 dixerunt.
1840 2217 1880 2243 vel
1901 2219 2005 2255 utrique

1137 2271 1139 2285 ἲ
1161 2266 1229 2303 parti
1248 2263 1429 2301 prodiderunt.
1451 2263 1480 2289 sr.
1504 2264 1542 2289 16.
1563 2262 1595 2289 de
1615 2261 1702 2288 testib.
1723 2262 1763 2286 22.
1784 2262 1807 2286 5.
1828 2259 1899 2286 Paul.
1913 2260 1942 2288 Υ.
1964 2263 2002 2288 15,

1160 2310 1181 2343 3.
1202 2310 1225 2333 5.
1264 2307 1439 2334 Instrumenta
1465 2316 1546 2343 penes
1570 2315 1598 2331 se
1621 2304 1740 2340 deposita
1761 2305 1910 2340 quicunqne
1929 2303 2004 2330 alteri

1163 2367 1189 2371 —-
1213 2349 1366 2381 reddiderit.
1387 2348 1427 2374 vel
1442 2349 1593 2375 adversario
1611 2346 1764 2384 prodiderit.
1786 2346 1821 2372 ld.
1837 2346 1866 2373 V.
1882 2349 1923 2373 25.
1945 2347 1965 2381 3.
1979 2348 2001 2374 9.

1161 2394 1191 2420 cf.
1213 2394 1234 2427 3.
1255 2394 1278 2419 S.
1299 2392 1328 2418 sr.
1349 2396 1373 2418 δ.
1395 2392 1426 2418 de
1446 2396 1512 2417 extr.
1533 2391 1603 2416 crim.
1624 2391 1664 2415 47.
1688 2391 1726 2415 11.
1746 2389 1775 2415 fr.
1798 2391 1820 2415 l.
1840 2390 1862 2423 3.
1882 2391 1906 2416 6.
1927 2389 1959 2416 de.
1974 2389 2002 2416 L.

274 2440 364 2466 sactus.
386 2439 415 2465 [ι’.
434 2440 476 2464 25.
496 2437 530 2463 ih.
550 2439 573 2463 3.
593 2439 617 2462 3.
639 2437 669 2463 rs.
690 2437 719 2463 I'r.
744 2438 782 2463 13.
802 2447 841 2474 pr.
866 2436 930 2469 3.1.
953 2435 985 2462 de
1005 2440 1071 2472 pactv
1092 2439 1106 2451 ‘³

274 2486 314 2510 11.

274 2526 303 2552 l'r.
324 2528 347 2551 4.
369 2535 406 2562 pr.
427 2524 459 2550 de
478 2534 505 2550 re.
526 2522 576 2549 ind.
597 2525 638 2548 42.
663 2524 682 2547 t.
703 2522 731 2548 t'r.
752 2526 775 2548 δ’.
796 2523 817 2556 3.
838 2524 862 2548 2.
884 2522 915 2548 de
935 2531 1038 2558 procur.
1053 2524 1076 2548 3.
1092 2524 1115 2547 3.

275 2569 305 2595 cs.
327 2569 356 2594 [ι’.
377 2569 417 2593 66.
443 2567 465 2600 3.
484 2570 508 2592 2.
529 2566 561 2592 (Ie
585 2565 706 2591 eviction.
726 2567 767 2591 21.
787 2569 810 2591 2.
853 2564 920 2591 Puto
949 2564 1070 2590 sustinere.
1095 2565 1116 2590 si
1138 2585 1139 2596 1

275 2611 337 2637 mihi
364 2610 411 2636 hac
437 2610 539 2635 actione
563 2607 655 2634 cedas.
679 2612 705 2633 nt
732 2613 926 2643 prmuratorem
953 2617 993 2633 me
1018 2607 1043 2633 in
1063 2617 1117 2632 rem

275 2664 356 2679 lue-'1111
378 2653 464 2679 sarias.
492 2652 522 2677 [ι’.
542 2652 565 2677 8.
595 2651 616 2684 3
639 2653 677 2676 10.
698 2649 782 2676 mand.
806 2653 844 2676 17.
867 2653 887 2676 l.
909 2650 939 2676 cs.
967 2649 996 2676 fr.
1016 2650 1057 2675 24.
1078 2659 1116 2686 pr.

277 2696 308 2721 d«-
329 2697 419 2721 minor.
440 2698 463 2721 4.
484 2697 506 2720 1.
529 2710 558 2714 --
580 2694 610 2727 §0
629 2695 667 2719 Ἰ.
695 2694 768 2726 Qui,
790 2694 960 2727 Principis
980 2695 1116 2724 nomine,
1138 2716 1140 2719 ,

352 2482 410 2508 Non
437 2482 461 2507 in
487 2480 610 2510 alienam.
636 2479 682 2505 sed
708 2481 732 2505 in
758 2490 831 2505 suam
857 2489 911 2505 rein
931 2489 1002 2516 proc.
1025 2479 1116 2504 tactus.

1162 2437 1241 2463 Corn.
1263 2436 1294 2461 (ie
1315 2434 1372 2461 sals,
1393 2437 1433 2460 43.
1456 2436 1494 2460 10.
1520 2448 1551 2452 —
1577 2433 1607 2465 §.
1627 2434 1663 2458 2·
1689 2434 1889 2464 Euam-iare,
1914 2434 2002 2459 Indi-

1161 2490 1248 2511 care,
1271 2480 1461 2513 Dirulgure.
1500 2475 1517 2501 l.
1533 2476 1594 2509 Sy.
1618 2474 1774 2501 i'atrt'acere.
1794 2474 1835 2501 Cf.
1855 2474 1879 2501 h.
1899 2485 1922 2501 v.
1943 2475 1964 2509 3.
1977 2478 2000 2501 2.

1138 2517 1139 2559 1
1161 2522 1287 2549 Indieare.
1309 2520 1346 2548 Cs
1368 2520 1391 2546 h.
1406 2529 1430 2544 v.
1466 2518 1590 2545 111011.
1612 2518 1773 2544 Dictatorem
1793 2517 1914 2555 prodere.
1935 2518 2000 2544 {122

1162 2566 1182 2599 3.
1206 2566 1244 2591 18.
1265 2563 1297 2590 de.
1317 2564 1349 2589 O.
1370 2562 1386 2588 1.
1410 2564 1430 2587 1.
1451 2564 1474 2587 2.
1513 2560 1696 2591 Nunciatores,
1717 2562 1760 2597 qni
1780 2570 1827 2597 per
1846 2561 1947 2586 notoria
1966 2561 2002 2586 in-

1162 2608 1228 2634 dicia
1253 2605 1374 2644 produnt.
1400 2603 1429 2630 sr.
1450 2605 1473 2629 (i.
1499 2604 1520 2637 3.
1541 2606 1564 2629 J.
1590 2603 1621 2629 ad
1646 2603 1671 2629 S.
1682 2603 1712 2630 C.
1738 2603 1820 2640 Turp.
1846 2605 1887 2629 45.
1910 2605 1946 2629 16.
1969 2603 2000 2629 ct'.

1164 2650 1234 2677 Paul.
1256 2649 1286 2675 V.
1309 2650 1347 2674 13.
1368 2647 1388 2680 3
1409 2648 1432 2672 2.
1457 2647 1486 2672 t'r.
1507 2648 1548 2673 39.
1575 2646 1606 2672 ad
1626 2645 1655 2672 L.
1677 2645 1745 2672 falc.
1765 2647 1806 2672 35.
1826 2648 1850 2672 2.
1887 2645 2001 2672 Refutati

1162 2692 1267 2723 iudicio.
1287 2689 1385 2727 proditi
1406 2690 1512 2715 crimine.
1533 2694 1580 2715 etc.
1602 2688 1651 2714 Th.
1673 2688 1703 2714 C.
1724 2688 1793 2714 XVI.
1814 2691 1837 2714 5.
1859 2699 1879 2715 c.
1899 2689 1921 2714 9.
1942 2688 1962 2721 3
1980 2690 1998 2713 1.

277 2748 347 2764 reru
356 2749 377 2763 ιιι
397 2739 574 2773 fiscalium
600 2738 850 2770 privatarumce
875 2739 999 2762 tutelae
1022 2746 1115 2770 prat:-
1138 2729 1140 2767 1
1163 2736 1194 2762 de
1214 2735 1310 2761 haeret.
1332 2733 1438 2767 Quaeri.
1459 2742 1487 2758 ac
1507 2731 1583 2769 prodi
1603 2730 1721 2764 (codices
1741 2732 1853 2763 eorum.)
1872 2731 1906 2757 lb.
1924 2740 1943 2756 c.
1958 2732 1999 2756 31.

271 2782 382 2815 scr-tus
402 2787 453 2805 est.
493 2779 511 2805 1.
532 2780 592 2812 Sy.
621 2771 735 2805 Curatur
755 2777 910 2809 (Caesaris.
937 2789 957 2804 s.
978 2778 1116 2815 Principis,
1138 2778 1140 2800 1
1162 2779 1183 2812 3
1206 2780 1226 2803 Ι.
1248 2776 1264 2802 l.
1286 2775 1300 2802 Ι.
1340 2776 1368 2801 Si
1393 2775 1494 2801 dederit
1519 2774 1571 2806 sur.
1598 2784 1630 2800 ue
1655 2774 1817 2811 proderetur.
1844 2772 1872 2800 fr.
1892 2775 1915 2798 4.
1935 2773 1956 2806 ς’
1978 2775 1998 2799 1.

277 2834 298 2849 S.
320 2822 510 2858 Imperatoris.)
536 2822 564 2848 tr.
585 2823 608 2848 9.
630 2832 667 2858 pr.
693 2820 725 2847 de
748 2821 791 2847 off.
813 2820 885 2847 Proc.
907 2825 931 2846 ct
951 2820 1012 2857 Leg.
1035 2823 1055 2846 1.
1080 2822 1117 2846 16.
1139 2811 1140 2854 1
1163 2819 1194 2846 de
1219 2818 1294 2845 cond.
1320 2818 1352 2843 oh
1380 2823 1447 2854 turp.
1473 2828 1493 2844 c.
1516 2819 1554 2843 12.
1575 2819 1598 2843 5.
1619 2816 1650 2842 rs.
1675 2816 1705 2843 fr.
1726 2819 1748 2843 7.
1774 2818 1795 2850 ξ.
1817 2818 1838 2842 l.
1864 2816 1914 2850 Qu.
1941 2821 1998 2841 met

278 2866 306 2892 fr.
330 2867 348 2891 1.
378 2865 406 2890 l'r.
426 2866 449 2889 3.
476 2875 512 2900 pr.
540 2864 572 2891 de
596 2864 639 2890 0112
666 2863 739 2890 Pror.
767 2863 844 2890 Caes.
867 2865 887 2889 1.
910 2864 948 2889 19.
975 2863 1004 2889 fr.
1025 2865 1065 2889 50.
1087 2863 1118 2889 de
1139 2860 1143 2902 1
1164 2873 1184 2890 c.
1204 2864 1227 2888 ⁴1.
1248 2864 1272 2887 2.
1293 2861 1347 2892 (Gt.
1369 2871 1391 2887 v.
1412 2860 1558 2891 Proditus.)
1579 2875 1610 2879 —
1632 2860 1662 2893 ἕ.
1683 2861 1719 2886 3.
1742 2861 1870 2886 Fallere
1883 2860 1998 2893 fidem,

1139 2903 1141 2913 '-
1945 2902 1999 2927 Dr-
