<?xml version="1.0" encoding="UTF-8"?>
<!DOCTYPE html PUBLIC "-//W3C//DTD XHTML 1.0 Transitional//EN"
    "http://www.w3.org/TR/xhtml1/DTD/xhtml1-transitional.dtd">
<html xmlns="http://www.w3.org/1999/xhtml" xml:lang="en" lang="en">
 <head>
  <title>
</title>
<meta http-equiv="Content-Type" content="text/html;charset=utf-8" />
  <meta name='ocr-system' content='tesseract 3.04.00' />
  <meta name='ocr-capabilities' content='ocr_page ocr_carea ocr_par ocr_line ocrx_word'/>
</head>
<body>
  <div class='ocr_page' id='page_1' title='image "./manualelatinitat00dirk_0644.png"; bbox 0 0 2197 3121; ppageno 0'>
   <div class='ocr_carea' id='block_1_1' title="bbox 245 177 310 208">
    <p class='ocr_par' dir='ltr' id='par_1_1' title="bbox 245 177 310 208">
     <span class='ocr_line' id='line_1_1' title="bbox 245 177 310 208; baseline -0.015 0"><span class='ocrx_word' id='word_1_1' title='bbox 245 177 310 208; x_wconf 81' lang='lat'><strong>6:30</strong></span> 
     </span>
    </p>
   </div>
   <div class='ocr_carea' id='block_1_2' title="bbox 245 256 1113 291">
    <p class='ocr_par' dir='ltr' id='par_1_2' title="bbox 245 256 1113 291">
     <span class='ocr_line' id='line_1_2' title="bbox 245 256 1113 291; baseline -0.007 -6"><span class='ocrx_word' id='word_1_2' title='bbox 245 268 344 285; x_wconf 74' lang='lat' dir='ltr'><strong>servor.</strong></span> <span class='ocrx_word' id='word_1_3' title='bbox 364 259 405 285; x_wconf 72' lang='lat'><strong>45.</strong></span> <span class='ocrx_word' id='word_1_4' title='bbox 424 259 448 284; x_wconf 89' lang='lat'><strong>3.</strong></span> <span class='ocrx_word' id='word_1_5' title='bbox 471 273 499 278; x_wconf 89' lang='lat'><strong>—</strong></span> <span class='ocrx_word' id='word_1_6' title='bbox 525 257 556 291; x_wconf 66' lang='grc' dir='ltr'><strong>δ.</strong></span> <span class='ocrx_word' id='word_1_7' title='bbox 577 258 614 283; x_wconf 73' lang='grc'><strong>3.</strong></span> <span class='ocrx_word' id='word_1_8' title='bbox 640 258 687 283; x_wconf 73' lang='lat' dir='ltr'><strong>Aa</strong></span> <span class='ocrx_word' id='word_1_9' title='bbox 711 261 834 282; x_wconf 69' lang='lat' dir='ltr'><strong>eertum</strong></span> <span class='ocrx_word' id='word_1_10' title='bbox 853 256 1091 289; x_wconf 76' lang='lat' dir='ltr'><strong><em>Imperatorem</em></strong></span> <span class='ocrx_word' id='word_1_11' title='bbox 1112 256 1113 259; x_wconf 78' lang='grc'>’</span> 
     </span>
    </p>
   </div>
   <div class='ocr_carea' id='block_1_3' title="bbox 245 296 1092 551">
    <p class='ocr_par' dir='ltr' id='par_1_3' title="bbox 245 296 1092 551">
     <span class='ocr_line' id='line_1_3' title="bbox 245 296 1092 336; baseline -0.006 -8"><span class='ocrx_word' id='word_1_12' title='bbox 245 308 405 336; x_wconf 72' lang='lat' dir='ltr'><strong>spectans.</strong></span> <span class='ocrx_word' id='word_1_13' title='bbox 443 300 460 326; x_wconf 92' lang='grc'><strong>1.</strong></span> <span class='ocrx_word' id='word_1_14' title='bbox 481 301 543 334; x_wconf 72' lang='lat' dir='ltr'><strong>Sy.</strong></span> <span class='ocrx_word' id='word_1_15' title='bbox 563 298 723 336; x_wconf 75' lang='lat' dir='ltr'><strong>lmperi:=lis‚</strong></span> <span class='ocrx_word' id='word_1_16' title='bbox 743 297 938 335; x_wconf 85' lang='lat' dir='ltr'><strong>Imperatorius.</strong></span> <span class='ocrx_word' id='word_1_17' title='bbox 959 296 1092 334; x_wconf 81' lang='lat' dir='ltr'><strong>Principa-</strong></span> 
     </span>
     <span class='ocr_line' id='line_1_4' title="bbox 245 340 1090 378; baseline -0.007 -7"><span class='ocrx_word' id='word_1_18' title='bbox 245 345 287 372; x_wconf 85' lang='lat' dir='ltr'>lis.</span> <span class='ocrx_word' id='word_1_19' title='bbox 307 343 425 370; x_wconf 82' lang='lat' dir='ltr'><strong>Prooem.</strong></span> <span class='ocrx_word' id='word_1_20' title='bbox 447 342 510 369; x_wconf 86' lang='lat' dir='ltr'><strong>Inst.</strong></span> <span class='ocrx_word' id='word_1_21' title='bbox 533 343 571 376; x_wconf 87' lang='lat'><strong>55.</strong></span> <span class='ocrx_word' id='word_1_22' title='bbox 590 344 616 369; x_wconf 91' lang='lat'><strong>3.</strong></span> <span class='ocrx_word' id='word_1_23' title='bbox 635 345 659 368; x_wconf 91' lang='lat'><strong>5.</strong></span> <span class='ocrx_word' id='word_1_24' title='bbox 680 351 739 378; x_wconf 85' lang='lat' dir='ltr'><strong>sqq.</strong></span> <span class='ocrx_word' id='word_1_25' title='bbox 765 351 785 367; x_wconf 89' lang='lat' dir='ltr'><strong>c.</strong></span> <span class='ocrx_word' id='word_1_26' title='bbox 806 342 829 367; x_wconf 90' lang='lat'><strong>5.</strong></span> <span class='ocrx_word' id='word_1_27' title='bbox 855 340 887 367; x_wconf 85' lang='lat' dir='ltr'><strong>dc</strong></span> <span class='ocrx_word' id='word_1_28' title='bbox 907 340 1028 375; x_wconf 68' lang='lat' dir='ltr'><strong>legation.</strong></span> <span class='ocrx_word' id='word_1_29' title='bbox 1051 342 1090 366; x_wconf 89' lang='lat'><strong>10.</strong></span> 
     </span>
     <span class='ocr_line' id='line_1_5' title="bbox 245 382 1090 415; baseline -0.007 -1"><span class='ocrx_word' id='word_1_30' title='bbox 245 390 285 415; x_wconf 77' lang='lat'><strong>63.</strong></span> <span class='ocrx_word' id='word_1_31' title='bbox 312 386 360 413; x_wconf 83' lang='lat' dir='ltr'><strong>Th.</strong></span> <span class='ocrx_word' id='word_1_32' title='bbox 382 385 413 412; x_wconf 81' lang='lat' dir='ltr'><strong>C.</strong></span> <span class='ocrx_word' id='word_1_33' title='bbox 434 385 500 412; x_wconf 83' lang='lat' dir='ltr'><strong>Vltl.</strong></span> <span class='ocrx_word' id='word_1_34' title='bbox 522 386 546 412; x_wconf 91' lang='lat'><strong>6.</strong></span> <span class='ocrx_word' id='word_1_35' title='bbox 567 395 588 412; x_wconf 90' lang='lat' dir='ltr'><strong>c.</strong></span> <span class='ocrx_word' id='word_1_36' title='bbox 611 386 631 411; x_wconf 94' lang='lat' dir='ltr'><strong>l.</strong></span> <span class='ocrx_word' id='word_1_37' title='bbox 652 384 684 411; x_wconf 89' lang='lat' dir='ltr'><strong>de</strong></span> <span class='ocrx_word' id='word_1_38' title='bbox 703 388 811 410; x_wconf 86' lang='lat' dir='ltr'><strong>tractor.</strong></span> <span class='ocrx_word' id='word_1_39' title='bbox 830 388 855 409; x_wconf 77' lang='lat' dir='ltr'><strong>et</strong></span> <span class='ocrx_word' id='word_1_40' title='bbox 875 383 961 409; x_wconf 83' lang='lat' dir='ltr'><strong>stativ.</strong></span> <span class='ocrx_word' id='word_1_41' title='bbox 1000 382 1090 415; x_wconf 72' lang='lat' dir='ltr'><strong>Sacer,</strong></span> 
     </span>
     <span class='ocr_line' id='line_1_6' title="bbox 246 425 1089 465; baseline -0.006 -9"><span class='ocrx_word' id='word_1_42' title='bbox 246 430 454 457; x_wconf 76' lang='lat' dir='ltr'><strong>sacratissimus.</strong></span> <span class='ocrx_word' id='word_1_43' title='bbox 481 438 502 455; x_wconf 85' lang='lat' dir='ltr'><strong>c.</strong></span> <span class='ocrx_word' id='word_1_44' title='bbox 522 430 545 454; x_wconf 80' lang='lat'><strong>2.</strong></span> <span class='ocrx_word' id='word_1_45' title='bbox 571 437 630 465; x_wconf 87' lang='lat' dir='ltr'>sqq.</span> <span class='ocrx_word' id='word_1_46' title='bbox 657 427 690 454; x_wconf 83' lang='lat' dir='ltr'><strong>de</strong></span> <span class='ocrx_word' id='word_1_47' title='bbox 709 435 831 464; x_wconf 78' lang='lat' dir='ltr'>praepos.</span> <span class='ocrx_word' id='word_1_48' title='bbox 851 425 879 452; x_wconf 92' lang='lat' dir='ltr'><strong>S.</strong></span> <span class='ocrx_word' id='word_1_49' title='bbox 900 425 984 452; x_wconf 80' lang='lat' dir='ltr'>cubic.</span> <span class='ocrx_word' id='word_1_50' title='bbox 1005 427 1045 451; x_wconf 85' lang='grc'><strong>12.</strong></span> <span class='ocrx_word' id='word_1_51' title='bbox 1065 427 1089 452; x_wconf 88' lang='lat'><strong>5.</strong></span> 
     </span>
     <span class='ocr_line' id='line_1_7' title="bbox 246 467 1091 509; baseline -0.006 -10"><span class='ocrx_word' id='word_1_52' title='bbox 246 484 266 500; x_wconf 84' lang='lat' dir='ltr'><strong>c.</strong></span> <span class='ocrx_word' id='word_1_53' title='bbox 286 475 310 499; x_wconf 83' lang='lat'><strong>2.</strong></span> <span class='ocrx_word' id='word_1_54' title='bbox 330 472 363 498; x_wconf 84' lang='lat' dir='ltr'><strong>de</strong></span> <span class='ocrx_word' id='word_1_55' title='bbox 381 472 512 509; x_wconf 74' lang='lat' dir='ltr'>primicer.</span> <span class='ocrx_word' id='word_1_56' title='bbox 535 473 574 497; x_wconf 87' lang='lat'><strong>12.</strong></span> <span class='ocrx_word' id='word_1_57' title='bbox 594 472 617 497; x_wconf 88' lang='lat'><strong>7.</strong></span> <span class='ocrx_word' id='word_1_58' title='bbox 656 469 686 496; x_wconf 88' lang='lat'><strong>11.</strong></span> <span class='ocrx_word' id='word_1_59' title='bbox 707 471 775 504; x_wconf 75' lang='lat' dir='ltr'><strong>Op.</strong></span> <span class='ocrx_word' id='word_1_60' title='bbox 800 467 849 495; x_wconf 77' lang='lat' dir='ltr'><strong>Vel</strong></span> <span class='ocrx_word' id='word_1_61' title='bbox 868 473 970 501; x_wconf 81' lang='lat' dir='ltr'><strong>nostra,</strong></span> <span class='ocrx_word' id='word_1_62' title='bbox 990 468 1033 495; x_wconf 80' lang='lat' dir='ltr'><strong>vel</strong></span> <span class='ocrx_word' id='word_1_63' title='bbox 1053 478 1091 495; x_wconf 77' lang='lat' dir='ltr'><strong>re-</strong></span> 
     </span>
     <span class='ocr_line' id='line_1_8' title="bbox 246 511 1090 551; baseline -0.006 -9"><span class='ocrx_word' id='word_1_64' title='bbox 246 522 286 543; x_wconf 82' lang='lat' dir='ltr'><strong>tro</strong></span> <span class='ocrx_word' id='word_1_65' title='bbox 306 515 456 551; x_wconf 80' lang='lat' dir='ltr'>Principum</span> <span class='ocrx_word' id='word_1_66' title='bbox 477 514 604 550; x_wconf 80' lang='lat' dir='ltr'><strong>(imago.)</strong></span> <span class='ocrx_word' id='word_1_67' title='bbox 629 512 680 539; x_wconf 86' lang='lat' dir='ltr'><strong>Th.</strong></span> <span class='ocrx_word' id='word_1_68' title='bbox 700 511 731 539; x_wconf 91' lang='lat' dir='ltr'><strong>C.</strong></span> <span class='ocrx_word' id='word_1_69' title='bbox 751 512 811 539; x_wconf 72' lang='lat' dir='ltr'><strong>XV.</strong></span> <span class='ocrx_word' id='word_1_70' title='bbox 831 514 853 538; x_wconf 95' lang='lat'><strong>1.</strong></span> <span class='ocrx_word' id='word_1_71' title='bbox 873 522 894 538; x_wconf 86' lang='lat' dir='ltr'><strong>c.</strong></span> <span class='ocrx_word' id='word_1_72' title='bbox 914 513 956 538; x_wconf 80' lang='grc'><strong>44.</strong></span> <span class='ocrx_word' id='word_1_73' title='bbox 975 511 1009 538; x_wconf 82' lang='lat' dir='ltr'><strong>de</strong></span> <span class='ocrx_word' id='word_1_74' title='bbox 1028 521 1090 549; x_wconf 88' lang='lat' dir='ltr'><strong>opp.</strong></span> 
     </span>
    </p>
   </div>
   <div class='ocr_carea' id='block_1_4' title="bbox 246 554 1091 597">
    <p class='ocr_par' dir='ltr' id='par_1_4' title="bbox 246 554 1091 597">
     <span class='ocr_line' id='line_1_9' title="bbox 246 554 1091 597; baseline -0.006 -12"><span class='ocrx_word' id='word_1_75' title='bbox 246 559 307 597; x_wconf 82' lang='lat' dir='ltr'><strong>pub.</strong></span> <span class='ocrx_word' id='word_1_76' title='bbox 345 558 412 584; x_wconf 83' lang='lat' dir='ltr'><strong>Cum</strong></span> <span class='ocrx_word' id='word_1_77' title='bbox 432 562 550 584; x_wconf 80' lang='lat' dir='ltr'><strong>nostrae.</strong></span> <span class='ocrx_word' id='word_1_78' title='bbox 572 561 625 583; x_wconf 83' lang='lat' dir='ltr'><strong>tum</strong></span> <span class='ocrx_word' id='word_1_79' title='bbox 644 557 771 582; x_wconf 84' lang='lat' dir='ltr'><strong>maiorum</strong></span> <span class='ocrx_word' id='word_1_80' title='bbox 790 559 940 581; x_wconf 88' lang='lat' dir='ltr'><strong>nostrorum</strong></span> <span class='ocrx_word' id='word_1_81' title='bbox 960 554 1091 587; x_wconf 84' lang='lat' dir='ltr'><strong>(sanctio-</strong></span> 
     </span>
    </p>
   </div>
   <div class='ocr_carea' id='block_1_5' title="bbox 246 596 1115 632">
    <p class='ocr_par' dir='ltr' id='par_1_5' title="bbox 246 596 1115 632">
     <span class='ocr_line' id='line_1_10' title="bbox 246 596 1115 632; baseline -0.005 -4"><span class='ocrx_word' id='word_1_82' title='bbox 246 603 314 632; x_wconf 78' lang='lat' dir='ltr'><strong>nes.)</strong></span> <span class='ocrx_word' id='word_1_83' title='bbox 334 600 371 627; x_wconf 87' lang='lat' dir='ltr'><strong>lb.</strong></span> <span class='ocrx_word' id='word_1_84' title='bbox 386 600 417 626; x_wconf 76' lang='lat' dir='ltr'><strong>V.</strong></span> <span class='ocrx_word' id='word_1_85' title='bbox 434 601 474 626; x_wconf 90' lang='lat'><strong>13.</strong></span> <span class='ocrx_word' id='word_1_86' title='bbox 495 610 516 626; x_wconf 88' lang='lat' dir='ltr'><strong>c.</strong></span> <span class='ocrx_word' id='word_1_87' title='bbox 535 600 577 625; x_wconf 81' lang='lat'><strong>33.</strong></span> <span class='ocrx_word' id='word_1_88' title='bbox 598 598 703 631; x_wconf 83' lang='lat' dir='ltr'><strong>(ch.)</strong></span> <span class='ocrx_word' id='word_1_89' title='bbox 723 598 768 625; x_wconf 78' lang='lat' dir='ltr'><strong>lx.</strong></span> <span class='ocrx_word' id='word_1_90' title='bbox 780 599 821 624; x_wconf 88' lang='lat'><strong>39.</strong></span> <span class='ocrx_word' id='word_1_91' title='bbox 842 608 863 624; x_wconf 93' lang='lat' dir='ltr'><strong>c.</strong></span> <span class='ocrx_word' id='word_1_92' title='bbox 883 599 907 624; x_wconf 87' lang='grc'><strong>2.</strong></span> <span class='ocrx_word' id='word_1_93' title='bbox 927 597 960 624; x_wconf 80' lang='lat' dir='ltr'><strong>de</strong></span> <span class='ocrx_word' id='word_1_94' title='bbox 980 597 1091 624; x_wconf 87' lang='lat' dir='ltr'><strong>calumn.</strong></span> <span class='ocrx_word' id='word_1_95' title='bbox 1114 596 1115 606; x_wconf 62' lang='lat'>¹</span> 
     </span>
    </p>
   </div>
   <div class='ocr_carea' id='block_1_6' title="bbox 245 640 1093 849">
    <p class='ocr_par' dir='ltr' id='par_1_6' title="bbox 245 640 1093 849">
     <span class='ocr_line' id='line_1_11' title="bbox 245 640 1093 673; baseline -0.006 -2"><span class='ocrx_word' id='word_1_96' title='bbox 245 644 316 672; x_wconf 66' lang='lat' dir='ltr'><strong>XVI.</strong></span> <span class='ocrx_word' id='word_1_97' title='bbox 330 646 354 670; x_wconf 85' lang='grc'><strong>8.</strong></span> <span class='ocrx_word' id='word_1_98' title='bbox 375 654 396 670; x_wconf 93' lang='lat' dir='ltr'><strong>c.</strong></span> <span class='ocrx_word' id='word_1_99' title='bbox 410 644 451 669; x_wconf 82' lang='lat'><strong>26.</strong></span> <span class='ocrx_word' id='word_1_100' title='bbox 473 642 504 669; x_wconf 78' lang='lat' dir='ltr'><strong>de</strong></span> <span class='ocrx_word' id='word_1_101' title='bbox 519 642 573 668; x_wconf 90' lang='lat' dir='ltr'><strong>lud.</strong></span> <span class='ocrx_word' id='word_1_102' title='bbox 588 641 763 672; x_wconf 71' lang='lat' dir='ltr'><strong>Venerabilis,</strong></span> <span class='ocrx_word' id='word_1_103' title='bbox 784 650 805 667; x_wconf 83' lang='lat' dir='ltr'><strong>S.</strong></span> <span class='ocrx_word' id='word_1_104' title='bbox 825 640 1000 667; x_wconf 77' lang='lat' dir='ltr'><strong>serenissima</strong></span> <span class='ocrx_word' id='word_1_105' title='bbox 1020 642 1093 673; x_wconf 87' lang='lat' dir='ltr'><strong>(cou-</strong></span> 
     </span>
     <span class='ocr_line' id='line_1_12' title="bbox 246 682 1092 722; baseline -0.006 -8"><span class='ocrx_word' id='word_1_106' title='bbox 246 689 299 719; x_wconf 81' lang='lat' dir='ltr'><strong>iux,</strong></span> <span class='ocrx_word' id='word_1_107' title='bbox 320 697 340 713; x_wconf 88' lang='lat' dir='ltr'><strong>s.</strong></span> <span class='ocrx_word' id='word_1_108' title='bbox 361 686 501 722; x_wconf 77' lang='lat' dir='ltr'><strong>Augusta.)</strong></span> <span class='ocrx_word' id='word_1_109' title='bbox 524 701 553 705; x_wconf 89' lang='lat'><strong>—-</strong></span> <span class='ocrx_word' id='word_1_110' title='bbox 578 685 674 712; x_wconf 62' lang='lat' dir='ltr'><strong>Nostra</strong></span> <span class='ocrx_word' id='word_1_111' title='bbox 694 685 796 721; x_wconf 86' lang='lat' dir='ltr'><strong>(pietas</strong></span> <span class='ocrx_word' id='word_1_112' title='bbox 816 684 883 715; x_wconf 78' lang='lat' dir='ltr'><strong>etc.)</strong></span> <span class='ocrx_word' id='word_1_113' title='bbox 907 693 928 709; x_wconf 95' lang='lat' dir='ltr'><strong>c.</strong></span> <span class='ocrx_word' id='word_1_114' title='bbox 948 686 973 710; x_wconf 88' lang='lat'><strong>2.</strong></span> <span class='ocrx_word' id='word_1_115' title='bbox 997 682 1030 710; x_wconf 88' lang='lat' dir='ltr'><strong>de</strong></span> <span class='ocrx_word' id='word_1_116' title='bbox 1049 693 1092 720; x_wconf 89' lang='lat' dir='ltr'><strong>qu.</strong></span> 
     </span>
     <span class='ocr_line' id='line_1_13' title="bbox 245 726 1091 764; baseline -0.006 -7"><span class='ocrx_word' id='word_1_117' title='bbox 245 740 315 757; x_wconf 87' lang='lat' dir='ltr'><strong>mun.</strong></span> <span class='ocrx_word' id='word_1_118' title='bbox 338 731 376 756; x_wconf 85' lang='grc'><strong>10.</strong></span> <span class='ocrx_word' id='word_1_119' title='bbox 398 731 439 755; x_wconf 79' lang='grc'><strong>48.</strong></span> <span class='ocrx_word' id='word_1_120' title='bbox 461 739 482 755; x_wconf 89' lang='lat' dir='ltr'><strong>c.</strong></span> <span class='ocrx_word' id='word_1_121' title='bbox 501 730 525 755; x_wconf 86' lang='lat'><strong>3.</strong></span> <span class='ocrx_word' id='word_1_122' title='bbox 546 738 567 754; x_wconf 87' lang='lat' dir='ltr'><strong>c.</strong></span> <span class='ocrx_word' id='word_1_123' title='bbox 587 731 611 754; x_wconf 94' lang='lat'><strong>5.</strong></span> <span class='ocrx_word' id='word_1_124' title='bbox 632 727 664 754; x_wconf 83' lang='lat' dir='ltr'><strong>de</strong></span> <span class='ocrx_word' id='word_1_125' title='bbox 684 737 805 764; x_wconf 75' lang='lat' dir='ltr'><strong>praepos.</strong></span> <span class='ocrx_word' id='word_1_126' title='bbox 827 726 854 753; x_wconf 92' lang='lat' dir='ltr'><strong>S.</strong></span> <span class='ocrx_word' id='word_1_127' title='bbox 870 726 954 753; x_wconf 82' lang='lat' dir='ltr'><strong>cubic.</strong></span> <span class='ocrx_word' id='word_1_128' title='bbox 970 728 1009 752; x_wconf 81' lang='lat'><strong>12.</strong></span> <span class='ocrx_word' id='word_1_129' title='bbox 1024 728 1048 752; x_wconf 87' lang='lat'><strong>5.</strong></span> <span class='ocrx_word' id='word_1_130' title='bbox 1061 742 1091 746; x_wconf 98' lang='lat'><strong>—</strong></span> 
     </span>
     <span class='ocr_line' id='line_1_14' title="bbox 247 773 1093 807; baseline -0.006 -7"><span class='ocrx_word' id='word_1_131' title='bbox 247 774 279 807; x_wconf 55' lang='grc' dir='ltr'><strong>ᾖ.</strong></span> <span class='ocrx_word' id='word_1_132' title='bbox 292 775 331 800; x_wconf 64' lang='lat'><strong>4.</strong></span> <span class='ocrx_word' id='word_1_133' title='bbox 348 775 394 799; x_wconf 72' lang='lat' dir='ltr'><strong>Aa</strong></span> <span class='ocrx_word' id='word_1_134' title='bbox 409 773 1093 807; x_wconf 75' lang='lat' dir='ltr'><strong>privatialicuiustannpersouam‚q1mm</strong></span> 
     </span>
     <span class='ocr_line' id='line_1_15' title="bbox 248 812 1092 849; baseline -0.006 -6"><span class='ocrx_word' id='word_1_135' title='bbox 248 817 431 849; x_wconf 71' lang='lat' dir='ltr'><strong>familiam.</strong></span> <span class='ocrx_word' id='word_1_136' title='bbox 452 816 592 848; x_wconf 75' lang='lat' dir='ltr'><em>itemque</em></span> <span class='ocrx_word' id='word_1_137' title='bbox 608 816 687 840; x_wconf 83' lang='lat' dir='ltr'><strong>bona</strong></span> <span class='ocrx_word' id='word_1_138' title='bbox 704 812 994 847; x_wconf 71' lang='lat' dir='ltr'><strong>pertiuens.1.Sy.</strong></span> <span class='ocrx_word' id='word_1_139' title='bbox 1009 812 1092 839; x_wconf 80' lang='lat' dir='ltr'><strong>Meus.</strong></span> 
     </span>
    </p>
   </div>
   <div class='ocr_carea' id='block_1_7' title="bbox 241 849 1118 892">
    <p class='ocr_par' dir='ltr' id='par_1_7' title="bbox 241 849 1118 892">
     <span class='ocr_line' id='line_1_16' title="bbox 241 849 1118 892; baseline -0.006 -6"><span class='ocrx_word' id='word_1_140' title='bbox 241 849 276 886; x_wconf 62' lang='lat' dir='ltr'><strong>ir.</strong></span> <span class='ocrx_word' id='word_1_141' title='bbox 290 860 332 885; x_wconf 87' lang='lat'><strong>36.</strong></span> <span class='ocrx_word' id='word_1_142' title='bbox 353 858 385 885; x_wconf 77' lang='lat' dir='ltr'><strong>de</strong></span> <span class='ocrx_word' id='word_1_143' title='bbox 400 857 430 884; x_wconf 70' lang='lat' dir='ltr'><strong>N.</strong></span> <span class='ocrx_word' id='word_1_144' title='bbox 445 858 477 884; x_wconf 90' lang='lat' dir='ltr'><strong>G.</strong></span> <span class='ocrx_word' id='word_1_145' title='bbox 491 860 514 883; x_wconf 85' lang='lat'><strong>3.</strong></span> <span class='ocrx_word' id='word_1_146' title='bbox 528 859 552 883; x_wconf 95' lang='lat'><strong>5.</strong></span> <span class='ocrx_word' id='word_1_147' title='bbox 591 856 645 892; x_wconf 81' lang='lat' dir='ltr'><strong>Qui</strong></span> <span class='ocrx_word' id='word_1_148' title='bbox 665 866 695 882; x_wconf 75' lang='lat' dir='ltr'><strong>cx</strong></span> <span class='ocrx_word' id='word_1_149' title='bbox 717 856 794 882; x_wconf 82' lang='lat' dir='ltr'><strong>nobis</strong></span> <span class='ocrx_word' id='word_1_150' title='bbox 813 855 987 887; x_wconf 83' lang='lat' dir='ltr'><strong>descendunt,</strong></span> <span class='ocrx_word' id='word_1_151' title='bbox 1001 854 1094 882; x_wconf 65' lang='lat' dir='ltr'><strong>Nostri</strong></span> <span class='ocrx_word' id='word_1_152' title='bbox 1116 878 1118 887; x_wconf 64' lang='lat'><em>,</em></span> 
     </span>
    </p>
   </div>
   <div class='ocr_carea' id='block_1_8' title="bbox 247 897 1098 1751">
    <p class='ocr_par' dir='ltr' id='par_1_8' title="bbox 247 897 1094 1273">
     <span class='ocr_line' id='line_1_17' title="bbox 247 897 1094 935; baseline -0.006 -6"><span class='ocrx_word' id='word_1_153' title='bbox 247 902 307 935; x_wconf 76' lang='lat' dir='ltr'><strong>(filii</strong></span> <span class='ocrx_word' id='word_1_154' title='bbox 328 902 390 934; x_wconf 72' lang='lat' dir='ltr'><strong>etc.)</strong></span> <span class='ocrx_word' id='word_1_155' title='bbox 411 900 440 927; x_wconf 86' lang='lat' dir='ltr'><strong>fr.</strong></span> <span class='ocrx_word' id='word_1_156' title='bbox 460 902 520 926; x_wconf 87' lang='grc'>220.</span> <span class='ocrx_word' id='word_1_157' title='bbox 540 899 561 932; x_wconf 90' lang='lat'><strong>5.</strong></span> <span class='ocrx_word' id='word_1_158' title='bbox 582 900 605 925; x_wconf 88' lang='lat'><strong>3.</strong></span> <span class='ocrx_word' id='word_1_159' title='bbox 627 899 659 926; x_wconf 81' lang='lat' dir='ltr'><strong>de</strong></span> <span class='ocrx_word' id='word_1_160' title='bbox 675 898 706 925; x_wconf 55' lang='grc' dir='ltr'><strong>Ὺ.</strong></span> <span class='ocrx_word' id='word_1_161' title='bbox 727 898 754 925; x_wconf 88' lang='lat' dir='ltr'><strong>S.</strong></span> <span class='ocrx_word' id='word_1_162' title='bbox 775 900 816 924; x_wconf 89' lang='grc'><strong>50.</strong></span> <span class='ocrx_word' id='word_1_163' title='bbox 838 899 877 924; x_wconf 90' lang='lat'><strong>16.</strong></span> <span class='ocrx_word' id='word_1_164' title='bbox 915 897 1094 925; x_wconf 76' lang='lat' dir='ltr'><strong>Necessitudi-</strong></span> 
     </span>
     <span class='ocr_line' id='line_1_18' title="bbox 247 940 1094 979; baseline -0.006 -7"><span class='ocrx_word' id='word_1_165' title='bbox 247 955 294 972; x_wconf 76' lang='lat' dir='ltr'><strong>nes</strong></span> <span class='ocrx_word' id='word_1_166' title='bbox 314 949 428 976; x_wconf 79' lang='lat' dir='ltr'><strong>nostrae,</strong></span> <span class='ocrx_word' id='word_1_167' title='bbox 449 942 540 969; x_wconf 66' lang='lat' dir='ltr'><strong>Nostri</strong></span> <span class='ocrx_word' id='word_1_168' title='bbox 560 942 597 979; x_wconf 87' lang='lat' dir='ltr'><strong>(p.</strong></span> <span class='ocrx_word' id='word_1_169' title='bbox 618 943 668 975; x_wconf 89' lang='lat' dir='ltr'><strong>se.)</strong></span> <span class='ocrx_word' id='word_1_170' title='bbox 689 941 738 968; x_wconf 83' lang='lat' dir='ltr'><strong>Th.</strong></span> <span class='ocrx_word' id='word_1_171' title='bbox 755 940 786 968; x_wconf 90' lang='lat' dir='ltr'><strong>C.</strong></span> <span class='ocrx_word' id='word_1_172' title='bbox 805 940 850 967; x_wconf 82' lang='lat' dir='ltr'><strong>lv.</strong></span> <span class='ocrx_word' id='word_1_173' title='bbox 870 942 893 967; x_wconf 76' lang='lat'><strong>4.</strong></span> <span class='ocrx_word' id='word_1_174' title='bbox 915 951 936 967; x_wconf 87' lang='lat' dir='ltr'><strong>c.</strong></span> <span class='ocrx_word' id='word_1_175' title='bbox 956 943 981 967; x_wconf 88' lang='lat'><strong>2.</strong></span> <span class='ocrx_word' id='word_1_176' title='bbox 1001 950 1040 978; x_wconf 90' lang='lat' dir='ltr'><strong>pr.</strong></span> <span class='ocrx_word' id='word_1_177' title='bbox 1061 940 1094 967; x_wconf 81' lang='lat' dir='ltr'><strong>de</strong></span> 
     </span>
     <span class='ocr_line' id='line_1_19' title="bbox 247 983 1093 1022; baseline -0.006 -7"><span class='ocrx_word' id='word_1_178' title='bbox 247 993 348 1015; x_wconf 81' lang='lat' dir='ltr'><strong>testam.</strong></span> <span class='ocrx_word' id='word_1_179' title='bbox 369 992 394 1013; x_wconf 73' lang='lat' dir='ltr'><strong>et</strong></span> <span class='ocrx_word' id='word_1_180' title='bbox 413 985 496 1012; x_wconf 86' lang='lat' dir='ltr'><strong>codic.</strong></span> <span class='ocrx_word' id='word_1_181' title='bbox 534 984 661 1022; x_wconf 83' lang='lat' dir='ltr'><strong>Adquiri.</strong></span> <span class='ocrx_word' id='word_1_182' title='bbox 682 984 810 1011; x_wconf 74' lang='lat' dir='ltr'><strong>Nostrum</strong></span> <span class='ocrx_word' id='word_1_183' title='bbox 829 994 901 1015; x_wconf 87' lang='lat' dir='ltr'><strong>esse,</strong></span> <span class='ocrx_word' id='word_1_184' title='bbox 928 994 952 1011; x_wconf 82' lang='lat' dir='ltr'><strong>v.</strong></span> <span class='ocrx_word' id='word_1_185' title='bbox 973 984 1045 1015; x_wconf 77' lang='lat' dir='ltr'><strong>fieri,</strong></span> <span class='ocrx_word' id='word_1_186' title='bbox 1065 983 1093 1010; x_wconf 88' lang='lat' dir='ltr'><strong>ln</strong></span> 
     </span>
     <span class='ocr_line' id='line_1_20' title="bbox 247 1026 1093 1063; baseline -0.006 -5"><span class='ocrx_word' id='word_1_187' title='bbox 247 1031 391 1059; x_wconf 87' lang='lat' dir='ltr'><strong>dominium</strong></span> <span class='ocrx_word' id='word_1_188' title='bbox 417 1033 537 1055; x_wconf 87' lang='lat' dir='ltr'><strong>nostrum</strong></span> <span class='ocrx_word' id='word_1_189' title='bbox 561 1028 650 1062; x_wconf 65' lang='lat' dir='ltr'><strong>redigi.</strong></span> <span class='ocrx_word' id='word_1_190' title='bbox 681 1028 737 1054; x_wconf 86' lang='lat' dir='ltr'><strong>Gai.</strong></span> <span class='ocrx_word' id='word_1_191' title='bbox 758 1027 786 1054; x_wconf 91' lang='lat' dir='ltr'><strong>ll.</strong></span> <span class='ocrx_word' id='word_1_192' title='bbox 807 1028 847 1054; x_wconf 85' lang='lat'><strong>66.</strong></span> <span class='ocrx_word' id='word_1_193' title='bbox 868 1037 926 1063; x_wconf 89' lang='lat' dir='ltr'><strong>sqq.</strong></span> <span class='ocrx_word' id='word_1_194' title='bbox 951 1028 992 1053; x_wconf 80' lang='lat'><strong>78.</strong></span> <span class='ocrx_word' id='word_1_195' title='bbox 1019 1026 1049 1053; x_wconf 86' lang='lat' dir='ltr'><strong>fr.</strong></span> <span class='ocrx_word' id='word_1_196' title='bbox 1070 1029 1093 1053; x_wconf 86' lang='lat'><strong>5.</strong></span> 
     </span>
     <span class='ocr_line' id='line_1_21' title="bbox 247 1069 1093 1109; baseline -0.007 -8"><span class='ocrx_word' id='word_1_197' title='bbox 247 1076 268 1109; x_wconf 86' lang='lat'><strong>5.</strong></span> <span class='ocrx_word' id='word_1_198' title='bbox 291 1077 312 1100; x_wconf 94' lang='lat'><strong>1.</strong></span> <span class='ocrx_word' id='word_1_199' title='bbox 337 1073 369 1100; x_wconf 87' lang='lat' dir='ltr'><strong>de</strong></span> <span class='ocrx_word' id='word_1_200' title='bbox 388 1077 458 1098; x_wconf 83' lang='lat' dir='ltr'><strong>statu</strong></span> <span class='ocrx_word' id='word_1_201' title='bbox 478 1071 547 1097; x_wconf 86' lang='lat' dir='ltr'><strong>hom.</strong></span> <span class='ocrx_word' id='word_1_202' title='bbox 569 1073 590 1097; x_wconf 90' lang='grc'><strong>1.</strong></span> <span class='ocrx_word' id='word_1_203' title='bbox 610 1073 634 1098; x_wconf 85' lang='grc'><strong>5.</strong></span> <span class='ocrx_word' id='word_1_204' title='bbox 659 1071 689 1097; x_wconf 89' lang='lat' dir='ltr'><strong>sr.</strong></span> <span class='ocrx_word' id='word_1_205' title='bbox 709 1073 733 1097; x_wconf 92' lang='lat'><strong>5.</strong></span> <span class='ocrx_word' id='word_1_206' title='bbox 758 1071 780 1104; x_wconf 90' lang='lat'><strong>5.</strong></span> <span class='ocrx_word' id='word_1_207' title='bbox 800 1073 823 1097; x_wconf 89' lang='lat'><strong>5.</strong></span> <span class='ocrx_word' id='word_1_208' title='bbox 844 1070 877 1097; x_wconf 83' lang='lat' dir='ltr'><strong>de</strong></span> <span class='ocrx_word' id='word_1_209' title='bbox 897 1070 927 1096; x_wconf 83' lang='grc' dir='ltr'><strong>Α.</strong></span> <span class='ocrx_word' id='word_1_210' title='bbox 946 1069 978 1096; x_wconf 81' lang='lat' dir='ltr'><strong>R.</strong></span> <span class='ocrx_word' id='word_1_211' title='bbox 998 1069 1032 1096; x_wconf 92' lang='lat' dir='ltr'><strong>D.</strong></span> <span class='ocrx_word' id='word_1_212' title='bbox 1052 1071 1093 1095; x_wconf 83' lang='grc'><strong>41.</strong></span> 
     </span>
     <span class='ocr_line' id='line_1_22' title="bbox 250 1112 1094 1150; baseline -0.007 -6"><span class='ocrx_word' id='word_1_213' title='bbox 250 1120 271 1144; x_wconf 90' lang='lat'><strong>1.</strong></span> <span class='ocrx_word' id='word_1_214' title='bbox 309 1117 340 1143; x_wconf 85' lang='lat' dir='ltr'><strong>ll.</strong></span> <span class='ocrx_word' id='word_1_215' title='bbox 361 1118 428 1150; x_wconf 73' lang='lat'><strong>01².</strong></span> <span class='ocrx_word' id='word_1_216' title='bbox 453 1114 592 1141; x_wconf 78' lang='lat' dir='ltr'><strong>Nostrum.</strong></span> <span class='ocrx_word' id='word_1_217' title='bbox 619 1123 639 1140; x_wconf 89' lang='lat' dir='ltr'><strong>s.</strong></span> <span class='ocrx_word' id='word_1_218' title='bbox 659 1113 726 1140; x_wconf 90' lang='lat' dir='ltr'><strong>Iuris</strong></span> <span class='ocrx_word' id='word_1_219' title='bbox 746 1114 844 1145; x_wconf 78' lang='lat' dir='ltr'><strong>nostri,</strong></span> <span class='ocrx_word' id='word_1_220' title='bbox 864 1129 896 1133; x_wconf 93' lang='lat'>—</span> <span class='ocrx_word' id='word_1_221' title='bbox 915 1112 1052 1143; x_wconf 77' lang='lat' dir='ltr'><strong>Alienum.</strong></span> <span class='ocrx_word' id='word_1_222' title='bbox 1073 1122 1094 1138; x_wconf 90' lang='lat' dir='ltr'><strong>s.</strong></span> 
     </span>
     <span class='ocr_line' id='line_1_23' title="bbox 249 1154 1094 1190; baseline -0.006 -4"><span class='ocrx_word' id='word_1_223' title='bbox 249 1160 376 1187; x_wconf 75' lang='lat' dir='ltr'><strong>Alterius.</strong></span> <span class='ocrx_word' id='word_1_224' title='bbox 397 1168 418 1184; x_wconf 78' lang='lat' dir='ltr'><strong>S.</strong></span> <span class='ocrx_word' id='word_1_225' title='bbox 438 1158 504 1184; x_wconf 88' lang='lat' dir='ltr'><strong>luris</strong></span> <span class='ocrx_word' id='word_1_226' title='bbox 525 1157 611 1184; x_wconf 87' lang='lat' dir='ltr'><strong>alieni.</strong></span> <span class='ocrx_word' id='word_1_227' title='bbox 631 1157 734 1189; x_wconf 79' lang='lat' dir='ltr'><strong>(csse.)</strong></span> <span class='ocrx_word' id='word_1_228' title='bbox 755 1156 785 1183; x_wconf 87' lang='lat' dir='ltr'><strong>fr.</strong></span> <span class='ocrx_word' id='word_1_229' title='bbox 808 1158 846 1183; x_wconf 87' lang='lat'><strong>19.</strong></span> <span class='ocrx_word' id='word_1_230' title='bbox 871 1157 893 1190; x_wconf 86' lang='lat'><strong>5.</strong></span> <span class='ocrx_word' id='word_1_231' title='bbox 913 1157 937 1181; x_wconf 82' lang='grc'><strong>4.</strong></span> <span class='ocrx_word' id='word_1_232' title='bbox 958 1155 990 1182; x_wconf 88' lang='lat' dir='ltr'><strong>de</strong></span> <span class='ocrx_word' id='word_1_233' title='bbox 1009 1154 1041 1182; x_wconf 76' lang='lat' dir='ltr'><strong>N.</strong></span> <span class='ocrx_word' id='word_1_234' title='bbox 1062 1154 1094 1182; x_wconf 90' lang='lat' dir='ltr'><strong>G.</strong></span> 
     </span>
     <span class='ocr_line' id='line_1_24' title="bbox 249 1197 1094 1238; baseline -0.007 -8"><span class='ocrx_word' id='word_1_235' title='bbox 249 1205 273 1230; x_wconf 95' lang='lat'><strong>3.</strong></span> <span class='ocrx_word' id='word_1_236' title='bbox 294 1205 318 1229; x_wconf 87' lang='lat'><strong>5.</strong></span> <span class='ocrx_word' id='word_1_237' title='bbox 343 1202 373 1228; x_wconf 82' lang='lat' dir='ltr'><strong>fr.</strong></span> <span class='ocrx_word' id='word_1_238' title='bbox 393 1204 435 1227; x_wconf 92' lang='grc'><strong>25.</strong></span> <span class='ocrx_word' id='word_1_239' title='bbox 460 1211 499 1238; x_wconf 71' lang='grc' dir='ltr'>ρι’.</span> <span class='ocrx_word' id='word_1_240' title='bbox 523 1200 545 1234; x_wconf 91' lang='lat'><strong>5.</strong></span> <span class='ocrx_word' id='word_1_241' title='bbox 567 1202 589 1226; x_wconf 96' lang='lat' dir='ltr'><strong>l.</strong></span> <span class='ocrx_word' id='word_1_242' title='bbox 615 1199 647 1226; x_wconf 85' lang='lat' dir='ltr'><strong>dc</strong></span> <span class='ocrx_word' id='word_1_243' title='bbox 666 1199 698 1226; x_wconf 73' lang='lat' dir='ltr'><strong>V.</strong></span> <span class='ocrx_word' id='word_1_244' title='bbox 719 1199 746 1226; x_wconf 90' lang='lat' dir='ltr'><strong>S.</strong></span> <span class='ocrx_word' id='word_1_245' title='bbox 766 1202 807 1226; x_wconf 90' lang='lat'><strong>50.</strong></span> <span class='ocrx_word' id='word_1_246' title='bbox 829 1200 868 1225; x_wconf 89' lang='lat'><strong>16.</strong></span> <span class='ocrx_word' id='word_1_247' title='bbox 894 1198 964 1225; x_wconf 90' lang='lat' dir='ltr'><strong>Coll.</strong></span> <span class='ocrx_word' id='word_1_248' title='bbox 983 1197 1040 1225; x_wconf 91' lang='lat' dir='ltr'><strong>LL.</strong></span> <span class='ocrx_word' id='word_1_249' title='bbox 1062 1197 1094 1224; x_wconf 79' lang='lat' dir='ltr'><strong>M.</strong></span> 
     </span>
     <span class='ocr_line' id='line_1_25' title="bbox 248 1246 325 1273; baseline -0.013 0"><span class='ocrx_word' id='word_1_250' title='bbox 248 1246 281 1273; x_wconf 78' lang='lat' dir='ltr'><strong>X.</strong></span> <span class='ocrx_word' id='word_1_251' title='bbox 302 1248 325 1272; x_wconf 89' lang='lat'><strong>7.</strong></span> 
     </span>
    </p>

    <p class='ocr_par' dir='ltr' id='par_1_9' title="bbox 249 1286 1098 1751">
     <span class='ocr_line' id='line_1_26' title="bbox 284 1286 1096 1320; baseline -0.007 -4"><span class='ocrx_word' id='word_1_252' title='bbox 284 1289 393 1316; x_wconf 58' lang='lat' dir='ltr'><strong>Nota.</strong></span> <span class='ocrx_word' id='word_1_253' title='bbox 431 1287 506 1320; x_wconf 79' lang='lat' dir='ltr'><strong>§.l-</strong></span> <span class='ocrx_word' id='word_1_254' title='bbox 527 1287 679 1320; x_wconf 77' lang='lat' dir='ltr'><strong>Signum,</strong></span> <span class='ocrx_word' id='word_1_255' title='bbox 701 1287 931 1319; x_wconf 77' lang='lat' dir='ltr'><strong>Compendium</strong></span> <span class='ocrx_word' id='word_1_256' title='bbox 950 1286 1096 1318; x_wconf 71' lang='lat' dir='ltr'><strong>scriptu-</strong></span> 
     </span>
     <span class='ocr_line' id='line_1_27' title="bbox 250 1327 1096 1364; baseline -0.006 -7"><span class='ocrx_word' id='word_1_257' title='bbox 250 1342 312 1359; x_wconf 77' lang='lat' dir='ltr'><strong>rae.</strong></span> <span class='ocrx_word' id='word_1_258' title='bbox 351 1330 369 1356; x_wconf 95' lang='lat' dir='ltr'><strong>l.</strong></span> <span class='ocrx_word' id='word_1_259' title='bbox 389 1331 451 1364; x_wconf 80' lang='lat' dir='ltr'><strong>Sy.</strong></span> <span class='ocrx_word' id='word_1_260' title='bbox 475 1328 560 1363; x_wconf 70' lang='lat' dir='ltr'><strong>sigla,</strong></span> <span class='ocrx_word' id='word_1_261' title='bbox 585 1327 677 1362; x_wconf 54' lang='lat' dir='ltr'><strong>Notae.</strong></span> <span class='ocrx_word' id='word_1_262' title='bbox 703 1338 724 1354; x_wconf 86' lang='lat' dir='ltr'><strong>c.</strong></span> <span class='ocrx_word' id='word_1_263' title='bbox 743 1330 767 1354; x_wconf 89' lang='lat'><strong>2.</strong></span> <span class='ocrx_word' id='word_1_264' title='bbox 797 1328 818 1362; x_wconf 89' lang='lat'><strong>5.</strong></span> <span class='ocrx_word' id='word_1_265' title='bbox 839 1329 880 1355; x_wconf 75' lang='lat'><strong>22.</strong></span> <span class='ocrx_word' id='word_1_266' title='bbox 906 1327 939 1354; x_wconf 83' lang='lat' dir='ltr'><strong>de</strong></span> <span class='ocrx_word' id='word_1_267' title='bbox 962 1332 1015 1353; x_wconf 78' lang='lat' dir='ltr'><strong>vet.</strong></span> <span class='ocrx_word' id='word_1_268' title='bbox 1039 1327 1096 1353; x_wconf 81' lang='lat' dir='ltr'><strong>iure</strong></span> 
     </span>
     <span class='ocr_line' id='line_1_28' title="bbox 249 1369 1097 1404; baseline -0.006 -3"><span class='ocrx_word' id='word_1_269' title='bbox 249 1373 333 1402; x_wconf 85' lang='lat' dir='ltr'><strong>enucl.</strong></span> <span class='ocrx_word' id='word_1_270' title='bbox 356 1375 378 1399; x_wconf 93' lang='lat'><strong>1.</strong></span> <span class='ocrx_word' id='word_1_271' title='bbox 399 1374 439 1398; x_wconf 88' lang='lat'><strong>17.</strong></span> <span class='ocrx_word' id='word_1_272' title='bbox 476 1371 507 1398; x_wconf 92' lang='grc'><strong>11,</strong></span> <span class='ocrx_word' id='word_1_273' title='bbox 529 1373 597 1404; x_wconf 79' lang='lat' dir='ltr'><strong>Op.</strong></span> <span class='ocrx_word' id='word_1_274' title='bbox 622 1370 744 1397; x_wconf 67' lang='lat' dir='ltr'><strong>Litterae.</strong></span> <span class='ocrx_word' id='word_1_275' title='bbox 766 1387 795 1391; x_wconf 92' lang='lat'><em>—</em></span> <span class='ocrx_word' id='word_1_276' title='bbox 821 1370 913 1397; x_wconf 62' lang='lat' dir='ltr'><strong>Notae.</strong></span> <span class='ocrx_word' id='word_1_277' title='bbox 938 1369 980 1397; x_wconf 84' lang='lat' dir='ltr'><strong>Cf.</strong></span> <span class='ocrx_word' id='word_1_278' title='bbox 1000 1379 1024 1396; x_wconf 75' lang='lat' dir='ltr'><strong>v.</strong></span> <span class='ocrx_word' id='word_1_279' title='bbox 1043 1369 1097 1396; x_wconf 82' lang='lat' dir='ltr'><strong>Lit-</strong></span> 
     </span>
     <span class='ocr_line' id='line_1_29' title="bbox 250 1414 1097 1450; baseline -0.005 -6"><span class='ocrx_word' id='word_1_280' title='bbox 250 1423 313 1444; x_wconf 81' lang='lat' dir='ltr'><strong>tera.</strong></span> <span class='ocrx_word' id='word_1_281' title='bbox 328 1416 384 1450; x_wconf 88' lang='lat'><strong>5.1.</strong></span> <span class='ocrx_word' id='word_1_282' title='bbox 408 1415 530 1446; x_wconf 75' lang='lat' dir='ltr'><strong>Librarii,</strong></span> <span class='ocrx_word' id='word_1_283' title='bbox 551 1419 576 1440; x_wconf 79' lang='lat' dir='ltr'><strong>et</strong></span> <span class='ocrx_word' id='word_1_284' title='bbox 596 1415 698 1440; x_wconf 84' lang='lat' dir='ltr'><strong>notarii.</strong></span> <span class='ocrx_word' id='word_1_285' title='bbox 711 1430 741 1435; x_wconf 93' lang='lat'><strong>--</strong></span> <span class='ocrx_word' id='word_1_286' title='bbox 762 1414 887 1441; x_wconf 80' lang='lat' dir='ltr'><strong>Artifices</strong></span> <span class='ocrx_word' id='word_1_287' title='bbox 907 1414 1009 1445; x_wconf 78' lang='lat' dir='ltr'><strong>artium,</strong></span> <span class='ocrx_word' id='word_1_288' title='bbox 1030 1423 1097 1449; x_wconf 82' lang='lat' dir='ltr'><strong>quae</strong></span> 
     </span>
     <span class='ocr_line' id='line_1_30' title="bbox 251 1455 1097 1494; baseline -0.006 -7"><span class='ocrx_word' id='word_1_289' title='bbox 251 1465 313 1488; x_wconf 86' lang='lat' dir='ltr'><strong>sunt</strong></span> <span class='ocrx_word' id='word_1_290' title='bbox 332 1464 404 1486; x_wconf 81' lang='lat' dir='ltr'><strong>extra</strong></span> <span class='ocrx_word' id='word_1_291' title='bbox 425 1458 525 1484; x_wconf 73' lang='lat' dir='ltr'>litteras</span> <span class='ocrx_word' id='word_1_292' title='bbox 545 1456 586 1483; x_wconf 81' lang='lat' dir='ltr'><strong>vel</strong></span> <span class='ocrx_word' id='word_1_293' title='bbox 607 1462 682 1483; x_wconf 79' lang='lat' dir='ltr'><strong>notas</strong></span> <span class='ocrx_word' id='word_1_294' title='bbox 701 1458 811 1494; x_wconf 80' lang='lat' dir='ltr'><strong>positae.</strong></span> <span class='ocrx_word' id='word_1_295' title='bbox 832 1457 862 1484; x_wconf 86' lang='lat' dir='ltr'><strong>fr.</strong></span> <span class='ocrx_word' id='word_1_296' title='bbox 878 1459 900 1483; x_wconf 95' lang='lat' dir='ltr'><strong>l.</strong></span> <span class='ocrx_word' id='word_1_297' title='bbox 921 1457 958 1490; x_wconf 88' lang='lat'><strong>55.</strong></span> <span class='ocrx_word' id='word_1_298' title='bbox 972 1458 995 1483; x_wconf 89' lang='lat'><strong>6.</strong></span> <span class='ocrx_word' id='word_1_299' title='bbox 1010 1466 1050 1492; x_wconf 88' lang='lat' dir='ltr'><strong>sq.</strong></span> <span class='ocrx_word' id='word_1_300' title='bbox 1065 1455 1097 1482; x_wconf 85' lang='lat' dir='ltr'><strong>de</strong></span> 
     </span>
     <span class='ocr_line' id='line_1_31' title="bbox 251 1499 1097 1538; baseline -0.008 -7"><span class='ocrx_word' id='word_1_301' title='bbox 251 1508 317 1531; x_wconf 66' lang='lat' dir='ltr'><strong>extr.</strong></span> <span class='ocrx_word' id='word_1_302' title='bbox 338 1512 411 1538; x_wconf 71' lang='lat' dir='ltr'><strong>cogn.</strong></span> <span class='ocrx_word' id='word_1_303' title='bbox 425 1503 467 1527; x_wconf 83' lang='lat'><strong>50.</strong></span> <span class='ocrx_word' id='word_1_304' title='bbox 484 1502 522 1527; x_wconf 85' lang='lat'><strong>13.</strong></span> <span class='ocrx_word' id='word_1_305' title='bbox 560 1499 603 1526; x_wconf 92' lang='lat' dir='ltr'><strong>III.</strong></span> <span class='ocrx_word' id='word_1_306' title='bbox 619 1501 685 1527; x_wconf 76' lang='lat' dir='ltr'><strong>Gn.</strong></span> <span class='ocrx_word' id='word_1_307' title='bbox 705 1500 782 1527; x_wconf 85' lang='lat' dir='ltr'><strong>Miles</strong></span> <span class='ocrx_word' id='word_1_308' title='bbox 802 1500 904 1526; x_wconf 88' lang='lat' dir='ltr'><strong>notario</strong></span> <span class='ocrx_word' id='word_1_309' title='bbox 923 1500 999 1533; x_wconf 87' lang='lat' dir='ltr'><strong>(suo)</strong></span> <span class='ocrx_word' id='word_1_310' title='bbox 1018 1503 1097 1525; x_wconf 84' lang='lat' dir='ltr'><strong>testa-</strong></span> 
     </span>
     <span class='ocr_line' id='line_1_32' title="bbox 249 1541 1098 1579; baseline -0.006 -6"><span class='ocrx_word' id='word_1_311' title='bbox 249 1551 364 1573; x_wconf 81' lang='lat' dir='ltr'><strong>mentum</strong></span> <span class='ocrx_word' id='word_1_312' title='bbox 384 1542 553 1571; x_wconf 84' lang='lat' dir='ltr'><strong>scribendum</strong></span> <span class='ocrx_word' id='word_1_313' title='bbox 573 1543 644 1569; x_wconf 86' lang='lat' dir='ltr'><strong>notis</strong></span> <span class='ocrx_word' id='word_1_314' title='bbox 664 1542 781 1574; x_wconf 78' lang='lat' dir='ltr'><strong>dictavit,</strong></span> <span class='ocrx_word' id='word_1_315' title='bbox 801 1548 827 1569; x_wconf 83' lang='lat' dir='ltr'><strong>et</strong></span> <span class='ocrx_word' id='word_1_316' title='bbox 846 1548 985 1579; x_wconf 79' lang='lat' dir='ltr'><strong>antequam</strong></span> <span class='ocrx_word' id='word_1_317' title='bbox 1001 1541 1098 1568; x_wconf 80' lang='lat' dir='ltr'><strong>litteris</strong></span> 
     </span>
     <span class='ocr_line' id='line_1_33' title="bbox 250 1585 1096 1627; baseline -0.006 -11"><span class='ocrx_word' id='word_1_318' title='bbox 250 1588 461 1627; x_wconf 71' lang='lat' dir='ltr'>perscriberetur</span> <span class='ocrx_word' id='word_1_319' title='bbox 481 1591 529 1612; x_wconf 80' lang='lat' dir='ltr'><strong>etc.</strong></span> <span class='ocrx_word' id='word_1_320' title='bbox 555 1585 585 1612; x_wconf 88' lang='lat' dir='ltr'><strong>fr.</strong></span> <span class='ocrx_word' id='word_1_321' title='bbox 605 1587 646 1612; x_wconf 72' lang='lat'><strong>40.</strong></span> <span class='ocrx_word' id='word_1_322' title='bbox 671 1596 711 1623; x_wconf 87' lang='lat' dir='ltr'><strong>pr.</strong></span> <span class='ocrx_word' id='word_1_323' title='bbox 738 1586 771 1612; x_wconf 88' lang='lat' dir='ltr'><strong>de</strong></span> <span class='ocrx_word' id='word_1_324' title='bbox 794 1585 869 1612; x_wconf 89' lang='lat' dir='ltr'><strong>milit.</strong></span> <span class='ocrx_word' id='word_1_325' title='bbox 888 1590 992 1611; x_wconf 84' lang='lat' dir='ltr'><strong>testam.</strong></span> <span class='ocrx_word' id='word_1_326' title='bbox 1010 1586 1053 1611; x_wconf 87' lang='lat'><strong>29.</strong></span> <span class='ocrx_word' id='word_1_327' title='bbox 1074 1586 1096 1611; x_wconf 95' lang='lat'><strong>1.</strong></span> 
     </span>
     <span class='ocr_line' id='line_1_34' title="bbox 250 1627 1097 1668; baseline -0.006 -9"><span class='ocrx_word' id='word_1_328' title='bbox 250 1633 279 1659; x_wconf 81' lang='lat' dir='ltr'><strong>Si</strong></span> <span class='ocrx_word' id='word_1_329' title='bbox 299 1632 357 1668; x_wconf 89' lang='lat' dir='ltr'><strong>quis</strong></span> <span class='ocrx_word' id='word_1_330' title='bbox 377 1639 425 1667; x_wconf 85' lang='lat' dir='ltr'><strong>pro</strong></span> <span class='ocrx_word' id='word_1_331' title='bbox 447 1628 493 1661; x_wconf 69' lang='lat' dir='ltr'><strong>C..</strong></span> <span class='ocrx_word' id='word_1_332' title='bbox 515 1628 564 1655; x_wconf 89' lang='lat' dir='ltr'><strong>CC</strong></span> <span class='ocrx_word' id='word_1_333' title='bbox 583 1638 631 1665; x_wconf 83' lang='lat' dir='ltr'><strong>per</strong></span> <span class='ocrx_word' id='word_1_334' title='bbox 655 1634 743 1654; x_wconf 84' lang='lat' dir='ltr'><strong>notam</strong></span> <span class='ocrx_word' id='word_1_335' title='bbox 763 1629 924 1665; x_wconf 81' lang='lat' dir='ltr'><strong>scripsisset.</strong></span> <span class='ocrx_word' id='word_1_336' title='bbox 945 1627 976 1654; x_wconf 76' lang='lat' dir='ltr'><strong>l&#39;r.</strong></span> <span class='ocrx_word' id='word_1_337' title='bbox 990 1629 1013 1654; x_wconf 85' lang='lat'><strong>9.</strong></span> <span class='ocrx_word' id='word_1_338' title='bbox 1034 1628 1056 1661; x_wconf 88' lang='lat'><strong>5.</strong></span> <span class='ocrx_word' id='word_1_339' title='bbox 1073 1630 1097 1654; x_wconf 80' lang='lat'><strong>4.</strong></span> 
     </span>
     <span class='ocr_line' id='line_1_35' title="bbox 249 1669 1098 1707; baseline -0.006 -6"><span class='ocrx_word' id='word_1_340' title='bbox 249 1675 282 1701; x_wconf 88' lang='lat' dir='ltr'><strong>de</strong></span> <span class='ocrx_word' id='word_1_341' title='bbox 302 1673 392 1700; x_wconf 68' lang='lat' dir='ltr'><strong>hei-ed.</strong></span> <span class='ocrx_word' id='word_1_342' title='bbox 412 1674 473 1699; x_wconf 89' lang='lat' dir='ltr'><strong>inst.</strong></span> <span class='ocrx_word' id='word_1_343' title='bbox 492 1673 535 1698; x_wconf 83' lang='grc'><strong>28.</strong></span> <span class='ocrx_word' id='word_1_344' title='bbox 555 1673 579 1698; x_wconf 91' lang='lat'><strong>5.</strong></span> <span class='ocrx_word' id='word_1_345' title='bbox 618 1672 672 1707; x_wconf 79' lang='lat' dir='ltr'><strong>Qui</strong></span> <span class='ocrx_word' id='word_1_346' title='bbox 691 1673 762 1698; x_wconf 89' lang='lat' dir='ltr'><strong>notis</strong></span> <span class='ocrx_word' id='word_1_347' title='bbox 781 1671 902 1698; x_wconf 85' lang='lat' dir='ltr'><strong>scribunt</strong></span> <span class='ocrx_word' id='word_1_348' title='bbox 921 1675 977 1697; x_wconf 82' lang='lat' dir='ltr'><strong>acta</strong></span> <span class='ocrx_word' id='word_1_349' title='bbox 996 1669 1098 1697; x_wconf 85' lang='lat' dir='ltr'><strong>Praesi-</strong></span> 
     </span>
     <span class='ocr_line' id='line_1_36' title="bbox 250 1714 1098 1751; baseline -0.005 -7"><span class='ocrx_word' id='word_1_350' title='bbox 250 1717 320 1744; x_wconf 87' lang='lat' dir='ltr'><strong>dum.</strong></span> <span class='ocrx_word' id='word_1_351' title='bbox 345 1716 375 1742; x_wconf 89' lang='lat' dir='ltr'><strong>fr.</strong></span> <span class='ocrx_word' id='word_1_352' title='bbox 394 1717 436 1742; x_wconf 85' lang='lat'><strong>33.</strong></span> <span class='ocrx_word' id='word_1_353' title='bbox 460 1716 483 1749; x_wconf 86' lang='lat'><strong>5.</strong></span> <span class='ocrx_word' id='word_1_354' title='bbox 505 1717 526 1741; x_wconf 96' lang='lat'><strong>1.</strong></span> <span class='ocrx_word' id='word_1_355' title='bbox 547 1725 578 1741; x_wconf 76' lang='lat' dir='ltr'><strong>cx</strong></span> <span class='ocrx_word' id='word_1_356' title='bbox 599 1724 642 1751; x_wconf 88' lang='lat' dir='ltr'><strong>qu.</strong></span> <span class='ocrx_word' id='word_1_357' title='bbox 663 1725 684 1741; x_wconf 92' lang='lat' dir='ltr'><strong>c.</strong></span> <span class='ocrx_word' id='word_1_358' title='bbox 704 1715 762 1741; x_wconf 86' lang='lat' dir='ltr'><strong>mai.</strong></span> <span class='ocrx_word' id='word_1_359' title='bbox 782 1715 807 1741; x_wconf 81' lang='lat'><strong>4.</strong></span> <span class='ocrx_word' id='word_1_360' title='bbox 827 1716 851 1741; x_wconf 89' lang='lat'><strong>6.</strong></span> <span class='ocrx_word' id='word_1_361' title='bbox 872 1730 903 1734; x_wconf 95' lang='lat'>—</span> <span class='ocrx_word' id='word_1_362' title='bbox 929 1714 960 1747; x_wconf 66' lang='grc' dir='ltr'><strong>ξ.</strong></span> <span class='ocrx_word' id='word_1_363' title='bbox 981 1715 1017 1740; x_wconf 73' lang='lat'><strong>2.</strong></span> <span class='ocrx_word' id='word_1_364' title='bbox 1037 1715 1098 1740; x_wconf 80' lang='lat' dir='ltr'><strong>Ad-</strong></span> 
     </span>
    </p>
   </div>
   <div class='ocr_carea' id='block_1_9' title="bbox 251 1755 1121 1793">
    <p class='ocr_par' dir='ltr' id='par_1_10' title="bbox 251 1755 1121 1793">
     <span class='ocr_line' id='line_1_37' title="bbox 251 1755 1121 1793; baseline -0.006 -6"><span class='ocrx_word' id='word_1_365' title='bbox 251 1761 395 1791; x_wconf 76' lang='lat' dir='ltr'><strong>notatio,</strong></span> <span class='ocrx_word' id='word_1_366' title='bbox 417 1760 578 1785; x_wconf 70' lang='lat' dir='ltr'><strong>Adiectio.</strong></span> <span class='ocrx_word' id='word_1_367' title='bbox 616 1757 658 1784; x_wconf 94' lang='grc'>111.</span> <span class='ocrx_word' id='word_1_368' title='bbox 675 1759 741 1785; x_wconf 72' lang='lat' dir='ltr'><strong>Cn.</strong></span> <span class='ocrx_word' id='word_1_369' title='bbox 762 1757 790 1783; x_wconf 94' lang='lat' dir='ltr'><strong>Si</strong></span> <span class='ocrx_word' id='word_1_370' title='bbox 811 1762 898 1783; x_wconf 84' lang='lat' dir='ltr'><strong>notam</strong></span> <span class='ocrx_word' id='word_1_371' title='bbox 918 1761 1011 1793; x_wconf 84' lang='lat' dir='ltr'><strong>postea</strong></span> <span class='ocrx_word' id='word_1_372' title='bbox 1030 1755 1099 1782; x_wconf 86' lang='lat' dir='ltr'><strong>adic-</strong></span> <span class='ocrx_word' id='word_1_373' title='bbox 1120 1761 1121 1788; x_wconf 53' lang='lat' dir='ltr'><strong>t</strong></span> 
     </span>
    </p>
   </div>
   <div class='ocr_carea' id='block_1_10' title="bbox 252 1799 1098 1881">
    <p class='ocr_par' dir='ltr' id='par_1_11' title="bbox 252 1799 1098 1881">
     <span class='ocr_line' id='line_1_38' title="bbox 252 1799 1098 1838; baseline -0.006 -8"><span class='ocrx_word' id='word_1_374' title='bbox 252 1804 316 1830; x_wconf 87' lang='lat' dir='ltr'><strong>cerit</strong></span> <span class='ocrx_word' id='word_1_375' title='bbox 336 1802 429 1838; x_wconf 76' lang='lat' dir='ltr'><strong>legato,</strong></span> <span class='ocrx_word' id='word_1_376' title='bbox 449 1801 491 1827; x_wconf 85' lang='lat' dir='ltr'><strong>vel</strong></span> <span class='ocrx_word' id='word_1_377' title='bbox 511 1811 557 1827; x_wconf 83' lang='lat' dir='ltr'><strong>sua</strong></span> <span class='ocrx_word' id='word_1_378' title='bbox 576 1810 650 1831; x_wconf 73' lang='lat' dir='ltr'><strong>voce.</strong></span> <span class='ocrx_word' id='word_1_379' title='bbox 668 1800 712 1826; x_wconf 75' lang='lat' dir='ltr'><strong>vel</strong></span> <span class='ocrx_word' id='word_1_380' title='bbox 733 1800 837 1826; x_wconf 83' lang='lat' dir='ltr'><strong>litteris.</strong></span> <span class='ocrx_word' id='word_1_381' title='bbox 858 1800 888 1826; x_wconf 85' lang='lat' dir='ltr'><strong>fr.</strong></span> <span class='ocrx_word' id='word_1_382' title='bbox 902 1801 944 1826; x_wconf 87' lang='lat'><strong>21.</strong></span> <span class='ocrx_word' id='word_1_383' title='bbox 964 1799 987 1833; x_wconf 90' lang='lat'><strong>5.</strong></span> <span class='ocrx_word' id='word_1_384' title='bbox 1003 1800 1025 1826; x_wconf 90' lang='lat'><strong>1.</strong></span> <span class='ocrx_word' id='word_1_385' title='bbox 1046 1799 1098 1834; x_wconf 63' lang='grc' dir='ltr'>Ωιι.</span> 
     </span>
     <span class='ocr_line' id='line_1_39' title="bbox 252 1841 1098 1881; baseline -0.004 -9"><span class='ocrx_word' id='word_1_386' title='bbox 252 1851 354 1872; x_wconf 83' lang='lat' dir='ltr'><strong>tcstam.</strong></span> <span class='ocrx_word' id='word_1_387' title='bbox 379 1845 426 1871; x_wconf 83' lang='lat' dir='ltr'><strong>fac.</strong></span> <span class='ocrx_word' id='word_1_388' title='bbox 452 1854 476 1881; x_wconf 91' lang='lat' dir='ltr'><strong>p.</strong></span> <span class='ocrx_word' id='word_1_389' title='bbox 496 1845 538 1870; x_wconf 88' lang='grc'><strong>28.</strong></span> <span class='ocrx_word' id='word_1_390' title='bbox 561 1845 582 1869; x_wconf 94' lang='lat'><strong>1.</strong></span> <span class='ocrx_word' id='word_1_391' title='bbox 625 1843 868 1869; x_wconf 77' lang='lat' dir='ltr'><strong>Demonstrationis</strong></span> <span class='ocrx_word' id='word_1_392' title='bbox 892 1847 962 1869; x_wconf 83' lang='lat' dir='ltr'><strong>nota.</strong></span> <span class='ocrx_word' id='word_1_393' title='bbox 989 1841 1020 1869; x_wconf 84' lang='lat' dir='ltr'><strong>fr.</strong></span> <span class='ocrx_word' id='word_1_394' title='bbox 1041 1843 1098 1869; x_wconf 83' lang='lat'><strong>106.</strong></span> 
     </span>
    </p>
   </div>
   <div class='ocr_carea' id='block_1_11' title="bbox 252 1884 1123 2011">
    <p class='ocr_par' dir='ltr' id='par_1_12' title="bbox 252 1884 1123 2012">
     <span class='ocr_line' id='line_1_40' title="bbox 252 1884 1122 1923; baseline -0.003 -9"><span class='ocrx_word' id='word_1_395' title='bbox 252 1888 285 1915; x_wconf 80' lang='lat' dir='ltr'><strong>de.</strong></span> <span class='ocrx_word' id='word_1_396' title='bbox 304 1888 336 1914; x_wconf 88' lang='lat' dir='ltr'><strong>V.</strong></span> <span class='ocrx_word' id='word_1_397' title='bbox 357 1888 390 1914; x_wconf 87' lang='lat' dir='ltr'><strong>O.</strong></span> <span class='ocrx_word' id='word_1_398' title='bbox 410 1889 451 1914; x_wconf 78' lang='lat'><strong>45.</strong></span> <span class='ocrx_word' id='word_1_399' title='bbox 474 1889 494 1913; x_wconf 93' lang='lat' dir='ltr'><strong>l.</strong></span> <span class='ocrx_word' id='word_1_400' title='bbox 533 1885 617 1913; x_wconf 82' lang='lat' dir='ltr'><strong>Notae</strong></span> <span class='ocrx_word' id='word_1_401' title='bbox 641 1885 714 1912; x_wconf 82' lang='lat' dir='ltr'><strong>Pauli</strong></span> <span class='ocrx_word' id='word_1_402' title='bbox 739 1891 818 1922; x_wconf 85' lang='lat' dir='ltr'><strong>atque</strong></span> <span class='ocrx_word' id='word_1_403' title='bbox 844 1885 951 1923; x_wconf 66' lang='lat' dir='ltr'><strong>leiani</strong></span> <span class='ocrx_word' id='word_1_404' title='bbox 974 1886 1001 1911; x_wconf 88' lang='lat' dir='ltr'><strong>in</strong></span> <span class='ocrx_word' id='word_1_405' title='bbox 1025 1884 1100 1922; x_wconf 79' lang='lat' dir='ltr'><strong>Papi·</strong></span> <span class='ocrx_word' id='word_1_406' title='bbox 1121 1896 1122 1909; x_wconf 63' lang='grc' dir='ltr'>ι</span> 
     </span>
     <span class='ocr_line' id='line_1_41' title="bbox 253 1927 1123 1967; baseline -0.005 -9"><span class='ocrx_word' id='word_1_407' title='bbox 253 1932 322 1958; x_wconf 85' lang='lat' dir='ltr'><strong>niani</strong></span> <span class='ocrx_word' id='word_1_408' title='bbox 343 1939 438 1967; x_wconf 82' lang='lat' dir='ltr'><strong>corpus</strong></span> <span class='ocrx_word' id='word_1_409' title='bbox 459 1929 549 1956; x_wconf 87' lang='lat' dir='ltr'><strong>factae.</strong></span> <span class='ocrx_word' id='word_1_410' title='bbox 570 1928 620 1955; x_wconf 78' lang='lat' dir='ltr'><strong>Th.</strong></span> <span class='ocrx_word' id='word_1_411' title='bbox 641 1928 673 1955; x_wconf 94' lang='lat' dir='ltr'><strong>C.</strong></span> <span class='ocrx_word' id='word_1_412' title='bbox 693 1928 712 1955; x_wconf 92' lang='lat' dir='ltr'><strong>I.</strong></span> <span class='ocrx_word' id='word_1_413' title='bbox 731 1931 754 1956; x_wconf 85' lang='lat'><strong>4.</strong></span> <span class='ocrx_word' id='word_1_414' title='bbox 775 1939 797 1955; x_wconf 89' lang='lat' dir='ltr'><strong>c.</strong></span> <span class='ocrx_word' id='word_1_415' title='bbox 819 1930 841 1955; x_wconf 95' lang='grc'><strong>1.</strong></span> <span class='ocrx_word' id='word_1_416' title='bbox 862 1939 883 1955; x_wconf 86' lang='lat' dir='ltr'><strong>c.</strong></span> <span class='ocrx_word' id='word_1_417' title='bbox 897 1931 922 1955; x_wconf 89' lang='lat'><strong>3.</strong></span> <span class='ocrx_word' id='word_1_418' title='bbox 942 1927 1047 1961; x_wconf 83' lang='lat' dir='ltr'><strong>(ch.)</strong></span> <span class='ocrx_word' id='word_1_419' title='bbox 1068 1927 1100 1954; x_wconf 90' lang='lat' dir='ltr'><strong>de</strong></span> <span class='ocrx_word' id='word_1_420' title='bbox 1121 1938 1123 1945; x_wconf 62' lang='lat'><em>¹</em></span> 
     </span>
     <span class='ocr_line' id='line_1_42' title="bbox 253 1963 1123 2011; baseline -0.005 -10"><span class='ocrx_word' id='word_1_421' title='bbox 253 1984 322 2011; x_wconf 79' lang='lat' dir='ltr'><strong>resp.</strong></span> <span class='ocrx_word' id='word_1_422' title='bbox 348 1972 424 2010; x_wconf 88' lang='lat' dir='ltr'><strong>prud.</strong></span> <span class='ocrx_word' id='word_1_423' title='bbox 449 1972 494 1998; x_wconf 77' lang='lat' dir='ltr'><strong>lx.</strong></span> <span class='ocrx_word' id='word_1_424' title='bbox 518 1974 560 1998; x_wconf 82' lang='lat'><strong>43.</strong></span> <span class='ocrx_word' id='word_1_425' title='bbox 586 1982 606 1998; x_wconf 91' lang='lat' dir='ltr'><strong>c.</strong></span> <span class='ocrx_word' id='word_1_426' title='bbox 634 1973 655 1998; x_wconf 93' lang='lat'><strong>1.</strong></span> <span class='ocrx_word' id='word_1_427' title='bbox 687 1981 725 2008; x_wconf 84' lang='lat' dir='ltr'><strong>pr.</strong></span> <span class='ocrx_word' id='word_1_428' title='bbox 751 1971 783 1998; x_wconf 85' lang='lat' dir='ltr'><strong>de</strong></span> <span class='ocrx_word' id='word_1_429' title='bbox 808 1976 921 1998; x_wconf 77' lang='lat' dir='ltr'><strong>sentent.</strong></span> <span class='ocrx_word' id='word_1_430' title='bbox 946 1981 1017 2008; x_wconf 85' lang='lat' dir='ltr'><strong>pass.</strong></span> <span class='ocrx_word' id='word_1_431' title='bbox 1059 1971 1100 1997; x_wconf 82' lang='lat' dir='ltr'><strong>Ex</strong></span> <span class='ocrx_word' id='word_1_432' title='bbox 1121 1963 1123 1995; x_wconf 46' lang='lat' dir='ltr'><strong>i</strong></span> 
     </span>
    </p>
   </div>
   <div class='ocr_carea' id='block_1_12' title="bbox 254 2014 1100 2094">
    <p class='ocr_par' dir='ltr' id='par_1_13' title="bbox 254 2014 1100 2094">
     <span class='ocr_line' id='line_1_43' title="bbox 254 2014 1100 2051; baseline -0.004 -8"><span class='ocrx_word' id='word_1_433' title='bbox 254 2022 314 2043; x_wconf 85' lang='lat' dir='ltr'><strong>nota</strong></span> <span class='ocrx_word' id='word_1_434' title='bbox 334 2014 451 2043; x_wconf 74' lang='lat' dir='ltr'>Marcelli</span> <span class='ocrx_word' id='word_1_435' title='bbox 472 2019 582 2042; x_wconf 77' lang='lat' dir='ltr'><strong>constat.</strong></span> <span class='ocrx_word' id='word_1_436' title='bbox 603 2014 633 2040; x_wconf 90' lang='lat' dir='ltr'><strong>fr.</strong></span> <span class='ocrx_word' id='word_1_437' title='bbox 651 2016 689 2040; x_wconf 59' lang='lat'><strong>10.</strong></span> <span class='ocrx_word' id='word_1_438' title='bbox 711 2014 743 2040; x_wconf 83' lang='lat' dir='ltr'><strong>de</strong></span> <span class='ocrx_word' id='word_1_439' title='bbox 763 2020 839 2041; x_wconf 87' lang='lat' dir='ltr'><strong>castr.</strong></span> <span class='ocrx_word' id='word_1_440' title='bbox 854 2014 941 2051; x_wconf 85' lang='lat' dir='ltr'><strong>pecul.</strong></span> <span class='ocrx_word' id='word_1_441' title='bbox 954 2016 995 2040; x_wconf 87' lang='grc'><strong>49.</strong></span> <span class='ocrx_word' id='word_1_442' title='bbox 1012 2015 1052 2040; x_wconf 77' lang='grc'><strong>17.</strong></span> <span class='ocrx_word' id='word_1_443' title='bbox 1067 2029 1100 2033; x_wconf 93' lang='lat'><strong>—-</strong></span> 
     </span>
     <span class='ocr_line' id='line_1_44' title="bbox 254 2056 1099 2094; baseline -0.004 -8"><span class='ocrx_word' id='word_1_444' title='bbox 254 2061 286 2093; x_wconf 79' lang='lat'><strong>§-</strong></span> <span class='ocrx_word' id='word_1_445' title='bbox 298 2061 335 2086; x_wconf 82' lang='lat'><strong>³.</strong></span> <span class='ocrx_word' id='word_1_446' title='bbox 357 2061 502 2094; x_wconf 66' lang='lat' dir='ltr'><strong>SHgma,</strong></span> <span class='ocrx_word' id='word_1_447' title='bbox 525 2058 719 2091; x_wconf 66' lang='lat' dir='ltr'><strong>Vestigium.</strong></span> <span class='ocrx_word' id='word_1_448' title='bbox 757 2058 775 2084; x_wconf 92' lang='grc'><strong>1.</strong></span> <span class='ocrx_word' id='word_1_449' title='bbox 794 2059 856 2092; x_wconf 74' lang='lat' dir='ltr'><strong>Sy.</strong></span> <span class='ocrx_word' id='word_1_450' title='bbox 876 2057 983 2093; x_wconf 75' lang='lat' dir='ltr'><strong>Stigma.</strong></span> <span class='ocrx_word' id='word_1_451' title='bbox 1004 2056 1052 2083; x_wconf 83' lang='lat' dir='ltr'><strong>Th.</strong></span> <span class='ocrx_word' id='word_1_452' title='bbox 1068 2056 1099 2083; x_wconf 90' lang='lat' dir='ltr'><strong>C.</strong></span> 
     </span>
    </p>
   </div>
   <div class='ocr_carea' id='block_1_13' title="bbox 254 2099 1124 2137">
    <p class='ocr_par' dir='ltr' id='par_1_14' title="bbox 254 2099 1124 2137">
     <span class='ocr_line' id='line_1_45' title="bbox 254 2099 1124 2137; baseline -0.005 -8"><span class='ocrx_word' id='word_1_453' title='bbox 254 2103 287 2129; x_wconf 83' lang='lat' dir='ltr'><strong>X.</strong></span> <span class='ocrx_word' id='word_1_454' title='bbox 306 2104 348 2128; x_wconf 87' lang='lat'><strong>22.</strong></span> <span class='ocrx_word' id='word_1_455' title='bbox 369 2111 390 2128; x_wconf 93' lang='lat' dir='ltr'><strong>c.</strong></span> <span class='ocrx_word' id='word_1_456' title='bbox 411 2103 434 2127; x_wconf 87' lang='lat'><strong>4.</strong></span> <span class='ocrx_word' id='word_1_457' title='bbox 459 2100 492 2127; x_wconf 80' lang='lat' dir='ltr'><strong>de</strong></span> <span class='ocrx_word' id='word_1_458' title='bbox 516 2100 655 2126; x_wconf 73' lang='lat' dir='ltr'><strong>sabi-icens.</strong></span> <span class='ocrx_word' id='word_1_459' title='bbox 693 2099 736 2126; x_wconf 85' lang='grc'>111.</span> <span class='ocrx_word' id='word_1_460' title='bbox 756 2101 821 2128; x_wconf 78' lang='lat' dir='ltr'><strong>Gn.</strong></span> <span class='ocrx_word' id='word_1_461' title='bbox 847 2100 914 2126; x_wconf 63' lang='lat' dir='ltr'><strong>Nota</strong></span> <span class='ocrx_word' id='word_1_462' title='bbox 942 2099 1046 2137; x_wconf 86' lang='lat' dir='ltr'><strong>publica</strong></span> <span class='ocrx_word' id='word_1_463' title='bbox 1067 2099 1101 2126; x_wconf 84' lang='lat' dir='ltr'><strong>fa-</strong></span> <span class='ocrx_word' id='word_1_464' title='bbox 1122 2100 1124 2124; x_wconf 64' lang='grc' dir='ltr'><strong>ζ’</strong></span> 
     </span>
    </p>
   </div>
   <div class='ocr_carea' id='block_1_14' title="bbox 255 2142 1099 2178">
    <p class='ocr_par' dir='ltr' id='par_1_15' title="bbox 255 2142 1099 2178">
     <span class='ocr_line' id='line_1_46' title="bbox 255 2142 1099 2178; baseline -0.002 -7"><span class='ocrx_word' id='word_1_465' title='bbox 255 2145 415 2171; x_wconf 71' lang='lat' dir='ltr'><strong>bricensium</strong></span> <span class='ocrx_word' id='word_1_466' title='bbox 435 2143 560 2175; x_wconf 79' lang='lat' dir='ltr'><strong>brachiis,</strong></span> <span class='ocrx_word' id='word_1_467' title='bbox 579 2142 611 2169; x_wconf 88' lang='lat' dir='ltr'><strong>ad</strong></span> <span class='ocrx_word' id='word_1_468' title='bbox 631 2143 802 2169; x_wconf 71' lang='lat' dir='ltr'><strong>imitationem</strong></span> <span class='ocrx_word' id='word_1_469' title='bbox 816 2144 939 2174; x_wconf 82' lang='lat' dir='ltr'><strong>tironum,</strong></span> <span class='ocrx_word' id='word_1_470' title='bbox 959 2143 1099 2178; x_wconf 71' lang='lat' dir='ltr'><strong>infligatur.</strong></span> 
     </span>
    </p>
   </div>
   <div class='ocr_carea' id='block_1_15' title="bbox 255 2187 1124 2223">
    <p class='ocr_par' dir='ltr' id='par_1_16' title="bbox 255 2187 1124 2223">
     <span class='ocr_line' id='line_1_47' title="bbox 255 2187 1124 2223; baseline -0.002 -9"><span class='ocrx_word' id='word_1_471' title='bbox 255 2188 293 2214; x_wconf 92' lang='lat' dir='ltr'><strong>lb.</strong></span> <span class='ocrx_word' id='word_1_472' title='bbox 314 2187 331 2213; x_wconf 85' lang='lat' dir='ltr'><strong>l.</strong></span> <span class='ocrx_word' id='word_1_473' title='bbox 352 2187 367 2214; x_wconf 96' lang='lat' dir='ltr'><strong>l.</strong></span> <span class='ocrx_word' id='word_1_474' title='bbox 393 2204 423 2208; x_wconf 89' lang='lat'>—</span> <span class='ocrx_word' id='word_1_475' title='bbox 453 2187 484 2220; x_wconf 59' lang='grc' dir='ltr'><strong>ᾖ.</strong></span> <span class='ocrx_word' id='word_1_476' title='bbox 511 2187 550 2213; x_wconf 70' lang='lat'><strong>4.</strong></span> <span class='ocrx_word' id='word_1_477' title='bbox 581 2187 683 2212; x_wconf 73' lang='lat' dir='ltr'><strong>Labes</strong></span> <span class='ocrx_word' id='word_1_478' title='bbox 711 2188 993 2217; x_wconf 69' lang='lat' dir='ltr'><strong>existimationis,</strong></span> <span class='ocrx_word' id='word_1_479' title='bbox 1022 2187 1124 2223; x_wconf 32' lang='lat' dir='ltr'><strong>Pro-g</strong></span> 
     </span>
    </p>
   </div>
   <div class='ocr_carea' id='block_1_16' title="bbox 255 2228 1103 2476">
    <p class='ocr_par' dir='ltr' id='par_1_17' title="bbox 255 2228 1103 2476">
     <span class='ocr_line' id='line_1_48' title="bbox 255 2228 1101 2264; baseline -0.004 -7"><span class='ocrx_word' id='word_1_480' title='bbox 255 2233 356 2257; x_wconf 77' lang='lat' dir='ltr'><strong>bruni.</strong></span> <span class='ocrx_word' id='word_1_481' title='bbox 383 2229 400 2256; x_wconf 77' lang='lat'><strong>1.</strong></span> <span class='ocrx_word' id='word_1_482' title='bbox 416 2231 477 2263; x_wconf 66' lang='lat' dir='ltr'><strong>Sy.</strong></span> <span class='ocrx_word' id='word_1_483' title='bbox 497 2229 612 2255; x_wconf 86' lang='lat' dir='ltr'><strong>Infamia.</strong></span> <span class='ocrx_word' id='word_1_484' title='bbox 633 2228 674 2255; x_wconf 89' lang='lat' dir='ltr'><strong>Cf.</strong></span> <span class='ocrx_word' id='word_1_485' title='bbox 689 2228 714 2255; x_wconf 84' lang='lat' dir='ltr'><strong>h.</strong></span> <span class='ocrx_word' id='word_1_486' title='bbox 734 2238 758 2254; x_wconf 93' lang='lat' dir='ltr'><strong>v.</strong></span> <span class='ocrx_word' id='word_1_487' title='bbox 784 2228 815 2254; x_wconf 89' lang='lat' dir='ltr'><strong>II.</strong></span> <span class='ocrx_word' id='word_1_488' title='bbox 829 2230 895 2262; x_wconf 71' lang='lat'><strong>01).</strong></span> <span class='ocrx_word' id='word_1_489' title='bbox 918 2229 1006 2255; x_wconf 85' lang='lat' dir='ltr'><strong>Bonae</strong></span> <span class='ocrx_word' id='word_1_490' title='bbox 1026 2228 1101 2264; x_wconf 79' lang='lat' dir='ltr'><strong>frugi,</strong></span> 
     </span>
     <span class='ocr_line' id='line_1_49' title="bbox 257 2271 1101 2305; baseline -0.004 -6"><span class='ocrx_word' id='word_1_491' title='bbox 257 2289 289 2293; x_wconf 92' lang='lat'><strong>—</strong></span> <span class='ocrx_word' id='word_1_492' title='bbox 304 2272 371 2299; x_wconf 78' lang='lat' dir='ltr'><strong>Male</strong></span> <span class='ocrx_word' id='word_1_493' title='bbox 385 2277 472 2304; x_wconf 61' lang='lat' dir='ltr'><strong>noum,</strong></span> <span class='ocrx_word' id='word_1_494' title='bbox 486 2272 528 2298; x_wconf 73' lang='lat' dir='ltr'><strong>wel</strong></span> <span class='ocrx_word' id='word_1_495' title='bbox 542 2277 618 2298; x_wconf 83' lang='lat' dir='ltr'><strong>notae</strong></span> <span class='ocrx_word' id='word_1_496' title='bbox 632 2276 763 2298; x_wconf 75' lang='lat' dir='ltr'><strong>cxtremae</strong></span> <span class='ocrx_word' id='word_1_497' title='bbox 777 2273 904 2303; x_wconf 76' lang='lat' dir='ltr'><strong>(servus.)</strong></span> <span class='ocrx_word' id='word_1_498' title='bbox 925 2271 954 2297; x_wconf 84' lang='lat' dir='ltr'><strong>fr.</strong></span> <span class='ocrx_word' id='word_1_499' title='bbox 969 2273 1008 2298; x_wconf 88' lang='lat'><strong>15.</strong></span> <span class='ocrx_word' id='word_1_500' title='bbox 1027 2272 1048 2305; x_wconf 92' lang='lat'><strong>5.</strong></span> <span class='ocrx_word' id='word_1_501' title='bbox 1060 2273 1101 2297; x_wconf 80' lang='lat'><strong>44.</strong></span> 
     </span>
     <span class='ocr_line' id='line_1_50' title="bbox 258 2313 1102 2345; baseline -0.004 -3"><span class='ocrx_word' id='word_1_502' title='bbox 258 2316 290 2342; x_wconf 82' lang='lat' dir='ltr'><strong>dc</strong></span> <span class='ocrx_word' id='word_1_503' title='bbox 315 2316 392 2342; x_wconf 84' lang='lat' dir='ltr'><strong>iniur.</strong></span> <span class='ocrx_word' id='word_1_504' title='bbox 412 2317 452 2341; x_wconf 76' lang='lat'><strong>47.</strong></span> <span class='ocrx_word' id='word_1_505' title='bbox 476 2317 514 2341; x_wconf 87' lang='lat'><strong>10.</strong></span> <span class='ocrx_word' id='word_1_506' title='bbox 552 2314 611 2341; x_wconf 68' lang='lat' dir='ltr'><strong>Non</strong></span> <span class='ocrx_word' id='word_1_507' title='bbox 636 2320 713 2341; x_wconf 81' lang='lat' dir='ltr'><strong>notae</strong></span> <span class='ocrx_word' id='word_1_508' title='bbox 737 2324 814 2340; x_wconf 86' lang='lat' dir='ltr'><strong>causa</strong></span> <span class='ocrx_word' id='word_1_509' title='bbox 838 2313 999 2340; x_wconf 68' lang='lat' dir='ltr'><strong>exheredare</strong></span> <span class='ocrx_word' id='word_1_510' title='bbox 1022 2313 1102 2345; x_wconf 78' lang='lat' dir='ltr'><strong>filios,</strong></span> 
     </span>
     <span class='ocr_line' id='line_1_51' title="bbox 258 2355 1102 2389; baseline -0.002 -5"><span class='ocrx_word' id='word_1_511' title='bbox 258 2368 306 2385; x_wconf 82' lang='lat' dir='ltr'><strong>nec</strong></span> <span class='ocrx_word' id='word_1_512' title='bbox 327 2363 355 2384; x_wconf 90' lang='lat' dir='ltr'><strong>ut</strong></span> <span class='ocrx_word' id='word_1_513' title='bbox 374 2359 412 2383; x_wconf 71' lang='lat' dir='ltr'><strong>cis</strong></span> <span class='ocrx_word' id='word_1_514' title='bbox 432 2357 530 2389; x_wconf 81' lang='lat' dir='ltr'><strong>obsint,</strong></span> <span class='ocrx_word' id='word_1_515' title='bbox 550 2358 596 2384; x_wconf 67' lang='lat' dir='ltr'><strong>sed</strong></span> <span class='ocrx_word' id='word_1_516' title='bbox 616 2363 645 2384; x_wconf 89' lang='lat' dir='ltr'><strong>ut.</strong></span> <span class='ocrx_word' id='word_1_517' title='bbox 664 2359 702 2384; x_wconf 81' lang='lat' dir='ltr'><strong>cis</strong></span> <span class='ocrx_word' id='word_1_518' title='bbox 723 2356 869 2383; x_wconf 81' lang='lat' dir='ltr'><strong>consulant.</strong></span> <span class='ocrx_word' id='word_1_519' title='bbox 893 2357 923 2383; x_wconf 84' lang='lat' dir='ltr'><strong>fr.</strong></span> <span class='ocrx_word' id='word_1_520' title='bbox 945 2358 984 2382; x_wconf 76' lang='grc'><strong>18.</strong></span> <span class='ocrx_word' id='word_1_521' title='bbox 1005 2355 1038 2382; x_wconf 86' lang='lat' dir='ltr'><strong>dc</strong></span> <span class='ocrx_word' id='word_1_522' title='bbox 1058 2355 1102 2382; x_wconf 88' lang='lat' dir='ltr'><strong>lib.</strong></span> 
     </span>
     <span class='ocr_line' id='line_1_52' title="bbox 259 2398 1103 2438; baseline -0.002 -11"><span class='ocrx_word' id='word_1_523' title='bbox 259 2407 283 2427; x_wconf 74' lang='lat' dir='ltr'><strong>et</strong></span> <span class='ocrx_word' id='word_1_524' title='bbox 302 2400 390 2438; x_wconf 77' lang='lat' dir='ltr'><strong>postli.</strong></span> <span class='ocrx_word' id='word_1_525' title='bbox 410 2403 451 2427; x_wconf 81' lang='grc'><strong>28.</strong></span> <span class='ocrx_word' id='word_1_526' title='bbox 472 2403 495 2426; x_wconf 84' lang='grc'><strong>2.</strong></span> <span class='ocrx_word' id='word_1_527' title='bbox 533 2400 576 2426; x_wconf 92' lang='grc'>111.</span> <span class='ocrx_word' id='word_1_528' title='bbox 597 2402 663 2427; x_wconf 61' lang='lat' dir='ltr'><strong>(ln.</strong></span> <span class='ocrx_word' id='word_1_529' title='bbox 688 2400 801 2437; x_wconf 87' lang='lat' dir='ltr'><strong>Propter</strong></span> <span class='ocrx_word' id='word_1_530' title='bbox 820 2405 907 2426; x_wconf 84' lang='lat' dir='ltr'><strong>notam</strong></span> <span class='ocrx_word' id='word_1_531' title='bbox 927 2404 953 2426; x_wconf 86' lang='lat' dir='ltr'><strong>et</strong></span> <span class='ocrx_word' id='word_1_532' title='bbox 972 2398 1103 2425; x_wconf 85' lang='lat' dir='ltr'><strong>infamiam</strong></span> 
     </span>
     <span class='ocr_line' id='line_1_53' title="bbox 259 2441 1102 2476; baseline -0.002 -6"><span class='ocrx_word' id='word_1_533' title='bbox 259 2446 327 2470; x_wconf 76' lang='lat' dir='ltr'><strong>vitae</strong></span> <span class='ocrx_word' id='word_1_534' title='bbox 347 2454 409 2470; x_wconf 74' lang='lat' dir='ltr'><strong>suar</strong></span> <span class='ocrx_word' id='word_1_535' title='bbox 434 2442 605 2476; x_wconf 82' lang='lat' dir='ltr'><strong>(admittendi</strong></span> <span class='ocrx_word' id='word_1_536' title='bbox 629 2454 680 2469; x_wconf 87' lang='lat' dir='ltr'><strong>non</strong></span> <span class='ocrx_word' id='word_1_537' title='bbox 701 2448 763 2469; x_wconf 84' lang='lat' dir='ltr'><strong>sunt</strong></span> <span class='ocrx_word' id='word_1_538' title='bbox 782 2442 814 2469; x_wconf 85' lang='lat' dir='ltr'><strong>ad</strong></span> <span class='ocrx_word' id='word_1_539' title='bbox 834 2443 978 2469; x_wconf 74' lang='lat' dir='ltr'><strong>tcstiinonii</strong></span> <span class='ocrx_word' id='word_1_540' title='bbox 998 2441 1102 2474; x_wconf 78' lang='lat' dir='ltr'><strong>fidem.)</strong></span> 
     </span>
    </p>
   </div>
   <div class='ocr_carea' id='block_1_17' title="bbox 260 2483 1127 2522">
    <p class='ocr_par' dir='ltr' id='par_1_18' title="bbox 260 2483 1127 2522">
     <span class='ocr_line' id='line_1_54' title="bbox 260 2483 1127 2522; baseline -0.003 -9"><span class='ocrx_word' id='word_1_541' title='bbox 260 2488 290 2514; x_wconf 87' lang='lat' dir='ltr'><strong>fr.</strong></span> <span class='ocrx_word' id='word_1_542' title='bbox 309 2488 333 2512; x_wconf 90' lang='lat'><strong>3.</strong></span> <span class='ocrx_word' id='word_1_543' title='bbox 354 2487 375 2520; x_wconf 80' lang='lat'><strong>5.</strong></span> <span class='ocrx_word' id='word_1_544' title='bbox 396 2488 418 2512; x_wconf 87' lang='lat'><strong>5.</strong></span> <span class='ocrx_word' id='word_1_545' title='bbox 440 2486 472 2512; x_wconf 70' lang='lat' dir='ltr'><strong>(le</strong></span> <span class='ocrx_word' id='word_1_546' title='bbox 490 2485 578 2512; x_wconf 70' lang='lat' dir='ltr'><strong>testib.</strong></span> <span class='ocrx_word' id='word_1_547' title='bbox 597 2488 639 2511; x_wconf 85' lang='lat'><strong>22.</strong></span> <span class='ocrx_word' id='word_1_548' title='bbox 659 2488 681 2511; x_wconf 85' lang='lat'><strong>5.</strong></span> <span class='ocrx_word' id='word_1_549' title='bbox 720 2485 749 2512; x_wconf 88' lang='lat' dir='ltr'><strong>In</strong></span> <span class='ocrx_word' id='word_1_550' title='bbox 772 2491 859 2512; x_wconf 87' lang='lat' dir='ltr'><strong>notam</strong></span> <span class='ocrx_word' id='word_1_551' title='bbox 878 2485 1026 2522; x_wconf 87' lang='lat' dir='ltr'><strong>aliquorum</strong></span> <span class='ocrx_word' id='word_1_552' title='bbox 1045 2494 1105 2521; x_wconf 88' lang='lat' dir='ltr'><strong>pro·</strong></span> <span class='ocrx_word' id='word_1_553' title='bbox 1126 2483 1127 2488; x_wconf 50' lang='lat'>¹</span> 
     </span>
    </p>
   </div>
   <div class='ocr_carea' id='block_1_18' title="bbox 261 2528 1107 2864">
    <p class='ocr_par' dir='ltr' id='par_1_19' title="bbox 261 2528 1107 2864">
     <span class='ocr_line' id='line_1_55' title="bbox 261 2528 1104 2564; baseline -0.004 -8"><span class='ocrx_word' id='word_1_554' title='bbox 261 2530 364 2556; x_wconf 67' lang='lat' dir='ltr'><strong>ducere.</strong></span> <span class='ocrx_word' id='word_1_555' title='bbox 391 2529 420 2555; x_wconf 88' lang='lat' dir='ltr'><strong>fr.</strong></span> <span class='ocrx_word' id='word_1_556' title='bbox 441 2531 464 2555; x_wconf 89' lang='lat'><strong>5.</strong></span> <span class='ocrx_word' id='word_1_557' title='bbox 490 2530 573 2563; x_wconf 75' lang='lat'><strong>510.</strong></span> <span class='ocrx_word' id='word_1_558' title='bbox 594 2528 627 2554; x_wconf 80' lang='lat' dir='ltr'><strong>dc</strong></span> <span class='ocrx_word' id='word_1_559' title='bbox 647 2528 722 2554; x_wconf 87' lang='lat' dir='ltr'><strong>iniur.</strong></span> <span class='ocrx_word' id='word_1_560' title='bbox 743 2530 783 2555; x_wconf 80' lang='lat'><strong>47.</strong></span> <span class='ocrx_word' id='word_1_561' title='bbox 806 2530 847 2554; x_wconf 89' lang='grc'><strong>10.</strong></span> <span class='ocrx_word' id='word_1_562' title='bbox 885 2528 924 2555; x_wconf 71' lang='lat' dir='ltr'><strong>Re</strong></span> <span class='ocrx_word' id='word_1_563' title='bbox 942 2533 1028 2554; x_wconf 80' lang='lat' dir='ltr'><strong>tamen</strong></span> <span class='ocrx_word' id='word_1_564' title='bbox 1048 2529 1104 2564; x_wconf 87' lang='lat' dir='ltr'><strong>ipsa</strong></span> 
     </span>
     <span class='ocr_line' id='line_1_56' title="bbox 262 2570 1104 2609; baseline -0.001 -12"><span class='ocrx_word' id='word_1_565' title='bbox 262 2580 287 2598; x_wconf 75' lang='lat' dir='ltr'><strong>vt</strong></span> <span class='ocrx_word' id='word_1_566' title='bbox 313 2573 437 2609; x_wconf 73' lang='lat' dir='ltr'><strong>opinione</strong></span> <span class='ocrx_word' id='word_1_567' title='bbox 466 2572 600 2598; x_wconf 82' lang='lat' dir='ltr'><strong>hominum</strong></span> <span class='ocrx_word' id='word_1_568' title='bbox 626 2581 678 2597; x_wconf 86' lang='lat' dir='ltr'><strong>non</strong></span> <span class='ocrx_word' id='word_1_569' title='bbox 708 2570 833 2605; x_wconf 70' lang='lat' dir='ltr'><strong>effugiunt</strong></span> <span class='ocrx_word' id='word_1_570' title='bbox 862 2572 981 2598; x_wconf 86' lang='lat' dir='ltr'><strong>infamiae</strong></span> <span class='ocrx_word' id='word_1_571' title='bbox 1008 2575 1104 2597; x_wconf 83' lang='lat' dir='ltr'><strong>uotam.</strong></span> 
     </span>
     <span class='ocr_line' id='line_1_57' title="bbox 262 2614 1105 2651; baseline -0.001 -11"><span class='ocrx_word' id='word_1_572' title='bbox 262 2615 291 2640; x_wconf 85' lang='lat' dir='ltr'><strong>fr.</strong></span> <span class='ocrx_word' id='word_1_573' title='bbox 305 2618 330 2640; x_wconf 83' lang='lat'><strong>2.</strong></span> <span class='ocrx_word' id='word_1_574' title='bbox 351 2625 389 2651; x_wconf 84' lang='lat' dir='ltr'><strong>pr.</strong></span> <span class='ocrx_word' id='word_1_575' title='bbox 410 2614 442 2641; x_wconf 86' lang='lat' dir='ltr'><strong>dc</strong></span> <span class='ocrx_word' id='word_1_576' title='bbox 462 2615 570 2650; x_wconf 74' lang='lat' dir='ltr'><strong>obsequ.</strong></span> <span class='ocrx_word' id='word_1_577' title='bbox 591 2615 801 2651; x_wconf 56' lang='lat' dir='ltr'><strong>parent-3715.</strong></span> <span class='ocrx_word' id='word_1_578' title='bbox 840 2614 933 2640; x_wconf 66' lang='lat' dir='ltr'><strong>Notum</strong></span> <span class='ocrx_word' id='word_1_579' title='bbox 953 2614 1105 2651; x_wconf 78' lang='lat' dir='ltr'><strong>adspersam</strong></span> 
     </span>
     <span class='ocr_line' id='line_1_58' title="bbox 262 2656 1106 2693; baseline 0 -11"><span class='ocrx_word' id='word_1_580' title='bbox 262 2659 365 2693; x_wconf 77' lang='lat' dir='ltr'><strong>patruni</strong></span> <span class='ocrx_word' id='word_1_581' title='bbox 386 2657 441 2683; x_wconf 78' lang='lat' dir='ltr'><strong>lili«)</strong></span> <span class='ocrx_word' id='word_1_582' title='bbox 462 2657 565 2689; x_wconf 72' lang='lat' dir='ltr'><strong>(liberis</strong></span> <span class='ocrx_word' id='word_1_583' title='bbox 586 2658 641 2683; x_wconf 80' lang='lat' dir='ltr'><strong>cius</strong></span> <span class='ocrx_word' id='word_1_584' title='bbox 662 2656 778 2687; x_wconf 83' lang='lat' dir='ltr'><strong>nocere.)</strong></span> <span class='ocrx_word' id='word_1_585' title='bbox 802 2656 830 2682; x_wconf 90' lang='lat' dir='ltr'><strong>fr.</strong></span> <span class='ocrx_word' id='word_1_586' title='bbox 855 2659 892 2682; x_wconf 90' lang='lat'><strong>17.</strong></span> <span class='ocrx_word' id='word_1_587' title='bbox 912 2657 977 2690; x_wconf 78' lang='lat'><strong>51.</strong></span> <span class='ocrx_word' id='word_1_588' title='bbox 999 2656 1031 2683; x_wconf 64' lang='lat' dir='ltr'><strong>du</strong></span> <span class='ocrx_word' id='word_1_589' title='bbox 1050 2657 1106 2682; x_wconf 88' lang='lat' dir='ltr'><strong>iure</strong></span> 
     </span>
     <span class='ocr_line' id='line_1_59' title="bbox 263 2700 1106 2736; baseline 0.001 -12"><span class='ocrx_word' id='word_1_590' title='bbox 263 2705 364 2736; x_wconf 81' lang='lat' dir='ltr'><strong>patron.</strong></span> <span class='ocrx_word' id='word_1_591' title='bbox 384 2702 425 2726; x_wconf 84' lang='lat'><strong>37.</strong></span> <span class='ocrx_word' id='word_1_592' title='bbox 448 2702 486 2726; x_wconf 65' lang='lat'><strong>1⁴.</strong></span> <span class='ocrx_word' id='word_1_593' title='bbox 524 2700 630 2735; x_wconf 76' lang='lat' dir='ltr'><strong>Quibus</strong></span> <span class='ocrx_word' id='word_1_594' title='bbox 655 2701 756 2726; x_wconf 85' lang='lat' dir='ltr'><strong>inustas</strong></span> <span class='ocrx_word' id='word_1_595' title='bbox 783 2701 931 2725; x_wconf 66' lang='lat' dir='ltr'><strong>constiterit</strong></span> <span class='ocrx_word' id='word_1_596' title='bbox 952 2710 1011 2725; x_wconf 79' lang='lat' dir='ltr'><strong>esse</strong></span> <span class='ocrx_word' id='word_1_597' title='bbox 1030 2704 1106 2725; x_wconf 87' lang='lat' dir='ltr'><strong>notas</strong></span> 
     </span>
     <span class='ocr_line' id='line_1_60' title="bbox 264 2741 1105 2780; baseline -0.001 -11"><span class='ocrx_word' id='word_1_598' title='bbox 264 2742 428 2769; x_wconf 74' lang='lat' dir='ltr'><strong>detestabilis</strong></span> <span class='ocrx_word' id='word_1_599' title='bbox 454 2743 632 2780; x_wconf 82' lang='lat' dir='ltr'><strong>turpitudinis.</strong></span> <span class='ocrx_word' id='word_1_600' title='bbox 659 2742 708 2769; x_wconf 80' lang='lat' dir='ltr'><strong>Th.</strong></span> <span class='ocrx_word' id='word_1_601' title='bbox 729 2742 760 2769; x_wconf 91' lang='lat' dir='ltr'><strong>C.</strong></span> <span class='ocrx_word' id='word_1_602' title='bbox 780 2741 810 2768; x_wconf 90' lang='lat' dir='ltr'><strong>ll.</strong></span> <span class='ocrx_word' id='word_1_603' title='bbox 834 2743 871 2767; x_wconf 85' lang='lat'><strong>19.</strong></span> <span class='ocrx_word' id='word_1_604' title='bbox 897 2752 917 2767; x_wconf 89' lang='lat' dir='ltr'><strong>c.</strong></span> <span class='ocrx_word' id='word_1_605' title='bbox 939 2744 960 2768; x_wconf 92' lang='lat'><strong>1.</strong></span> <span class='ocrx_word' id='word_1_606' title='bbox 981 2742 1014 2768; x_wconf 82' lang='lat' dir='ltr'><strong>‹le</strong></span> <span class='ocrx_word' id='word_1_607' title='bbox 1033 2742 1105 2768; x_wconf 76' lang='lat' dir='ltr'><strong>inoff.</strong></span> 
     </span>
     <span class='ocr_line' id='line_1_61' title="bbox 265 2784 1107 2822; baseline 0 -11"><span class='ocrx_word' id='word_1_608' title='bbox 265 2790 366 2811; x_wconf 77' lang='lat' dir='ltr'><strong>testam.</strong></span> <span class='ocrx_word' id='word_1_609' title='bbox 388 2784 428 2810; x_wconf 87' lang='grc'>111.</span> <span class='ocrx_word' id='word_1_610' title='bbox 450 2788 472 2810; x_wconf 63' lang='lat' dir='ltr'><strong>S.</strong></span> <span class='ocrx_word' id='word_1_611' title='bbox 493 2796 514 2811; x_wconf 83' lang='lat' dir='ltr'><strong>c.</strong></span> <span class='ocrx_word' id='word_1_612' title='bbox 532 2787 552 2811; x_wconf 96' lang='lat' dir='ltr'><strong>l.</strong></span> <span class='ocrx_word' id='word_1_613' title='bbox 573 2785 605 2812; x_wconf 73' lang='lat' dir='ltr'><strong>dc</strong></span> <span class='ocrx_word' id='word_1_614' title='bbox 625 2795 676 2812; x_wconf 77' lang='lat' dir='ltr'><strong>sec.</strong></span> <span class='ocrx_word' id='word_1_615' title='bbox 698 2789 770 2822; x_wconf 83' lang='lat' dir='ltr'><strong>nupt.</strong></span> <span class='ocrx_word' id='word_1_616' title='bbox 809 2785 883 2820; x_wconf 74' lang='lat' dir='ltr'><strong>Quae</strong></span> <span class='ocrx_word' id='word_1_617' title='bbox 902 2794 949 2821; x_wconf 70' lang='grc' dir='ltr'>[ιι-ι·</span> <span class='ocrx_word' id='word_1_618' title='bbox 968 2785 1107 2821; x_wconf 84' lang='lat' dir='ltr'><strong>turpitudi-</strong></span> 
     </span>
     <span class='ocr_line' id='line_1_62' title="bbox 265 2827 1107 2864; baseline -0.001 -10"><span class='ocrx_word' id='word_1_619' title='bbox 265 2838 331 2854; x_wconf 68' lang='lat' dir='ltr'><strong>nem.</strong></span> <span class='ocrx_word' id='word_1_620' title='bbox 352 2832 392 2852; x_wconf 78' lang='lat' dir='ltr'><strong>aut</strong></span> <span class='ocrx_word' id='word_1_621' title='bbox 415 2836 461 2863; x_wconf 73' lang='lat' dir='ltr'><strong>prr</strong></span> <span class='ocrx_word' id='word_1_622' title='bbox 481 2827 592 2864; x_wconf 76' lang='lat' dir='ltr'><strong>aliquam</strong></span> <span class='ocrx_word' id='word_1_623' title='bbox 612 2828 695 2855; x_wconf 63' lang='lat' dir='ltr'><strong>lovem</strong></span> <span class='ocrx_word' id='word_1_624' title='bbox 717 2833 812 2857; x_wconf 80' lang='lat' dir='ltr'><strong>notam,</strong></span> <span class='ocrx_word' id='word_1_625' title='bbox 833 2828 939 2864; x_wconf 78' lang='lat' dir='ltr'><strong>(capere</strong></span> <span class='ocrx_word' id='word_1_626' title='bbox 952 2837 1004 2853; x_wconf 84' lang='lat' dir='ltr'><strong>non</strong></span> <span class='ocrx_word' id='word_1_627' title='bbox 1018 2832 1107 2864; x_wconf 74' lang='lat' dir='ltr'><strong>potest</strong></span> 
     </span>
    </p>
   </div>
   <div class='ocr_carea' id='block_1_19' title="bbox 1069 171 1174 202">
    <p class='ocr_par' dir='ltr' id='par_1_20' title="bbox 1069 171 1174 202">
     <span class='ocr_line' id='line_1_63' title="bbox 1069 171 1174 202; baseline -0.01 0"><span class='ocrx_word' id='word_1_628' title='bbox 1069 171 1174 202; x_wconf 68' lang='lat' dir='ltr'><strong>NOT.</strong></span> 
     </span>
    </p>
   </div>
   <div class='ocr_carea' id='block_1_20' title="bbox 1114 252 1989 2862">
    <p class='ocr_par' dir='ltr' id='par_1_21' title="bbox 1136 252 1978 419">
     <span class='ocr_line' id='line_1_64' title="bbox 1136 252 1978 286; baseline 0.004 -7"><span class='ocrx_word' id='word_1_629' title='bbox 1136 252 1301 286; x_wconf 84' lang='lat' dir='ltr'><strong>institutus.)</strong></span> <span class='ocrx_word' id='word_1_630' title='bbox 1326 252 1363 279; x_wconf 86' lang='lat' dir='ltr'><strong>lb.</strong></span> <span class='ocrx_word' id='word_1_631' title='bbox 1384 252 1413 280; x_wconf 88' lang='lat'><strong>11.</strong></span> <span class='ocrx_word' id='word_1_632' title='bbox 1435 254 1474 280; x_wconf 87' lang='lat'><strong>19.</strong></span> <span class='ocrx_word' id='word_1_633' title='bbox 1495 264 1516 280; x_wconf 93' lang='lat' dir='ltr'><strong>c.</strong></span> <span class='ocrx_word' id='word_1_634' title='bbox 1536 254 1560 281; x_wconf 87' lang='lat'><strong>3.</strong></span> <span class='ocrx_word' id='word_1_635' title='bbox 1597 253 1701 281; x_wconf 74' lang='lat' dir='ltr'><strong>Iudaica</strong></span> <span class='ocrx_word' id='word_1_636' title='bbox 1723 260 1784 282; x_wconf 88' lang='lat' dir='ltr'><strong>nota</strong></span> <span class='ocrx_word' id='word_1_637' title='bbox 1802 255 1916 282; x_wconf 82' lang='lat' dir='ltr'><strong>foedare.</strong></span> <span class='ocrx_word' id='word_1_638' title='bbox 1941 255 1978 282; x_wconf 89' lang='lat' dir='ltr'><strong>lb.</strong></span> 
     </span>
     <span class='ocr_line' id='line_1_65' title="bbox 1136 295 1978 326; baseline 0.005 -4"><span class='ocrx_word' id='word_1_639' title='bbox 1136 295 1207 323; x_wconf 68' lang='lat' dir='ltr'><strong>XVI.</strong></span> <span class='ocrx_word' id='word_1_640' title='bbox 1227 298 1250 322; x_wconf 81' lang='grc'><strong>8.</strong></span> <span class='ocrx_word' id='word_1_641' title='bbox 1277 306 1297 322; x_wconf 92' lang='lat' dir='ltr'><strong>c.</strong></span> <span class='ocrx_word' id='word_1_642' title='bbox 1317 297 1359 322; x_wconf 79' lang='lat'><strong>22.</strong></span> <span class='ocrx_word' id='word_1_643' title='bbox 1384 295 1416 322; x_wconf 81' lang='lat' dir='ltr'><strong>de</strong></span> <span class='ocrx_word' id='word_1_644' title='bbox 1440 296 1494 322; x_wconf 87' lang='lat' dir='ltr'><strong>Iud.</strong></span> <span class='ocrx_word' id='word_1_645' title='bbox 1524 296 1746 324; x_wconf 78' lang='lat' dir='ltr'><strong>Exlieredationis</strong></span> <span class='ocrx_word' id='word_1_646' title='bbox 1765 303 1852 325; x_wconf 86' lang='lat' dir='ltr'><strong>notam</strong></span> <span class='ocrx_word' id='word_1_647' title='bbox 1870 309 1978 326; x_wconf 80' lang='lat' dir='ltr'><strong>merere.</strong></span> 
     </span>
     <span class='ocr_line' id='line_1_66' title="bbox 1137 338 1978 377; baseline 0.005 -12"><span class='ocrx_word' id='word_1_648' title='bbox 1137 339 1166 365; x_wconf 86' lang='lat' dir='ltr'><strong>fr.</strong></span> <span class='ocrx_word' id='word_1_649' title='bbox 1188 341 1211 366; x_wconf 91' lang='lat' dir='ltr'><strong>l.</strong></span> <span class='ocrx_word' id='word_1_650' title='bbox 1234 349 1274 377; x_wconf 90' lang='lat' dir='ltr'><strong>pr.</strong></span> <span class='ocrx_word' id='word_1_651' title='bbox 1295 338 1327 365; x_wconf 87' lang='lat' dir='ltr'><strong>de</strong></span> <span class='ocrx_word' id='word_1_652' title='bbox 1352 339 1472 375; x_wconf 77' lang='lat' dir='ltr'><strong>coniung.</strong></span> <span class='ocrx_word' id='word_1_653' title='bbox 1492 350 1514 366; x_wconf 86' lang='lat' dir='ltr'><strong>c.</strong></span> <span class='ocrx_word' id='word_1_654' title='bbox 1535 350 1632 367; x_wconf 86' lang='lat' dir='ltr'><strong>emanc.</strong></span> <span class='ocrx_word' id='word_1_655' title='bbox 1656 340 1701 367; x_wconf 88' lang='lat' dir='ltr'><strong>lib.</strong></span> <span class='ocrx_word' id='word_1_656' title='bbox 1720 342 1762 368; x_wconf 89' lang='lat'><strong>37.</strong></span> <span class='ocrx_word' id='word_1_657' title='bbox 1783 343 1807 369; x_wconf 82' lang='lat'><strong>8.</strong></span> <span class='ocrx_word' id='word_1_658' title='bbox 1827 342 1858 369; x_wconf 86' lang='lat' dir='ltr'><strong>cf.</strong></span> <span class='ocrx_word' id='word_1_659' title='bbox 1886 342 1916 369; x_wconf 84' lang='lat' dir='ltr'><strong>fr.</strong></span> <span class='ocrx_word' id='word_1_660' title='bbox 1935 344 1978 369; x_wconf 77' lang='lat'><strong>2⁰.</strong></span> 
     </span>
     <span class='ocr_line' id='line_1_67' title="bbox 1136 381 1507 419; baseline 0.003 -11"><span class='ocrx_word' id='word_1_661' title='bbox 1136 392 1174 419; x_wconf 88' lang='lat' dir='ltr'><strong>pr.</strong></span> <span class='ocrx_word' id='word_1_662' title='bbox 1195 381 1228 408; x_wconf 87' lang='lat' dir='ltr'><strong>de</strong></span> <span class='ocrx_word' id='word_1_663' title='bbox 1243 382 1272 408; x_wconf 91' lang='lat' dir='ltr'><strong>B.</strong></span> <span class='ocrx_word' id='word_1_664' title='bbox 1294 381 1321 408; x_wconf 93' lang='lat' dir='ltr'><strong>P.</strong></span> <span class='ocrx_word' id='word_1_665' title='bbox 1342 392 1364 408; x_wconf 91' lang='lat' dir='ltr'><strong>c.</strong></span> <span class='ocrx_word' id='word_1_666' title='bbox 1385 386 1402 408; x_wconf 88' lang='lat' dir='ltr'><strong>t.</strong></span> <span class='ocrx_word' id='word_1_667' title='bbox 1421 383 1463 408; x_wconf 86' lang='lat'><strong>37.</strong></span> <span class='ocrx_word' id='word_1_668' title='bbox 1482 384 1507 409; x_wconf 83' lang='grc'><strong>4.</strong></span> 
     </span>
    </p>

    <p class='ocr_par' dir='ltr' id='par_1_22' title="bbox 1114 423 1982 723">
     <span class='ocr_line' id='line_1_68' title="bbox 1170 423 1978 458; baseline 0.002 -6"><span class='ocrx_word' id='word_1_669' title='bbox 1170 425 1366 452; x_wconf 70' lang='lat' dir='ltr'><strong>Notabilis.</strong></span> <span class='ocrx_word' id='word_1_670' title='bbox 1386 423 1515 458; x_wconf 77' lang='lat' dir='ltr'><strong>(Adiect.)</strong></span> <span class='ocrx_word' id='word_1_671' title='bbox 1536 426 1692 458; x_wconf 67' lang='lat' dir='ltr'><strong>Notatur,</strong></span> <span class='ocrx_word' id='word_1_672' title='bbox 1713 427 1912 454; x_wconf 73' lang='lat' dir='ltr'><strong>Maculaeus.</strong></span> <span class='ocrx_word' id='word_1_673' title='bbox 1934 427 1978 454; x_wconf 87' lang='grc' dir='ltr'>ΙΙΙ.</span> 
     </span>
     <span class='ocr_line' id='line_1_69' title="bbox 1136 466 1979 506; baseline 0 -10"><span class='ocrx_word' id='word_1_674' title='bbox 1136 469 1203 496; x_wconf 76' lang='lat' dir='ltr'><strong>Cn.</strong></span> <span class='ocrx_word' id='word_1_675' title='bbox 1223 466 1400 505; x_wconf 82' lang='lat' dir='ltr'><strong>Tui-pitudine</strong></span> <span class='ocrx_word' id='word_1_676' title='bbox 1420 467 1550 495; x_wconf 84' lang='lat' dir='ltr'><strong>notabiles</strong></span> <span class='ocrx_word' id='word_1_677' title='bbox 1570 469 1733 506; x_wconf 80' lang='lat' dir='ltr'><strong>(personae.)</strong></span> <span class='ocrx_word' id='word_1_678' title='bbox 1754 468 1785 495; x_wconf 88' lang='lat' dir='ltr'><strong>fr.</strong></span> <span class='ocrx_word' id='word_1_679' title='bbox 1800 470 1824 496; x_wconf 94' lang='lat'><strong>1.</strong></span> <span class='ocrx_word' id='word_1_680' title='bbox 1844 470 1881 503; x_wconf 85' lang='lat'><strong>55.</strong></span> <span class='ocrx_word' id='word_1_681' title='bbox 1895 471 1919 496; x_wconf 90' lang='lat'><strong>5.</strong></span> <span class='ocrx_word' id='word_1_682' title='bbox 1939 479 1979 506; x_wconf 88' lang='lat' dir='ltr'><strong>sq.</strong></span> 
     </span>
     <span class='ocr_line' id='line_1_70' title="bbox 1136 509 1981 548; baseline 0.005 -12"><span class='ocrx_word' id='word_1_683' title='bbox 1136 511 1168 537; x_wconf 85' lang='lat' dir='ltr'><strong>de</strong></span> <span class='ocrx_word' id='word_1_684' title='bbox 1185 510 1284 548; x_wconf 86' lang='lat' dir='ltr'><strong>postul.</strong></span> <span class='ocrx_word' id='word_1_685' title='bbox 1296 512 1319 537; x_wconf 90' lang='lat'><strong>3.</strong></span> <span class='ocrx_word' id='word_1_686' title='bbox 1336 512 1358 537; x_wconf 90' lang='lat'><strong>1.</strong></span> <span class='ocrx_word' id='word_1_687' title='bbox 1387 509 1509 537; x_wconf 87' lang='lat' dir='ltr'><strong>lubemus</strong></span> <span class='ocrx_word' id='word_1_688' title='bbox 1529 512 1606 538; x_wconf 82' lang='lat' dir='ltr'><strong>etiam</strong></span> <span class='ocrx_word' id='word_1_689' title='bbox 1625 522 1671 538; x_wconf 76' lang='lat' dir='ltr'><strong>eos</strong></span> <span class='ocrx_word' id='word_1_690' title='bbox 1690 512 1821 539; x_wconf 82' lang='lat' dir='ltr'><strong>notabiles</strong></span> <span class='ocrx_word' id='word_1_691' title='bbox 1842 522 1901 539; x_wconf 87' lang='lat' dir='ltr'><strong>esse</strong></span> <span class='ocrx_word' id='word_1_692' title='bbox 1922 513 1981 540; x_wconf 84' lang='lat' dir='ltr'><strong>sine</strong></span> 
     </span>
     <span class='ocr_line' id='line_1_71' title="bbox 1136 553 1980 587; baseline 0.002 -7"><span class='ocrx_word' id='word_1_693' title='bbox 1136 555 1219 580; x_wconf 82' lang='lat' dir='ltr'><strong>venia.</strong></span> <span class='ocrx_word' id='word_1_694' title='bbox 1239 553 1289 580; x_wconf 87' lang='lat' dir='ltr'><strong>Th.</strong></span> <span class='ocrx_word' id='word_1_695' title='bbox 1309 553 1341 580; x_wconf 88' lang='lat' dir='ltr'><strong>C.</strong></span> <span class='ocrx_word' id='word_1_696' title='bbox 1361 553 1406 579; x_wconf 83' lang='lat' dir='ltr'><strong>IX.</strong></span> <span class='ocrx_word' id='word_1_697' title='bbox 1428 555 1467 579; x_wconf 72' lang='lat'><strong>14.</strong></span> <span class='ocrx_word' id='word_1_698' title='bbox 1487 563 1509 580; x_wconf 92' lang='lat' dir='ltr'><strong>c.</strong></span> <span class='ocrx_word' id='word_1_699' title='bbox 1528 555 1552 580; x_wconf 86' lang='lat'><strong>3.</strong></span> <span class='ocrx_word' id='word_1_700' title='bbox 1573 554 1639 587; x_wconf 88' lang='lat'><strong>5.1.</strong></span> <span class='ocrx_word' id='word_1_701' title='bbox 1660 554 1692 581; x_wconf 90' lang='lat' dir='ltr'><strong>ad</strong></span> <span class='ocrx_word' id='word_1_702' title='bbox 1707 554 1736 582; x_wconf 90' lang='lat' dir='ltr'><strong>L.</strong></span> <span class='ocrx_word' id='word_1_703' title='bbox 1751 554 1832 582; x_wconf 92' lang='lat' dir='ltr'><strong>Corn.</strong></span> <span class='ocrx_word' id='word_1_704' title='bbox 1851 555 1885 582; x_wconf 85' lang='lat' dir='ltr'><strong>de</strong></span> <span class='ocrx_word' id='word_1_705' title='bbox 1903 556 1980 582; x_wconf 84' lang='lat' dir='ltr'><strong>sicar.</strong></span> 
     </span>
     <span class='ocr_line' id='line_1_72' title="bbox 1135 595 1982 635; baseline 0.002 -13"><span class='ocrx_word' id='word_1_706' title='bbox 1135 597 1170 623; x_wconf 81' lang='lat' dir='ltr'><strong>Et</strong></span> <span class='ocrx_word' id='word_1_707' title='bbox 1189 606 1241 622; x_wconf 91' lang='lat' dir='ltr'><strong>non</strong></span> <span class='ocrx_word' id='word_1_708' title='bbox 1261 596 1339 623; x_wconf 86' lang='lat' dir='ltr'><strong>modo</strong></span> <span class='ocrx_word' id='word_1_709' title='bbox 1359 595 1493 628; x_wconf 74' lang='lat' dir='ltr'><strong>notabilis.</strong></span> <span class='ocrx_word' id='word_1_710' title='bbox 1512 606 1601 623; x_wconf 87' lang='lat' dir='ltr'><strong>verum</strong></span> <span class='ocrx_word' id='word_1_711' title='bbox 1621 598 1699 624; x_wconf 85' lang='lat' dir='ltr'><strong>etiam</strong></span> <span class='ocrx_word' id='word_1_712' title='bbox 1719 598 1864 635; x_wconf 77' lang='lat' dir='ltr'><strong>sacrilegus</strong></span> <span class='ocrx_word' id='word_1_713' title='bbox 1884 598 1982 625; x_wconf 85' lang='lat' dir='ltr'><strong>iudice-</strong></span> 
     </span>
     <span class='ocr_line' id='line_1_73' title="bbox 1136 639 1981 676; baseline 0.001 -10"><span class='ocrx_word' id='word_1_714' title='bbox 1136 645 1187 672; x_wconf 87' lang='lat' dir='ltr'><strong>tur,</strong></span> <span class='ocrx_word' id='word_1_715' title='bbox 1207 641 1252 676; x_wconf 89' lang='lat' dir='ltr'><strong>qui</strong></span> <span class='ocrx_word' id='word_1_716' title='bbox 1272 644 1321 666; x_wconf 84' lang='lat' dir='ltr'><strong>etc.</strong></span> <span class='ocrx_word' id='word_1_717' title='bbox 1341 639 1376 667; x_wconf 88' lang='lat' dir='ltr'><strong>lb.</strong></span> <span class='ocrx_word' id='word_1_718' title='bbox 1399 639 1466 666; x_wconf 83' lang='lat' dir='ltr'><strong>VIII.</strong></span> <span class='ocrx_word' id='word_1_719' title='bbox 1486 640 1510 666; x_wconf 85' lang='grc'><strong>8.</strong></span> <span class='ocrx_word' id='word_1_720' title='bbox 1531 650 1552 667; x_wconf 88' lang='lat' dir='ltr'><strong>c.</strong></span> <span class='ocrx_word' id='word_1_721' title='bbox 1565 641 1589 666; x_wconf 89' lang='lat'><strong>3.</strong></span> <span class='ocrx_word' id='word_1_722' title='bbox 1609 639 1642 667; x_wconf 85' lang='lat' dir='ltr'><strong>de</strong></span> <span class='ocrx_word' id='word_1_723' title='bbox 1661 646 1776 668; x_wconf 79' lang='lat' dir='ltr'><strong>exsecut.</strong></span> <span class='ocrx_word' id='word_1_724' title='bbox 1797 646 1822 667; x_wconf 87' lang='lat' dir='ltr'><strong>et</strong></span> <span class='ocrx_word' id='word_1_725' title='bbox 1842 645 1923 668; x_wconf 80' lang='lat' dir='ltr'><strong>exact.</strong></span> <span class='ocrx_word' id='word_1_726' title='bbox 1935 640 1981 668; x_wconf 86' lang='lat' dir='ltr'><strong>XI.</strong></span> 
     </span>
     <span class='ocr_line' id='line_1_74' title="bbox 1114 682 1464 723; baseline -0.003 -14"><span class='ocrx_word' id='word_1_727' title='bbox 1114 710 1115 723; x_wconf 18' lang='grc' dir='ltr'><strong>χ</strong></span> <span class='ocrx_word' id='word_1_728' title='bbox 1138 685 1160 709; x_wconf 91' lang='lat'><strong>7.</strong></span> <span class='ocrx_word' id='word_1_729' title='bbox 1181 693 1202 709; x_wconf 88' lang='lat' dir='ltr'><strong>c.</strong></span> <span class='ocrx_word' id='word_1_730' title='bbox 1224 684 1263 709; x_wconf 87' lang='lat'><strong>13.</strong></span> <span class='ocrx_word' id='word_1_731' title='bbox 1284 682 1316 709; x_wconf 79' lang='lat' dir='ltr'><strong>de</strong></span> <span class='ocrx_word' id='word_1_732' title='bbox 1335 683 1464 709; x_wconf 62' lang='lat' dir='ltr'><strong>exactiori</strong></span> 
     </span>
    </p>

    <p class='ocr_par' dir='ltr' id='par_1_23' title="bbox 1135 725 1982 838">
     <span class='ocr_line' id='line_1_75' title="bbox 1171 725 1982 761; baseline 0 -8"><span class='ocrx_word' id='word_1_733' title='bbox 1171 725 1411 758; x_wconf 67' lang='lat' dir='ltr'><strong>Notabiliter.</strong></span> <span class='ocrx_word' id='word_1_734' title='bbox 1453 725 1576 759; x_wconf 84' lang='lat' dir='ltr'><strong>(Advb.)</strong></span> <span class='ocrx_word' id='word_1_735' title='bbox 1619 727 1722 753; x_wconf 76' lang='lat' dir='ltr'><strong>Notae</strong></span> <span class='ocrx_word' id='word_1_736' title='bbox 1750 729 1982 761; x_wconf 79' lang='lat' dir='ltr'><strong>procurandae</strong></span> 
     </span>
     <span class='ocr_line' id='line_1_76' title="bbox 1135 768 1982 806; baseline 0.001 -11"><span class='ocrx_word' id='word_1_737' title='bbox 1135 771 1262 803; x_wconf 78' lang='lat' dir='ltr'><strong>gratia.</strong></span> <span class='ocrx_word' id='word_1_738' title='bbox 1298 768 1316 795; x_wconf 90' lang='lat'><strong>1.</strong></span> <span class='ocrx_word' id='word_1_739' title='bbox 1331 770 1394 803; x_wconf 74' lang='lat' dir='ltr'><strong>Sy.</strong></span> <span class='ocrx_word' id='word_1_740' title='bbox 1413 768 1555 795; x_wconf 81' lang='lat' dir='ltr'><strong>Infainandi</strong></span> <span class='ocrx_word' id='word_1_741' title='bbox 1575 778 1660 795; x_wconf 80' lang='lat' dir='ltr'><strong>causa.</strong></span> <span class='ocrx_word' id='word_1_742' title='bbox 1680 769 1710 796; x_wconf 86' lang='lat' dir='ltr'><strong>fr.</strong></span> <span class='ocrx_word' id='word_1_743' title='bbox 1727 771 1766 796; x_wconf 82' lang='lat'><strong>15.</strong></span> <span class='ocrx_word' id='word_1_744' title='bbox 1787 770 1824 804; x_wconf 86' lang='lat'><strong>55.</strong></span> <span class='ocrx_word' id='word_1_745' title='bbox 1838 771 1879 796; x_wconf 84' lang='grc'><strong>25.</strong></span> <span class='ocrx_word' id='word_1_746' title='bbox 1894 779 1934 806; x_wconf 89' lang='lat' dir='ltr'><strong>sq.</strong></span> <span class='ocrx_word' id='word_1_747' title='bbox 1949 769 1982 796; x_wconf 85' lang='lat' dir='ltr'><strong>de</strong></span> 
     </span>
     <span class='ocr_line' id='line_1_77' title="bbox 1138 812 1335 838; baseline -0.01 0"><span class='ocrx_word' id='word_1_748' title='bbox 1138 813 1215 838; x_wconf 87' lang='lat' dir='ltr'><strong>iniur.</strong></span> <span class='ocrx_word' id='word_1_749' title='bbox 1234 813 1276 838; x_wconf 80' lang='lat'><strong>47.</strong></span> <span class='ocrx_word' id='word_1_750' title='bbox 1296 812 1335 837; x_wconf 88' lang='lat'><strong>10.</strong></span> 
     </span>
    </p>

    <p class='ocr_par' dir='ltr' id='par_1_24' title="bbox 1116 854 1983 934">
     <span class='ocr_line' id='line_1_78' title="bbox 1174 854 1981 890; baseline 0.001 -9"><span class='ocrx_word' id='word_1_751' title='bbox 1174 856 1327 881; x_wconf 66' lang='lat' dir='ltr'><strong>Noton-e.</strong></span> <span class='ocrx_word' id='word_1_752' title='bbox 1364 854 1395 887; x_wconf 82' lang='lat'><strong>§.</strong></span> <span class='ocrx_word' id='word_1_753' title='bbox 1411 855 1446 880; x_wconf 88' lang='lat' dir='ltr'><strong>l.</strong></span> <span class='ocrx_word' id='word_1_754' title='bbox 1466 856 1694 890; x_wconf 71' lang='lat' dir='ltr'><strong>Significare,</strong></span> <span class='ocrx_word' id='word_1_755' title='bbox 1717 856 1902 882; x_wconf 77' lang='lat' dir='ltr'><strong>Observare.</strong></span> <span class='ocrx_word' id='word_1_756' title='bbox 1938 855 1981 882; x_wconf 90' lang='grc'>111.</span> 
     </span>
     <span class='ocr_line' id='line_1_79' title="bbox 1116 896 1983 934; baseline 0.001 -10"><span class='ocrx_word' id='word_1_757' title='bbox 1116 930 1117 933; x_wconf 15' lang='lat'>¹</span> <span class='ocrx_word' id='word_1_758' title='bbox 1140 899 1206 926; x_wconf 75' lang='lat' dir='ltr'><strong>Gn.</strong></span> <span class='ocrx_word' id='word_1_759' title='bbox 1226 896 1382 923; x_wconf 73' lang='lat' dir='ltr'><strong>Notavimus</strong></span> <span class='ocrx_word' id='word_1_760' title='bbox 1401 906 1489 934; x_wconf 73' lang='lat' dir='ltr'><strong>supra.</strong></span> <span class='ocrx_word' id='word_1_761' title='bbox 1509 897 1581 934; x_wconf 86' lang='lat' dir='ltr'><strong>quod</strong></span> <span class='ocrx_word' id='word_1_762' title='bbox 1594 903 1643 924; x_wconf 71' lang='lat' dir='ltr'><strong>etc.</strong></span> <span class='ocrx_word' id='word_1_763' title='bbox 1664 898 1694 924; x_wconf 89' lang='lat' dir='ltr'><strong>fr.</strong></span> <span class='ocrx_word' id='word_1_764' title='bbox 1709 900 1732 924; x_wconf 92' lang='lat'><strong>7.</strong></span> <span class='ocrx_word' id='word_1_765' title='bbox 1752 899 1773 932; x_wconf 88' lang='lat'><strong>5.</strong></span> <span class='ocrx_word' id='word_1_766' title='bbox 1788 900 1811 925; x_wconf 90' lang='lat'><strong>5.</strong></span> <span class='ocrx_word' id='word_1_767' title='bbox 1832 899 1883 934; x_wconf 77' lang='lat' dir='ltr'><strong>Qu.</strong></span> <span class='ocrx_word' id='word_1_768' title='bbox 1896 899 1923 925; x_wconf 82' lang='lat' dir='ltr'><strong>vi</strong></span> <span class='ocrx_word' id='word_1_769' title='bbox 1939 903 1983 925; x_wconf 86' lang='lat' dir='ltr'><strong>aut.</strong></span> 
     </span>
    </p>

    <p class='ocr_par' dir='ltr' id='par_1_25' title="bbox 1139 939 1983 978">
     <span class='ocr_line' id='line_1_80' title="bbox 1139 939 1983 978; baseline 0.001 -11"><span class='ocrx_word' id='word_1_770' title='bbox 1139 940 1171 967; x_wconf 92' lang='lat' dir='ltr'><strong>cl.</strong></span> <span class='ocrx_word' id='word_1_771' title='bbox 1191 942 1232 966; x_wconf 84' lang='lat'><strong>43.</strong></span> <span class='ocrx_word' id='word_1_772' title='bbox 1252 941 1294 966; x_wconf 82' lang='lat'><strong>24.</strong></span> <span class='ocrx_word' id='word_1_773' title='bbox 1333 939 1386 975; x_wconf 86' lang='lat' dir='ltr'><strong>Qui</strong></span> <span class='ocrx_word' id='word_1_774' title='bbox 1405 940 1587 977; x_wconf 77' lang='lat' dir='ltr'><strong>superioribus</strong></span> <span class='ocrx_word' id='word_1_775' title='bbox 1608 941 1739 978; x_wconf 77' lang='lat' dir='ltr'><strong>capitibus</strong></span> <span class='ocrx_word' id='word_1_776' title='bbox 1759 944 1808 973; x_wconf 86' lang='lat' dir='ltr'><strong>(sc.</strong></span> <span class='ocrx_word' id='word_1_777' title='bbox 1825 941 1917 975; x_wconf 87' lang='lat' dir='ltr'><strong>edicti)</strong></span> <span class='ocrx_word' id='word_1_778' title='bbox 1938 951 1983 968; x_wconf 88' lang='lat' dir='ltr'><strong>no-</strong></span> 
     </span>
    </p>

    <p class='ocr_par' dir='ltr' id='par_1_26' title="bbox 1139 982 1982 1021">
     <span class='ocr_line' id='line_1_81' title="bbox 1139 982 1982 1021; baseline 0.001 -11"><span class='ocrx_word' id='word_1_779' title='bbox 1139 988 1235 1010; x_wconf 80' lang='lat' dir='ltr'><strong>tantur.</strong></span> <span class='ocrx_word' id='word_1_780' title='bbox 1261 982 1290 1009; x_wconf 88' lang='lat' dir='ltr'><strong>fr.</strong></span> <span class='ocrx_word' id='word_1_781' title='bbox 1313 984 1334 1009; x_wconf 89' lang='lat' dir='ltr'><strong>l.</strong></span> <span class='ocrx_word' id='word_1_782' title='bbox 1359 982 1380 1016; x_wconf 90' lang='lat'><strong>5.</strong></span> <span class='ocrx_word' id='word_1_783' title='bbox 1402 983 1424 1008; x_wconf 88' lang='lat'><strong>7.</strong></span> <span class='ocrx_word' id='word_1_784' title='bbox 1450 982 1481 1008; x_wconf 84' lang='lat' dir='ltr'><strong>cf.</strong></span> <span class='ocrx_word' id='word_1_785' title='bbox 1507 983 1588 1017; x_wconf 70' lang='lat'><strong>551.</strong></span> <span class='ocrx_word' id='word_1_786' title='bbox 1608 986 1632 1010; x_wconf 87' lang='lat'><strong>3.</strong></span> <span class='ocrx_word' id='word_1_787' title='bbox 1652 994 1710 1020; x_wconf 84' lang='lat' dir='ltr'><strong>sqq.</strong></span> <span class='ocrx_word' id='word_1_788' title='bbox 1736 983 1768 1010; x_wconf 79' lang='lat' dir='ltr'><strong>de</strong></span> <span class='ocrx_word' id='word_1_789' title='bbox 1792 983 1890 1021; x_wconf 90' lang='lat' dir='ltr'><strong>postul.</strong></span> <span class='ocrx_word' id='word_1_790' title='bbox 1913 986 1938 1011; x_wconf 87' lang='lat'><strong>3.</strong></span> <span class='ocrx_word' id='word_1_791' title='bbox 1960 987 1982 1011; x_wconf 95' lang='lat' dir='ltr'><strong>l.</strong></span> 
     </span>
    </p>

    <p class='ocr_par' dir='ltr' id='par_1_27' title="bbox 1139 1024 1982 1060">
     <span class='ocr_line' id='line_1_82' title="bbox 1139 1024 1982 1060; baseline 0 -7"><span class='ocrx_word' id='word_1_792' title='bbox 1139 1026 1207 1053; x_wconf 88' lang='lat' dir='ltr'><strong>Illud</strong></span> <span class='ocrx_word' id='word_1_793' title='bbox 1227 1024 1370 1052; x_wconf 84' lang='lat' dir='ltr'><strong>notandum</strong></span> <span class='ocrx_word' id='word_1_794' title='bbox 1389 1030 1430 1051; x_wconf 79' lang='lat' dir='ltr'><strong>est</strong></span> <span class='ocrx_word' id='word_1_795' title='bbox 1449 1030 1497 1052; x_wconf 85' lang='lat' dir='ltr'><strong>etc.</strong></span> <span class='ocrx_word' id='word_1_796' title='bbox 1521 1026 1550 1052; x_wconf 89' lang='lat' dir='ltr'><strong>fr.</strong></span> <span class='ocrx_word' id='word_1_797' title='bbox 1570 1028 1594 1052; x_wconf 88' lang='grc'><strong>9.</strong></span> <span class='ocrx_word' id='word_1_798' title='bbox 1615 1026 1638 1060; x_wconf 79' lang='lat'><strong>5.</strong></span> <span class='ocrx_word' id='word_1_799' title='bbox 1657 1029 1682 1052; x_wconf 87' lang='lat'><strong>2.</strong></span> <span class='ocrx_word' id='word_1_800' title='bbox 1703 1026 1735 1052; x_wconf 79' lang='lat' dir='ltr'><strong>de</strong></span> <span class='ocrx_word' id='word_1_801' title='bbox 1754 1026 1789 1053; x_wconf 93' lang='lat' dir='ltr'><strong>D.</strong></span> <span class='ocrx_word' id='word_1_802' title='bbox 1808 1026 1839 1053; x_wconf 88' lang='lat' dir='ltr'><strong>R.</strong></span> <span class='ocrx_word' id='word_1_803' title='bbox 1860 1029 1882 1054; x_wconf 94' lang='lat' dir='ltr'><strong>l.</strong></span> <span class='ocrx_word' id='word_1_804' title='bbox 1902 1028 1927 1053; x_wconf 89' lang='lat'><strong>8.</strong></span> <span class='ocrx_word' id='word_1_805' title='bbox 1951 1026 1982 1054; x_wconf 88' lang='lat' dir='ltr'><strong>fr.</strong></span> 
     </span>
    </p>

    <p class='ocr_par' dir='ltr' id='par_1_28' title="bbox 1138 1069 1983 1105">
     <span class='ocr_line' id='line_1_83' title="bbox 1138 1069 1983 1105; baseline 0 -9"><span class='ocrx_word' id='word_1_806' title='bbox 1138 1072 1180 1096; x_wconf 84' lang='lat'><strong>21.</strong></span> <span class='ocrx_word' id='word_1_807' title='bbox 1201 1070 1267 1103; x_wconf 88' lang='lat'><strong>5.1.</strong></span> <span class='ocrx_word' id='word_1_808' title='bbox 1287 1078 1319 1095; x_wconf 78' lang='lat' dir='ltr'><strong>cx</strong></span> <span class='ocrx_word' id='word_1_809' title='bbox 1338 1078 1379 1105; x_wconf 87' lang='lat' dir='ltr'><strong>qu.</strong></span> <span class='ocrx_word' id='word_1_810' title='bbox 1401 1078 1422 1094; x_wconf 87' lang='lat' dir='ltr'><strong>c.</strong></span> <span class='ocrx_word' id='word_1_811' title='bbox 1441 1069 1500 1095; x_wconf 75' lang='lat' dir='ltr'><strong>mai.</strong></span> <span class='ocrx_word' id='word_1_812' title='bbox 1519 1071 1542 1095; x_wconf 89' lang='grc'><strong>4.</strong></span> <span class='ocrx_word' id='word_1_813' title='bbox 1562 1070 1585 1096; x_wconf 87' lang='grc'><strong>6.</strong></span> <span class='ocrx_word' id='word_1_814' title='bbox 1611 1069 1641 1096; x_wconf 84' lang='lat' dir='ltr'><strong>fr.</strong></span> <span class='ocrx_word' id='word_1_815' title='bbox 1659 1071 1701 1095; x_wconf 83' lang='lat'><strong>27.</strong></span> <span class='ocrx_word' id='word_1_816' title='bbox 1727 1070 1749 1103; x_wconf 87' lang='lat'><strong>5.</strong></span> <span class='ocrx_word' id='word_1_817' title='bbox 1771 1071 1810 1096; x_wconf 87' lang='lat'><strong>16.</strong></span> <span class='ocrx_word' id='word_1_818' title='bbox 1835 1069 1866 1096; x_wconf 90' lang='lat' dir='ltr'><strong>ad</strong></span> <span class='ocrx_word' id='word_1_819' title='bbox 1886 1069 1916 1096; x_wconf 90' lang='lat' dir='ltr'><strong>L.</strong></span> <span class='ocrx_word' id='word_1_820' title='bbox 1935 1069 1983 1096; x_wconf 84' lang='lat' dir='ltr'><strong>lut.</strong></span> 
     </span>
    </p>

    <p class='ocr_par' dir='ltr' id='par_1_29' title="bbox 1140 1111 1984 1148">
     <span class='ocr_line' id='line_1_84' title="bbox 1140 1111 1984 1148; baseline 0.001 -9"><span class='ocrx_word' id='word_1_821' title='bbox 1140 1112 1172 1139; x_wconf 85' lang='lat' dir='ltr'><strong>de</strong></span> <span class='ocrx_word' id='word_1_822' title='bbox 1192 1111 1272 1139; x_wconf 75' lang='lat' dir='ltr'><strong>adult.</strong></span> <span class='ocrx_word' id='word_1_823' title='bbox 1292 1112 1334 1138; x_wconf 82' lang='grc'><strong>48.</strong></span> <span class='ocrx_word' id='word_1_824' title='bbox 1353 1114 1378 1138; x_wconf 87' lang='grc'><strong>5.</strong></span> <span class='ocrx_word' id='word_1_825' title='bbox 1399 1127 1429 1131; x_wconf 94' lang='grc'>-</span> <span class='ocrx_word' id='word_1_826' title='bbox 1457 1112 1488 1144; x_wconf 68' lang='grc' dir='ltr'><strong>ἓ.</strong></span> <span class='ocrx_word' id='word_1_827' title='bbox 1508 1113 1543 1138; x_wconf 69' lang='lat'><strong>2.</strong></span> <span class='ocrx_word' id='word_1_828' title='bbox 1569 1114 1671 1139; x_wconf 76' lang='lat' dir='ltr'><strong>Brevi</strong></span> <span class='ocrx_word' id='word_1_829' title='bbox 1693 1114 1912 1148; x_wconf 75' lang='lat' dir='ltr'><strong>definitione,</strong></span> <span class='ocrx_word' id='word_1_830' title='bbox 1936 1116 1984 1140; x_wconf 73' lang='lat' dir='ltr'><strong>vel</strong></span> 
     </span>
    </p>

    <p class='ocr_par' dir='ltr' id='par_1_30' title="bbox 1140 1157 1985 1232">
     <span class='ocr_line' id='line_1_85' title="bbox 1140 1157 1984 1190; baseline -0.001 -7"><span class='ocrx_word' id='word_1_831' title='bbox 1140 1157 1357 1183; x_wconf 79' lang='lat' dir='ltr'><strong>adnotatione</strong></span> <span class='ocrx_word' id='word_1_832' title='bbox 1393 1157 1572 1188; x_wconf 79' lang='lat' dir='ltr'><strong>complecti.</strong></span> <span class='ocrx_word' id='word_1_833' title='bbox 1622 1157 1845 1182; x_wconf 73' lang='lat' dir='ltr'><strong>Adnotatione</strong></span> <span class='ocrx_word' id='word_1_834' title='bbox 1875 1166 1984 1190; x_wconf 80' lang='lat' dir='ltr'><strong>repre-</strong></span> 
     </span>
     <span class='ocr_line' id='line_1_86' title="bbox 1141 1197 1985 1232; baseline -0.001 -7"><span class='ocrx_word' id='word_1_835' title='bbox 1141 1201 1289 1229; x_wconf 78' lang='lat' dir='ltr'><strong>hendere,</strong></span> <span class='ocrx_word' id='word_1_836' title='bbox 1314 1200 1362 1224; x_wconf 78' lang='lat' dir='ltr'><strong>vel</strong></span> <span class='ocrx_word' id='word_1_837' title='bbox 1386 1199 1561 1224; x_wconf 83' lang='lat' dir='ltr'><strong>emendare.</strong></span> <span class='ocrx_word' id='word_1_838' title='bbox 1598 1197 1617 1223; x_wconf 90' lang='grc'><strong>1.</strong></span> <span class='ocrx_word' id='word_1_839' title='bbox 1637 1199 1698 1232; x_wconf 80' lang='lat' dir='ltr'><strong>Sy.</strong></span> <span class='ocrx_word' id='word_1_840' title='bbox 1723 1197 1865 1224; x_wconf 85' lang='lat' dir='ltr'><strong>Dubitare.</strong></span> <span class='ocrx_word' id='word_1_841' title='bbox 1886 1198 1985 1225; x_wconf 71' lang='lat' dir='ltr'><strong>Notare</strong></span> 
     </span>
    </p>

    <p class='ocr_par' dir='ltr' id='par_1_31' title="bbox 1117 1239 1984 1319">
     <span class='ocr_line' id='line_1_87' title="bbox 1142 1239 1984 1278; baseline 0 -10"><span class='ocrx_word' id='word_1_842' title='bbox 1142 1241 1301 1274; x_wconf 82' lang='lat' dir='ltr'><strong>(dubitans.)</strong></span> <span class='ocrx_word' id='word_1_843' title='bbox 1321 1239 1405 1267; x_wconf 81' lang='lat' dir='ltr'><strong>Vatic.</strong></span> <span class='ocrx_word' id='word_1_844' title='bbox 1425 1241 1445 1274; x_wconf 89' lang='lat'><strong>5.</strong></span> <span class='ocrx_word' id='word_1_845' title='bbox 1466 1241 1507 1266; x_wconf 80' lang='lat'><strong>82.</strong></span> <span class='ocrx_word' id='word_1_846' title='bbox 1544 1239 1575 1266; x_wconf 87' lang='lat'><strong>11.</strong></span> <span class='ocrx_word' id='word_1_847' title='bbox 1591 1242 1658 1275; x_wconf 75' lang='lat' dir='ltr'><strong>Op.</strong></span> <span class='ocrx_word' id='word_1_848' title='bbox 1678 1241 1830 1278; x_wconf 81' lang='lat' dir='ltr'><strong>Disputare.</strong></span> <span class='ocrx_word' id='word_1_849' title='bbox 1851 1240 1984 1268; x_wconf 82' lang='lat' dir='ltr'><strong>Tractare.</strong></span> 
     </span>
     <span class='ocr_line' id='line_1_88' title="bbox 1117 1282 1984 1319; baseline -0.001 -8"><span class='ocrx_word' id='word_1_850' title='bbox 1117 1298 1119 1315; x_wconf 57' lang='lat' dir='ltr'><strong>i</strong></span> <span class='ocrx_word' id='word_1_851' title='bbox 1141 1285 1172 1311; x_wconf 84' lang='lat' dir='ltr'><strong>fr.</strong></span> <span class='ocrx_word' id='word_1_852' title='bbox 1191 1286 1216 1310; x_wconf 85' lang='lat'><strong>2.</strong></span> <span class='ocrx_word' id='word_1_853' title='bbox 1241 1284 1263 1317; x_wconf 96' lang='lat'><strong>5.</strong></span> <span class='ocrx_word' id='word_1_854' title='bbox 1284 1285 1307 1309; x_wconf 91' lang='lat'><strong>7.</strong></span> <span class='ocrx_word' id='word_1_855' title='bbox 1332 1282 1364 1309; x_wconf 86' lang='lat' dir='ltr'><strong>de</strong></span> <span class='ocrx_word' id='word_1_856' title='bbox 1388 1293 1419 1309; x_wconf 82' lang='lat' dir='ltr'><strong>eo</strong></span> <span class='ocrx_word' id='word_1_857' title='bbox 1440 1292 1482 1319; x_wconf 81' lang='lat' dir='ltr'><strong>qu.</strong></span> <span class='ocrx_word' id='word_1_858' title='bbox 1507 1293 1528 1309; x_wconf 88' lang='lat' dir='ltr'><strong>c.</strong></span> <span class='ocrx_word' id='word_1_859' title='bbox 1552 1282 1603 1309; x_wconf 85' lang='lat' dir='ltr'><strong>loc.</strong></span> <span class='ocrx_word' id='word_1_860' title='bbox 1626 1285 1664 1310; x_wconf 89' lang='lat'><strong>13.</strong></span> <span class='ocrx_word' id='word_1_861' title='bbox 1683 1285 1708 1310; x_wconf 88' lang='lat'><strong>4.</strong></span> <span class='ocrx_word' id='word_1_862' title='bbox 1750 1283 1793 1310; x_wconf 90' lang='lat' dir='ltr'><strong>III.</strong></span> <span class='ocrx_word' id='word_1_863' title='bbox 1817 1285 1883 1311; x_wconf 80' lang='lat' dir='ltr'><strong>Gn.</strong></span> <span class='ocrx_word' id='word_1_864' title='bbox 1912 1284 1984 1311; x_wconf 86' lang='lat' dir='ltr'><strong>Dolo</strong></span> 
     </span>
    </p>

    <p class='ocr_par' dir='ltr' id='par_1_32' title="bbox 1141 1325 1984 1363">
     <span class='ocr_line' id='line_1_89' title="bbox 1141 1325 1984 1363; baseline -0.001 -9"><span class='ocrx_word' id='word_1_865' title='bbox 1141 1327 1210 1354; x_wconf 86' lang='lat' dir='ltr'><strong>malo</strong></span> <span class='ocrx_word' id='word_1_866' title='bbox 1236 1326 1339 1353; x_wconf 87' lang='lat' dir='ltr'><strong>adiecto</strong></span> <span class='ocrx_word' id='word_1_867' title='bbox 1363 1325 1532 1352; x_wconf 81' lang='lat' dir='ltr'><strong>calliditatem</strong></span> <span class='ocrx_word' id='word_1_868' title='bbox 1557 1331 1630 1352; x_wconf 87' lang='lat' dir='ltr'><strong>notat</strong></span> <span class='ocrx_word' id='word_1_869' title='bbox 1649 1325 1759 1353; x_wconf 80' lang='lat' dir='ltr'><strong>Praetor</strong></span> <span class='ocrx_word' id='word_1_870' title='bbox 1777 1328 1844 1354; x_wconf 84' lang='lat' dir='ltr'><strong>eius.</strong></span> <span class='ocrx_word' id='word_1_871' title='bbox 1871 1328 1916 1363; x_wconf 90' lang='lat' dir='ltr'><strong>qui</strong></span> <span class='ocrx_word' id='word_1_872' title='bbox 1936 1332 1984 1353; x_wconf 84' lang='lat' dir='ltr'><strong>etc.</strong></span> 
     </span>
    </p>

    <p class='ocr_par' dir='ltr' id='par_1_33' title="bbox 1142 1369 1986 1407">
     <span class='ocr_line' id='line_1_90' title="bbox 1142 1369 1986 1407; baseline -0.001 -10"><span class='ocrx_word' id='word_1_873' title='bbox 1142 1370 1172 1397; x_wconf 88' lang='lat' dir='ltr'><strong>fr.</strong></span> <span class='ocrx_word' id='word_1_874' title='bbox 1191 1372 1216 1397; x_wconf 83' lang='lat'><strong>3.</strong></span> <span class='ocrx_word' id='word_1_875' title='bbox 1235 1380 1274 1407; x_wconf 89' lang='lat' dir='ltr'><strong>pr.</strong></span> <span class='ocrx_word' id='word_1_876' title='bbox 1300 1369 1332 1396; x_wconf 86' lang='lat' dir='ltr'><strong>de</strong></span> <span class='ocrx_word' id='word_1_877' title='bbox 1357 1379 1434 1395; x_wconf 82' lang='lat' dir='ltr'><strong>servo</strong></span> <span class='ocrx_word' id='word_1_878' title='bbox 1458 1378 1525 1395; x_wconf 87' lang='lat' dir='ltr'><strong>corr.</strong></span> <span class='ocrx_word' id='word_1_879' title='bbox 1551 1371 1591 1395; x_wconf 95' lang='lat' dir='ltr'><strong>ll.</strong></span> <span class='ocrx_word' id='word_1_880' title='bbox 1610 1371 1634 1395; x_wconf 88' lang='lat'><strong>3.</strong></span> <span class='ocrx_word' id='word_1_881' title='bbox 1672 1370 1748 1405; x_wconf 81' lang='lat' dir='ltr'><strong>Quae</strong></span> <span class='ocrx_word' id='word_1_882' title='bbox 1772 1371 1901 1396; x_wconf 69' lang='lat' dir='ltr'><strong>sententia</strong></span> <span class='ocrx_word' id='word_1_883' title='bbox 1924 1380 1986 1396; x_wconf 85' lang='lat' dir='ltr'><strong>vera</strong></span> 
     </span>
    </p>

    <p class='ocr_par' dir='ltr' id='par_1_34' title="bbox 1118 1411 1988 1760">
     <span class='ocr_line' id='line_1_91' title="bbox 1142 1411 1984 1445; baseline 0 -6"><span class='ocrx_word' id='word_1_884' title='bbox 1142 1424 1194 1440; x_wconf 88' lang='lat' dir='ltr'><strong>non</strong></span> <span class='ocrx_word' id='word_1_885' title='bbox 1214 1418 1267 1445; x_wconf 72' lang='lat' dir='ltr'><strong>est,</strong></span> <span class='ocrx_word' id='word_1_886' title='bbox 1293 1417 1319 1439; x_wconf 79' lang='lat' dir='ltr'><strong>et</strong></span> <span class='ocrx_word' id='word_1_887' title='bbox 1337 1423 1350 1438; x_wconf 87' lang='lat' dir='ltr'><strong>a</strong></span> <span class='ocrx_word' id='word_1_888' title='bbox 1369 1411 1459 1438; x_wconf 87' lang='lat' dir='ltr'><strong>multis</strong></span> <span class='ocrx_word' id='word_1_889' title='bbox 1483 1416 1571 1438; x_wconf 82' lang='lat' dir='ltr'><strong>notata</strong></span> <span class='ocrx_word' id='word_1_890' title='bbox 1597 1417 1644 1438; x_wconf 81' lang='lat' dir='ltr'><strong>cst.</strong></span> <span class='ocrx_word' id='word_1_891' title='bbox 1670 1412 1699 1439; x_wconf 86' lang='lat' dir='ltr'><strong>fr.</strong></span> <span class='ocrx_word' id='word_1_892' title='bbox 1722 1414 1762 1438; x_wconf 88' lang='lat'><strong>16.</strong></span> <span class='ocrx_word' id='word_1_893' title='bbox 1787 1412 1819 1439; x_wconf 83' lang='lat' dir='ltr'><strong>de</strong></span> <span class='ocrx_word' id='word_1_894' title='bbox 1844 1413 1897 1440; x_wconf 90' lang='lat' dir='ltr'><strong>iud.</strong></span> <span class='ocrx_word' id='word_1_895' title='bbox 1916 1415 1940 1439; x_wconf 83' lang='lat'><strong>5.</strong></span> <span class='ocrx_word' id='word_1_896' title='bbox 1962 1415 1984 1439; x_wconf 92' lang='lat'><strong>1.</strong></span> 
     </span>
     <span class='ocr_line' id='line_1_92' title="bbox 1118 1454 1986 1493; baseline -0.001 -10"><span class='ocrx_word' id='word_1_897' title='bbox 1118 1482 1120 1489; x_wconf 46' lang='lat'><strong>⁴</strong></span> <span class='ocrx_word' id='word_1_898' title='bbox 1143 1457 1173 1483; x_wconf 88' lang='lat' dir='ltr'><strong>fr.</strong></span> <span class='ocrx_word' id='word_1_899' title='bbox 1192 1458 1234 1482; x_wconf 82' lang='lat'><strong>42.</strong></span> <span class='ocrx_word' id='word_1_900' title='bbox 1253 1466 1293 1493; x_wconf 89' lang='lat' dir='ltr'><strong>pr.</strong></span> <span class='ocrx_word' id='word_1_901' title='bbox 1317 1455 1350 1482; x_wconf 85' lang='lat' dir='ltr'><strong>de</strong></span> <span class='ocrx_word' id='word_1_902' title='bbox 1374 1455 1405 1481; x_wconf 83' lang='lat' dir='ltr'><strong>A.</strong></span> <span class='ocrx_word' id='word_1_903' title='bbox 1430 1465 1454 1481; x_wconf 88' lang='lat' dir='ltr'><strong>v.</strong></span> <span class='ocrx_word' id='word_1_904' title='bbox 1475 1456 1508 1481; x_wconf 85' lang='lat'><strong>0.</strong></span> <span class='ocrx_word' id='word_1_905' title='bbox 1528 1454 1559 1481; x_wconf 87' lang='grc' dir='ltr'><strong>Η.</strong></span> <span class='ocrx_word' id='word_1_906' title='bbox 1579 1456 1620 1481; x_wconf 90' lang='lat'><strong>29.</strong></span> <span class='ocrx_word' id='word_1_907' title='bbox 1640 1458 1664 1481; x_wconf 89' lang='lat'><strong>2.</strong></span> <span class='ocrx_word' id='word_1_908' title='bbox 1701 1455 1842 1482; x_wconf 76' lang='lat' dir='ltr'><strong>Marcellus</strong></span> <span class='ocrx_word' id='word_1_909' title='bbox 1861 1472 1892 1476; x_wconf 85' lang='lat'><strong>——</strong></span> <span class='ocrx_word' id='word_1_910' title='bbox 1913 1455 1986 1482; x_wconf 87' lang='lat' dir='ltr'><strong>dubi-</strong></span> 
     </span>
     <span class='ocr_line' id='line_1_93' title="bbox 1119 1497 1986 1549; baseline -0.001 -23"><span class='ocrx_word' id='word_1_911' title='bbox 1119 1521 1121 1549; x_wconf 21' lang='lat'>&amp;</span> <span class='ocrx_word' id='word_1_912' title='bbox 1143 1505 1200 1526; x_wconf 90' lang='lat' dir='ltr'><strong>tans</strong></span> <span class='ocrx_word' id='word_1_913' title='bbox 1221 1503 1304 1535; x_wconf 80' lang='lat' dir='ltr'><strong>negat.</strong></span> <span class='ocrx_word' id='word_1_914' title='bbox 1325 1514 1357 1518; x_wconf 87' lang='lat'><strong>-—</strong></span> <span class='ocrx_word' id='word_1_915' title='bbox 1377 1498 1432 1534; x_wconf 78' lang='lat' dir='ltr'><strong>Ego</strong></span> <span class='ocrx_word' id='word_1_916' title='bbox 1452 1497 1521 1535; x_wconf 83' lang='lat' dir='ltr'><strong>apud</strong></span> <span class='ocrx_word' id='word_1_917' title='bbox 1542 1508 1600 1524; x_wconf 78' lang='lat' dir='ltr'><strong>eum</strong></span> <span class='ocrx_word' id='word_1_918' title='bbox 1619 1499 1715 1524; x_wconf 75' lang='lat' dir='ltr'><strong>notavi.</strong></span> <span class='ocrx_word' id='word_1_919' title='bbox 1737 1498 1767 1525; x_wconf 86' lang='lat' dir='ltr'><strong>fr.</strong></span> <span class='ocrx_word' id='word_1_920' title='bbox 1785 1500 1826 1525; x_wconf 83' lang='lat'><strong>41.</strong></span> <span class='ocrx_word' id='word_1_921' title='bbox 1847 1509 1885 1536; x_wconf 90' lang='lat' dir='ltr'><strong>pr.</strong></span> <span class='ocrx_word' id='word_1_922' title='bbox 1905 1498 1936 1525; x_wconf 81' lang='lat' dir='ltr'><strong>ad</strong></span> <span class='ocrx_word' id='word_1_923' title='bbox 1956 1498 1986 1525; x_wconf 86' lang='lat' dir='ltr'><strong>L.</strong></span> 
     </span>
     <span class='ocr_line' id='line_1_94' title="bbox 1119 1540 1987 1579; baseline -0.001 -10"><span class='ocrx_word' id='word_1_924' title='bbox 1119 1552 1121 1575; x_wconf 49' lang='grc' dir='ltr'><em>ἕ</em></span> <span class='ocrx_word' id='word_1_925' title='bbox 1142 1543 1210 1579; x_wconf 81' lang='grc' dir='ltr'>Α(Ῑιι.</span> <span class='ocrx_word' id='word_1_926' title='bbox 1230 1544 1254 1569; x_wconf 90' lang='lat'><strong>9.</strong></span> <span class='ocrx_word' id='word_1_927' title='bbox 1274 1544 1298 1568; x_wconf 88' lang='lat'><strong>2.</strong></span> <span class='ocrx_word' id='word_1_928' title='bbox 1318 1541 1349 1568; x_wconf 81' lang='lat' dir='ltr'><strong>fr.</strong></span> <span class='ocrx_word' id='word_1_929' title='bbox 1370 1543 1410 1568; x_wconf 91' lang='grc'><strong>11.</strong></span> <span class='ocrx_word' id='word_1_930' title='bbox 1430 1541 1452 1575; x_wconf 96' lang='lat'><strong>5.</strong></span> <span class='ocrx_word' id='word_1_931' title='bbox 1473 1542 1496 1567; x_wconf 89' lang='lat'><strong>7.</strong></span> <span class='ocrx_word' id='word_1_932' title='bbox 1517 1540 1549 1567; x_wconf 82' lang='lat' dir='ltr'><strong>de</strong></span> <span class='ocrx_word' id='word_1_933' title='bbox 1568 1541 1644 1568; x_wconf 92' lang='lat' dir='ltr'><strong>iniur.</strong></span> <span class='ocrx_word' id='word_1_934' title='bbox 1664 1543 1706 1568; x_wconf 83' lang='grc'><strong>47.</strong></span> <span class='ocrx_word' id='word_1_935' title='bbox 1726 1543 1764 1568; x_wconf 87' lang='grc'><strong>10.</strong></span> <span class='ocrx_word' id='word_1_936' title='bbox 1801 1541 1890 1568; x_wconf 78' lang='lat' dir='ltr'><strong>Labeo</strong></span> <span class='ocrx_word' id='word_1_937' title='bbox 1911 1552 1987 1578; x_wconf 80' lang='lat' dir='ltr'><strong>quae-</strong></span> 
     </span>
     <span class='ocr_line' id='line_1_95' title="bbox 1119 1583 1986 1621; baseline -0.002 -8"><span class='ocrx_word' id='word_1_938' title='bbox 1119 1583 1121 1620; x_wconf 70' lang='grc' dir='ltr'><strong>ἱ</strong></span> <span class='ocrx_word' id='word_1_939' title='bbox 1142 1587 1184 1613; x_wconf 89' lang='lat' dir='ltr'><strong>rit.</strong></span> <span class='ocrx_word' id='word_1_940' title='bbox 1204 1601 1236 1606; x_wconf 90' lang='lat'><strong>·-</strong></span> <span class='ocrx_word' id='word_1_941' title='bbox 1256 1585 1290 1612; x_wconf 88' lang='lat' dir='ltr'><strong>Et</strong></span> <span class='ocrx_word' id='word_1_942' title='bbox 1309 1585 1345 1610; x_wconf 88' lang='lat' dir='ltr'><strong>ait</strong></span> <span class='ocrx_word' id='word_1_943' title='bbox 1365 1584 1496 1619; x_wconf 76' lang='lat' dir='ltr'><strong>Quintus,</strong></span> <span class='ocrx_word' id='word_1_944' title='bbox 1521 1584 1591 1621; x_wconf 84' lang='lat' dir='ltr'><strong>apud</strong></span> <span class='ocrx_word' id='word_1_945' title='bbox 1615 1594 1673 1610; x_wconf 71' lang='lat' dir='ltr'><strong>eum</strong></span> <span class='ocrx_word' id='word_1_946' title='bbox 1696 1589 1797 1610; x_wconf 84' lang='lat' dir='ltr'><strong>notans.</strong></span> <span class='ocrx_word' id='word_1_947' title='bbox 1823 1584 1853 1611; x_wconf 87' lang='lat' dir='ltr'><strong>fr.</strong></span> <span class='ocrx_word' id='word_1_948' title='bbox 1874 1586 1896 1611; x_wconf 88' lang='lat'><strong>7.</strong></span> <span class='ocrx_word' id='word_1_949' title='bbox 1921 1585 1942 1619; x_wconf 89' lang='lat'><strong>5</strong></span> <span class='ocrx_word' id='word_1_950' title='bbox 1963 1586 1986 1611; x_wconf 89' lang='lat'><strong>7.</strong></span> 
     </span>
     <span class='ocr_line' id='line_1_96' title="bbox 1120 1627 1987 1666; baseline -0.001 -11"><span class='ocrx_word' id='word_1_951' title='bbox 1120 1630 1121 1666; x_wconf 54' lang='lat' dir='ltr'><strong>i</strong></span> <span class='ocrx_word' id='word_1_952' title='bbox 1143 1629 1176 1655; x_wconf 80' lang='lat' dir='ltr'><strong>de</strong></span> <span class='ocrx_word' id='word_1_953' title='bbox 1196 1627 1220 1654; x_wconf 89' lang='lat' dir='ltr'><strong>d.</strong></span> <span class='ocrx_word' id='word_1_954' title='bbox 1240 1638 1272 1654; x_wconf 87' lang='lat' dir='ltr'><strong>m.</strong></span> <span class='ocrx_word' id='word_1_955' title='bbox 1294 1628 1361 1654; x_wconf 74' lang='lat'><strong>4..3.</strong></span> <span class='ocrx_word' id='word_1_956' title='bbox 1382 1627 1411 1653; x_wconf 89' lang='lat' dir='ltr'><strong>cf.</strong></span> <span class='ocrx_word' id='word_1_957' title='bbox 1434 1627 1464 1653; x_wconf 91' lang='lat' dir='ltr'><strong>fr.</strong></span> <span class='ocrx_word' id='word_1_958' title='bbox 1482 1629 1503 1653; x_wconf 92' lang='lat'><strong>7.</strong></span> <span class='ocrx_word' id='word_1_959' title='bbox 1525 1627 1585 1661; x_wconf 90' lang='lat'><strong>5.1.</strong></span> <span class='ocrx_word' id='word_1_960' title='bbox 1605 1627 1637 1653; x_wconf 86' lang='lat' dir='ltr'><strong>de</strong></span> <span class='ocrx_word' id='word_1_961' title='bbox 1656 1627 1742 1664; x_wconf 88' lang='lat' dir='ltr'><strong>pecul.</strong></span> <span class='ocrx_word' id='word_1_962' title='bbox 1764 1629 1802 1654; x_wconf 92' lang='lat'><strong>15.</strong></span> <span class='ocrx_word' id='word_1_963' title='bbox 1824 1629 1846 1653; x_wconf 94' lang='lat' dir='ltr'><strong>l.</strong></span> <span class='ocrx_word' id='word_1_964' title='bbox 1884 1627 1920 1653; x_wconf 64' lang='lat' dir='ltr'><strong>Yt</strong></span> <span class='ocrx_word' id='word_1_965' title='bbox 1938 1627 1987 1654; x_wconf 89' lang='lat' dir='ltr'><strong>La-</strong></span> 
     </span>
     <span class='ocr_line' id='line_1_97' title="bbox 1119 1669 1987 1708; baseline -0.001 -11"><span class='ocrx_word' id='word_1_966' title='bbox 1119 1670 1121 1707; x_wconf 52' lang='grc'><strong>4</strong></span> <span class='ocrx_word' id='word_1_967' title='bbox 1143 1672 1193 1697; x_wconf 83' lang='lat' dir='ltr'><strong>beo</strong></span> <span class='ocrx_word' id='word_1_968' title='bbox 1213 1686 1245 1691; x_wconf 89' lang='lat'><strong>-—</strong></span> <span class='ocrx_word' id='word_1_969' title='bbox 1265 1671 1386 1707; x_wconf 81' lang='lat' dir='ltr'><strong>scripsit,</strong></span> <span class='ocrx_word' id='word_1_970' title='bbox 1406 1680 1454 1696; x_wconf 87' lang='lat' dir='ltr'><strong>uec</strong></span> <span class='ocrx_word' id='word_1_971' title='bbox 1473 1671 1577 1697; x_wconf 87' lang='lat' dir='ltr'><strong>Aristo.</strong></span> <span class='ocrx_word' id='word_1_972' title='bbox 1601 1669 1644 1696; x_wconf 70' lang='lat' dir='ltr'><strong>vel</strong></span> <span class='ocrx_word' id='word_1_973' title='bbox 1664 1670 1763 1702; x_wconf 84' lang='lat' dir='ltr'><strong>Aulus,</strong></span> <span class='ocrx_word' id='word_1_974' title='bbox 1782 1675 1874 1707; x_wconf 83' lang='lat' dir='ltr'><strong>utpote</strong></span> <span class='ocrx_word' id='word_1_975' title='bbox 1892 1670 1987 1708; x_wconf 83' lang='lat' dir='ltr'><strong>proba-</strong></span> 
     </span>
     <span class='ocr_line' id='line_1_98' title="bbox 1120 1709 1988 1760; baseline 0 -20"><span class='ocrx_word' id='word_1_976' title='bbox 1120 1709 1122 1760; x_wconf 41' lang='lat'>}</span> <span class='ocrx_word' id='word_1_977' title='bbox 1143 1714 1205 1745; x_wconf 83' lang='lat' dir='ltr'><strong>bile,</strong></span> <span class='ocrx_word' id='word_1_978' title='bbox 1225 1718 1325 1740; x_wconf 83' lang='lat' dir='ltr'><strong>notant.</strong></span> <span class='ocrx_word' id='word_1_979' title='bbox 1352 1712 1382 1739; x_wconf 87' lang='lat' dir='ltr'><strong>fr.</strong></span> <span class='ocrx_word' id='word_1_980' title='bbox 1404 1714 1443 1739; x_wconf 88' lang='lat'><strong>17.</strong></span> <span class='ocrx_word' id='word_1_981' title='bbox 1469 1713 1491 1746; x_wconf 89' lang='lat'><strong>5.</strong></span> <span class='ocrx_word' id='word_1_982' title='bbox 1511 1715 1535 1739; x_wconf 89' lang='lat'><strong>5.</strong></span> <span class='ocrx_word' id='word_1_983' title='bbox 1562 1712 1594 1739; x_wconf 85' lang='lat' dir='ltr'><strong>de</strong></span> <span class='ocrx_word' id='word_1_984' title='bbox 1614 1712 1701 1739; x_wconf 69' lang='lat' dir='ltr'><strong>heu-d.</strong></span> <span class='ocrx_word' id='word_1_985' title='bbox 1723 1714 1782 1739; x_wconf 92' lang='lat' dir='ltr'><strong>inst.</strong></span> <span class='ocrx_word' id='word_1_986' title='bbox 1801 1716 1844 1740; x_wconf 80' lang='lat'><strong>28.</strong></span> <span class='ocrx_word' id='word_1_987' title='bbox 1864 1716 1887 1740; x_wconf 89' lang='lat'><strong>5.</strong></span> <span class='ocrx_word' id='word_1_988' title='bbox 1925 1713 1988 1740; x_wconf 85' lang='lat' dir='ltr'><strong>Pro-</strong></span> 
     </span>
    </p>

    <p class='ocr_par' dir='ltr' id='par_1_35' title="bbox 1120 1755 1989 2263">
     <span class='ocr_line' id='line_1_99' title="bbox 1144 1755 1987 1794; baseline 0 -11"><span class='ocrx_word' id='word_1_989' title='bbox 1144 1757 1219 1783; x_wconf 87' lang='lat' dir='ltr'><strong>culus</strong></span> <span class='ocrx_word' id='word_1_990' title='bbox 1239 1756 1308 1794; x_wconf 87' lang='lat' dir='ltr'><strong>apud</strong></span> <span class='ocrx_word' id='word_1_991' title='bbox 1328 1765 1385 1782; x_wconf 75' lang='lat' dir='ltr'><strong>eum</strong></span> <span class='ocrx_word' id='word_1_992' title='bbox 1406 1758 1454 1788; x_wconf 86' lang='lat' dir='ltr'><strong>(sc.</strong></span> <span class='ocrx_word' id='word_1_993' title='bbox 1475 1755 1637 1789; x_wconf 69' lang='lat' dir='ltr'><strong>Labeonem)</strong></span> <span class='ocrx_word' id='word_1_994' title='bbox 1657 1760 1738 1782; x_wconf 81' lang='lat' dir='ltr'><strong>notat.</strong></span> <span class='ocrx_word' id='word_1_995' title='bbox 1757 1755 1787 1783; x_wconf 88' lang='lat' dir='ltr'><strong>sr.</strong></span> <span class='ocrx_word' id='word_1_996' title='bbox 1809 1758 1849 1783; x_wconf 87' lang='lat'><strong>10.</strong></span> <span class='ocrx_word' id='word_1_997' title='bbox 1869 1757 1891 1790; x_wconf 91' lang='lat'><strong>5.</strong></span> <span class='ocrx_word' id='word_1_998' title='bbox 1913 1758 1934 1783; x_wconf 92' lang='lat' dir='ltr'><strong>l.</strong></span> <span class='ocrx_word' id='word_1_999' title='bbox 1955 1756 1987 1783; x_wconf 87' lang='lat' dir='ltr'><strong>de</strong></span> 
     </span>
     <span class='ocr_line' id='line_1_100' title="bbox 1120 1792 1988 1834; baseline 0 -8"><span class='ocrx_word' id='word_1_1000' title='bbox 1120 1792 1122 1834; x_wconf 48' lang='grc' dir='ltr'>ἓ</span> <span class='ocrx_word' id='word_1_1001' title='bbox 1144 1799 1175 1826; x_wconf 70' lang='lat' dir='ltr'><strong>N.</strong></span> <span class='ocrx_word' id='word_1_1002' title='bbox 1195 1800 1227 1826; x_wconf 89' lang='lat' dir='ltr'><strong>G.</strong></span> <span class='ocrx_word' id='word_1_1003' title='bbox 1247 1802 1272 1826; x_wconf 86' lang='lat'><strong>3.</strong></span> <span class='ocrx_word' id='word_1_1004' title='bbox 1291 1801 1315 1826; x_wconf 87' lang='lat'><strong>5.</strong></span> <span class='ocrx_word' id='word_1_1005' title='bbox 1335 1798 1366 1825; x_wconf 84' lang='lat' dir='ltr'><strong>fr.</strong></span> <span class='ocrx_word' id='word_1_1006' title='bbox 1386 1800 1427 1825; x_wconf 88' lang='lat'><strong>69.</strong></span> <span class='ocrx_word' id='word_1_1007' title='bbox 1453 1798 1486 1825; x_wconf 85' lang='lat' dir='ltr'><strong>de</strong></span> <span class='ocrx_word' id='word_1_1008' title='bbox 1510 1799 1585 1825; x_wconf 87' lang='lat' dir='ltr'><strong>cond.</strong></span> <span class='ocrx_word' id='word_1_1009' title='bbox 1606 1804 1629 1825; x_wconf 70' lang='lat' dir='ltr'><strong>et</strong></span> <span class='ocrx_word' id='word_1_1010' title='bbox 1651 1799 1716 1826; x_wconf 84' lang='lat' dir='ltr'><strong>dem.</strong></span> <span class='ocrx_word' id='word_1_1011' title='bbox 1735 1800 1777 1825; x_wconf 88' lang='lat'><strong>35.</strong></span> <span class='ocrx_word' id='word_1_1012' title='bbox 1798 1801 1821 1826; x_wconf 92' lang='lat'><strong>1.</strong></span> <span class='ocrx_word' id='word_1_1013' title='bbox 1858 1799 1988 1826; x_wconf 86' lang='lat' dir='ltr'><strong>Proculus</strong></span> 
     </span>
     <span class='ocr_line' id='line_1_101' title="bbox 1120 1841 1988 1890; baseline 0 -21"><span class='ocrx_word' id='word_1_1014' title='bbox 1120 1842 1122 1890; x_wconf 34' lang='grc'><strong>’1</strong></span> <span class='ocrx_word' id='word_1_1015' title='bbox 1144 1848 1215 1870; x_wconf 76' lang='lat' dir='ltr'><strong>recte</strong></span> <span class='ocrx_word' id='word_1_1016' title='bbox 1234 1843 1277 1869; x_wconf 83' lang='lat' dir='ltr'><strong>ait.</strong></span> <span class='ocrx_word' id='word_1_1017' title='bbox 1298 1858 1330 1861; x_wconf 97' lang='lat'><strong>—</strong></span> <span class='ocrx_word' id='word_1_1018' title='bbox 1350 1841 1492 1868; x_wconf 86' lang='lat' dir='ltr'><strong>Atilicinus</strong></span> <span class='ocrx_word' id='word_1_1019' title='bbox 1512 1847 1597 1869; x_wconf 87' lang='lat' dir='ltr'><strong>autem</strong></span> <span class='ocrx_word' id='word_1_1020' title='bbox 1617 1843 1659 1868; x_wconf 88' lang='lat' dir='ltr'><strong>ait.</strong></span> <span class='ocrx_word' id='word_1_1021' title='bbox 1681 1857 1712 1861; x_wconf 90' lang='lat'>—</span> <span class='ocrx_word' id='word_1_1022' title='bbox 1737 1841 1818 1877; x_wconf 78' lang='lat' dir='ltr'><strong>Quod</strong></span> <span class='ocrx_word' id='word_1_1023' title='bbox 1838 1846 1864 1868; x_wconf 84' lang='lat' dir='ltr'><strong>et</strong></span> <span class='ocrx_word' id='word_1_1024' title='bbox 1882 1842 1988 1869; x_wconf 74' lang='lat' dir='ltr'><strong>Marcel-</strong></span> 
     </span>
     <span class='ocr_line' id='line_1_102' title="bbox 1144 1884 1986 1922; baseline -0.002 -9"><span class='ocrx_word' id='word_1_1025' title='bbox 1144 1886 1186 1913; x_wconf 89' lang='lat' dir='ltr'><strong>lus</strong></span> <span class='ocrx_word' id='word_1_1026' title='bbox 1206 1885 1327 1911; x_wconf 85' lang='lat' dir='ltr'><strong>admittit.</strong></span> <span class='ocrx_word' id='word_1_1027' title='bbox 1364 1885 1420 1921; x_wconf 77' lang='lat' dir='ltr'><strong>Ego</strong></span> <span class='ocrx_word' id='word_1_1028' title='bbox 1444 1890 1529 1912; x_wconf 82' lang='lat' dir='ltr'><strong>autem</strong></span> <span class='ocrx_word' id='word_1_1029' title='bbox 1553 1885 1621 1922; x_wconf 89' lang='lat' dir='ltr'><strong>apud</strong></span> <span class='ocrx_word' id='word_1_1030' title='bbox 1642 1895 1699 1911; x_wconf 88' lang='lat' dir='ltr'><strong>eum</strong></span> <span class='ocrx_word' id='word_1_1031' title='bbox 1719 1885 1807 1911; x_wconf 85' lang='lat' dir='ltr'><strong>notavi</strong></span> <span class='ocrx_word' id='word_1_1032' title='bbox 1827 1889 1876 1911; x_wconf 82' lang='lat' dir='ltr'><strong>etc.</strong></span> <span class='ocrx_word' id='word_1_1033' title='bbox 1896 1884 1925 1911; x_wconf 84' lang='lat' dir='ltr'><strong>fr.</strong></span> <span class='ocrx_word' id='word_1_1034' title='bbox 1947 1886 1986 1911; x_wconf 92' lang='grc'><strong>11.</strong></span> 
     </span>
     <span class='ocr_line' id='line_1_103' title="bbox 1145 1927 1987 1965; baseline -0.001 -11"><span class='ocrx_word' id='word_1_1035' title='bbox 1145 1929 1182 1962; x_wconf 91' lang='lat'><strong>55.</strong></span> <span class='ocrx_word' id='word_1_1036' title='bbox 1203 1930 1226 1954; x_wconf 75' lang='lat'><strong>4.</strong></span> <span class='ocrx_word' id='word_1_1037' title='bbox 1248 1938 1306 1965; x_wconf 89' lang='lat' dir='ltr'><strong>sqq.</strong></span> <span class='ocrx_word' id='word_1_1038' title='bbox 1327 1928 1360 1955; x_wconf 85' lang='lat' dir='ltr'><strong>de</strong></span> <span class='ocrx_word' id='word_1_1039' title='bbox 1379 1929 1455 1955; x_wconf 92' lang='lat' dir='ltr'><strong>iniur.</strong></span> <span class='ocrx_word' id='word_1_1040' title='bbox 1475 1930 1516 1954; x_wconf 90' lang='lat'><strong>47.</strong></span> <span class='ocrx_word' id='word_1_1041' title='bbox 1538 1930 1577 1954; x_wconf 92' lang='lat'><strong>10.</strong></span> <span class='ocrx_word' id='word_1_1042' title='bbox 1615 1927 1754 1954; x_wconf 75' lang='lat' dir='ltr'><strong>Marcellus</strong></span> <span class='ocrx_word' id='word_1_1043' title='bbox 1774 1927 1842 1964; x_wconf 81' lang='lat' dir='ltr'><strong>apud</strong></span> <span class='ocrx_word' id='word_1_1044' title='bbox 1861 1927 1987 1953; x_wconf 81' lang='lat' dir='ltr'><strong>Iulianum</strong></span> 
     </span>
     <span class='ocr_line' id='line_1_104' title="bbox 1146 1969 1986 1998; baseline -0.002 0"><span class='ocrx_word' id='word_1_1045' title='bbox 1146 1976 1226 1998; x_wconf 87' lang='lat' dir='ltr'><strong>notat.</strong></span> <span class='ocrx_word' id='word_1_1046' title='bbox 1248 1971 1278 1998; x_wconf 86' lang='lat' dir='ltr'><strong>fr.</strong></span> <span class='ocrx_word' id='word_1_1047' title='bbox 1298 1973 1322 1998; x_wconf 88' lang='lat'><strong>9.</strong></span> <span class='ocrx_word' id='word_1_1048' title='bbox 1343 1971 1376 1997; x_wconf 85' lang='lat' dir='ltr'><strong>de</strong></span> <span class='ocrx_word' id='word_1_1049' title='bbox 1396 1970 1426 1998; x_wconf 88' lang='lat' dir='ltr'><strong>V.</strong></span> <span class='ocrx_word' id='word_1_1050' title='bbox 1440 1970 1468 1997; x_wconf 91' lang='lat' dir='ltr'><strong>S.</strong></span> <span class='ocrx_word' id='word_1_1051' title='bbox 1487 1973 1528 1997; x_wconf 87' lang='grc'><strong>50.</strong></span> <span class='ocrx_word' id='word_1_1052' title='bbox 1548 1972 1587 1997; x_wconf 91' lang='lat'><strong>16.</strong></span> <span class='ocrx_word' id='word_1_1053' title='bbox 1608 1971 1639 1997; x_wconf 90' lang='lat' dir='ltr'><strong>cf.</strong></span> <span class='ocrx_word' id='word_1_1054' title='bbox 1661 1970 1690 1997; x_wconf 88' lang='lat' dir='ltr'><strong>fr.</strong></span> <span class='ocrx_word' id='word_1_1055' title='bbox 1705 1972 1745 1996; x_wconf 84' lang='lat'><strong>39.</strong></span> <span class='ocrx_word' id='word_1_1056' title='bbox 1767 1970 1798 1997; x_wconf 91' lang='lat' dir='ltr'><strong>de</strong></span> <span class='ocrx_word' id='word_1_1057' title='bbox 1817 1969 1905 1996; x_wconf 67' lang='lat' dir='ltr'><strong>hen-ed.</strong></span> <span class='ocrx_word' id='word_1_1058' title='bbox 1925 1971 1986 1996; x_wconf 84' lang='lat' dir='ltr'><strong>inst.</strong></span> 
     </span>
     <span class='ocr_line' id='line_1_105' title="bbox 1122 2011 1987 2048; baseline -0.003 -7"><span class='ocrx_word' id='word_1_1059' title='bbox 1122 2021 1123 2048; x_wconf 65' lang='lat'>1</span> <span class='ocrx_word' id='word_1_1060' title='bbox 1144 2018 1186 2041; x_wconf 80' lang='grc'><strong>28.</strong></span> <span class='ocrx_word' id='word_1_1061' title='bbox 1207 2017 1230 2040; x_wconf 92' lang='lat'><strong>5.</strong></span> <span class='ocrx_word' id='word_1_1062' title='bbox 1251 2014 1280 2041; x_wconf 89' lang='lat' dir='ltr'><strong>fr.</strong></span> <span class='ocrx_word' id='word_1_1063' title='bbox 1300 2016 1342 2040; x_wconf 85' lang='grc'><strong>20.</strong></span> <span class='ocrx_word' id='word_1_1064' title='bbox 1363 2013 1395 2040; x_wconf 86' lang='lat' dir='ltr'><strong>de</strong></span> <span class='ocrx_word' id='word_1_1065' title='bbox 1415 2013 1492 2040; x_wconf 89' lang='lat' dir='ltr'><strong>cond.</strong></span> <span class='ocrx_word' id='word_1_1066' title='bbox 1512 2019 1538 2040; x_wconf 77' lang='lat' dir='ltr'><strong>et</strong></span> <span class='ocrx_word' id='word_1_1067' title='bbox 1557 2014 1623 2041; x_wconf 73' lang='lat' dir='ltr'><strong>dem.</strong></span> <span class='ocrx_word' id='word_1_1068' title='bbox 1643 2015 1684 2039; x_wconf 80' lang='lat'><strong>35.</strong></span> <span class='ocrx_word' id='word_1_1069' title='bbox 1707 2015 1728 2039; x_wconf 96' lang='lat'><strong>1.</strong></span> <span class='ocrx_word' id='word_1_1070' title='bbox 1767 2011 1892 2039; x_wconf 77' lang='lat' dir='ltr'><strong>Scaevola</strong></span> <span class='ocrx_word' id='word_1_1071' title='bbox 1915 2017 1987 2039; x_wconf 75' lang='lat' dir='ltr'><strong>notat</strong></span> 
     </span>
     <span class='ocr_line' id='line_1_106' title="bbox 1145 2055 1988 2095; baseline -0.002 -11"><span class='ocrx_word' id='word_1_1072' title='bbox 1145 2057 1215 2095; x_wconf 86' lang='lat' dir='ltr'><strong>apud</strong></span> <span class='ocrx_word' id='word_1_1073' title='bbox 1234 2057 1370 2084; x_wconf 89' lang='lat' dir='ltr'><strong>Iulianum.</strong></span> <span class='ocrx_word' id='word_1_1074' title='bbox 1395 2057 1426 2083; x_wconf 80' lang='lat' dir='ltr'><strong>l&#39;r.</strong></span> <span class='ocrx_word' id='word_1_1075' title='bbox 1446 2058 1487 2082; x_wconf 87' lang='lat'><strong>54.</strong></span> <span class='ocrx_word' id='word_1_1076' title='bbox 1513 2056 1544 2083; x_wconf 84' lang='lat' dir='ltr'><strong>de</strong></span> <span class='ocrx_word' id='word_1_1077' title='bbox 1568 2061 1636 2093; x_wconf 82' lang='lat' dir='ltr'><strong>pact.</strong></span> <span class='ocrx_word' id='word_1_1078' title='bbox 1656 2058 1680 2082; x_wconf 88' lang='lat'><strong>2.</strong></span> <span class='ocrx_word' id='word_1_1079' title='bbox 1702 2058 1741 2081; x_wconf 79' lang='lat'><strong>14.</strong></span> <span class='ocrx_word' id='word_1_1080' title='bbox 1761 2056 1790 2081; x_wconf 88' lang='lat' dir='ltr'><strong>fr.</strong></span> <span class='ocrx_word' id='word_1_1081' title='bbox 1812 2057 1851 2080; x_wconf 90' lang='lat'><strong>10.</strong></span> <span class='ocrx_word' id='word_1_1082' title='bbox 1871 2055 1892 2088; x_wconf 88' lang='lat'><strong>5</strong></span> <span class='ocrx_word' id='word_1_1083' title='bbox 1913 2057 1935 2081; x_wconf 93' lang='lat'><strong>1.</strong></span> <span class='ocrx_word' id='word_1_1084' title='bbox 1956 2055 1988 2082; x_wconf 87' lang='lat' dir='ltr'><strong>dc</strong></span> 
     </span>
     <span class='ocr_line' id='line_1_107' title="bbox 1122 2097 1987 2139; baseline -0.005 -12"><span class='ocrx_word' id='word_1_1085' title='bbox 1122 2134 1123 2139; x_wconf 21' lang='grc'>1</span> <span class='ocrx_word' id='word_1_1086' title='bbox 1146 2101 1225 2138; x_wconf 76' lang='lat' dir='ltr'><strong>peric.</strong></span> <span class='ocrx_word' id='word_1_1087' title='bbox 1247 2105 1273 2127; x_wconf 88' lang='lat' dir='ltr'><strong>et</strong></span> <span class='ocrx_word' id='word_1_1088' title='bbox 1293 2110 1384 2126; x_wconf 89' lang='lat' dir='ltr'><strong>comm.</strong></span> <span class='ocrx_word' id='word_1_1089' title='bbox 1406 2101 1446 2126; x_wconf 87' lang='lat'><strong>18.</strong></span> <span class='ocrx_word' id='word_1_1090' title='bbox 1465 2100 1489 2126; x_wconf 89' lang='lat'><strong>6.</strong></span> <span class='ocrx_word' id='word_1_1091' title='bbox 1518 2098 1615 2125; x_wconf 86' lang='lat' dir='ltr'><strong>Paulus</strong></span> <span class='ocrx_word' id='word_1_1092' title='bbox 1634 2098 1679 2124; x_wconf 85' lang='lat' dir='ltr'><strong>lib.</strong></span> <span class='ocrx_word' id='word_1_1093' title='bbox 1701 2114 1732 2118; x_wconf 89' lang='lat'>—</span> <span class='ocrx_word' id='word_1_1094' title='bbox 1752 2097 1887 2134; x_wconf 80' lang='lat' dir='ltr'><strong>Papiniani</strong></span> <span class='ocrx_word' id='word_1_1095' title='bbox 1906 2102 1987 2124; x_wconf 87' lang='lat' dir='ltr'><strong>notat.</strong></span> 
     </span>
     <span class='ocr_line' id='line_1_108' title="bbox 1123 2140 1987 2179; baseline -0.002 -10"><span class='ocrx_word' id='word_1_1096' title='bbox 1123 2175 1124 2179; x_wconf 17' lang='grc' dir='ltr'><strong>Ἰ</strong></span> <span class='ocrx_word' id='word_1_1097' title='bbox 1146 2143 1176 2170; x_wconf 84' lang='grc' dir='ltr'>1“ι·.</span> <span class='ocrx_word' id='word_1_1098' title='bbox 1199 2144 1237 2169; x_wconf 88' lang='grc'><strong>18.</strong></span> <span class='ocrx_word' id='word_1_1099' title='bbox 1258 2142 1290 2169; x_wconf 81' lang='lat' dir='ltr'><strong>de</strong></span> <span class='ocrx_word' id='word_1_1100' title='bbox 1309 2144 1399 2169; x_wconf 74' lang='lat' dir='ltr'><strong>servit.</strong></span> <span class='ocrx_word' id='word_1_1101' title='bbox 1420 2146 1443 2168; x_wconf 75' lang='grc'><strong>8.</strong></span> <span class='ocrx_word' id='word_1_1102' title='bbox 1465 2144 1486 2168; x_wconf 95' lang='grc'><strong>1.</strong></span> <span class='ocrx_word' id='word_1_1103' title='bbox 1508 2141 1536 2168; x_wconf 84' lang='grc' dir='ltr'>1“ι·.</span> <span class='ocrx_word' id='word_1_1104' title='bbox 1558 2143 1597 2167; x_wconf 88' lang='lat'><strong>72.</strong></span> <span class='ocrx_word' id='word_1_1105' title='bbox 1617 2151 1656 2178; x_wconf 89' lang='lat' dir='ltr'><strong>pr.</strong></span> <span class='ocrx_word' id='word_1_1106' title='bbox 1677 2140 1710 2166; x_wconf 81' lang='lat' dir='ltr'><strong>de</strong></span> <span class='ocrx_word' id='word_1_1107' title='bbox 1729 2145 1811 2166; x_wconf 89' lang='lat' dir='ltr'><strong>contr.</strong></span> <span class='ocrx_word' id='word_1_1108' title='bbox 1832 2145 1891 2166; x_wconf 73' lang='lat' dir='ltr'><strong>emt.</strong></span> <span class='ocrx_word' id='word_1_1109' title='bbox 1913 2143 1952 2167; x_wconf 75' lang='grc'><strong>18.</strong></span> <span class='ocrx_word' id='word_1_1110' title='bbox 1966 2143 1987 2167; x_wconf 89' lang='grc'><strong>1.</strong></span> 
     </span>
     <span class='ocr_line' id='line_1_109' title="bbox 1147 2184 1989 2219; baseline -0.004 -6"><span class='ocrx_word' id='word_1_1111' title='bbox 1147 2187 1176 2213; x_wconf 89' lang='lat' dir='ltr'><strong>fr.</strong></span> <span class='ocrx_word' id='word_1_1112' title='bbox 1199 2188 1220 2212; x_wconf 96' lang='lat'><strong>1.</strong></span> <span class='ocrx_word' id='word_1_1113' title='bbox 1245 2186 1268 2219; x_wconf 97' lang='lat'><strong>5.</strong></span> <span class='ocrx_word' id='word_1_1114' title='bbox 1287 2188 1311 2212; x_wconf 86' lang='grc'><strong>2.</strong></span> <span class='ocrx_word' id='word_1_1115' title='bbox 1338 2185 1370 2212; x_wconf 79' lang='lat' dir='ltr'><strong>de</strong></span> <span class='ocrx_word' id='word_1_1116' title='bbox 1394 2195 1465 2211; x_wconf 86' lang='lat' dir='ltr'><strong>usur.</strong></span> <span class='ocrx_word' id='word_1_1117' title='bbox 1489 2186 1530 2210; x_wconf 82' lang='lat'><strong>22.</strong></span> <span class='ocrx_word' id='word_1_1118' title='bbox 1552 2186 1576 2210; x_wconf 96' lang='lat'><strong>1.</strong></span> <span class='ocrx_word' id='word_1_1119' title='bbox 1603 2199 1634 2203; x_wconf 91' lang='lat'><em>-</em></span> <span class='ocrx_word' id='word_1_1120' title='bbox 1663 2184 1694 2217; x_wconf 72' lang='lat'><strong>§0</strong></span> <span class='ocrx_word' id='word_1_1121' title='bbox 1715 2185 1752 2210; x_wconf 77' lang='lat'><strong>3.</strong></span> <span class='ocrx_word' id='word_1_1122' title='bbox 1780 2185 1989 2217; x_wconf 73' lang='lat' dir='ltr'><strong>Ignominiae</strong></span> 
     </span>
     <span class='ocr_line' id='line_1_110' title="bbox 1123 2225 1988 2263; baseline -0.003 -7"><span class='ocrx_word' id='word_1_1123' title='bbox 1123 2231 1125 2253; x_wconf 60' lang='lat' dir='ltr'><strong>t</strong></span> <span class='ocrx_word' id='word_1_1124' title='bbox 1146 2232 1304 2256; x_wconf 81' lang='lat' dir='ltr'><strong>maculam</strong></span> <span class='ocrx_word' id='word_1_1125' title='bbox 1324 2231 1528 2263; x_wconf 73' lang='lat' dir='ltr'><strong>adspergere.</strong></span> <span class='ocrx_word' id='word_1_1126' title='bbox 1564 2226 1582 2253; x_wconf 93' lang='lat' dir='ltr'><strong>l.</strong></span> <span class='ocrx_word' id='word_1_1127' title='bbox 1603 2228 1664 2261; x_wconf 79' lang='lat' dir='ltr'><strong>Sy.</strong></span> <span class='ocrx_word' id='word_1_1128' title='bbox 1690 2226 1760 2252; x_wconf 71' lang='lat' dir='ltr'><strong>luto-r</strong></span> <span class='ocrx_word' id='word_1_1129' title='bbox 1781 2225 1889 2251; x_wconf 77' lang='lat' dir='ltr'><strong>infames</strong></span> <span class='ocrx_word' id='word_1_1130' title='bbox 1909 2226 1988 2255; x_wconf 75' lang='lat' dir='ltr'><strong>effici.</strong></span> 
     </span>
    </p>

    <p class='ocr_par' dir='ltr' id='par_1_36' title="bbox 1124 2268 1989 2598">
     <span class='ocr_line' id='line_1_111' title="bbox 1147 2268 1988 2303; baseline -0.005 -5"><span class='ocrx_word' id='word_1_1131' title='bbox 1147 2282 1168 2298; x_wconf 91' lang='lat' dir='ltr'><strong>s.</strong></span> <span class='ocrx_word' id='word_1_1132' title='bbox 1188 2271 1286 2298; x_wconf 87' lang='lat' dir='ltr'><strong>haberi.</strong></span> <span class='ocrx_word' id='word_1_1133' title='bbox 1315 2271 1415 2298; x_wconf 72' lang='lat' dir='ltr'><strong>Notari.</strong></span> <span class='ocrx_word' id='word_1_1134' title='bbox 1445 2270 1486 2297; x_wconf 90' lang='lat' dir='ltr'><strong>Cf.</strong></span> <span class='ocrx_word' id='word_1_1135' title='bbox 1506 2280 1529 2296; x_wconf 89' lang='lat' dir='ltr'><strong>v.</strong></span> <span class='ocrx_word' id='word_1_1136' title='bbox 1550 2269 1663 2295; x_wconf 85' lang='lat' dir='ltr'><strong>Infamia.</strong></span> <span class='ocrx_word' id='word_1_1137' title='bbox 1683 2269 1703 2302; x_wconf 91' lang='lat'><strong>5.</strong></span> <span class='ocrx_word' id='word_1_1138' title='bbox 1724 2271 1750 2294; x_wconf 84' lang='lat'><strong>2.</strong></span> <span class='ocrx_word' id='word_1_1139' title='bbox 1787 2268 1816 2294; x_wconf 96' lang='lat' dir='ltr'><strong>ll.</strong></span> <span class='ocrx_word' id='word_1_1140' title='bbox 1837 2271 1904 2303; x_wconf 74' lang='grc' dir='ltr'><strong>ΟΡ.</strong></span> <span class='ocrx_word' id='word_1_1141' title='bbox 1924 2269 1988 2296; x_wconf 82' lang='lat' dir='ltr'><strong>Infa-</strong></span> 
     </span>
     <span class='ocr_line' id='line_1_112' title="bbox 1124 2311 1988 2346; baseline -0.003 -5"><span class='ocrx_word' id='word_1_1142' title='bbox 1124 2334 1125 2340; x_wconf 55' lang='grc'>,</span> <span class='ocrx_word' id='word_1_1143' title='bbox 1147 2316 1224 2341; x_wconf 85' lang='lat' dir='ltr'><strong>miam</strong></span> <span class='ocrx_word' id='word_1_1144' title='bbox 1244 2324 1295 2341; x_wconf 90' lang='lat' dir='ltr'><strong>non</strong></span> <span class='ocrx_word' id='word_1_1145' title='bbox 1321 2314 1418 2346; x_wconf 66' lang='lat' dir='ltr'><strong>facore,</strong></span> <span class='ocrx_word' id='word_1_1146' title='bbox 1444 2313 1537 2340; x_wconf 76' lang='lat' dir='ltr'><strong>Famae</strong></span> <span class='ocrx_word' id='word_1_1147' title='bbox 1556 2322 1606 2338; x_wconf 88' lang='lat' dir='ltr'><strong>non</strong></span> <span class='ocrx_word' id='word_1_1148' title='bbox 1627 2312 1735 2343; x_wconf 75' lang='lat' dir='ltr'><strong>obesse.</strong></span> <span class='ocrx_word' id='word_1_1149' title='bbox 1760 2311 1988 2338; x_wconf 82' lang='lat' dir='ltr'><strong>Existiinationem</strong></span> 
     </span>
     <span class='ocr_line' id='line_1_113' title="bbox 1148 2354 1987 2390; baseline -0.005 -5"><span class='ocrx_word' id='word_1_1150' title='bbox 1148 2367 1312 2385; x_wconf 70' lang='lat' dir='ltr'><strong>conservare.</strong></span> <span class='ocrx_word' id='word_1_1151' title='bbox 1335 2357 1364 2383; x_wconf 84' lang='lat' dir='ltr'><strong>fr.</strong></span> <span class='ocrx_word' id='word_1_1152' title='bbox 1383 2359 1407 2382; x_wconf 85' lang='lat'><strong>2.</strong></span> <span class='ocrx_word' id='word_1_1153' title='bbox 1428 2357 1449 2390; x_wconf 88' lang='lat'><strong>5.</strong></span> <span class='ocrx_word' id='word_1_1154' title='bbox 1469 2358 1492 2382; x_wconf 88' lang='lat'><strong>2.</strong></span> <span class='ocrx_word' id='word_1_1155' title='bbox 1513 2355 1542 2381; x_wconf 85' lang='lat' dir='ltr'><strong>fr.</strong></span> <span class='ocrx_word' id='word_1_1156' title='bbox 1564 2356 1602 2381; x_wconf 82' lang='lat'><strong>13.</strong></span> <span class='ocrx_word' id='word_1_1157' title='bbox 1629 2355 1665 2388; x_wconf 88' lang='lat'><strong>55.</strong></span> <span class='ocrx_word' id='word_1_1158' title='bbox 1686 2357 1709 2380; x_wconf 83' lang='grc'><strong>5.</strong></span> <span class='ocrx_word' id='word_1_1159' title='bbox 1731 2356 1752 2380; x_wconf 83' lang='lat'><strong>7.</strong></span> <span class='ocrx_word' id='word_1_1160' title='bbox 1779 2354 1809 2381; x_wconf 86' lang='lat' dir='ltr'><strong>fr.</strong></span> <span class='ocrx_word' id='word_1_1161' title='bbox 1830 2358 1870 2381; x_wconf 88' lang='lat'><strong>22.</strong></span> <span class='ocrx_word' id='word_1_1162' title='bbox 1897 2355 1925 2381; x_wconf 86' lang='lat' dir='ltr'><strong>fr.</strong></span> <span class='ocrx_word' id='word_1_1163' title='bbox 1945 2357 1987 2381; x_wconf 78' lang='lat'><strong>24.</strong></span> 
     </span>
     <span class='ocr_line' id='line_1_114' title="bbox 1148 2396 1989 2436; baseline -0.005 -9"><span class='ocrx_word' id='word_1_1164' title='bbox 1148 2401 1180 2427; x_wconf 81' lang='lat' dir='ltr'><strong>(le</strong></span> <span class='ocrx_word' id='word_1_1165' title='bbox 1200 2400 1224 2426; x_wconf 90' lang='grc' dir='ltr'><strong>1ι.</strong></span> <span class='ocrx_word' id='word_1_1166' title='bbox 1245 2410 1288 2436; x_wconf 85' lang='lat' dir='ltr'><strong>qu.</strong></span> <span class='ocrx_word' id='word_1_1167' title='bbox 1309 2405 1363 2426; x_wconf 80' lang='lat' dir='ltr'><strong>not.</strong></span> <span class='ocrx_word' id='word_1_1168' title='bbox 1383 2399 1469 2426; x_wconf 84' lang='lat' dir='ltr'><strong>infam.</strong></span> <span class='ocrx_word' id='word_1_1169' title='bbox 1487 2400 1510 2424; x_wconf 86' lang='lat'><strong>3.</strong></span> <span class='ocrx_word' id='word_1_1170' title='bbox 1529 2399 1554 2424; x_wconf 87' lang='lat'><strong>2.</strong></span> <span class='ocrx_word' id='word_1_1171' title='bbox 1592 2396 1722 2423; x_wconf 70' lang='lat' dir='ltr'><strong>liunrstm·</strong></span> <span class='ocrx_word' id='word_1_1172' title='bbox 1743 2402 1765 2422; x_wconf 73' lang='lat' dir='ltr'><strong>vt</strong></span> <span class='ocrx_word' id='word_1_1173' title='bbox 1787 2397 1934 2434; x_wconf 74' lang='lat' dir='ltr'><strong>inculpatae</strong></span> <span class='ocrx_word' id='word_1_1174' title='bbox 1953 2399 1989 2424; x_wconf 78' lang='lat' dir='ltr'><strong>vi-</strong></span> 
     </span>
     <span class='ocr_line' id='line_1_115' title="bbox 1150 2440 1987 2477; baseline -0.004 -8"><span class='ocrx_word' id='word_1_1175' title='bbox 1150 2449 1196 2470; x_wconf 77' lang='lat' dir='ltr'><strong>tae.</strong></span> <span class='ocrx_word' id='word_1_1176' title='bbox 1217 2457 1249 2462; x_wconf 83' lang='lat'><em>-</em></span> <span class='ocrx_word' id='word_1_1177' title='bbox 1271 2442 1383 2469; x_wconf 65' lang='lat' dir='ltr'><strong>Nomius</strong></span> <span class='ocrx_word' id='word_1_1178' title='bbox 1402 2446 1428 2467; x_wconf 79' lang='lat' dir='ltr'><strong>et.</strong></span> <span class='ocrx_word' id='word_1_1179' title='bbox 1446 2440 1669 2477; x_wconf 69' lang='lat' dir='ltr'><strong>reprehensibilis.</strong></span> <span class='ocrx_word' id='word_1_1180' title='bbox 1696 2440 1724 2466; x_wconf 76' lang='lat' dir='ltr'><strong>fr.</strong></span> <span class='ocrx_word' id='word_1_1181' title='bbox 1745 2442 1769 2466; x_wconf 86' lang='lat'><strong>3.</strong></span> <span class='ocrx_word' id='word_1_1182' title='bbox 1788 2450 1828 2477; x_wconf 84' lang='lat' dir='ltr'><strong>pr.</strong></span> <span class='ocrx_word' id='word_1_1183' title='bbox 1848 2440 1879 2467; x_wconf 61' lang='lat' dir='ltr'><strong>dt·</strong></span> <span class='ocrx_word' id='word_1_1184' title='bbox 1899 2440 1987 2467; x_wconf 68' lang='lat' dir='ltr'><strong>testib.</strong></span> 
     </span>
     <span class='ocr_line' id='line_1_116' title="bbox 1148 2482 1987 2513; baseline -0.005 -1"><span class='ocrx_word' id='word_1_1185' title='bbox 1148 2489 1189 2513; x_wconf 82' lang='lat'><strong>22.</strong></span> <span class='ocrx_word' id='word_1_1186' title='bbox 1209 2488 1233 2512; x_wconf 83' lang='grc'><strong>5.</strong></span> <span class='ocrx_word' id='word_1_1187' title='bbox 1271 2485 1312 2512; x_wconf 90' lang='grc'>111.</span> <span class='ocrx_word' id='word_1_1188' title='bbox 1327 2486 1393 2512; x_wconf 78' lang='lat' dir='ltr'><strong>Cn.</strong></span> <span class='ocrx_word' id='word_1_1189' title='bbox 1412 2482 1624 2510; x_wconf 61' lang='lat' dir='ltr'><strong>Exin-rodanone</strong></span> <span class='ocrx_word' id='word_1_1190' title='bbox 1644 2484 1734 2510; x_wconf 81' lang='lat' dir='ltr'><strong>notati.</strong></span> <span class='ocrx_word' id='word_1_1191' title='bbox 1755 2488 1780 2509; x_wconf 79' lang='lat' dir='ltr'><strong>ct</strong></span> <span class='ocrx_word' id='word_1_1192' title='bbox 1800 2484 1900 2509; x_wconf 80' lang='lat' dir='ltr'><strong>remoti.</strong></span> <span class='ocrx_word' id='word_1_1193' title='bbox 1922 2482 1951 2509; x_wconf 93' lang='lat' dir='ltr'><strong>fr.</strong></span> <span class='ocrx_word' id='word_1_1194' title='bbox 1965 2485 1987 2508; x_wconf 74' lang='grc'><strong>8.</strong></span> 
     </span>
     <span class='ocr_line' id='line_1_117' title="bbox 1149 2526 1987 2566; baseline -0.005 -11"><span class='ocrx_word' id='word_1_1195' title='bbox 1149 2539 1187 2566; x_wconf 90' lang='lat' dir='ltr'><strong>pr.</strong></span> <span class='ocrx_word' id='word_1_1196' title='bbox 1209 2528 1241 2555; x_wconf 73' lang='lat' dir='ltr'><strong>de</strong></span> <span class='ocrx_word' id='word_1_1197' title='bbox 1255 2528 1285 2554; x_wconf 85' lang='lat' dir='ltr'><strong>B.</strong></span> <span class='ocrx_word' id='word_1_1198' title='bbox 1300 2527 1327 2554; x_wconf 82' lang='lat' dir='ltr'><strong>l&#39;.</strong></span> <span class='ocrx_word' id='word_1_1199' title='bbox 1348 2537 1369 2553; x_wconf 90' lang='lat' dir='ltr'><strong>c.</strong></span> <span class='ocrx_word' id='word_1_1200' title='bbox 1390 2531 1406 2552; x_wconf 89' lang='lat' dir='ltr'><strong>t.</strong></span> <span class='ocrx_word' id='word_1_1201' title='bbox 1421 2528 1461 2552; x_wconf 87' lang='lat'><strong>37.</strong></span> <span class='ocrx_word' id='word_1_1202' title='bbox 1479 2527 1501 2551; x_wconf 73' lang='grc'><strong>4.</strong></span> <span class='ocrx_word' id='word_1_1203' title='bbox 1540 2526 1579 2551; x_wconf 76' lang='lat' dir='ltr'><strong>Ex</strong></span> <span class='ocrx_word' id='word_1_1204' title='bbox 1599 2536 1675 2551; x_wconf 65' lang='lat' dir='ltr'><strong>causa</strong></span> <span class='ocrx_word' id='word_1_1205' title='bbox 1695 2526 1853 2552; x_wconf 67' lang='lat' dir='ltr'><strong>desertionis</strong></span> <span class='ocrx_word' id='word_1_1206' title='bbox 1873 2530 1987 2552; x_wconf 88' lang='lat' dir='ltr'><strong>notatus.</strong></span> 
     </span>
     <span class='ocr_line' id='line_1_118' title="bbox 1127 2564 1988 2598; baseline -0.006 0"><span class='ocrx_word' id='word_1_1207' title='bbox 1127 2564 1129 2570; x_wconf 21' lang='grc' dir='ltr'>λ</span> <span class='ocrx_word' id='word_1_1208' title='bbox 1150 2583 1179 2598; x_wconf 85' lang='lat' dir='ltr'><strong>ac</strong></span> <span class='ocrx_word' id='word_1_1209' title='bbox 1199 2572 1344 2597; x_wconf 83' lang='lat' dir='ltr'><strong>restitutus.</strong></span> <span class='ocrx_word' id='word_1_1210' title='bbox 1366 2569 1395 2595; x_wconf 88' lang='lat' dir='ltr'><strong>fr.</strong></span> <span class='ocrx_word' id='word_1_1211' title='bbox 1417 2571 1455 2594; x_wconf 75' lang='lat'><strong>15.</strong></span> <span class='ocrx_word' id='word_1_1212' title='bbox 1476 2568 1508 2594; x_wconf 70' lang='lat' dir='ltr'><strong>«he</strong></span> <span class='ocrx_word' id='word_1_1213' title='bbox 1528 2568 1604 2594; x_wconf 74' lang='lat' dir='ltr'><strong>li..l1.</strong></span> <span class='ocrx_word' id='word_1_1214' title='bbox 1621 2570 1661 2594; x_wconf 66' lang='lat'><strong>49.</strong></span> <span class='ocrx_word' id='word_1_1215' title='bbox 1684 2570 1722 2594; x_wconf 86' lang='lat'><strong>16.</strong></span> <span class='ocrx_word' id='word_1_1216' title='bbox 1760 2569 1816 2594; x_wconf 79' lang='lat' dir='ltr'><strong>Erit</strong></span> <span class='ocrx_word' id='word_1_1217' title='bbox 1836 2573 1931 2595; x_wconf 74' lang='lat' dir='ltr'><strong>notata.</strong></span> <span class='ocrx_word' id='word_1_1218' title='bbox 1950 2578 1988 2593; x_wconf 67' lang='lat' dir='ltr'><strong>si·-</strong></span> 
     </span>
    </p>

    <p class='ocr_par' dir='ltr' id='par_1_37' title="bbox 1151 2609 1986 2647">
     <span class='ocr_line' id='line_1_119' title="bbox 1151 2609 1986 2647; baseline -0.006 -6"><span class='ocrx_word' id='word_1_1219' title='bbox 1151 2614 1264 2641; x_wconf 86' lang='lat' dir='ltr'><strong>cundum</strong></span> <span class='ocrx_word' id='word_1_1220' title='bbox 1282 2612 1361 2639; x_wconf 76' lang='lat' dir='ltr'><strong>verba</strong></span> <span class='ocrx_word' id='word_1_1221' title='bbox 1381 2612 1453 2647; x_wconf 78' lang='lat' dir='ltr'><strong>legis.</strong></span> <span class='ocrx_word' id='word_1_1222' title='bbox 1478 2611 1507 2637; x_wconf 84' lang='lat' dir='ltr'><strong>fr.</strong></span> <span class='ocrx_word' id='word_1_1223' title='bbox 1527 2613 1568 2637; x_wconf 65' lang='lat'><strong>⁴¹3.</strong></span> <span class='ocrx_word' id='word_1_1224' title='bbox 1594 2612 1676 2645; x_wconf 78' lang='lat'><strong>513.</strong></span> <span class='ocrx_word' id='word_1_1225' title='bbox 1697 2611 1727 2637; x_wconf 85' lang='lat' dir='ltr'><strong>cf.</strong></span> <span class='ocrx_word' id='word_1_1226' title='bbox 1752 2611 1835 2644; x_wconf 77' lang='lat'><strong>512.</strong></span> <span class='ocrx_word' id='word_1_1227' title='bbox 1855 2611 1887 2637; x_wconf 79' lang='lat' dir='ltr'><strong>(le</strong></span> <span class='ocrx_word' id='word_1_1228' title='bbox 1906 2610 1936 2637; x_wconf 80' lang='lat' dir='ltr'><strong>R.</strong></span> <span class='ocrx_word' id='word_1_1229' title='bbox 1956 2609 1986 2636; x_wconf 69' lang='lat' dir='ltr'>N</span> 
     </span>
    </p>

    <p class='ocr_par' dir='ltr' id='par_1_38' title="bbox 1150 2653 1987 2690">
     <span class='ocr_line' id='line_1_120' title="bbox 1150 2653 1987 2690; baseline -0.006 -7"><span class='ocrx_word' id='word_1_1230' title='bbox 1150 2659 1190 2683; x_wconf 77' lang='lat'><strong>23.</strong></span> <span class='ocrx_word' id='word_1_1231' title='bbox 1211 2659 1234 2682; x_wconf 93' lang='lat'><strong>2.</strong></span> <span class='ocrx_word' id='word_1_1232' title='bbox 1273 2656 1343 2690; x_wconf 83' lang='lat' dir='ltr'><strong>Qui.</strong></span> <span class='ocrx_word' id='word_1_1233' title='bbox 1368 2659 1395 2681; x_wconf 88' lang='lat' dir='ltr'><strong>ut</strong></span> <span class='ocrx_word' id='word_1_1234' title='bbox 1417 2654 1540 2685; x_wconf 66' lang='lat' dir='ltr'><strong>infami-s.</strong></span> <span class='ocrx_word' id='word_1_1235' title='bbox 1565 2658 1687 2680; x_wconf 87' lang='lat' dir='ltr'><strong>notantur</strong></span> <span class='ocrx_word' id='word_1_1236' title='bbox 1712 2653 1815 2686; x_wconf 70' lang='lat' dir='ltr'><strong>(edicto</strong></span> <span class='ocrx_word' id='word_1_1237' title='bbox 1835 2653 1987 2683; x_wconf 80' lang='lat' dir='ltr'><strong>Praetoris.)</strong></span> 
     </span>
    </p>

    <p class='ocr_par' dir='ltr' id='par_1_39' title="bbox 1127 2695 1988 2862">
     <span class='ocr_line' id='line_1_121' title="bbox 1152 2695 1986 2734; baseline -0.006 -8"><span class='ocrx_word' id='word_1_1238' title='bbox 1152 2700 1181 2726; x_wconf 85' lang='lat' dir='ltr'><strong>fr.</strong></span> <span class='ocrx_word' id='word_1_1239' title='bbox 1204 2701 1225 2725; x_wconf 93' lang='grc'><strong>1.</strong></span> <span class='ocrx_word' id='word_1_1240' title='bbox 1251 2698 1272 2732; x_wconf 92' lang='lat'><strong>5.</strong></span> <span class='ocrx_word' id='word_1_1241' title='bbox 1292 2700 1315 2723; x_wconf 81' lang='grc'><strong>8.</strong></span> <span class='ocrx_word' id='word_1_1242' title='bbox 1340 2697 1372 2723; x_wconf 84' lang='lat' dir='ltr'><strong>dc</strong></span> <span class='ocrx_word' id='word_1_1243' title='bbox 1396 2696 1492 2734; x_wconf 81' lang='lat' dir='ltr'><strong>postul.</strong></span> <span class='ocrx_word' id='word_1_1244' title='bbox 1512 2699 1536 2723; x_wconf 79' lang='grc'><strong>3.</strong></span> <span class='ocrx_word' id='word_1_1245' title='bbox 1558 2698 1579 2723; x_wconf 95' lang='lat' dir='ltr'><strong>l.</strong></span> <span class='ocrx_word' id='word_1_1246' title='bbox 1617 2696 1758 2731; x_wconf 69' lang='lat' dir='ltr'><strong>Ignominia</strong></span> <span class='ocrx_word' id='word_1_1247' title='bbox 1782 2697 1873 2722; x_wconf 84' lang='lat' dir='ltr'><strong>notari.</strong></span> <span class='ocrx_word' id='word_1_1248' title='bbox 1898 2695 1926 2721; x_wconf 86' lang='lat' dir='ltr'><strong>fr.</strong></span> <span class='ocrx_word' id='word_1_1249' title='bbox 1950 2697 1986 2721; x_wconf 92' lang='lat' dir='ltr'><strong>ll.</strong></span> 
     </span>
     <span class='ocr_line' id='line_1_122' title="bbox 1127 2730 1988 2776; baseline -0.006 -8"><span class='ocrx_word' id='word_1_1250' title='bbox 1127 2730 1129 2749; x_wconf 44' lang='lat' dir='ltr'><strong>i</strong></span> <span class='ocrx_word' id='word_1_1251' title='bbox 1151 2743 1172 2776; x_wconf 89' lang='lat'><strong>5.</strong></span> <span class='ocrx_word' id='word_1_1252' title='bbox 1192 2744 1217 2767; x_wconf 83' lang='grc'><strong>4.</strong></span> <span class='ocrx_word' id='word_1_1253' title='bbox 1238 2740 1270 2767; x_wconf 74' lang='lat' dir='ltr'><strong>de</strong></span> <span class='ocrx_word' id='word_1_1254' title='bbox 1290 2740 1314 2766; x_wconf 84' lang='lat' dir='ltr'><strong>li.</strong></span> <span class='ocrx_word' id='word_1_1255' title='bbox 1335 2750 1376 2776; x_wconf 87' lang='lat' dir='ltr'><strong>qu.</strong></span> <span class='ocrx_word' id='word_1_1256' title='bbox 1398 2745 1450 2766; x_wconf 78' lang='lat' dir='ltr'><strong>not.</strong></span> <span class='ocrx_word' id='word_1_1257' title='bbox 1475 2740 1562 2766; x_wconf 85' lang='lat' dir='ltr'><strong>iufam.</strong></span> <span class='ocrx_word' id='word_1_1258' title='bbox 1582 2741 1606 2765; x_wconf 89' lang='lat'><strong>3.</strong></span> <span class='ocrx_word' id='word_1_1259' title='bbox 1625 2741 1649 2764; x_wconf 83' lang='lat'><strong>2.</strong></span> <span class='ocrx_word' id='word_1_1260' title='bbox 1674 2740 1703 2765; x_wconf 88' lang='lat' dir='ltr'><strong>lr.</strong></span> <span class='ocrx_word' id='word_1_1261' title='bbox 1723 2740 1746 2765; x_wconf 88' lang='lat'><strong>6.</strong></span> <span class='ocrx_word' id='word_1_1262' title='bbox 1771 2740 1792 2773; x_wconf 90' lang='lat'><strong>5.</strong></span> <span class='ocrx_word' id='word_1_1263' title='bbox 1812 2742 1835 2766; x_wconf 84' lang='lat'><strong>3.</strong></span> <span class='ocrx_word' id='word_1_1264' title='bbox 1861 2738 1893 2765; x_wconf 82' lang='lat' dir='ltr'><strong>de</strong></span> <span class='ocrx_word' id='word_1_1265' title='bbox 1912 2738 1988 2764; x_wconf 68' lang='lat' dir='ltr'><strong>decu-</strong></span> 
     </span>
     <span class='ocr_line' id='line_1_123' title="bbox 1127 2777 1986 2819; baseline -0.006 -8"><span class='ocrx_word' id='word_1_1266' title='bbox 1127 2777 1129 2819; x_wconf 64' lang='lat' dir='ltr'><strong>i</strong></span> <span class='ocrx_word' id='word_1_1267' title='bbox 1152 2786 1217 2811; x_wconf 84' lang='lat' dir='ltr'><strong>rion.</strong></span> <span class='ocrx_word' id='word_1_1268' title='bbox 1236 2786 1277 2809; x_wconf 89' lang='lat'><strong>50.</strong></span> <span class='ocrx_word' id='word_1_1269' title='bbox 1297 2785 1320 2809; x_wconf 81' lang='lat'><strong>2.</strong></span> <span class='ocrx_word' id='word_1_1270' title='bbox 1362 2783 1413 2809; x_wconf 70' lang='lat' dir='ltr'><strong>Nec</strong></span> <span class='ocrx_word' id='word_1_1271' title='bbox 1438 2784 1575 2819; x_wconf 79' lang='lat' dir='ltr'><strong>quisquam</strong></span> <span class='ocrx_word' id='word_1_1272' title='bbox 1598 2781 1714 2808; x_wconf 84' lang='lat' dir='ltr'><strong>iudicum</strong></span> <span class='ocrx_word' id='word_1_1273' title='bbox 1738 2782 1862 2808; x_wconf 79' lang='lat' dir='ltr'><strong>calumnia</strong></span> <span class='ocrx_word' id='word_1_1274' title='bbox 1887 2781 1986 2807; x_wconf 82' lang='lat' dir='ltr'><strong>notabit</strong></span> 
     </span>
     <span class='ocr_line' id='line_1_124' title="bbox 1153 2823 1985 2862; baseline -0.006 -9"><span class='ocrx_word' id='word_1_1275' title='bbox 1153 2832 1276 2854; x_wconf 70' lang='lat' dir='ltr'><strong>tutorem.</strong></span> <span class='ocrx_word' id='word_1_1276' title='bbox 1308 2827 1351 2862; x_wconf 88' lang='lat' dir='ltr'><strong>qui</strong></span> <span class='ocrx_word' id='word_1_1277' title='bbox 1377 2831 1424 2851; x_wconf 71' lang='lat' dir='ltr'><strong>vic.</strong></span> <span class='ocrx_word' id='word_1_1278' title='bbox 1451 2826 1480 2852; x_wconf 87' lang='lat' dir='ltr'><strong>fr.</strong></span> <span class='ocrx_word' id='word_1_1279' title='bbox 1500 2828 1542 2852; x_wconf 81' lang='lat'><strong>22.</strong></span> <span class='ocrx_word' id='word_1_1280' title='bbox 1567 2824 1599 2851; x_wconf 78' lang='grc' dir='ltr'><strong>(1(Ι</strong></span> <span class='ocrx_word' id='word_1_1281' title='bbox 1623 2824 1647 2850; x_wconf 83' lang='grc' dir='ltr'><strong>1ι.</strong></span> <span class='ocrx_word' id='word_1_1282' title='bbox 1672 2834 1714 2860; x_wconf 90' lang='lat' dir='ltr'><strong>qu.</strong></span> <span class='ocrx_word' id='word_1_1283' title='bbox 1740 2829 1767 2851; x_wconf 90' lang='lat' dir='ltr'><strong>ut</strong></span> <span class='ocrx_word' id='word_1_1284' title='bbox 1789 2823 1884 2859; x_wconf 69' lang='lat' dir='ltr'><strong>indign.</strong></span> <span class='ocrx_word' id='word_1_1285' title='bbox 1904 2826 1936 2849; x_wconf 77' lang='lat'><strong>31</strong></span> <span class='ocrx_word' id='word_1_1286' title='bbox 1964 2826 1985 2849; x_wconf 67' lang='lat'><strong>9.</strong></span> 
     </span>
    </p>
   </div>
  </div>
 </body>
</html>
