<?xml version="1.0" encoding="UTF-8"?>
<!DOCTYPE html PUBLIC "-//W3C//DTD XHTML 1.0 Transitional//EN"
    "http://www.w3.org/TR/xhtml1/DTD/xhtml1-transitional.dtd">
<html xmlns="http://www.w3.org/1999/xhtml" xml:lang="en" lang="en">
 <head>
  <title>
</title>
<meta http-equiv="Content-Type" content="text/html;charset=utf-8" />
  <meta name='ocr-system' content='tesseract 3.04.00' />
  <meta name='ocr-capabilities' content='ocr_page ocr_carea ocr_par ocr_line ocrx_word'/>
</head>
<body>
  <div class='ocr_page' id='page_1' title='image "./manualelatinitat00dirk_0953.png"; bbox 0 0 2197 3121; ppageno 0'>
   <div class='ocr_carea' id='block_1_1' title="bbox 939 156 1189 193">
    <p class='ocr_par' dir='ltr' id='par_1_1' title="bbox 939 156 1189 193">
     <span class='ocr_line' id='line_1_1' title="bbox 939 156 1189 193; baseline 0.004 -1"><span class='ocrx_word' id='word_1_1' title='bbox 939 156 1026 192; x_wconf 88' lang='lat' dir='ltr'>SUU</span> <span class='ocrx_word' id='word_1_2' title='bbox 1040 180 1078 185; x_wconf 90' lang='lat'><strong>—</strong></span> <span class='ocrx_word' id='word_1_3' title='bbox 1092 161 1189 193; x_wconf 72' lang='lat' dir='ltr'>SYM.</span> 
     </span>
    </p>
   </div>
   <div class='ocr_carea' id='block_1_2' title="bbox 199 242 1067 2846">
    <p class='ocr_par' dir='ltr' id='par_1_2' title="bbox 201 242 1067 1306">
     <span class='ocr_line' id='line_1_2' title="bbox 201 242 1067 281; baseline -0.003 -10"><span class='ocrx_word' id='word_1_4' title='bbox 201 245 310 281; x_wconf 85' lang='lat' dir='ltr'>cipatuS.</span> <span class='ocrx_word' id='word_1_5' title='bbox 332 243 374 271; x_wconf 88' lang='lat' dir='ltr'>Cf.</span> <span class='ocrx_word' id='word_1_6' title='bbox 393 253 418 270; x_wconf 84' lang='lat' dir='ltr'>v.</span> <span class='ocrx_word' id='word_1_7' title='bbox 437 243 615 280; x_wconf 80' lang='lat' dir='ltr'>Emancipare.</span> <span class='ocrx_word' id='word_1_8' title='bbox 652 242 810 270; x_wconf 77' lang='lat' dir='ltr'>Extraneus.</span> <span class='ocrx_word' id='word_1_9' title='bbox 832 242 872 269; x_wconf 83' lang='lat' dir='ltr'>Cf.</span> <span class='ocrx_word' id='word_1_10' title='bbox 894 242 918 268; x_wconf 92' lang='lat' dir='ltr'>h.</span> <span class='ocrx_word' id='word_1_11' title='bbox 938 253 962 269; x_wconf 86' lang='lat' dir='ltr'>v.</span> <span class='ocrx_word' id='word_1_12' title='bbox 983 243 1005 277; x_wconf 90' lang='lat'>3.</span> <span class='ocrx_word' id='word_1_13' title='bbox 1019 244 1043 269; x_wconf 87' lang='grc'>3.</span> <span class='ocrx_word' id='word_1_14' title='bbox 1066 245 1067 263; x_wconf 73' lang='lat'>1</span> 
     </span>
     <span class='ocr_line' id='line_1_3' title="bbox 201 285 1067 322; baseline -0.001 -9"><span class='ocrx_word' id='word_1_15' title='bbox 201 286 244 313; x_wconf 90' lang='grc'>111.</span> <span class='ocrx_word' id='word_1_16' title='bbox 266 288 331 315; x_wconf 76' lang='lat' dir='ltr'>Cn.</span> <span class='ocrx_word' id='word_1_17' title='bbox 357 286 404 313; x_wconf 93' lang='lat' dir='ltr'>Sui</span> <span class='ocrx_word' id='word_1_18' title='bbox 431 286 542 313; x_wconf 86' lang='lat' dir='ltr'>heredes</span> <span class='ocrx_word' id='word_1_19' title='bbox 567 290 628 312; x_wconf 88' lang='lat' dir='ltr'>sunt</span> <span class='ocrx_word' id='word_1_20' title='bbox 651 285 741 313; x_wconf 86' lang='lat' dir='ltr'>liberi.</span> <span class='ocrx_word' id='word_1_21' title='bbox 770 295 837 322; x_wconf 91' lang='lat' dir='ltr'>quos</span> <span class='ocrx_word' id='word_1_22' title='bbox 863 286 888 311; x_wconf 92' lang='lat' dir='ltr'>in</span> <span class='ocrx_word' id='word_1_23' title='bbox 913 290 1044 322; x_wconf 78' lang='lat' dir='ltr'>potestate</span> <span class='ocrx_word' id='word_1_24' title='bbox 1066 319 1067 322; x_wconf 13' lang='grc' dir='ltr'><strong>Ἴ</strong></span> 
     </span>
     <span class='ocr_line' id='line_1_4' title="bbox 201 327 1067 365; baseline -0.001 -9"><span class='ocrx_word' id='word_1_25' title='bbox 201 330 337 361; x_wconf 75' lang='lat' dir='ltr'>habemus,</span> <span class='ocrx_word' id='word_1_26' title='bbox 358 346 387 349; x_wconf 97' lang='lat'><strong>—</strong></span> <span class='ocrx_word' id='word_1_27' title='bbox 408 330 470 355; x_wconf 84' lang='lat' dir='ltr'>item</span> <span class='ocrx_word' id='word_1_28' title='bbox 491 338 565 359; x_wconf 82' lang='lat' dir='ltr'>uxor,</span> <span class='ocrx_word' id='word_1_29' title='bbox 585 338 650 365; x_wconf 86' lang='lat' dir='ltr'>quae.</span> <span class='ocrx_word' id='word_1_30' title='bbox 670 330 695 354; x_wconf 92' lang='lat' dir='ltr'>in</span> <span class='ocrx_word' id='word_1_31' title='bbox 715 339 790 355; x_wconf 87' lang='lat' dir='ltr'>manu</span> <span class='ocrx_word' id='word_1_32' title='bbox 811 333 858 354; x_wconf 79' lang='lat' dir='ltr'>est.</span> <span class='ocrx_word' id='word_1_33' title='bbox 880 327 939 365; x_wconf 71' lang='lat' dir='ltr'>le.</span> <span class='ocrx_word' id='word_1_34' title='bbox 959 328 1043 355; x_wconf 84' lang='lat' dir='ltr'>XXII.</span> <span class='ocrx_word' id='word_1_35' title='bbox 1066 359 1067 363; x_wconf 17' lang='grc' dir='ltr'><strong>Ἰ</strong></span> 
     </span>
     <span class='ocr_line' id='line_1_5' title="bbox 204 370 1044 407; baseline -0.001 -9"><span class='ocrx_word' id='word_1_36' title='bbox 204 374 243 399; x_wconf 84' lang='lat'>14.</span> <span class='ocrx_word' id='word_1_37' title='bbox 262 372 360 399; x_wconf 83' lang='lat' dir='ltr'>XXIX.</span> <span class='ocrx_word' id='word_1_38' title='bbox 376 374 398 398; x_wconf 93' lang='lat'>1.</span> <span class='ocrx_word' id='word_1_39' title='bbox 419 371 474 398; x_wconf 85' lang='lat' dir='ltr'>Gai.</span> <span class='ocrx_word' id='word_1_40' title='bbox 489 371 531 398; x_wconf 92' lang='grc'>111.</span> <span class='ocrx_word' id='word_1_41' title='bbox 546 373 569 397; x_wconf 86' lang='grc'>2.</span> <span class='ocrx_word' id='word_1_42' title='bbox 590 381 627 407; x_wconf 92' lang='lat' dir='ltr'>sq.</span> <span class='ocrx_word' id='word_1_43' title='bbox 648 374 688 397; x_wconf 89' lang='lat'>40.</span> <span class='ocrx_word' id='word_1_44' title='bbox 709 381 748 407; x_wconf 87' lang='lat' dir='ltr'>sq.</span> <span class='ocrx_word' id='word_1_45' title='bbox 786 370 899 397; x_wconf 86' lang='lat' dir='ltr'>Suorum</span> <span class='ocrx_word' id='word_1_46' title='bbox 920 371 1044 398; x_wconf 77' lang='lat' dir='ltr'>heredum</span> 
     </span>
     <span class='ocr_line' id='line_1_6' title="bbox 202 413 1044 452; baseline -0.001 -11"><span class='ocrx_word' id='word_1_47' title='bbox 202 425 310 441; x_wconf 89' lang='lat' dir='ltr'>numero</span> <span class='ocrx_word' id='word_1_48' title='bbox 330 419 391 441; x_wconf 84' lang='lat' dir='ltr'>sunt</span> <span class='ocrx_word' id='word_1_49' title='bbox 410 414 544 452; x_wconf 79' lang='lat' dir='ltr'><strong>posthumi</strong></span> <span class='ocrx_word' id='word_1_50' title='bbox 565 413 650 445; x_wconf 76' lang='lat' dir='ltr'>liberi,</span> <span class='ocrx_word' id='word_1_51' title='bbox 672 430 701 433; x_wconf 89' lang='lat'><strong>—</strong></span> <span class='ocrx_word' id='word_1_52' title='bbox 722 415 745 440; x_wconf 91' lang='lat' dir='ltr'>si</span> <span class='ocrx_word' id='word_1_53' title='bbox 765 413 830 440; x_wconf 85' lang='lat' dir='ltr'>tales</span> <span class='ocrx_word' id='word_1_54' title='bbox 849 419 923 440; x_wconf 85' lang='lat' dir='ltr'>sunt.</span> <span class='ocrx_word' id='word_1_55' title='bbox 944 419 972 440; x_wconf 85' lang='lat' dir='ltr'>ut</span> <span class='ocrx_word' id='word_1_56' title='bbox 991 415 1044 440; x_wconf 90' lang='lat' dir='ltr'>nati</span> 
     </span>
     <span class='ocr_line' id='line_1_7' title="bbox 202 455 1043 495; baseline -0.001 -11"><span class='ocrx_word' id='word_1_57' title='bbox 202 459 230 484; x_wconf 90' lang='lat' dir='ltr'>iu</span> <span class='ocrx_word' id='word_1_58' title='bbox 248 462 380 495; x_wconf 78' lang='lat' dir='ltr'><strong>potestate</strong></span> <span class='ocrx_word' id='word_1_59' title='bbox 399 462 488 483; x_wconf 83' lang='lat' dir='ltr'>nostra</span> <span class='ocrx_word' id='word_1_60' title='bbox 508 456 588 483; x_wconf 80' lang='lat' dir='ltr'>futuri</span> <span class='ocrx_word' id='word_1_61' title='bbox 608 458 669 483; x_wconf 79' lang='lat' dir='ltr'>sint.</span> <span class='ocrx_word' id='word_1_62' title='bbox 689 455 750 493; x_wconf 62' lang='lat' dir='ltr'>le.</span> <span class='ocrx_word' id='word_1_63' title='bbox 770 456 852 483; x_wconf 81' lang='lat' dir='ltr'>XXII.</span> <span class='ocrx_word' id='word_1_64' title='bbox 874 459 912 482; x_wconf 98' lang='lat'>15.</span> <span class='ocrx_word' id='word_1_65' title='bbox 936 457 992 483; x_wconf 90' lang='lat' dir='ltr'>Gai.</span> <span class='ocrx_word' id='word_1_66' title='bbox 1012 457 1043 483; x_wconf 93' lang='lat' dir='ltr'>II.</span> 
     </span>
     <span class='ocr_line' id='line_1_8' title="bbox 201 499 1044 535; baseline -0.001 -9"><span class='ocrx_word' id='word_1_67' title='bbox 201 502 261 527; x_wconf 82' lang='grc'>241.</span> <span class='ocrx_word' id='word_1_68' title='bbox 282 511 302 526; x_wconf 79' lang='lat' dir='ltr'>c.</span> <span class='ocrx_word' id='word_1_69' title='bbox 324 502 363 526; x_wconf 93' lang='lat'>11.</span> <span class='ocrx_word' id='word_1_70' title='bbox 388 499 420 526; x_wconf 80' lang='lat' dir='ltr'>de</span> <span class='ocrx_word' id='word_1_71' title='bbox 444 499 530 526; x_wconf 81' lang='lat' dir='ltr'>collat.</span> <span class='ocrx_word' id='word_1_72' title='bbox 550 501 574 525; x_wconf 89' lang='grc'>6.</span> <span class='ocrx_word' id='word_1_73' title='bbox 593 501 635 526; x_wconf 89' lang='lat'>20.</span> <span class='ocrx_word' id='word_1_74' title='bbox 672 499 848 535; x_wconf 73' lang='lat' dir='ltr'>Adgnascitur</span> <span class='ocrx_word' id='word_1_75' title='bbox 871 509 934 525; x_wconf 90' lang='lat' dir='ltr'>suus</span> <span class='ocrx_word' id='word_1_76' title='bbox 959 499 1044 531; x_wconf 85' lang='lat' dir='ltr'>heres,</span> 
     </span>
     <span class='ocr_line' id='line_1_9' title="bbox 202 540 1066 579; baseline 0 -10"><span class='ocrx_word' id='word_1_77' title='bbox 202 548 246 569; x_wconf 85' lang='lat' dir='ltr'>aut</span> <span class='ocrx_word' id='word_1_78' title='bbox 265 542 457 579; x_wconf 79' lang='lat' dir='ltr'>adgnascendo,</span> <span class='ocrx_word' id='word_1_79' title='bbox 477 547 520 568; x_wconf 90' lang='lat' dir='ltr'>aut</span> <span class='ocrx_word' id='word_1_80' title='bbox 539 542 702 579; x_wconf 84' lang='lat' dir='ltr'>adoptando.</span> <span class='ocrx_word' id='word_1_81' title='bbox 723 547 766 568; x_wconf 86' lang='lat' dir='ltr'>ant</span> <span class='ocrx_word' id='word_1_82' title='bbox 785 543 810 568; x_wconf 91' lang='lat' dir='ltr'>in</span> <span class='ocrx_word' id='word_1_83' title='bbox 829 552 932 568; x_wconf 87' lang='lat' dir='ltr'>manum</span> <span class='ocrx_word' id='word_1_84' title='bbox 952 553 1044 569; x_wconf 81' lang='lat' dir='ltr'>eonve—</span> <span class='ocrx_word' id='word_1_85' title='bbox 1065 540 1066 544; x_wconf 39' lang='lat'>¹</span> 
     </span>
     <span class='ocr_line' id='line_1_10' title="bbox 202 584 1042 622; baseline 0 -11"><span class='ocrx_word' id='word_1_86' title='bbox 202 585 313 618; x_wconf 85' lang='lat' dir='ltr'>niendo,</span> <span class='ocrx_word' id='word_1_87' title='bbox 342 590 385 612; x_wconf 82' lang='lat' dir='ltr'>aut</span> <span class='ocrx_word' id='word_1_88' title='bbox 410 586 436 611; x_wconf 90' lang='lat' dir='ltr'>in</span> <span class='ocrx_word' id='word_1_89' title='bbox 465 584 552 611; x_wconf 88' lang='lat' dir='ltr'>Iocum</span> <span class='ocrx_word' id='word_1_90' title='bbox 577 586 617 612; x_wconf 87' lang='lat' dir='ltr'>sui</span> <span class='ocrx_word' id='word_1_91' title='bbox 647 584 751 611; x_wconf 88' lang='lat' dir='ltr'>heredis</span> <span class='ocrx_word' id='word_1_92' title='bbox 776 584 952 612; x_wconf 77' lang='lat' dir='ltr'>succedendo.</span> <span class='ocrx_word' id='word_1_93' title='bbox 981 585 1042 622; x_wconf 84' lang='lat' dir='ltr'>le.</span> 
     </span>
     <span class='ocr_line' id='line_1_11' title="bbox 202 627 1042 664; baseline 0.001 -10"><span class='ocrx_word' id='word_1_94' title='bbox 202 627 297 654; x_wconf 86' lang='lat' dir='ltr'>XXIII.</span> <span class='ocrx_word' id='word_1_95' title='bbox 316 629 340 654; x_wconf 82' lang='lat'>3.</span> <span class='ocrx_word' id='word_1_96' title='bbox 360 627 458 654; x_wconf 83' lang='lat' dir='ltr'>XXVI.</span> <span class='ocrx_word' id='word_1_97' title='bbox 477 630 501 654; x_wconf 87' lang='grc'>3.</span> <span class='ocrx_word' id='word_1_98' title='bbox 522 627 552 654; x_wconf 79' lang='lat' dir='ltr'>fr.</span> <span class='ocrx_word' id='word_1_99' title='bbox 575 630 613 654; x_wconf 83' lang='grc'>13.</span> <span class='ocrx_word' id='word_1_100' title='bbox 634 627 666 654; x_wconf 79' lang='lat' dir='ltr'>de</span> <span class='ocrx_word' id='word_1_101' title='bbox 685 629 783 654; x_wconf 88' lang='lat' dir='ltr'>iniusto</span> <span class='ocrx_word' id='word_1_102' title='bbox 802 632 870 664; x_wconf 87' lang='lat' dir='ltr'>rupt.</span> <span class='ocrx_word' id='word_1_103' title='bbox 885 631 926 654; x_wconf 69' lang='grc'>25.</span> <span class='ocrx_word' id='word_1_104' title='bbox 940 630 964 655; x_wconf 87' lang='lat'>3.</span> <span class='ocrx_word' id='word_1_105' title='bbox 985 628 1042 655; x_wconf 90' lang='lat' dir='ltr'>Gai.</span> 
     </span>
     <span class='ocr_line' id='line_1_12' title="bbox 202 670 1042 707; baseline 0.001 -11"><span class='ocrx_word' id='word_1_106' title='bbox 202 670 234 696; x_wconf 90' lang='lat' dir='ltr'>II.</span> <span class='ocrx_word' id='word_1_107' title='bbox 256 671 312 697; x_wconf 78' lang='lat'>138.</span> <span class='ocrx_word' id='word_1_108' title='bbox 350 670 431 697; x_wconf 80' lang='lat' dir='ltr'>Filiae</span> <span class='ocrx_word' id='word_1_109' title='bbox 451 670 510 696; x_wconf 90' lang='lat' dir='ltr'>Ioco</span> <span class='ocrx_word' id='word_1_110' title='bbox 530 680 589 696; x_wconf 86' lang='lat' dir='ltr'>esse</span> <span class='ocrx_word' id='word_1_111' title='bbox 608 671 709 707; x_wconf 80' lang='lat' dir='ltr'>incipit,</span> <span class='ocrx_word' id='word_1_112' title='bbox 729 674 754 696; x_wconf 80' lang='lat' dir='ltr'>et</span> <span class='ocrx_word' id='word_1_113' title='bbox 772 671 846 705; x_wconf 85' lang='lat' dir='ltr'>quasi</span> <span class='ocrx_word' id='word_1_114' title='bbox 865 680 910 697; x_wconf 85' lang='lat' dir='ltr'>sua</span> <span class='ocrx_word' id='word_1_115' title='bbox 931 676 977 697; x_wconf 89' lang='lat' dir='ltr'>est.</span> <span class='ocrx_word' id='word_1_116' title='bbox 1006 671 1042 698; x_wconf 88' lang='lat' dir='ltr'>ld.</span> 
     </span>
     <span class='ocr_line' id='line_1_13' title="bbox 201 712 1043 749; baseline 0.002 -10"><span class='ocrx_word' id='word_1_117' title='bbox 201 712 232 739; x_wconf 89' lang='grc'>11.</span> <span class='ocrx_word' id='word_1_118' title='bbox 249 714 306 740; x_wconf 89' lang='grc'>139.</span> <span class='ocrx_word' id='word_1_119' title='bbox 326 713 357 740; x_wconf 86' lang='lat' dir='ltr'>cf.</span> <span class='ocrx_word' id='word_1_120' title='bbox 378 713 421 739; x_wconf 93' lang='grc'>111.</span> <span class='ocrx_word' id='word_1_121' title='bbox 440 715 464 739; x_wconf 85' lang='grc'>3.</span> <span class='ocrx_word' id='word_1_122' title='bbox 485 715 526 739; x_wconf 86' lang='grc'>40.</span> <span class='ocrx_word' id='word_1_123' title='bbox 565 713 594 739; x_wconf 86' lang='grc'>81</span> <span class='ocrx_word' id='word_1_124' title='bbox 615 714 673 749; x_wconf 85' lang='lat' dir='ltr'>quis</span> <span class='ocrx_word' id='word_1_125' title='bbox 693 722 724 738; x_wconf 77' lang='lat' dir='ltr'>ex</span> <span class='ocrx_word' id='word_1_126' title='bbox 743 713 798 738; x_wconf 88' lang='lat' dir='ltr'>suis</span> <span class='ocrx_word' id='word_1_127' title='bbox 818 712 960 740; x_wconf 76' lang='lat' dir='ltr'>heredibus</span> <span class='ocrx_word' id='word_1_128' title='bbox 980 725 1043 741; x_wconf 86' lang='lat' dir='ltr'>suus</span> 
     </span>
     <span class='ocr_line' id='line_1_14' title="bbox 203 754 1041 794; baseline 0.002 -13"><span class='ocrx_word' id='word_1_129' title='bbox 203 755 279 782; x_wconf 82' lang='lat' dir='ltr'>heres</span> <span class='ocrx_word' id='word_1_130' title='bbox 299 766 358 782; x_wconf 79' lang='lat' dir='ltr'>esse</span> <span class='ocrx_word' id='word_1_131' title='bbox 377 755 493 782; x_wconf 72' lang='lat' dir='ltr'>desierit.</span> <span class='ocrx_word' id='word_1_132' title='bbox 514 756 543 782; x_wconf 81' lang='lat' dir='ltr'>fr.</span> <span class='ocrx_word' id='word_1_133' title='bbox 558 757 600 782; x_wconf 89' lang='lat'>29.</span> <span class='ocrx_word' id='word_1_134' title='bbox 620 756 656 789; x_wconf 84' lang='lat'>33.</span> <span class='ocrx_word' id='word_1_135' title='bbox 675 756 714 780; x_wconf 80' lang='lat'>13.</span> <span class='ocrx_word' id='word_1_136' title='bbox 734 764 773 791; x_wconf 77' lang='lat' dir='ltr'>sq.</span> <span class='ocrx_word' id='word_1_137' title='bbox 794 754 826 781; x_wconf 78' lang='lat' dir='ltr'>de</span> <span class='ocrx_word' id='word_1_138' title='bbox 846 755 889 782; x_wconf 91' lang='lat' dir='ltr'>lib.</span> <span class='ocrx_word' id='word_1_139' title='bbox 910 762 935 783; x_wconf 76' lang='lat' dir='ltr'>et</span> <span class='ocrx_word' id='word_1_140' title='bbox 954 757 1041 794; x_wconf 83' lang='lat' dir='ltr'>posth.</span> 
     </span>
     <span class='ocr_line' id='line_1_15' title="bbox 201 796 1043 836; baseline 0.001 -12"><span class='ocrx_word' id='word_1_141' title='bbox 201 798 243 824; x_wconf 86' lang='grc'>28.</span> <span class='ocrx_word' id='word_1_142' title='bbox 263 800 286 824; x_wconf 91' lang='grc'>2.</span> <span class='ocrx_word' id='word_1_143' title='bbox 313 798 370 825; x_wconf 82' lang='lat' dir='ltr'>Gai.</span> <span class='ocrx_word' id='word_1_144' title='bbox 390 798 420 825; x_wconf 92' lang='grc'>11.</span> <span class='ocrx_word' id='word_1_145' title='bbox 443 800 498 825; x_wconf 83' lang='grc'>156.</span> <span class='ocrx_word' id='word_1_146' title='bbox 523 798 565 824; x_wconf 93' lang='lat' dir='ltr'>III.</span> <span class='ocrx_word' id='word_1_147' title='bbox 588 800 626 824; x_wconf 89' lang='grc'>19.</span> <span class='ocrx_word' id='word_1_148' title='bbox 662 796 737 823; x_wconf 85' lang='lat' dir='ltr'>Licet</span> <span class='ocrx_word' id='word_1_149' title='bbox 761 808 812 824; x_wconf 87' lang='lat' dir='ltr'>non</span> <span class='ocrx_word' id='word_1_150' title='bbox 838 798 933 825; x_wconf 75' lang='lat' dir='ltr'>fuerint</span> <span class='ocrx_word' id='word_1_151' title='bbox 952 800 978 825; x_wconf 93' lang='lat' dir='ltr'>in</span> <span class='ocrx_word' id='word_1_152' title='bbox 998 809 1043 836; x_wconf 86' lang='lat' dir='ltr'>po-</span> 
     </span>
     <span class='ocr_line' id='line_1_16' title="bbox 202 839 1065 878; baseline -0.001 -11"><span class='ocrx_word' id='word_1_153' title='bbox 202 845 313 873; x_wconf 64' lang='lat' dir='ltr'>testate,</span> <span class='ocrx_word' id='word_1_154' title='bbox 337 843 379 868; x_wconf 85' lang='lat' dir='ltr'>sui</span> <span class='ocrx_word' id='word_1_155' title='bbox 397 847 482 868; x_wconf 78' lang='lat' dir='ltr'>tamen</span> <span class='ocrx_word' id='word_1_156' title='bbox 502 842 570 878; x_wconf 83' lang='lat' dir='ltr'>patri</span> <span class='ocrx_word' id='word_1_157' title='bbox 589 839 699 867; x_wconf 76' lang='lat' dir='ltr'>heredes</span> <span class='ocrx_word' id='word_1_158' title='bbox 719 840 876 867; x_wconf 82' lang='lat' dir='ltr'>efficiuntur.</span> <span class='ocrx_word' id='word_1_159' title='bbox 906 841 977 868; x_wconf 84' lang='lat' dir='ltr'>Paul.</span> <span class='ocrx_word' id='word_1_160' title='bbox 997 841 1041 868; x_wconf 69' lang='lat' dir='ltr'>IV.</span> <span class='ocrx_word' id='word_1_161' title='bbox 1063 847 1065 866; x_wconf 76' lang='grc'>1</span> 
     </span>
     <span class='ocr_line' id='line_1_17' title="bbox 201 883 1042 917; baseline 0 -7"><span class='ocrx_word' id='word_1_162' title='bbox 201 885 226 910; x_wconf 85' lang='grc'>8.</span> <span class='ocrx_word' id='word_1_163' title='bbox 245 884 267 917; x_wconf 85' lang='lat'>3.</span> <span class='ocrx_word' id='word_1_164' title='bbox 288 885 310 910; x_wconf 89' lang='lat'>7.</span> <span class='ocrx_word' id='word_1_165' title='bbox 348 884 377 910; x_wconf 86' lang='lat' dir='ltr'>Si</span> <span class='ocrx_word' id='word_1_166' title='bbox 397 886 521 911; x_wconf 84' lang='lat' dir='ltr'>intestato</span> <span class='ocrx_word' id='word_1_167' title='bbox 541 885 665 913; x_wconf 82' lang='lat' dir='ltr'>moritur,</span> <span class='ocrx_word' id='word_1_168' title='bbox 692 883 733 909; x_wconf 87' lang='lat' dir='ltr'>cui</span> <span class='ocrx_word' id='word_1_169' title='bbox 753 892 816 909; x_wconf 87' lang='lat' dir='ltr'>suus</span> <span class='ocrx_word' id='word_1_170' title='bbox 837 883 913 910; x_wconf 82' lang='lat' dir='ltr'>heres</span> <span class='ocrx_word' id='word_1_171' title='bbox 933 894 981 910; x_wconf 90' lang='lat' dir='ltr'>nec</span> <span class='ocrx_word' id='word_1_172' title='bbox 999 886 1042 915; x_wconf 79' lang='lat' dir='ltr'>sit,</span> 
     </span>
     <span class='ocr_line' id='line_1_18' title="bbox 202 925 1041 964; baseline 0.001 -12"><span class='ocrx_word' id='word_1_173' title='bbox 202 926 328 962; x_wconf 77' lang='lat' dir='ltr'>adgnatus</span> <span class='ocrx_word' id='word_1_174' title='bbox 355 929 492 964; x_wconf 81' lang='lat' dir='ltr'>proximus</span> <span class='ocrx_word' id='word_1_175' title='bbox 521 925 641 953; x_wconf 84' lang='lat' dir='ltr'>familiam</span> <span class='ocrx_word' id='word_1_176' title='bbox 671 925 774 952; x_wconf 78' lang='lat' dir='ltr'>habeto.</span> <span class='ocrx_word' id='word_1_177' title='bbox 808 925 868 963; x_wconf 87' lang='lat' dir='ltr'>le.</span> <span class='ocrx_word' id='word_1_178' title='bbox 895 926 991 953; x_wconf 66' lang='lat' dir='ltr'>XXVI.</span> <span class='ocrx_word' id='word_1_179' title='bbox 1019 929 1041 953; x_wconf 92' lang='lat' dir='ltr'>l.</span> 
     </span>
     <span class='ocr_line' id='line_1_19' title="bbox 203 968 1042 1007; baseline 0.001 -12"><span class='ocrx_word' id='word_1_180' title='bbox 203 968 260 995; x_wconf 86' lang='lat' dir='ltr'>Gai.</span> <span class='ocrx_word' id='word_1_181' title='bbox 280 969 322 996; x_wconf 88' lang='lat' dir='ltr'>III.</span> <span class='ocrx_word' id='word_1_182' title='bbox 344 972 366 995; x_wconf 96' lang='grc'>1.</span> <span class='ocrx_word' id='word_1_183' title='bbox 387 980 445 1007; x_wconf 89' lang='lat' dir='ltr'>sqq.</span> <span class='ocrx_word' id='word_1_184' title='bbox 465 972 506 996; x_wconf 86' lang='lat'>27.</span> <span class='ocrx_word' id='word_1_185' title='bbox 525 971 566 995; x_wconf 86' lang='lat'>29.</span> <span class='ocrx_word' id='word_1_186' title='bbox 585 970 628 995; x_wconf 83' lang='lat'>37.</span> <span class='ocrx_word' id='word_1_187' title='bbox 649 968 719 995; x_wconf 80' lang='lat' dir='ltr'>Paul.</span> <span class='ocrx_word' id='word_1_188' title='bbox 740 968 782 995; x_wconf 81' lang='lat' dir='ltr'>IV.</span> <span class='ocrx_word' id='word_1_189' title='bbox 802 972 825 995; x_wconf 66' lang='grc' dir='ltr'>ὃ.</span> <span class='ocrx_word' id='word_1_190' title='bbox 846 970 883 1003; x_wconf 84' lang='lat'>33.</span> <span class='ocrx_word' id='word_1_191' title='bbox 903 971 926 996; x_wconf 87' lang='lat'>3.</span> <span class='ocrx_word' id='word_1_192' title='bbox 949 972 987 996; x_wconf 90' lang='grc'>13.</span> <span class='ocrx_word' id='word_1_193' title='bbox 1013 969 1042 996; x_wconf 85' lang='grc'>81</span> 
     </span>
     <span class='ocr_line' id='line_1_20' title="bbox 203 1011 1065 1049; baseline 0 -10"><span class='ocrx_word' id='word_1_194' title='bbox 203 1013 227 1039; x_wconf 84' lang='lat' dir='ltr'>ei</span> <span class='ocrx_word' id='word_1_195' title='bbox 245 1012 301 1039; x_wconf 83' lang='lat' dir='ltr'>filio</span> <span class='ocrx_word' id='word_1_196' title='bbox 321 1023 406 1049; x_wconf 86' lang='lat' dir='ltr'>neque</span> <span class='ocrx_word' id='word_1_197' title='bbox 426 1022 488 1039; x_wconf 89' lang='lat' dir='ltr'>suus</span> <span class='ocrx_word' id='word_1_198' title='bbox 508 1011 584 1038; x_wconf 77' lang='lat' dir='ltr'>heres</span> <span class='ocrx_word' id='word_1_199' title='bbox 604 1012 647 1042; x_wconf 83' lang='lat' dir='ltr'>sit,</span> <span class='ocrx_word' id='word_1_200' title='bbox 667 1012 744 1048; x_wconf 77' lang='lat' dir='ltr'>quive</span> <span class='ocrx_word' id='word_1_201' title='bbox 763 1012 831 1038; x_wconf 77' lang='lat' dir='ltr'>inter</span> <span class='ocrx_word' id='word_1_202' title='bbox 849 1022 913 1038; x_wconf 86' lang='lat' dir='ltr'>suos</span> <span class='ocrx_word' id='word_1_203' title='bbox 932 1013 1043 1039; x_wconf 86' lang='lat' dir='ltr'>heredes</span> <span class='ocrx_word' id='word_1_204' title='bbox 1064 1022 1065 1026; x_wconf 62' lang='lat'>¹</span> 
     </span>
     <span class='ocr_line' id='line_1_21' title="bbox 202 1052 1065 1091; baseline 0.001 -10"><span class='ocrx_word' id='word_1_205' title='bbox 202 1054 235 1081; x_wconf 86' lang='lat' dir='ltr'>ad</span> <span class='ocrx_word' id='word_1_206' title='bbox 254 1055 283 1081; x_wconf 89' lang='grc' dir='ltr'>Β.</span> <span class='ocrx_word' id='word_1_207' title='bbox 304 1054 384 1081; x_wconf 83' lang='lat' dir='ltr'>Pnetn</span> <span class='ocrx_word' id='word_1_208' title='bbox 408 1066 421 1081; x_wconf 90' lang='lat' dir='ltr'>a</span> <span class='ocrx_word' id='word_1_209' title='bbox 444 1054 568 1081; x_wconf 84' lang='lat' dir='ltr'>Praetore</span> <span class='ocrx_word' id='word_1_210' title='bbox 593 1059 708 1081; x_wconf 83' lang='lat' dir='ltr'>vocatur.</span> <span class='ocrx_word' id='word_1_211' title='bbox 740 1054 798 1091; x_wconf 60' lang='lat' dir='ltr'>le.</span> <span class='ocrx_word' id='word_1_212' title='bbox 818 1054 915 1081; x_wconf 80' lang='lat' dir='ltr'>XXVI.</span> <span class='ocrx_word' id='word_1_213' title='bbox 934 1056 958 1081; x_wconf 77' lang='lat'>8.</span> <span class='ocrx_word' id='word_1_214' title='bbox 996 1056 1043 1082; x_wconf 83' lang='lat' dir='ltr'>Sui</span> <span class='ocrx_word' id='word_1_215' title='bbox 1064 1052 1065 1063; x_wconf 57' lang='lat'>¹</span> 
     </span>
     <span class='ocr_line' id='line_1_22' title="bbox 202 1096 1042 1131; baseline -0.001 -6"><span class='ocrx_word' id='word_1_216' title='bbox 202 1103 228 1125; x_wconf 83' lang='lat' dir='ltr'>et</span> <span class='ocrx_word' id='word_1_217' title='bbox 247 1099 398 1129; x_wconf 87' lang='lat' dir='ltr'>necessarii,</span> <span class='ocrx_word' id='word_1_218' title='bbox 412 1113 443 1116; x_wconf 97' lang='lat'><strong>—</strong></span> <span class='ocrx_word' id='word_1_219' title='bbox 462 1096 611 1123; x_wconf 62' lang='lat' dir='ltr'>“Necessarii</span> <span class='ocrx_word' id='word_1_220' title='bbox 631 1102 729 1124; x_wconf 81' lang='lat' dir='ltr'>tautum</span> <span class='ocrx_word' id='word_1_221' title='bbox 745 1097 889 1131; x_wconf 61' lang='lat' dir='ltr'>(heredes.)</span> <span class='ocrx_word' id='word_1_222' title='bbox 909 1098 945 1124; x_wconf 91' lang='lat' dir='ltr'>Id.</span> <span class='ocrx_word' id='word_1_223' title='bbox 959 1098 1042 1125; x_wconf 80' lang='lat' dir='ltr'>XXII.</span> 
     </span>
     <span class='ocr_line' id='line_1_23' title="bbox 201 1140 1042 1177; baseline 0.001 -11"><span class='ocrx_word' id='word_1_224' title='bbox 201 1142 242 1166; x_wconf 89' lang='grc'>24.</span> <span class='ocrx_word' id='word_1_225' title='bbox 263 1140 320 1167; x_wconf 89' lang='lat' dir='ltr'>Gai.</span> <span class='ocrx_word' id='word_1_226' title='bbox 334 1140 363 1166; x_wconf 95' lang='grc'>11.</span> <span class='ocrx_word' id='word_1_227' title='bbox 378 1142 435 1166; x_wconf 87' lang='grc'>152.</span> <span class='ocrx_word' id='word_1_228' title='bbox 450 1150 508 1176; x_wconf 86' lang='lat' dir='ltr'>sqq.</span> <span class='ocrx_word' id='word_1_229' title='bbox 523 1141 579 1166; x_wconf 88' lang='grc'>160.</span> <span class='ocrx_word' id='word_1_230' title='bbox 593 1150 650 1176; x_wconf 85' lang='lat' dir='ltr'>sqq.</span> <span class='ocrx_word' id='word_1_231' title='bbox 688 1140 760 1166; x_wconf 59' lang='lat' dir='ltr'>*Nihil</span> <span class='ocrx_word' id='word_1_232' title='bbox 780 1140 959 1177; x_wconf 81' lang='lat' dir='ltr'>praeiudicare</span> <span class='ocrx_word' id='word_1_233' title='bbox 977 1141 1042 1173; x_wconf 82' lang='lat' dir='ltr'>filio,</span> 
     </span>
     <span class='ocr_line' id='line_1_24' title="bbox 202 1182 1042 1220; baseline 0.001 -11"><span class='ocrx_word' id='word_1_234' title='bbox 202 1199 235 1203; x_wconf 93' lang='lat'>—</span> <span class='ocrx_word' id='word_1_235' title='bbox 254 1193 307 1210; x_wconf 92' lang='lat' dir='ltr'>non</span> <span class='ocrx_word' id='word_1_236' title='bbox 330 1188 431 1210; x_wconf 83' lang='lat' dir='ltr'>tautum</span> <span class='ocrx_word' id='word_1_237' title='bbox 454 1184 481 1209; x_wconf 88' lang='lat' dir='ltr'>in</span> <span class='ocrx_word' id='word_1_238' title='bbox 505 1184 561 1209; x_wconf 87' lang='lat' dir='ltr'>iure</span> <span class='ocrx_word' id='word_1_239' title='bbox 580 1184 620 1209; x_wconf 90' lang='lat' dir='ltr'>sui</span> <span class='ocrx_word' id='word_1_240' title='bbox 640 1187 689 1209; x_wconf 88' lang='lat' dir='ltr'>etc.</span> <span class='ocrx_word' id='word_1_241' title='bbox 713 1182 744 1209; x_wconf 82' lang='lat' dir='ltr'>fr.</span> <span class='ocrx_word' id='word_1_242' title='bbox 766 1185 788 1210; x_wconf 96' lang='lat'>1.</span> <span class='ocrx_word' id='word_1_243' title='bbox 813 1184 835 1217; x_wconf 80' lang='lat'>3.</span> <span class='ocrx_word' id='word_1_244' title='bbox 856 1185 895 1210; x_wconf 83' lang='lat'>15.</span> <span class='ocrx_word' id='word_1_245' title='bbox 915 1183 947 1210; x_wconf 88' lang='lat' dir='ltr'>de</span> <span class='ocrx_word' id='word_1_246' title='bbox 966 1184 1042 1220; x_wconf 78' lang='lat' dir='ltr'>adgn.</span> 
     </span>
     <span class='ocr_line' id='line_1_25' title="bbox 202 1225 1041 1253; baseline 0.001 -1"><span class='ocrx_word' id='word_1_247' title='bbox 202 1231 228 1252; x_wconf 86' lang='lat' dir='ltr'>et</span> <span class='ocrx_word' id='word_1_248' title='bbox 246 1225 330 1252; x_wconf 84' lang='lat' dir='ltr'>alend.</span> <span class='ocrx_word' id='word_1_249' title='bbox 343 1228 385 1253; x_wconf 84' lang='lat'>25.</span> <span class='ocrx_word' id='word_1_250' title='bbox 405 1228 429 1252; x_wconf 86' lang='lat'>3.</span> <span class='ocrx_word' id='word_1_251' title='bbox 467 1226 518 1252; x_wconf 86' lang='lat' dir='ltr'>Cui</span> <span class='ocrx_word' id='word_1_252' title='bbox 538 1225 609 1252; x_wconf 84' lang='lat' dir='ltr'>filius</span> <span class='ocrx_word' id='word_1_253' title='bbox 628 1236 692 1252; x_wconf 86' lang='lat' dir='ltr'>suus</span> <span class='ocrx_word' id='word_1_254' title='bbox 711 1227 786 1252; x_wconf 80' lang='lat' dir='ltr'>testis</span> <span class='ocrx_word' id='word_1_255' title='bbox 806 1236 865 1253; x_wconf 85' lang='lat' dir='ltr'>esse</span> <span class='ocrx_word' id='word_1_256' title='bbox 884 1237 935 1253; x_wconf 93' lang='lat' dir='ltr'>non</span> <span class='ocrx_word' id='word_1_257' title='bbox 955 1227 1041 1253; x_wconf 79' lang='lat' dir='ltr'>debet.</span> 
     </span>
     <span class='ocr_line' id='line_1_26' title="bbox 201 1268 384 1306; baseline 0 -11"><span class='ocrx_word' id='word_1_258' title='bbox 201 1268 262 1306; x_wconf 88' lang='lat' dir='ltr'>le.</span> <span class='ocrx_word' id='word_1_259' title='bbox 282 1269 340 1295; x_wconf 84' lang='lat' dir='ltr'>XX.</span> <span class='ocrx_word' id='word_1_260' title='bbox 360 1271 384 1295; x_wconf 88' lang='lat'>5.</span> 
     </span>
    </p>

    <p class='ocr_par' dir='ltr' id='par_1_3' title="bbox 199 1311 1064 2846">
     <span class='ocr_line' id='line_1_27' title="bbox 235 1311 1041 1346; baseline -0.001 -7"><span class='ocrx_word' id='word_1_261' title='bbox 235 1312 344 1339; x_wconf 83' lang='lat' dir='ltr'>Suus.</span> <span class='ocrx_word' id='word_1_262' title='bbox 373 1311 511 1345; x_wconf 74' lang='lat' dir='ltr'>(Adieet.)</span> <span class='ocrx_word' id='word_1_263' title='bbox 539 1312 570 1345; x_wconf 64' lang='grc' dir='ltr'>ξ.</span> <span class='ocrx_word' id='word_1_264' title='bbox 590 1313 625 1338; x_wconf 88' lang='lat'>1.</span> <span class='ocrx_word' id='word_1_265' title='bbox 646 1314 822 1346; x_wconf 79' lang='lat' dir='ltr'>Proprius,</span> <span class='ocrx_word' id='word_1_266' title='bbox 842 1314 1041 1339; x_wconf 80' lang='lat' dir='ltr'>Peculiaris.</span> 
     </span>
     <span class='ocr_line' id='line_1_28' title="bbox 200 1353 1042 1393; baseline 0 -12"><span class='ocrx_word' id='word_1_267' title='bbox 200 1354 219 1381; x_wconf 87' lang='grc' dir='ltr'>Ι.</span> <span class='ocrx_word' id='word_1_268' title='bbox 233 1356 296 1389; x_wconf 75' lang='lat' dir='ltr'>Sy.</span> <span class='ocrx_word' id='word_1_269' title='bbox 319 1354 454 1392; x_wconf 83' lang='lat' dir='ltr'>Proprius.</span> <span class='ocrx_word' id='word_1_270' title='bbox 478 1353 519 1381; x_wconf 84' lang='lat' dir='ltr'>Cf.</span> <span class='ocrx_word' id='word_1_271' title='bbox 539 1354 564 1380; x_wconf 91' lang='lat' dir='ltr'>h.</span> <span class='ocrx_word' id='word_1_272' title='bbox 585 1364 608 1380; x_wconf 83' lang='lat' dir='ltr'>v.</span> <span class='ocrx_word' id='word_1_273' title='bbox 628 1354 649 1388; x_wconf 84' lang='lat'>3.</span> <span class='ocrx_word' id='word_1_274' title='bbox 671 1356 692 1382; x_wconf 96' lang='lat' dir='ltr'>l.</span> <span class='ocrx_word' id='word_1_275' title='bbox 722 1354 802 1381; x_wconf 89' lang='lat' dir='ltr'>Liber</span> <span class='ocrx_word' id='word_1_276' title='bbox 821 1356 847 1387; x_wconf 85' lang='lat' dir='ltr'>(a</span> <span class='ocrx_word' id='word_1_277' title='bbox 866 1355 962 1393; x_wconf 83' lang='lat' dir='ltr'>patre.)</span> <span class='ocrx_word' id='word_1_278' title='bbox 994 1354 1042 1381; x_wconf 85' lang='lat' dir='ltr'>Sui</span> 
     </span>
     <span class='ocr_line' id='line_1_29' title="bbox 199 1396 1042 1434; baseline 0 -10"><span class='ocrx_word' id='word_1_279' title='bbox 199 1398 273 1424; x_wconf 82' lang='lat' dir='ltr'>iuris.</span> <span class='ocrx_word' id='word_1_280' title='bbox 303 1397 361 1434; x_wconf 85' lang='lat' dir='ltr'>le.</span> <span class='ocrx_word' id='word_1_281' title='bbox 385 1398 418 1424; x_wconf 81' lang='lat' dir='ltr'>X.</span> <span class='ocrx_word' id='word_1_282' title='bbox 445 1399 467 1424; x_wconf 88' lang='lat' dir='ltr'>l.</span> <span class='ocrx_word' id='word_1_283' title='bbox 487 1407 527 1433; x_wconf 88' lang='lat' dir='ltr'>sq.</span> <span class='ocrx_word' id='word_1_284' title='bbox 568 1396 599 1423; x_wconf 92' lang='lat' dir='ltr'>II.</span> <span class='ocrx_word' id='word_1_285' title='bbox 623 1399 691 1432; x_wconf 77' lang='lat' dir='ltr'>Op.</span> <span class='ocrx_word' id='word_1_286' title='bbox 720 1398 874 1434; x_wconf 78' lang='lat' dir='ltr'>Obligatus,</span> <span class='ocrx_word' id='word_1_287' title='bbox 901 1398 1042 1424; x_wconf 87' lang='lat' dir='ltr'>Obnoxius</span> 
     </span>
     <span class='ocr_line' id='line_1_30' title="bbox 199 1439 1042 1474; baseline 0.001 -8"><span class='ocrx_word' id='word_1_288' title='bbox 199 1439 287 1473; x_wconf 86' lang='lat' dir='ltr'>(alii.)</span> <span class='ocrx_word' id='word_1_289' title='bbox 312 1440 362 1467; x_wconf 89' lang='lat' dir='ltr'>Th.</span> <span class='ocrx_word' id='word_1_290' title='bbox 383 1439 414 1467; x_wconf 91' lang='lat' dir='ltr'>C.</span> <span class='ocrx_word' id='word_1_291' title='bbox 433 1440 490 1466; x_wconf 88' lang='lat' dir='ltr'>XII.</span> <span class='ocrx_word' id='word_1_292' title='bbox 511 1442 534 1466; x_wconf 94' lang='lat' dir='ltr'>l.</span> <span class='ocrx_word' id='word_1_293' title='bbox 555 1450 575 1466; x_wconf 91' lang='lat' dir='ltr'>c.</span> <span class='ocrx_word' id='word_1_294' title='bbox 597 1441 637 1467; x_wconf 82' lang='lat'>74.</span> <span class='ocrx_word' id='word_1_295' title='bbox 661 1441 682 1474; x_wconf 84' lang='lat'>3.</span> <span class='ocrx_word' id='word_1_296' title='bbox 701 1443 725 1467; x_wconf 91' lang='lat'>5.</span> <span class='ocrx_word' id='word_1_297' title='bbox 746 1441 778 1467; x_wconf 84' lang='lat' dir='ltr'>de</span> <span class='ocrx_word' id='word_1_298' title='bbox 798 1441 931 1468; x_wconf 90' lang='lat' dir='ltr'>decurion.</span> <span class='ocrx_word' id='word_1_299' title='bbox 964 1441 1042 1468; x_wconf 90' lang='lat' dir='ltr'>Com-</span> 
     </span>
     <span class='ocr_line' id='line_1_31' title="bbox 199 1482 1040 1518; baseline 0.001 -9"><span class='ocrx_word' id='word_1_300' title='bbox 199 1484 293 1509; x_wconf 86' lang='lat' dir='ltr'>munis.</span> <span class='ocrx_word' id='word_1_301' title='bbox 314 1482 344 1509; x_wconf 88' lang='lat' dir='ltr'>fr.</span> <span class='ocrx_word' id='word_1_302' title='bbox 364 1484 387 1509; x_wconf 88' lang='lat'>9.</span> <span class='ocrx_word' id='word_1_303' title='bbox 408 1482 440 1508; x_wconf 88' lang='lat' dir='ltr'>de</span> <span class='ocrx_word' id='word_1_304' title='bbox 460 1482 478 1508; x_wconf 95' lang='lat' dir='ltr'>I.</span> <span class='ocrx_word' id='word_1_305' title='bbox 499 1487 524 1508; x_wconf 84' lang='lat' dir='ltr'>et</span> <span class='ocrx_word' id='word_1_306' title='bbox 542 1482 560 1509; x_wconf 93' lang='grc' dir='ltr'>Ι.</span> <span class='ocrx_word' id='word_1_307' title='bbox 582 1485 604 1509; x_wconf 94' lang='grc'>1.</span> <span class='ocrx_word' id='word_1_308' title='bbox 626 1485 647 1509; x_wconf 94' lang='lat' dir='ltr'>l.</span> <span class='ocrx_word' id='word_1_309' title='bbox 668 1483 698 1510; x_wconf 84' lang='lat' dir='ltr'>fr.</span> <span class='ocrx_word' id='word_1_310' title='bbox 718 1486 742 1510; x_wconf 98' lang='grc'>2.</span> <span class='ocrx_word' id='word_1_311' title='bbox 763 1485 784 1518; x_wconf 87' lang='lat'>3</span> <span class='ocrx_word' id='word_1_312' title='bbox 797 1486 821 1511; x_wconf 91' lang='lat'>5.</span> <span class='ocrx_word' id='word_1_313' title='bbox 842 1484 874 1510; x_wconf 88' lang='lat' dir='ltr'>de</span> <span class='ocrx_word' id='word_1_314' title='bbox 889 1484 921 1510; x_wconf 90' lang='grc' dir='ltr'>Ο.</span> <span class='ocrx_word' id='word_1_315' title='bbox 942 1484 959 1510; x_wconf 93' lang='grc'>1.</span> <span class='ocrx_word' id='word_1_316' title='bbox 982 1486 1040 1510; x_wconf 91' lang='grc'>1.2.</span> 
     </span>
     <span class='ocr_line' id='line_1_32' title="bbox 199 1525 1041 1563; baseline 0.001 -11"><span class='ocrx_word' id='word_1_317' title='bbox 199 1525 231 1552; x_wconf 84' lang='lat' dir='ltr'>fr.</span> <span class='ocrx_word' id='word_1_318' title='bbox 251 1527 274 1552; x_wconf 94' lang='lat'>6.</span> <span class='ocrx_word' id='word_1_319' title='bbox 299 1526 320 1560; x_wconf 83' lang='lat'>3.</span> <span class='ocrx_word' id='word_1_320' title='bbox 340 1528 364 1552; x_wconf 91' lang='lat'>4.</span> <span class='ocrx_word' id='word_1_321' title='bbox 389 1525 421 1552; x_wconf 88' lang='lat' dir='ltr'>de</span> <span class='ocrx_word' id='word_1_322' title='bbox 439 1525 471 1552; x_wconf 88' lang='lat' dir='ltr'>R.</span> <span class='ocrx_word' id='word_1_323' title='bbox 490 1525 524 1552; x_wconf 89' lang='lat' dir='ltr'>D.</span> <span class='ocrx_word' id='word_1_324' title='bbox 545 1527 568 1552; x_wconf 98' lang='lat'>1.</span> <span class='ocrx_word' id='word_1_325' title='bbox 588 1526 611 1552; x_wconf 89' lang='lat' dir='ltr'>S.</span> <span class='ocrx_word' id='word_1_326' title='bbox 654 1526 773 1553; x_wconf 82' lang='lat' dir='ltr'>Alienus.</span> <span class='ocrx_word' id='word_1_327' title='bbox 799 1527 855 1554; x_wconf 91' lang='lat' dir='ltr'>Gai.</span> <span class='ocrx_word' id='word_1_328' title='bbox 880 1527 899 1553; x_wconf 95' lang='lat' dir='ltr'>I.</span> <span class='ocrx_word' id='word_1_329' title='bbox 919 1529 959 1553; x_wconf 78' lang='lat'>48.</span> <span class='ocrx_word' id='word_1_330' title='bbox 984 1537 1041 1563; x_wconf 87' lang='lat' dir='ltr'>sqq.</span> 
     </span>
     <span class='ocr_line' id='line_1_33' title="bbox 199 1567 1043 1606; baseline 0.001 -11"><span class='ocrx_word' id='word_1_331' title='bbox 199 1568 261 1605; x_wconf 90' lang='lat' dir='ltr'>le.</span> <span class='ocrx_word' id='word_1_332' title='bbox 280 1568 311 1595; x_wconf 91' lang='lat' dir='ltr'>V.</span> <span class='ocrx_word' id='word_1_333' title='bbox 329 1570 353 1595; x_wconf 85' lang='lat'>2.</span> <span class='ocrx_word' id='word_1_334' title='bbox 374 1567 418 1594; x_wconf 75' lang='lat' dir='ltr'>VI.</span> <span class='ocrx_word' id='word_1_335' title='bbox 438 1570 461 1594; x_wconf 88' lang='grc'>6.</span> <span class='ocrx_word' id='word_1_336' title='bbox 499 1568 563 1601; x_wconf 84' lang='lat' dir='ltr'>Suo,</span> <span class='ocrx_word' id='word_1_337' title='bbox 583 1584 615 1588; x_wconf 88' lang='lat'>—</span> <span class='ocrx_word' id='word_1_338' title='bbox 634 1569 794 1606; x_wconf 84' lang='lat' dir='ltr'>Interposito</span> <span class='ocrx_word' id='word_1_339' title='bbox 814 1571 953 1603; x_wconf 86' lang='lat' dir='ltr'>(nomine.)</span> <span class='ocrx_word' id='word_1_340' title='bbox 976 1569 1043 1596; x_wconf 87' lang='lat' dir='ltr'>Sub-</span> 
     </span>
     <span class='ocr_line' id='line_1_34' title="bbox 199 1611 1042 1650; baseline 0.002 -13"><span class='ocrx_word' id='word_1_341' title='bbox 199 1612 275 1638; x_wconf 86' lang='lat' dir='ltr'>iectis</span> <span class='ocrx_word' id='word_1_342' title='bbox 295 1611 417 1644; x_wconf 86' lang='lat' dir='ltr'>(aliorum</span> <span class='ocrx_word' id='word_1_343' title='bbox 437 1612 610 1645; x_wconf 87' lang='lat' dir='ltr'>nominibus.)</span> <span class='ocrx_word' id='word_1_344' title='bbox 630 1612 680 1639; x_wconf 92' lang='lat' dir='ltr'>Th.</span> <span class='ocrx_word' id='word_1_345' title='bbox 701 1612 731 1639; x_wconf 87' lang='lat' dir='ltr'>C.</span> <span class='ocrx_word' id='word_1_346' title='bbox 751 1613 795 1639; x_wconf 84' lang='lat' dir='ltr'>XI.</span> <span class='ocrx_word' id='word_1_347' title='bbox 809 1615 850 1640; x_wconf 88' lang='lat'>20.</span> <span class='ocrx_word' id='word_1_348' title='bbox 871 1624 892 1640; x_wconf 82' lang='grc'>8.</span> <span class='ocrx_word' id='word_1_349' title='bbox 907 1614 931 1640; x_wconf 84' lang='grc'>6.</span> <span class='ocrx_word' id='word_1_350' title='bbox 950 1623 989 1650; x_wconf 89' lang='lat' dir='ltr'>pr.</span> <span class='ocrx_word' id='word_1_351' title='bbox 1009 1612 1042 1639; x_wconf 85' lang='grc'>(18</span> 
     </span>
     <span class='ocr_line' id='line_1_35' title="bbox 201 1653 1040 1688; baseline 0.002 -8"><span class='ocrx_word' id='word_1_352' title='bbox 201 1654 288 1681; x_wconf 84' lang='lat' dir='ltr'>collat.</span> <span class='ocrx_word' id='word_1_353' title='bbox 309 1654 396 1680; x_wconf 81' lang='lat' dir='ltr'>don-at.</span> <span class='ocrx_word' id='word_1_354' title='bbox 421 1653 450 1680; x_wconf 87' lang='lat' dir='ltr'>fr.</span> <span class='ocrx_word' id='word_1_355' title='bbox 470 1656 494 1680; x_wconf 91' lang='grc'>2.</span> <span class='ocrx_word' id='word_1_356' title='bbox 519 1655 541 1688; x_wconf 86' lang='lat'>3.</span> <span class='ocrx_word' id='word_1_357' title='bbox 563 1656 585 1681; x_wconf 81' lang='lat' dir='ltr'>l.</span> <span class='ocrx_word' id='word_1_358' title='bbox 611 1655 644 1681; x_wconf 90' lang='lat' dir='ltr'>de</span> <span class='ocrx_word' id='word_1_359' title='bbox 667 1655 733 1682; x_wconf 90' lang='lat' dir='ltr'>adm.</span> <span class='ocrx_word' id='word_1_360' title='bbox 756 1666 806 1682; x_wconf 86' lang='lat' dir='ltr'>rer.</span> <span class='ocrx_word' id='word_1_361' title='bbox 831 1655 863 1682; x_wconf 86' lang='lat' dir='ltr'>ad</span> <span class='ocrx_word' id='word_1_362' title='bbox 889 1657 937 1682; x_wconf 87' lang='lat' dir='ltr'>civ.</span> <span class='ocrx_word' id='word_1_363' title='bbox 955 1657 998 1682; x_wconf 82' lang='lat'>50.</span> <span class='ocrx_word' id='word_1_364' title='bbox 1016 1657 1040 1682; x_wconf 73' lang='grc' dir='ltr'>ὅ.</span> 
     </span>
     <span class='ocr_line' id='line_1_36' title="bbox 200 1696 1064 1735; baseline 0.002 -13"><span class='ocrx_word' id='word_1_365' title='bbox 200 1696 243 1723; x_wconf 85' lang='lat' dir='ltr'>Ad</span> <span class='ocrx_word' id='word_1_366' title='bbox 261 1697 395 1723; x_wconf 78' lang='lat' dir='ltr'>fictionem</span> <span class='ocrx_word' id='word_1_367' title='bbox 415 1696 522 1723; x_wconf 85' lang='lat' dir='ltr'>alterius</span> <span class='ocrx_word' id='word_1_368' title='bbox 541 1698 687 1735; x_wconf 52' lang='lat' dir='ltr'>(exprimi.)</span> <span class='ocrx_word' id='word_1_369' title='bbox 703 1715 732 1719; x_wconf 84' lang='lat'>—-</span> <span class='ocrx_word' id='word_1_370' title='bbox 753 1698 805 1725; x_wconf 91' lang='lat' dir='ltr'>Sua</span> <span class='ocrx_word' id='word_1_371' title='bbox 825 1699 850 1724; x_wconf 90' lang='lat' dir='ltr'>vi</span> <span class='ocrx_word' id='word_1_372' title='bbox 867 1709 897 1724; x_wconf 90' lang='lat' dir='ltr'>ac</span> <span class='ocrx_word' id='word_1_373' title='bbox 910 1703 1042 1735; x_wconf 76' lang='lat' dir='ltr'>potestate</span> <span class='ocrx_word' id='word_1_374' title='bbox 1062 1708 1064 1724; x_wconf 68' lang='grc'>1</span> 
     </span>
     <span class='ocr_line' id='line_1_37' title="bbox 200 1738 1040 1773; baseline 0.002 -8"><span class='ocrx_word' id='word_1_375' title='bbox 200 1740 365 1772; x_wconf 84' lang='lat' dir='ltr'>(constare.)</span> <span class='ocrx_word' id='word_1_376' title='bbox 390 1738 446 1765; x_wconf 74' lang='lat' dir='ltr'>Gai.</span> <span class='ocrx_word' id='word_1_377' title='bbox 466 1739 510 1765; x_wconf 82' lang='lat' dir='ltr'>IV.</span> <span class='ocrx_word' id='word_1_378' title='bbox 532 1742 570 1766; x_wconf 89' lang='grc'>10.</span> <span class='ocrx_word' id='word_1_379' title='bbox 589 1742 631 1767; x_wconf 79' lang='grc'>33.</span> <span class='ocrx_word' id='word_1_380' title='bbox 669 1741 712 1767; x_wconf 83' lang='lat' dir='ltr'>III.</span> <span class='ocrx_word' id='word_1_381' title='bbox 729 1742 795 1768; x_wconf 73' lang='lat' dir='ltr'>Cn.</span> <span class='ocrx_word' id='word_1_382' title='bbox 821 1740 881 1767; x_wconf 71' lang='lat' dir='ltr'>&#39;Non</span> <span class='ocrx_word' id='word_1_383' title='bbox 900 1751 948 1767; x_wconf 91' lang='lat' dir='ltr'>suo</span> <span class='ocrx_word' id='word_1_384' title='bbox 966 1742 1040 1773; x_wconf 81' lang='lat' dir='ltr'>vitio,</span> 
     </span>
     <span class='ocr_line' id='line_1_38' title="bbox 200 1782 1039 1821; baseline 0.004 -14"><span class='ocrx_word' id='word_1_385' title='bbox 200 1782 248 1808; x_wconf 82' lang='lat' dir='ltr'>sed</span> <span class='ocrx_word' id='word_1_386' title='bbox 266 1783 424 1808; x_wconf 75' lang='lat' dir='ltr'>necessitate</span> <span class='ocrx_word' id='word_1_387' title='bbox 442 1784 521 1813; x_wconf 76' lang='lat' dir='ltr'>iuris,</span> <span class='ocrx_word' id='word_1_388' title='bbox 541 1783 683 1815; x_wconf 89' lang='lat' dir='ltr'>(bonorum</span> <span class='ocrx_word' id='word_1_389' title='bbox 702 1784 881 1810; x_wconf 84' lang='lat' dir='ltr'>venditionem</span> <span class='ocrx_word' id='word_1_390' title='bbox 899 1784 975 1821; x_wconf 86' lang='lat' dir='ltr'>pati.)</span> <span class='ocrx_word' id='word_1_391' title='bbox 1003 1783 1039 1810; x_wconf 89' lang='lat' dir='ltr'>Id.</span> 
     </span>
     <span class='ocr_line' id='line_1_39' title="bbox 200 1824 1040 1864; baseline 0.004 -14"><span class='ocrx_word' id='word_1_392' title='bbox 200 1824 231 1850; x_wconf 92' lang='grc'>11.</span> <span class='ocrx_word' id='word_1_393' title='bbox 252 1826 308 1850; x_wconf 76' lang='grc'>154,</span> <span class='ocrx_word' id='word_1_394' title='bbox 329 1824 378 1850; x_wconf 87' lang='lat' dir='ltr'>Th.</span> <span class='ocrx_word' id='word_1_395' title='bbox 399 1824 430 1851; x_wconf 91' lang='lat' dir='ltr'>C.</span> <span class='ocrx_word' id='word_1_396' title='bbox 449 1825 482 1852; x_wconf 90' lang='lat' dir='ltr'>X.</span> <span class='ocrx_word' id='word_1_397' title='bbox 506 1827 543 1852; x_wconf 79' lang='lat' dir='ltr'>lo.</span> <span class='ocrx_word' id='word_1_398' title='bbox 565 1836 585 1852; x_wconf 93' lang='lat' dir='ltr'>c.</span> <span class='ocrx_word' id='word_1_399' title='bbox 605 1828 646 1852; x_wconf 84' lang='lat'>27.</span> <span class='ocrx_word' id='word_1_400' title='bbox 666 1827 688 1860; x_wconf 86' lang='lat'>3.</span> <span class='ocrx_word' id='word_1_401' title='bbox 707 1828 732 1853; x_wconf 83' lang='lat'>3.</span> <span class='ocrx_word' id='word_1_402' title='bbox 753 1837 773 1853; x_wconf 92' lang='lat' dir='ltr'>c.</span> <span class='ocrx_word' id='word_1_403' title='bbox 793 1828 835 1853; x_wconf 92' lang='grc'>30.</span> <span class='ocrx_word' id='word_1_404' title='bbox 860 1828 882 1861; x_wconf 87' lang='lat'>3.</span> <span class='ocrx_word' id='word_1_405' title='bbox 904 1829 925 1853; x_wconf 94' lang='lat'>1.</span> <span class='ocrx_word' id='word_1_406' title='bbox 946 1826 978 1853; x_wconf 87' lang='lat' dir='ltr'>de</span> <span class='ocrx_word' id='word_1_407' title='bbox 997 1837 1040 1864; x_wconf 79' lang='lat' dir='ltr'>pe-</span> 
     </span>
     <span class='ocr_line' id='line_1_40' title="bbox 200 1867 1039 1906; baseline 0.004 -13"><span class='ocrx_word' id='word_1_408' title='bbox 200 1868 239 1894; x_wconf 86' lang='lat' dir='ltr'>tit.</span> <span class='ocrx_word' id='word_1_409' title='bbox 260 1872 285 1894; x_wconf 90' lang='lat' dir='ltr'>et</span> <span class='ocrx_word' id='word_1_410' title='bbox 304 1868 372 1893; x_wconf 83' lang='lat' dir='ltr'>ultro</span> <span class='ocrx_word' id='word_1_411' title='bbox 391 1867 441 1894; x_wconf 55' lang='lat' dir='ltr'>dat.</span> <span class='ocrx_word' id='word_1_412' title='bbox 480 1868 543 1895; x_wconf 79' lang='lat' dir='ltr'>Sine</span> <span class='ocrx_word' id='word_1_413' title='bbox 563 1879 610 1895; x_wconf 88' lang='lat' dir='ltr'>suo</span> <span class='ocrx_word' id='word_1_414' title='bbox 631 1869 692 1895; x_wconf 89' lang='lat' dir='ltr'>dolo</span> <span class='ocrx_word' id='word_1_415' title='bbox 712 1869 780 1895; x_wconf 88' lang='lat' dir='ltr'>malo</span> <span class='ocrx_word' id='word_1_416' title='bbox 801 1869 950 1906; x_wconf 90' lang='lat' dir='ltr'>impeditus.</span> <span class='ocrx_word' id='word_1_417' title='bbox 971 1869 1000 1896; x_wconf 81' lang='lat' dir='ltr'>fr.</span> <span class='ocrx_word' id='word_1_418' title='bbox 1014 1871 1039 1895; x_wconf 74' lang='lat'>2.</span> 
     </span>
     <span class='ocr_line' id='line_1_41' title="bbox 200 1910 1039 1949; baseline 0.004 -14"><span class='ocrx_word' id='word_1_419' title='bbox 200 1910 223 1944; x_wconf 81' lang='lat'>3.</span> <span class='ocrx_word' id='word_1_420' title='bbox 239 1912 260 1936; x_wconf 95' lang='grc'>1.</span> <span class='ocrx_word' id='word_1_421' title='bbox 275 1911 297 1936; x_wconf 84' lang='lat' dir='ltr'>si</span> <span class='ocrx_word' id='word_1_422' title='bbox 312 1920 353 1946; x_wconf 91' lang='lat' dir='ltr'>qu.</span> <span class='ocrx_word' id='word_1_423' title='bbox 374 1916 452 1937; x_wconf 89' lang='lat' dir='ltr'>cautt.</span> <span class='ocrx_word' id='word_1_424' title='bbox 465 1913 489 1937; x_wconf 90' lang='lat'>2.</span> <span class='ocrx_word' id='word_1_425' title='bbox 506 1913 544 1937; x_wconf 95' lang='grc'>11.</span> <span class='ocrx_word' id='word_1_426' title='bbox 583 1911 636 1938; x_wconf 88' lang='lat' dir='ltr'>Sua</span> <span class='ocrx_word' id='word_1_427' title='bbox 655 1911 708 1938; x_wconf 76' lang='lat' dir='ltr'>fide</span> <span class='ocrx_word' id='word_1_428' title='bbox 727 1913 853 1949; x_wconf 78' lang='lat' dir='ltr'>accipere.</span> <span class='ocrx_word' id='word_1_429' title='bbox 874 1912 904 1938; x_wconf 87' lang='lat' dir='ltr'>fr.</span> <span class='ocrx_word' id='word_1_430' title='bbox 918 1913 960 1938; x_wconf 83' lang='lat'>28.</span> <span class='ocrx_word' id='word_1_431' title='bbox 980 1913 1039 1946; x_wconf 86' lang='lat'>3.1.</span> 
     </span>
     <span class='ocr_line' id='line_1_42' title="bbox 201 1952 1041 1992; baseline 0.005 -14"><span class='ocrx_word' id='word_1_432' title='bbox 201 1952 233 1979; x_wconf 85' lang='lat' dir='ltr'>ad</span> <span class='ocrx_word' id='word_1_433' title='bbox 253 1952 319 1979; x_wconf 91' lang='lat' dir='ltr'>S.C.</span> <span class='ocrx_word' id='word_1_434' title='bbox 334 1952 402 1979; x_wconf 79' lang='lat' dir='ltr'>Veli.</span> <span class='ocrx_word' id='word_1_435' title='bbox 420 1954 459 1979; x_wconf 90' lang='lat'>16.</span> <span class='ocrx_word' id='word_1_436' title='bbox 480 1955 503 1980; x_wconf 92' lang='lat'>1.</span> <span class='ocrx_word' id='word_1_437' title='bbox 539 1953 568 1980; x_wconf 89' lang='lat' dir='ltr'>In</span> <span class='ocrx_word' id='word_1_438' title='bbox 588 1964 633 1981; x_wconf 83' lang='lat' dir='ltr'>sua</span> <span class='ocrx_word' id='word_1_439' title='bbox 653 1960 785 1992; x_wconf 74' lang='lat' dir='ltr'>potestate</span> <span class='ocrx_word' id='word_1_440' title='bbox 805 1965 857 1981; x_wconf 86' lang='lat' dir='ltr'>non</span> <span class='ocrx_word' id='word_1_441' title='bbox 876 1955 980 1982; x_wconf 87' lang='lat' dir='ltr'>videtur</span> <span class='ocrx_word' id='word_1_442' title='bbox 998 1955 1041 1982; x_wconf 86' lang='lat' dir='ltr'>ha-</span> 
     </span>
     <span class='ocr_line' id='line_1_43' title="bbox 199 1995 1041 2034; baseline 0.005 -13"><span class='ocrx_word' id='word_1_443' title='bbox 199 1995 272 2027; x_wconf 78' lang='lat' dir='ltr'>bere,</span> <span class='ocrx_word' id='word_1_444' title='bbox 292 1997 336 2032; x_wconf 85' lang='lat' dir='ltr'>qui</span> <span class='ocrx_word' id='word_1_445' title='bbox 355 2005 407 2021; x_wconf 86' lang='lat' dir='ltr'>non</span> <span class='ocrx_word' id='word_1_446' title='bbox 427 2001 467 2022; x_wconf 80' lang='lat' dir='ltr'>est</span> <span class='ocrx_word' id='word_1_447' title='bbox 486 2006 548 2023; x_wconf 84' lang='lat' dir='ltr'>suae</span> <span class='ocrx_word' id='word_1_448' title='bbox 566 1999 715 2034; x_wconf 86' lang='lat' dir='ltr'>potestatis.</span> <span class='ocrx_word' id='word_1_449' title='bbox 735 1998 764 2024; x_wconf 81' lang='lat' dir='ltr'>fr.</span> <span class='ocrx_word' id='word_1_450' title='bbox 779 2000 820 2024; x_wconf 91' lang='lat'>21.</span> <span class='ocrx_word' id='word_1_451' title='bbox 840 1998 872 2024; x_wconf 83' lang='lat' dir='ltr'>ad</span> <span class='ocrx_word' id='word_1_452' title='bbox 892 1997 922 2024; x_wconf 89' lang='lat' dir='ltr'>L.</span> <span class='ocrx_word' id='word_1_453' title='bbox 942 1998 988 2025; x_wconf 93' lang='lat' dir='ltr'>Iul.</span> <span class='ocrx_word' id='word_1_454' title='bbox 1009 1998 1041 2025; x_wconf 88' lang='lat' dir='ltr'>de</span> 
     </span>
     <span class='ocr_line' id='line_1_44' title="bbox 200 2037 1040 2077; baseline 0.004 -12"><span class='ocrx_word' id='word_1_455' title='bbox 200 2038 281 2065; x_wconf 82' lang='lat' dir='ltr'>adult.</span> <span class='ocrx_word' id='word_1_456' title='bbox 301 2041 341 2064; x_wconf 61' lang='lat'>45.</span> <span class='ocrx_word' id='word_1_457' title='bbox 362 2040 385 2064; x_wconf 88' lang='lat'>5.</span> <span class='ocrx_word' id='word_1_458' title='bbox 411 2037 472 2075; x_wconf 69' lang='lat' dir='ltr'>le.</span> <span class='ocrx_word' id='word_1_459' title='bbox 491 2039 587 2066; x_wconf 87' lang='lat' dir='ltr'>XXIII.</span> <span class='ocrx_word' id='word_1_460' title='bbox 606 2041 629 2066; x_wconf 85' lang='lat'>6.</span> <span class='ocrx_word' id='word_1_461' title='bbox 651 2040 682 2066; x_wconf 80' lang='lat' dir='ltr'>cf.</span> <span class='ocrx_word' id='word_1_462' title='bbox 702 2040 760 2067; x_wconf 85' lang='lat' dir='ltr'>XX.</span> <span class='ocrx_word' id='word_1_463' title='bbox 783 2043 821 2067; x_wconf 93' lang='lat' dir='ltr'>ll.</span> <span class='ocrx_word' id='word_1_464' title='bbox 841 2051 880 2077; x_wconf 85' lang='lat' dir='ltr'>sq.</span> <span class='ocrx_word' id='word_1_465' title='bbox 917 2040 946 2067; x_wconf 93' lang='lat' dir='ltr'>In</span> <span class='ocrx_word' id='word_1_466' title='bbox 969 2051 1040 2068; x_wconf 86' lang='lat' dir='ltr'>suam</span> 
     </span>
     <span class='ocr_line' id='line_1_45' title="bbox 200 2081 1038 2117; baseline 0.006 -11"><span class='ocrx_word' id='word_1_467' title='bbox 200 2081 309 2107; x_wconf 79' lang='lat' dir='ltr'>tutelam</span> <span class='ocrx_word' id='word_1_468' title='bbox 328 2082 425 2107; x_wconf 83' lang='lat' dir='ltr'>venire.</span> <span class='ocrx_word' id='word_1_469' title='bbox 451 2081 507 2108; x_wconf 81' lang='lat' dir='ltr'>Gai.</span> <span class='ocrx_word' id='word_1_470' title='bbox 527 2081 558 2108; x_wconf 90' lang='lat' dir='ltr'>II.</span> <span class='ocrx_word' id='word_1_471' title='bbox 580 2084 636 2109; x_wconf 92' lang='lat'>179.</span> <span class='ocrx_word' id='word_1_472' title='bbox 674 2082 753 2109; x_wconf 86' lang='lat' dir='ltr'>Suam</span> <span class='ocrx_word' id='word_1_473' title='bbox 773 2084 857 2110; x_wconf 81' lang='lat' dir='ltr'>facere</span> <span class='ocrx_word' id='word_1_474' title='bbox 876 2083 982 2117; x_wconf 81' lang='lat' dir='ltr'>(litem.)</span> <span class='ocrx_word' id='word_1_475' title='bbox 1002 2084 1038 2111; x_wconf 63' lang='lat' dir='ltr'>Id.</span> 
     </span>
     <span class='ocr_line' id='line_1_46' title="bbox 200 2123 1039 2160; baseline 0.006 -11"><span class='ocrx_word' id='word_1_476' title='bbox 200 2123 244 2150; x_wconf 93' lang='lat' dir='ltr'>IV.</span> <span class='ocrx_word' id='word_1_477' title='bbox 264 2126 306 2150; x_wconf 85' lang='lat'>52.</span> <span class='ocrx_word' id='word_1_478' title='bbox 342 2123 412 2149; x_wconf 83' lang='lat' dir='ltr'>Suos</span> <span class='ocrx_word' id='word_1_479' title='bbox 431 2124 527 2151; x_wconf 85' lang='lat' dir='ltr'>habere</span> <span class='ocrx_word' id='word_1_480' title='bbox 546 2125 621 2151; x_wconf 85' lang='lat' dir='ltr'>fines.</span> <span class='ocrx_word' id='word_1_481' title='bbox 646 2125 676 2152; x_wconf 83' lang='lat' dir='ltr'>fr.</span> <span class='ocrx_word' id='word_1_482' title='bbox 697 2128 738 2153; x_wconf 85' lang='lat'>60.</span> <span class='ocrx_word' id='word_1_483' title='bbox 763 2127 784 2160; x_wconf 87' lang='lat'>3.</span> <span class='ocrx_word' id='word_1_484' title='bbox 803 2128 828 2153; x_wconf 87' lang='grc'>2.</span> <span class='ocrx_word' id='word_1_485' title='bbox 849 2126 880 2153; x_wconf 89' lang='lat' dir='ltr'>de</span> <span class='ocrx_word' id='word_1_486' title='bbox 900 2126 931 2153; x_wconf 93' lang='lat' dir='ltr'>V.</span> <span class='ocrx_word' id='word_1_487' title='bbox 951 2127 978 2154; x_wconf 92' lang='lat' dir='ltr'>S.</span> <span class='ocrx_word' id='word_1_488' title='bbox 998 2130 1039 2154; x_wconf 84' lang='lat'>50.</span> 
     </span>
     <span class='ocr_line' id='line_1_47' title="bbox 204 2167 1041 2200; baseline 0.006 -8"><span class='ocrx_word' id='word_1_489' title='bbox 204 2167 244 2192; x_wconf 86' lang='lat'>16.</span> <span class='ocrx_word' id='word_1_490' title='bbox 264 2182 296 2186; x_wconf 92' lang='lat'><strong>—</strong></span> <span class='ocrx_word' id='word_1_491' title='bbox 320 2167 351 2200; x_wconf 66' lang='grc' dir='ltr'>ξ.</span> <span class='ocrx_word' id='word_1_492' title='bbox 372 2168 407 2193; x_wconf 74' lang='lat'>2.</span> <span class='ocrx_word' id='word_1_493' title='bbox 428 2168 463 2193; x_wconf 83' lang='lat' dir='ltr'>In</span> <span class='ocrx_word' id='word_1_494' title='bbox 484 2170 625 2195; x_wconf 77' lang='lat' dir='ltr'>dominio</span> <span class='ocrx_word' id='word_1_495' title='bbox 644 2176 756 2196; x_wconf 72' lang='lat' dir='ltr'>nostro</span> <span class='ocrx_word' id='word_1_496' title='bbox 776 2172 984 2197; x_wconf 78' lang='lat' dir='ltr'>constitutus.</span> <span class='ocrx_word' id='word_1_497' title='bbox 1021 2170 1041 2197; x_wconf 91' lang='lat' dir='ltr'>I.</span> 
     </span>
     <span class='ocr_line' id='line_1_48' title="bbox 203 2209 1039 2246; baseline 0.006 -11"><span class='ocrx_word' id='word_1_498' title='bbox 203 2210 266 2243; x_wconf 76' lang='lat' dir='ltr'>Sy.</span> <span class='ocrx_word' id='word_1_499' title='bbox 286 2209 338 2244; x_wconf 80' lang='lat' dir='ltr'>Qui</span> <span class='ocrx_word' id='word_1_500' title='bbox 358 2215 419 2236; x_wconf 84' lang='lat' dir='ltr'>sunt</span> <span class='ocrx_word' id='word_1_501' title='bbox 432 2210 511 2246; x_wconf 91' lang='lat' dir='ltr'>pleno</span> <span class='ocrx_word' id='word_1_502' title='bbox 525 2211 581 2237; x_wconf 85' lang='lat' dir='ltr'>iure</span> <span class='ocrx_word' id='word_1_503' title='bbox 594 2212 749 2244; x_wconf 69' lang='lat' dir='ltr'>(testantis.)</span> <span class='ocrx_word' id='word_1_504' title='bbox 770 2212 817 2238; x_wconf 84' lang='lat' dir='ltr'>Sui</span> <span class='ocrx_word' id='word_1_505' title='bbox 831 2214 936 2245; x_wconf 82' lang='lat' dir='ltr'>(servi.)</span> <span class='ocrx_word' id='word_1_506' title='bbox 956 2213 986 2240; x_wconf 84' lang='lat' dir='ltr'>fr.</span> <span class='ocrx_word' id='word_1_507' title='bbox 999 2215 1039 2240; x_wconf 82' lang='lat'>73.</span> 
     </span>
     <span class='ocr_line' id='line_1_49' title="bbox 202 2252 1039 2290; baseline 0.006 -13"><span class='ocrx_word' id='word_1_508' title='bbox 202 2261 242 2287; x_wconf 87' lang='lat' dir='ltr'>pr.</span> <span class='ocrx_word' id='word_1_509' title='bbox 262 2252 341 2284; x_wconf 84' lang='lat'>33.1.</span> <span class='ocrx_word' id='word_1_510' title='bbox 361 2262 418 2289; x_wconf 88' lang='lat' dir='ltr'>sqq.</span> <span class='ocrx_word' id='word_1_511' title='bbox 439 2253 470 2279; x_wconf 85' lang='lat' dir='ltr'>cf.</span> <span class='ocrx_word' id='word_1_512' title='bbox 491 2253 521 2279; x_wconf 84' lang='lat' dir='ltr'>fr.</span> <span class='ocrx_word' id='word_1_513' title='bbox 542 2255 582 2280; x_wconf 89' lang='lat'>71.</span> <span class='ocrx_word' id='word_1_514' title='bbox 602 2264 642 2290; x_wconf 85' lang='lat' dir='ltr'>sq.</span> <span class='ocrx_word' id='word_1_515' title='bbox 662 2254 692 2280; x_wconf 87' lang='lat' dir='ltr'>fr.</span> <span class='ocrx_word' id='word_1_516' title='bbox 713 2256 753 2281; x_wconf 85' lang='lat'>74.</span> <span class='ocrx_word' id='word_1_517' title='bbox 774 2255 806 2281; x_wconf 90' lang='lat' dir='ltr'>de</span> <span class='ocrx_word' id='word_1_518' title='bbox 825 2255 900 2290; x_wconf 75' lang='lat' dir='ltr'>legat.</span> <span class='ocrx_word' id='word_1_519' title='bbox 915 2255 957 2282; x_wconf 89' lang='lat' dir='ltr'>III.</span> <span class='ocrx_word' id='word_1_520' title='bbox 973 2257 1039 2289; x_wconf 83' lang='lat'>(32.)</span> 
     </span>
     <span class='ocr_line' id='line_1_50' title="bbox 202 2293 1039 2335; baseline 0.006 -15"><span class='ocrx_word' id='word_1_521' title='bbox 202 2293 245 2320; x_wconf 93' lang='lat' dir='ltr'>III.</span> <span class='ocrx_word' id='word_1_522' title='bbox 260 2295 326 2321; x_wconf 76' lang='lat' dir='ltr'>Cn.</span> <span class='ocrx_word' id='word_1_523' title='bbox 344 2294 408 2321; x_wconf 81' lang='lat' dir='ltr'>Rem</span> <span class='ocrx_word' id='word_1_524' title='bbox 426 2301 569 2332; x_wconf 84' lang='lat' dir='ltr'>paternam.</span> <span class='ocrx_word' id='word_1_525' title='bbox 588 2297 629 2323; x_wconf 89' lang='lat' dir='ltr'>vel</span> <span class='ocrx_word' id='word_1_526' title='bbox 650 2307 737 2329; x_wconf 67' lang='lat' dir='ltr'>suam.</span> <span class='ocrx_word' id='word_1_527' title='bbox 756 2313 787 2316; x_wconf 97' lang='lat'><strong>—</strong></span> <span class='ocrx_word' id='word_1_528' title='bbox 808 2308 970 2335; x_wconf 80' lang='lat' dir='ltr'>recuperare.</span> <span class='ocrx_word' id='word_1_529' title='bbox 990 2298 1039 2325; x_wconf 92' lang='lat' dir='ltr'>Th.</span> 
     </span>
     <span class='ocr_line' id='line_1_51' title="bbox 203 2336 1041 2373; baseline 0.005 -10"><span class='ocrx_word' id='word_1_530' title='bbox 203 2336 234 2363; x_wconf 89' lang='lat' dir='ltr'>C.</span> <span class='ocrx_word' id='word_1_531' title='bbox 254 2336 298 2362; x_wconf 88' lang='lat' dir='ltr'>XI.</span> <span class='ocrx_word' id='word_1_532' title='bbox 318 2338 359 2362; x_wconf 82' lang='lat'>20.</span> <span class='ocrx_word' id='word_1_533' title='bbox 379 2348 400 2363; x_wconf 88' lang='lat' dir='ltr'>c.</span> <span class='ocrx_word' id='word_1_534' title='bbox 418 2340 442 2364; x_wconf 87' lang='grc'>2.</span> <span class='ocrx_word' id='word_1_535' title='bbox 462 2338 495 2365; x_wconf 83' lang='lat' dir='ltr'>de</span> <span class='ocrx_word' id='word_1_536' title='bbox 514 2339 600 2366; x_wconf 80' lang='lat' dir='ltr'>collat.</span> <span class='ocrx_word' id='word_1_537' title='bbox 621 2339 709 2365; x_wconf 81' lang='lat' dir='ltr'>donat.</span> <span class='ocrx_word' id='word_1_538' title='bbox 746 2340 865 2367; x_wconf 81' lang='lat' dir='ltr'>Alienam</span> <span class='ocrx_word' id='word_1_539' title='bbox 886 2351 954 2373; x_wconf 77' lang='lat' dir='ltr'>rem,</span> <span class='ocrx_word' id='word_1_540' title='bbox 978 2346 1041 2367; x_wconf 80' lang='lat' dir='ltr'>tam-</span> 
     </span>
     <span class='ocr_line' id='line_1_52' title="bbox 202 2381 1040 2419; baseline 0.007 -15"><span class='ocrx_word' id='word_1_541' title='bbox 202 2389 279 2416; x_wconf 84' lang='lat' dir='ltr'>quam</span> <span class='ocrx_word' id='word_1_542' title='bbox 298 2389 385 2410; x_wconf 75' lang='lat' dir='ltr'>suam,</span> <span class='ocrx_word' id='word_1_543' title='bbox 405 2396 437 2399; x_wconf 98' lang='lat'><strong>—</strong></span> <span class='ocrx_word' id='word_1_544' title='bbox 459 2381 616 2419; x_wconf 77' lang='lat' dir='ltr'>relinquere.</span> <span class='ocrx_word' id='word_1_545' title='bbox 643 2382 714 2408; x_wconf 81' lang='lat' dir='ltr'>Paul.</span> <span class='ocrx_word' id='word_1_546' title='bbox 735 2382 779 2409; x_wconf 89' lang='lat' dir='ltr'>IV.</span> <span class='ocrx_word' id='word_1_547' title='bbox 801 2385 823 2409; x_wconf 93' lang='lat'>1.</span> <span class='ocrx_word' id='word_1_548' title='bbox 843 2384 864 2417; x_wconf 86' lang='lat'>3.</span> <span class='ocrx_word' id='word_1_549' title='bbox 884 2384 907 2409; x_wconf 71' lang='lat'>8.</span> <span class='ocrx_word' id='word_1_550' title='bbox 933 2383 989 2410; x_wconf 81' lang='lat' dir='ltr'>Gai.</span> <span class='ocrx_word' id='word_1_551' title='bbox 1010 2383 1040 2410; x_wconf 93' lang='grc'>11.</span> 
     </span>
     <span class='ocr_line' id='line_1_53' title="bbox 202 2422 1040 2457; baseline 0.007 -10"><span class='ocrx_word' id='word_1_552' title='bbox 202 2424 261 2448; x_wconf 87' lang='grc'>210.</span> <span class='ocrx_word' id='word_1_553' title='bbox 280 2424 339 2448; x_wconf 88' lang='grc'>220.</span> <span class='ocrx_word' id='word_1_554' title='bbox 377 2422 459 2448; x_wconf 86' lang='lat' dir='ltr'>Suum</span> <span class='ocrx_word' id='word_1_555' title='bbox 478 2434 535 2451; x_wconf 89' lang='lat' dir='ltr'>esse</span> <span class='ocrx_word' id='word_1_556' title='bbox 554 2425 672 2457; x_wconf 82' lang='lat' dir='ltr'>credens,</span> <span class='ocrx_word' id='word_1_557' title='bbox 691 2425 805 2451; x_wconf 84' lang='lat' dir='ltr'>vendere</span> <span class='ocrx_word' id='word_1_558' title='bbox 819 2431 862 2452; x_wconf 88' lang='lat' dir='ltr'>aut</span> <span class='ocrx_word' id='word_1_559' title='bbox 878 2425 983 2453; x_wconf 87' lang='lat' dir='ltr'>donare.</span> <span class='ocrx_word' id='word_1_560' title='bbox 1002 2426 1040 2453; x_wconf 89' lang='lat' dir='ltr'>Id.</span> 
     </span>
     <span class='ocr_line' id='line_1_54' title="bbox 203 2464 1040 2504; baseline 0.006 -13"><span class='ocrx_word' id='word_1_561' title='bbox 203 2464 233 2491; x_wconf 91' lang='grc'>11.</span> <span class='ocrx_word' id='word_1_562' title='bbox 253 2467 294 2491; x_wconf 89' lang='grc'>50.</span> <span class='ocrx_word' id='word_1_563' title='bbox 332 2464 433 2493; x_wconf 82' lang='lat' dir='ltr'>Iurare.</span> <span class='ocrx_word' id='word_1_564' title='bbox 453 2475 528 2492; x_wconf 86' lang='lat' dir='ltr'>suum</span> <span class='ocrx_word' id='word_1_565' title='bbox 546 2477 599 2494; x_wconf 91' lang='lat' dir='ltr'>non</span> <span class='ocrx_word' id='word_1_566' title='bbox 623 2478 695 2499; x_wconf 87' lang='lat' dir='ltr'>esse,</span> <span class='ocrx_word' id='word_1_567' title='bbox 719 2478 804 2504; x_wconf 82' lang='lat' dir='ltr'>neque</span> <span class='ocrx_word' id='word_1_568' title='bbox 828 2468 879 2494; x_wconf 90' lang='lat' dir='ltr'>sibi</span> <span class='ocrx_word' id='word_1_569' title='bbox 904 2479 1040 2496; x_wconf 89' lang='lat' dir='ltr'>commune</span> 
     </span>
     <span class='ocr_line' id='line_1_55' title="bbox 205 2507 1039 2548; baseline 0.006 -15"><span class='ocrx_word' id='word_1_570' title='bbox 205 2517 272 2534; x_wconf 88' lang='lat' dir='ltr'>esse.</span> <span class='ocrx_word' id='word_1_571' title='bbox 292 2507 321 2534; x_wconf 76' lang='lat' dir='ltr'>fr.</span> <span class='ocrx_word' id='word_1_572' title='bbox 341 2509 400 2533; x_wconf 84' lang='lat'>239.</span> <span class='ocrx_word' id='word_1_573' title='bbox 420 2508 443 2541; x_wconf 82' lang='lat'>3.</span> <span class='ocrx_word' id='word_1_574' title='bbox 463 2509 486 2534; x_wconf 87' lang='lat'>9.</span> <span class='ocrx_word' id='word_1_575' title='bbox 507 2508 539 2534; x_wconf 89' lang='lat' dir='ltr'>de</span> <span class='ocrx_word' id='word_1_576' title='bbox 552 2509 583 2535; x_wconf 92' lang='lat' dir='ltr'>V.</span> <span class='ocrx_word' id='word_1_577' title='bbox 595 2510 620 2536; x_wconf 65' lang='lat' dir='ltr'>S.</span> <span class='ocrx_word' id='word_1_578' title='bbox 637 2511 780 2537; x_wconf 80' lang='lat' dir='ltr'>50.16.cf.</span> <span class='ocrx_word' id='word_1_579' title='bbox 800 2510 830 2537; x_wconf 85' lang='lat' dir='ltr'>fr.</span> <span class='ocrx_word' id='word_1_580' title='bbox 846 2513 886 2537; x_wconf 96' lang='lat'>11.</span> <span class='ocrx_word' id='word_1_581' title='bbox 906 2522 944 2548; x_wconf 90' lang='lat' dir='ltr'>pr.</span> <span class='ocrx_word' id='word_1_582' title='bbox 965 2512 1039 2546; x_wconf 73' lang='lat'>331.</span> 
     </span>
     <span class='ocr_line' id='line_1_56' title="bbox 204 2549 1040 2587; baseline 0.008 -12"><span class='ocrx_word' id='word_1_583' title='bbox 204 2560 244 2586; x_wconf 88' lang='lat' dir='ltr'>sq.</span> <span class='ocrx_word' id='word_1_584' title='bbox 266 2549 298 2576; x_wconf 89' lang='lat' dir='ltr'>de</span> <span class='ocrx_word' id='word_1_585' title='bbox 316 2551 421 2576; x_wconf 79' lang='lat' dir='ltr'>iureiur.</span> <span class='ocrx_word' id='word_1_586' title='bbox 438 2553 476 2577; x_wconf 89' lang='lat'>12.</span> <span class='ocrx_word' id='word_1_587' title='bbox 496 2552 519 2576; x_wconf 84' lang='grc'>2.</span> <span class='ocrx_word' id='word_1_588' title='bbox 557 2551 706 2580; x_wconf 82' lang='lat' dir='ltr'>Intendere:</span> <span class='ocrx_word' id='word_1_589' title='bbox 726 2553 827 2585; x_wconf 85' lang='lat' dir='ltr'>„Suum</span> <span class='ocrx_word' id='word_1_590' title='bbox 847 2564 905 2580; x_wconf 83' lang='lat' dir='ltr'>esse</span> <span class='ocrx_word' id='word_1_591' title='bbox 925 2556 970 2587; x_wconf 81' lang='lat' dir='ltr'>(ex</span> <span class='ocrx_word' id='word_1_592' title='bbox 985 2556 1040 2582; x_wconf 87' lang='lat' dir='ltr'>iure</span> 
     </span>
     <span class='ocr_line' id='line_1_57' title="bbox 205 2592 1041 2628; baseline 0.008 -11"><span class='ocrx_word' id='word_1_593' title='bbox 205 2592 320 2628; x_wconf 82' lang='lat' dir='ltr'>Quirit.)</span> <span class='ocrx_word' id='word_1_594' title='bbox 349 2592 405 2618; x_wconf 87' lang='lat' dir='ltr'>Gai.</span> <span class='ocrx_word' id='word_1_595' title='bbox 424 2592 468 2619; x_wconf 66' lang='lat' dir='ltr'>IV.</span> <span class='ocrx_word' id='word_1_596' title='bbox 487 2595 529 2619; x_wconf 86' lang='grc'>34.</span> <span class='ocrx_word' id='word_1_597' title='bbox 549 2595 590 2620; x_wconf 86' lang='grc'>92.</span> <span class='ocrx_word' id='word_1_598' title='bbox 610 2595 640 2621; x_wconf 81' lang='lat' dir='ltr'>cf.</span> <span class='ocrx_word' id='word_1_599' title='bbox 660 2596 689 2622; x_wconf 93' lang='lat' dir='ltr'>II.</span> <span class='ocrx_word' id='word_1_600' title='bbox 712 2598 768 2623; x_wconf 84' lang='lat'>194.</span> <span class='ocrx_word' id='word_1_601' title='bbox 806 2596 947 2623; x_wconf 78' lang='lat' dir='ltr'>Vindicate</span> <span class='ocrx_word' id='word_1_602' title='bbox 970 2608 1041 2624; x_wconf 89' lang='lat' dir='ltr'>num-</span> 
     </span>
     <span class='ocr_line' id='line_1_58' title="bbox 205 2635 1040 2677; baseline 0.008 -17"><span class='ocrx_word' id='word_1_603' title='bbox 205 2645 261 2661; x_wconf 86' lang='lat' dir='ltr'>mos</span> <span class='ocrx_word' id='word_1_604' title='bbox 280 2644 351 2661; x_wconf 86' lang='lat' dir='ltr'>suos.</span> <span class='ocrx_word' id='word_1_605' title='bbox 372 2635 408 2661; x_wconf 92' lang='lat' dir='ltr'>Id.</span> <span class='ocrx_word' id='word_1_606' title='bbox 428 2635 457 2662; x_wconf 94' lang='lat' dir='ltr'>II.</span> <span class='ocrx_word' id='word_1_607' title='bbox 477 2638 518 2661; x_wconf 65' lang='grc'>82.</span> <span class='ocrx_word' id='word_1_608' title='bbox 555 2635 690 2664; x_wconf 80' lang='lat' dir='ltr'>Adversus</span> <span class='ocrx_word' id='word_1_609' title='bbox 710 2641 897 2677; x_wconf 75' lang='lat' dir='ltr'>excipientem:</span> <span class='ocrx_word' id='word_1_610' title='bbox 917 2640 969 2672; x_wconf 71' lang='lat' dir='ltr'>„Si</span> <span class='ocrx_word' id='word_1_611' title='bbox 988 2651 1040 2667; x_wconf 91' lang='lat' dir='ltr'>non</span> 
     </span>
     <span class='ocr_line' id='line_1_59' title="bbox 205 2678 1041 2716; baseline 0.007 -13"><span class='ocrx_word' id='word_1_612' title='bbox 205 2688 269 2704; x_wconf 88' lang='lat' dir='ltr'>suus</span> <span class='ocrx_word' id='word_1_613' title='bbox 289 2681 394 2709; x_wconf 72' lang='lat' dir='ltr'>esset‚‘&#39;</span> <span class='ocrx_word' id='word_1_614' title='bbox 415 2678 586 2714; x_wconf 79' lang='lat' dir='ltr'>replicatione</span> <span class='ocrx_word' id='word_1_615' title='bbox 605 2680 650 2705; x_wconf 90' lang='lat' dir='ltr'>uti.</span> <span class='ocrx_word' id='word_1_616' title='bbox 674 2681 704 2706; x_wconf 81' lang='lat' dir='ltr'>I&#39;r.</span> <span class='ocrx_word' id='word_1_617' title='bbox 723 2683 747 2708; x_wconf 91' lang='lat'>4.</span> <span class='ocrx_word' id='word_1_618' title='bbox 771 2683 792 2716; x_wconf 81' lang='lat'>3.</span> <span class='ocrx_word' id='word_1_619' title='bbox 812 2685 854 2709; x_wconf 83' lang='lat'>32.</span> <span class='ocrx_word' id='word_1_620' title='bbox 880 2682 912 2708; x_wconf 89' lang='lat' dir='ltr'>de</span> <span class='ocrx_word' id='word_1_621' title='bbox 930 2681 995 2709; x_wconf 82' lang='lat' dir='ltr'>Pub.</span> <span class='ocrx_word' id='word_1_622' title='bbox 1015 2684 1041 2709; x_wconf 90' lang='lat' dir='ltr'>in</span> 
     </span>
     <span class='ocr_line' id='line_1_60' title="bbox 204 2720 1040 2762; baseline 0.006 -16"><span class='ocrx_word' id='word_1_623' title='bbox 204 2720 236 2747; x_wconf 87' lang='lat' dir='ltr'>R.</span> <span class='ocrx_word' id='word_1_624' title='bbox 255 2721 286 2746; x_wconf 89' lang='lat' dir='ltr'>A.</span> <span class='ocrx_word' id='word_1_625' title='bbox 307 2722 329 2746; x_wconf 89' lang='grc'>6.</span> <span class='ocrx_word' id='word_1_626' title='bbox 349 2722 373 2746; x_wconf 90' lang='grc'>2.</span> <span class='ocrx_word' id='word_1_627' title='bbox 411 2720 514 2747; x_wconf 80' lang='lat' dir='ltr'>Testari</span> <span class='ocrx_word' id='word_1_628' title='bbox 533 2721 565 2747; x_wconf 88' lang='lat' dir='ltr'>de</span> <span class='ocrx_word' id='word_1_629' title='bbox 585 2731 631 2747; x_wconf 85' lang='lat' dir='ltr'>sua</span> <span class='ocrx_word' id='word_1_630' title='bbox 650 2731 686 2748; x_wconf 86' lang='lat' dir='ltr'>re.</span> <span class='ocrx_word' id='word_1_631' title='bbox 706 2723 761 2750; x_wconf 85' lang='lat' dir='ltr'>Gai.</span> <span class='ocrx_word' id='word_1_632' title='bbox 781 2725 812 2752; x_wconf 92' lang='grc'>11.</span> <span class='ocrx_word' id='word_1_633' title='bbox 832 2726 891 2751; x_wconf 86' lang='lat'>224.</span> <span class='ocrx_word' id='word_1_634' title='bbox 916 2724 976 2762; x_wconf 84' lang='lat' dir='ltr'>le.</span> <span class='ocrx_word' id='word_1_635' title='bbox 996 2725 1040 2752; x_wconf 88' lang='lat' dir='ltr'>XI.</span> 
     </span>
     <span class='ocr_line' id='line_1_61' title="bbox 206 2763 1041 2801; baseline 0.007 -12"><span class='ocrx_word' id='word_1_636' title='bbox 206 2765 245 2790; x_wconf 85' lang='lat'>14.</span> <span class='ocrx_word' id='word_1_637' title='bbox 265 2763 325 2790; x_wconf 81' lang='lat' dir='ltr'>XX.</span> <span class='ocrx_word' id='word_1_638' title='bbox 346 2764 385 2789; x_wconf 84' lang='lat'>13.</span> <span class='ocrx_word' id='word_1_639' title='bbox 423 2763 509 2790; x_wconf 85' lang='lat' dir='ltr'>Omne</span> <span class='ocrx_word' id='word_1_640' title='bbox 533 2774 621 2795; x_wconf 89' lang='lat' dir='ltr'>suum,</span> <span class='ocrx_word' id='word_1_641' title='bbox 645 2774 665 2790; x_wconf 94' lang='lat' dir='ltr'>s.</span> <span class='ocrx_word' id='word_1_642' title='bbox 691 2766 761 2801; x_wconf 90' lang='lat' dir='ltr'>quod</span> <span class='ocrx_word' id='word_1_643' title='bbox 783 2777 859 2794; x_wconf 89' lang='lat' dir='ltr'>suum</span> <span class='ocrx_word' id='word_1_644' title='bbox 878 2772 961 2800; x_wconf 80' lang='lat' dir='ltr'>esset,</span> <span class='ocrx_word' id='word_1_645' title='bbox 987 2769 1041 2801; x_wconf 88' lang='lat' dir='ltr'>(sc.</span> 
     </span>
     <span class='ocr_line' id='line_1_62' title="bbox 206 2805 1041 2846; baseline 0.006 -13"><span class='ocrx_word' id='word_1_646' title='bbox 206 2806 365 2843; x_wconf 82' lang='lat' dir='ltr'>argentum.)</span> <span class='ocrx_word' id='word_1_647' title='bbox 389 2805 419 2832; x_wconf 88' lang='lat' dir='ltr'>fr.</span> <span class='ocrx_word' id='word_1_648' title='bbox 439 2808 480 2832; x_wconf 83' lang='lat'>27.</span> <span class='ocrx_word' id='word_1_649' title='bbox 505 2807 541 2840; x_wconf 84' lang='lat'>33.</span> <span class='ocrx_word' id='word_1_650' title='bbox 561 2809 585 2833; x_wconf 87' lang='lat'>2.</span> <span class='ocrx_word' id='word_1_651' title='bbox 605 2816 664 2843; x_wconf 86' lang='lat' dir='ltr'>sqq.</span> <span class='ocrx_word' id='word_1_652' title='bbox 689 2806 718 2834; x_wconf 73' lang='lat' dir='ltr'>I‘r.</span> <span class='ocrx_word' id='word_1_653' title='bbox 738 2809 778 2834; x_wconf 79' lang='lat'>34.</span> <span class='ocrx_word' id='word_1_654' title='bbox 798 2819 837 2846; x_wconf 87' lang='lat' dir='ltr'>pr.</span> <span class='ocrx_word' id='word_1_655' title='bbox 857 2810 890 2837; x_wconf 86' lang='lat' dir='ltr'>de</span> <span class='ocrx_word' id='word_1_656' title='bbox 909 2821 971 2838; x_wconf 91' lang='lat' dir='ltr'>auro</span> <span class='ocrx_word' id='word_1_657' title='bbox 991 2820 1041 2846; x_wconf 83' lang='lat' dir='ltr'>arg.</span> 
     </span>
    </p>
   </div>
   <div class='ocr_carea' id='block_1_3' title="bbox 1063 626 1067 2832">
    <p class='ocr_par' dir='ltr' id='par_1_4' title="bbox 1063 626 1067 2832">
     <span class='ocr_line' id='line_1_63' title="bbox 1063 626 1067 2832; baseline 0 0"><span class='ocrx_word' id='word_1_658' title='bbox 1063 626 1067 2832; x_wconf 95' lang='lat' dir='ltr'> </span> 
     </span>
    </p>
   </div>
   <div class='ocr_carea' id='block_1_4' title="bbox 1866 168 1929 198">
    <p class='ocr_par' dir='ltr' id='par_1_5' title="bbox 1866 168 1929 198">
     <span class='ocr_line' id='line_1_64' title="bbox 1866 168 1929 198; baseline 0 -1"><span class='ocrx_word' id='word_1_659' title='bbox 1866 168 1929 198; x_wconf 88' lang='grc'>939</span> 
     </span>
    </p>
   </div>
   <div class='ocr_carea' id='block_1_5' title="bbox 1088 243 1929 581">
    <p class='ocr_par' dir='ltr' id='par_1_6' title="bbox 1088 243 1929 581">
     <span class='ocr_line' id='line_1_65' title="bbox 1088 243 1929 281; baseline 0.006 -12"><span class='ocrx_word' id='word_1_660' title='bbox 1088 245 1130 270; x_wconf 87' lang='lat'>34.</span> <span class='ocrx_word' id='word_1_661' title='bbox 1150 245 1174 270; x_wconf 83' lang='lat'>2.</span> <span class='ocrx_word' id='word_1_662' title='bbox 1212 243 1266 270; x_wconf 86' lang='lat' dir='ltr'>Aut</span> <span class='ocrx_word' id='word_1_663' title='bbox 1285 245 1340 270; x_wconf 90' lang='lat' dir='ltr'>iure</span> <span class='ocrx_word' id='word_1_664' title='bbox 1360 245 1439 276; x_wconf 79' lang='lat' dir='ltr'>civili,</span> <span class='ocrx_word' id='word_1_665' title='bbox 1460 251 1503 272; x_wconf 87' lang='lat' dir='ltr'>aut</span> <span class='ocrx_word' id='word_1_666' title='bbox 1523 246 1652 281; x_wconf 72' lang='lat' dir='ltr'>gentium,</span> <span class='ocrx_word' id='word_1_667' title='bbox 1672 255 1735 271; x_wconf 89' lang='lat' dir='ltr'>suos</span> <span class='ocrx_word' id='word_1_668' title='bbox 1755 245 1841 272; x_wconf 79' lang='lat' dir='ltr'>facere</span> <span class='ocrx_word' id='word_1_669' title='bbox 1859 248 1929 279; x_wconf 85' lang='lat' dir='ltr'>(fru-</span> 
     </span>
     <span class='ocr_line' id='line_1_66' title="bbox 1089 286 1929 326; baseline 0.004 -14"><span class='ocrx_word' id='word_1_670' title='bbox 1089 287 1173 319; x_wconf 88' lang='lat' dir='ltr'>ctus.)</span> <span class='ocrx_word' id='word_1_671' title='bbox 1196 286 1227 312; x_wconf 77' lang='lat' dir='ltr'>fr.</span> <span class='ocrx_word' id='word_1_672' title='bbox 1247 288 1288 313; x_wconf 86' lang='lat'>62.</span> <span class='ocrx_word' id='word_1_673' title='bbox 1308 297 1346 324; x_wconf 90' lang='lat' dir='ltr'>pr.</span> <span class='ocrx_word' id='word_1_674' title='bbox 1368 287 1400 314; x_wconf 88' lang='lat' dir='ltr'>de</span> <span class='ocrx_word' id='word_1_675' title='bbox 1421 288 1501 314; x_wconf 82' lang='lat' dir='ltr'>ususr.</span> <span class='ocrx_word' id='word_1_676' title='bbox 1523 290 1544 315; x_wconf 88' lang='lat'>7.</span> <span class='ocrx_word' id='word_1_677' title='bbox 1562 291 1582 314; x_wconf 95' lang='lat' dir='ltr'>l.</span> <span class='ocrx_word' id='word_1_678' title='bbox 1597 288 1627 314; x_wconf 88' lang='lat' dir='ltr'>fr.</span> <span class='ocrx_word' id='word_1_679' title='bbox 1642 290 1682 314; x_wconf 80' lang='grc'>45.</span> <span class='ocrx_word' id='word_1_680' title='bbox 1697 288 1729 314; x_wconf 80' lang='lat' dir='ltr'>cf.</span> <span class='ocrx_word' id='word_1_681' title='bbox 1743 288 1773 314; x_wconf 87' lang='lat' dir='ltr'>fr.</span> <span class='ocrx_word' id='word_1_682' title='bbox 1788 291 1828 315; x_wconf 82' lang='lat'>25.</span> <span class='ocrx_word' id='word_1_683' title='bbox 1842 300 1881 326; x_wconf 82' lang='lat' dir='ltr'>pr.</span> <span class='ocrx_word' id='word_1_684' title='bbox 1896 290 1929 316; x_wconf 82' lang='lat' dir='ltr'>de</span> 
     </span>
     <span class='ocr_line' id='line_1_67' title="bbox 1089 330 1928 363; baseline 0.005 -8"><span class='ocrx_word' id='word_1_685' title='bbox 1089 339 1159 355; x_wconf 91' lang='lat' dir='ltr'>usur.</span> <span class='ocrx_word' id='word_1_686' title='bbox 1179 331 1220 356; x_wconf 88' lang='lat'>22.</span> <span class='ocrx_word' id='word_1_687' title='bbox 1243 331 1263 356; x_wconf 91' lang='lat' dir='ltr'>l.</span> <span class='ocrx_word' id='word_1_688' title='bbox 1285 346 1316 349; x_wconf 84' lang='lat'>—-</span> <span class='ocrx_word' id='word_1_689' title='bbox 1337 330 1367 363; x_wconf 83' lang='lat'>§.</span> <span class='ocrx_word' id='word_1_690' title='bbox 1388 332 1425 358; x_wconf 80' lang='lat'>3.</span> <span class='ocrx_word' id='word_1_691' title='bbox 1446 333 1596 363; x_wconf 78' lang='lat' dir='ltr'>Patrius,</span> <span class='ocrx_word' id='word_1_692' title='bbox 1617 333 1766 358; x_wconf 69' lang='lat' dir='ltr'>Nativus.</span> <span class='ocrx_word' id='word_1_693' title='bbox 1803 331 1845 358; x_wconf 91' lang='lat' dir='ltr'>III.</span> <span class='ocrx_word' id='word_1_694' title='bbox 1862 334 1928 360; x_wconf 73' lang='lat' dir='ltr'>Cn.</span> 
     </span>
     <span class='ocr_line' id='line_1_68' title="bbox 1088 371 1928 411; baseline 0.004 -13"><span class='ocrx_word' id='word_1_695' title='bbox 1088 371 1116 398; x_wconf 92' lang='lat' dir='ltr'>In</span> <span class='ocrx_word' id='word_1_696' title='bbox 1136 382 1183 399; x_wconf 82' lang='lat' dir='ltr'>sua</span> <span class='ocrx_word' id='word_1_697' title='bbox 1202 373 1330 408; x_wconf 86' lang='lat' dir='ltr'>cuiusque</span> <span class='ocrx_word' id='word_1_698' title='bbox 1349 375 1439 410; x_wconf 85' lang='lat' dir='ltr'>patria.</span> <span class='ocrx_word' id='word_1_699' title='bbox 1476 374 1504 400; x_wconf 88' lang='grc'>111</span> <span class='ocrx_word' id='word_1_700' title='bbox 1529 384 1574 400; x_wconf 87' lang='lat' dir='ltr'>sua</span> <span class='ocrx_word' id='word_1_701' title='bbox 1599 375 1742 411; x_wconf 83' lang='lat' dir='ltr'>provincia.</span> <span class='ocrx_word' id='word_1_702' title='bbox 1767 374 1797 400; x_wconf 83' lang='lat' dir='ltr'>sr.</span> <span class='ocrx_word' id='word_1_703' title='bbox 1816 376 1874 401; x_wconf 86' lang='grc'>203.</span> <span class='ocrx_word' id='word_1_704' title='bbox 1896 375 1928 402; x_wconf 87' lang='grc'>(18</span> 
     </span>
     <span class='ocr_line' id='line_1_69' title="bbox 1089 414 1927 450; baseline 0.005 -10"><span class='ocrx_word' id='word_1_705' title='bbox 1089 414 1119 440; x_wconf 83' lang='lat' dir='ltr'>V.</span> <span class='ocrx_word' id='word_1_706' title='bbox 1141 415 1168 441; x_wconf 88' lang='lat' dir='ltr'>S.</span> <span class='ocrx_word' id='word_1_707' title='bbox 1192 417 1234 441; x_wconf 77' lang='grc'>50.</span> <span class='ocrx_word' id='word_1_708' title='bbox 1255 417 1294 442; x_wconf 86' lang='lat'>16.</span> <span class='ocrx_word' id='word_1_709' title='bbox 1320 416 1350 442; x_wconf 85' lang='lat' dir='ltr'>cf.</span> <span class='ocrx_word' id='word_1_710' title='bbox 1376 416 1406 442; x_wconf 81' lang='lat' dir='ltr'>fr.</span> <span class='ocrx_word' id='word_1_711' title='bbox 1428 419 1448 443; x_wconf 87' lang='lat' dir='ltr'>l.</span> <span class='ocrx_word' id='word_1_712' title='bbox 1473 417 1556 450; x_wconf 65' lang='lat'>313.</span> <span class='ocrx_word' id='word_1_713' title='bbox 1581 417 1612 443; x_wconf 82' lang='lat' dir='ltr'>de</span> <span class='ocrx_word' id='word_1_714' title='bbox 1636 417 1679 443; x_wconf 79' lang='lat' dir='ltr'>off.</span> <span class='ocrx_word' id='word_1_715' title='bbox 1705 416 1757 443; x_wconf 78' lang='lat' dir='ltr'>Prt‘.</span> <span class='ocrx_word' id='word_1_716' title='bbox 1777 417 1822 444; x_wconf 89' lang='lat' dir='ltr'>Vr.</span> <span class='ocrx_word' id='word_1_717' title='bbox 1844 420 1866 444; x_wconf 93' lang='lat' dir='ltr'>l.</span> <span class='ocrx_word' id='word_1_718' title='bbox 1888 420 1927 445; x_wconf 88' lang='grc'>12.</span> 
     </span>
     <span class='ocr_line' id='line_1_70' title="bbox 1088 457 1928 495; baseline 0.005 -12"><span class='ocrx_word' id='word_1_719' title='bbox 1088 457 1118 484; x_wconf 83' lang='lat' dir='ltr'>fr.</span> <span class='ocrx_word' id='word_1_720' title='bbox 1138 460 1162 484; x_wconf 97' lang='lat'>3.</span> <span class='ocrx_word' id='word_1_721' title='bbox 1186 458 1218 484; x_wconf 82' lang='lat' dir='ltr'>de</span> <span class='ocrx_word' id='word_1_722' title='bbox 1242 459 1286 484; x_wconf 80' lang='lat' dir='ltr'>oss.</span> <span class='ocrx_word' id='word_1_723' title='bbox 1311 458 1411 485; x_wconf 70' lang='lat' dir='ltr'>adsoss.</span> <span class='ocrx_word' id='word_1_724' title='bbox 1438 462 1459 485; x_wconf 98' lang='lat' dir='ltr'>l.</span> <span class='ocrx_word' id='word_1_725' title='bbox 1478 462 1519 485; x_wconf 86' lang='lat'>22.</span> <span class='ocrx_word' id='word_1_726' title='bbox 1556 459 1693 486; x_wconf 68' lang='lat' dir='ltr'>Adversus</span> <span class='ocrx_word' id='word_1_727' title='bbox 1718 459 1790 495; x_wconf 80' lang='lat' dir='ltr'>leges</span> <span class='ocrx_word' id='word_1_728' title='bbox 1813 462 1928 487; x_wconf 76' lang='lat' dir='ltr'>civitatis</span> 
     </span>
     <span class='ocr_line' id='line_1_71' title="bbox 1088 500 1928 540; baseline 0.005 -14"><span class='ocrx_word' id='word_1_729' title='bbox 1088 510 1150 526; x_wconf 86' lang='lat' dir='ltr'>suae</span> <span class='ocrx_word' id='word_1_730' title='bbox 1169 501 1268 527; x_wconf 79' lang='lat' dir='ltr'>testarI.</span> <span class='ocrx_word' id='word_1_731' title='bbox 1288 500 1349 538; x_wconf 71' lang='lat' dir='ltr'>le.</span> <span class='ocrx_word' id='word_1_732' title='bbox 1368 502 1429 528; x_wconf 86' lang='lat' dir='ltr'>XX.</span> <span class='ocrx_word' id='word_1_733' title='bbox 1450 504 1489 528; x_wconf 81' lang='lat'>14.</span> <span class='ocrx_word' id='word_1_734' title='bbox 1526 502 1569 528; x_wconf 91' lang='lat' dir='ltr'>Ius</span> <span class='ocrx_word' id='word_1_735' title='bbox 1589 512 1664 529; x_wconf 87' lang='lat' dir='ltr'>suum</span> <span class='ocrx_word' id='word_1_736' title='bbox 1683 502 1782 540; x_wconf 82' lang='lat' dir='ltr'>populi.</span> <span class='ocrx_word' id='word_1_737' title='bbox 1802 503 1831 530; x_wconf 83' lang='lat' dir='ltr'>fr.</span> <span class='ocrx_word' id='word_1_738' title='bbox 1853 506 1875 530; x_wconf 95' lang='lat' dir='ltr'>l.</span> <span class='ocrx_word' id='word_1_739' title='bbox 1896 503 1928 530; x_wconf 83' lang='lat' dir='ltr'>de</span> 
     </span>
     <span class='ocr_line' id='line_1_72' title="bbox 1088 542 1926 581; baseline 0.005 -13"><span class='ocrx_word' id='word_1_740' title='bbox 1088 542 1177 580; x_wconf 89' lang='lat' dir='ltr'>popul.</span> <span class='ocrx_word' id='word_1_741' title='bbox 1203 549 1251 570; x_wconf 86' lang='lat' dir='ltr'>act.</span> <span class='ocrx_word' id='word_1_742' title='bbox 1272 545 1313 570; x_wconf 83' lang='grc'>47.</span> <span class='ocrx_word' id='word_1_743' title='bbox 1332 546 1375 570; x_wconf 81' lang='grc'>23.</span> <span class='ocrx_word' id='word_1_744' title='bbox 1399 560 1430 563; x_wconf 88' lang='lat'>——</span> <span class='ocrx_word' id='word_1_745' title='bbox 1460 546 1491 578; x_wconf 57' lang='grc' dir='ltr'>ᾖ.</span> <span class='ocrx_word' id='word_1_746' title='bbox 1513 546 1551 572; x_wconf 66' lang='grc'>4.</span> <span class='ocrx_word' id='word_1_747' title='bbox 1580 547 1703 576; x_wconf 69' lang='lat' dir='ltr'>Iustu-⁴³,</span> <span class='ocrx_word' id='word_1_748' title='bbox 1732 547 1926 581; x_wconf 78' lang='lat' dir='ltr'>Legitimus.</span> 
     </span>
    </p>
   </div>
   <div class='ocr_carea' id='block_1_6' title="bbox 1065 585 1926 623">
    <p class='ocr_par' dir='ltr' id='par_1_7' title="bbox 1065 585 1926 623">
     <span class='ocr_line' id='line_1_73' title="bbox 1065 585 1926 623; baseline 0.005 -11"><span class='ocrx_word' id='word_1_749' title='bbox 1065 585 1066 607; x_wconf 67' lang='lat' dir='ltr'>l</span> <span class='ocrx_word' id='word_1_750' title='bbox 1088 585 1106 611; x_wconf 94' lang='lat' dir='ltr'>I.</span> <span class='ocrx_word' id='word_1_751' title='bbox 1124 587 1185 620; x_wconf 75' lang='lat' dir='ltr'>Sy.</span> <span class='ocrx_word' id='word_1_752' title='bbox 1206 586 1302 613; x_wconf 85' lang='lat' dir='ltr'>Iustus.</span> <span class='ocrx_word' id='word_1_753' title='bbox 1323 586 1363 614; x_wconf 82' lang='lat' dir='ltr'>Cf.</span> <span class='ocrx_word' id='word_1_754' title='bbox 1384 587 1408 613; x_wconf 93' lang='lat' dir='ltr'>h.</span> <span class='ocrx_word' id='word_1_755' title='bbox 1423 597 1447 613; x_wconf 85' lang='lat' dir='ltr'>v.</span> <span class='ocrx_word' id='word_1_756' title='bbox 1467 587 1563 621; x_wconf 87' lang='lat' dir='ltr'>3.1A.</span> <span class='ocrx_word' id='word_1_757' title='bbox 1601 587 1708 619; x_wconf 80' lang='lat' dir='ltr'>Matura,</span> <span class='ocrx_word' id='word_1_758' title='bbox 1728 588 1798 614; x_wconf 78' lang='lat' dir='ltr'>Iusta</span> <span class='ocrx_word' id='word_1_759' title='bbox 1819 590 1926 623; x_wconf 75' lang='lat' dir='ltr'>(aetas.)</span> 
     </span>
    </p>
   </div>
   <div class='ocr_carea' id='block_1_7' title="bbox 1086 628 1928 1094">
    <p class='ocr_par' dir='ltr' id='par_1_8' title="bbox 1086 628 1928 1094">
     <span class='ocr_line' id='line_1_74' title="bbox 1088 628 1928 666; baseline 0.005 -11"><span class='ocrx_word' id='word_1_760' title='bbox 1088 628 1116 655; x_wconf 84' lang='lat' dir='ltr'>fr.</span> <span class='ocrx_word' id='word_1_761' title='bbox 1137 631 1178 655; x_wconf 87' lang='lat'>50.</span> <span class='ocrx_word' id='word_1_762' title='bbox 1204 629 1224 662; x_wconf 85' lang='lat'>3</span> <span class='ocrx_word' id='word_1_763' title='bbox 1245 630 1268 656; x_wconf 83' lang='grc'>6.</span> <span class='ocrx_word' id='word_1_764' title='bbox 1289 629 1321 655; x_wconf 84' lang='lat' dir='ltr'>de</span> <span class='ocrx_word' id='word_1_765' title='bbox 1340 629 1415 666; x_wconf 70' lang='lat' dir='ltr'>legat.</span> <span class='ocrx_word' id='word_1_766' title='bbox 1436 630 1476 656; x_wconf 91' lang='grc'>111.</span> <span class='ocrx_word' id='word_1_767' title='bbox 1498 630 1574 662; x_wconf 82' lang='lat'>(32.)</span> <span class='ocrx_word' id='word_1_768' title='bbox 1612 629 1664 656; x_wconf 84' lang='lat' dir='ltr'>Sua</span> <span class='ocrx_word' id='word_1_769' title='bbox 1689 635 1778 657; x_wconf 85' lang='lat' dir='ltr'>natura</span> <span class='ocrx_word' id='word_1_770' title='bbox 1806 632 1928 664; x_wconf 85' lang='lat' dir='ltr'>(interci-</span> 
     </span>
     <span class='ocr_line' id='line_1_75' title="bbox 1088 671 1926 711; baseline 0.005 -14"><span class='ocrx_word' id='word_1_771' title='bbox 1088 671 1171 703; x_wconf 77' lang='lat' dir='ltr'>dere.)</span> <span class='ocrx_word' id='word_1_772' title='bbox 1207 671 1340 698; x_wconf 70' lang='lat' dir='ltr'>Naturalis</span> <span class='ocrx_word' id='word_1_773' title='bbox 1361 673 1515 705; x_wconf 75' lang='lat' dir='ltr'>(interitus.)</span> <span class='ocrx_word' id='word_1_774' title='bbox 1536 672 1565 698; x_wconf 89' lang='lat' dir='ltr'>fr.</span> <span class='ocrx_word' id='word_1_775' title='bbox 1586 674 1625 698; x_wconf 90' lang='lat'>14.</span> <span class='ocrx_word' id='word_1_776' title='bbox 1645 674 1667 707; x_wconf 90' lang='lat'>3.</span> <span class='ocrx_word' id='word_1_777' title='bbox 1689 675 1710 699; x_wconf 98' lang='lat' dir='ltr'>l.</span> <span class='ocrx_word' id='word_1_778' title='bbox 1731 673 1822 711; x_wconf 78' lang='lat' dir='ltr'>depos.</span> <span class='ocrx_word' id='word_1_779' title='bbox 1844 676 1883 701; x_wconf 88' lang='lat'>16.</span> <span class='ocrx_word' id='word_1_780' title='bbox 1902 676 1926 702; x_wconf 87' lang='lat'>3.</span> 
     </span>
     <span class='ocr_line' id='line_1_76' title="bbox 1087 713 1926 753; baseline 0.004 -13"><span class='ocrx_word' id='word_1_781' title='bbox 1087 713 1129 740; x_wconf 87' lang='lat' dir='ltr'>Ad</span> <span class='ocrx_word' id='word_1_782' title='bbox 1149 713 1232 745; x_wconf 77' lang='lat' dir='ltr'>diem,</span> <span class='ocrx_word' id='word_1_783' title='bbox 1252 714 1357 741; x_wconf 85' lang='lat' dir='ltr'>Statuto</span> <span class='ocrx_word' id='word_1_784' title='bbox 1377 720 1508 753; x_wconf 86' lang='lat' dir='ltr'>tempore,</span> <span class='ocrx_word' id='word_1_785' title='bbox 1533 715 1585 741; x_wconf 86' lang='lat' dir='ltr'>Sua</span> <span class='ocrx_word' id='word_1_786' title='bbox 1606 715 1647 741; x_wconf 86' lang='lat' dir='ltr'>die</span> <span class='ocrx_word' id='word_1_787' title='bbox 1667 715 1815 748; x_wconf 88' lang='lat' dir='ltr'>(solvere.)</span> <span class='ocrx_word' id='word_1_788' title='bbox 1835 716 1865 743; x_wconf 82' lang='lat' dir='ltr'>fr.</span> <span class='ocrx_word' id='word_1_789' title='bbox 1887 719 1926 744; x_wconf 91' lang='lat'>10.</span> 
     </span>
     <span class='ocr_line' id='line_1_77' title="bbox 1087 757 1925 794; baseline 0.005 -12"><span class='ocrx_word' id='word_1_790' title='bbox 1087 767 1126 794; x_wconf 89' lang='lat' dir='ltr'>pr.</span> <span class='ocrx_word' id='word_1_791' title='bbox 1146 757 1166 791; x_wconf 89' lang='lat'>3.</span> <span class='ocrx_word' id='word_1_792' title='bbox 1189 759 1210 783; x_wconf 92' lang='grc'>1.</span> <span class='ocrx_word' id='word_1_793' title='bbox 1231 757 1263 783; x_wconf 90' lang='lat' dir='ltr'>de</span> <span class='ocrx_word' id='word_1_794' title='bbox 1282 768 1348 784; x_wconf 88' lang='lat' dir='ltr'>resc.</span> <span class='ocrx_word' id='word_1_795' title='bbox 1368 758 1445 784; x_wconf 88' lang='lat' dir='ltr'>vend.</span> <span class='ocrx_word' id='word_1_796' title='bbox 1467 759 1504 784; x_wconf 90' lang='lat'>18.</span> <span class='ocrx_word' id='word_1_797' title='bbox 1524 760 1547 785; x_wconf 96' lang='lat'>5.</span> <span class='ocrx_word' id='word_1_798' title='bbox 1574 757 1603 784; x_wconf 69' lang='grc' dir='ltr'>ΓΡ.</span> <span class='ocrx_word' id='word_1_799' title='bbox 1625 760 1664 784; x_wconf 92' lang='lat'>17.</span> <span class='ocrx_word' id='word_1_800' title='bbox 1690 759 1711 792; x_wconf 87' lang='lat'>3.</span> <span class='ocrx_word' id='word_1_801' title='bbox 1730 761 1753 784; x_wconf 88' lang='lat'>2.</span> <span class='ocrx_word' id='word_1_802' title='bbox 1779 759 1830 794; x_wconf 81' lang='lat' dir='ltr'>Qu.</span> <span class='ocrx_word' id='word_1_803' title='bbox 1850 760 1876 785; x_wconf 86' lang='lat' dir='ltr'>in</span> <span class='ocrx_word' id='word_1_804' title='bbox 1895 759 1925 786; x_wconf 86' lang='lat' dir='ltr'>fr.</span> 
     </span>
     <span class='ocr_line' id='line_1_78' title="bbox 1087 799 1926 835; baseline 0.005 -10"><span class='ocrx_word' id='word_1_805' title='bbox 1087 799 1156 825; x_wconf 85' lang='lat' dir='ltr'>cred.</span> <span class='ocrx_word' id='word_1_806' title='bbox 1176 801 1217 826; x_wconf 84' lang='lat'>42.</span> <span class='ocrx_word' id='word_1_807' title='bbox 1237 801 1261 826; x_wconf 81' lang='lat'>8.</span> <span class='ocrx_word' id='word_1_808' title='bbox 1299 800 1329 827; x_wconf 90' lang='lat' dir='ltr'>II.</span> <span class='ocrx_word' id='word_1_809' title='bbox 1349 803 1416 835; x_wconf 79' lang='lat' dir='ltr'>Op.</span> <span class='ocrx_word' id='word_1_810' title='bbox 1437 800 1505 827; x_wconf 84' lang='lat' dir='ltr'>Suae</span> <span class='ocrx_word' id='word_1_811' title='bbox 1523 802 1627 833; x_wconf 86' lang='lat' dir='ltr'>mentis,</span> <span class='ocrx_word' id='word_1_812' title='bbox 1645 815 1678 820; x_wconf 91' lang='lat'>—-</span> <span class='ocrx_word' id='word_1_813' title='bbox 1698 801 1816 834; x_wconf 83' lang='lat' dir='ltr'>Insanus,</span> <span class='ocrx_word' id='word_1_814' title='bbox 1837 802 1926 829; x_wconf 86' lang='lat' dir='ltr'>Furio-</span> 
     </span>
     <span class='ocr_line' id='line_1_79' title="bbox 1087 843 1925 880; baseline 0.005 -12"><span class='ocrx_word' id='word_1_815' title='bbox 1087 851 1132 868; x_wconf 86' lang='lat' dir='ltr'>sus</span> <span class='ocrx_word' id='word_1_816' title='bbox 1152 843 1254 876; x_wconf 81' lang='lat' dir='ltr'>(esse.)</span> <span class='ocrx_word' id='word_1_817' title='bbox 1291 843 1362 870; x_wconf 90' lang='lat' dir='ltr'>Suus</span> <span class='ocrx_word' id='word_1_818' title='bbox 1382 853 1433 870; x_wconf 89' lang='lat' dir='ltr'>non</span> <span class='ocrx_word' id='word_1_819' title='bbox 1453 853 1519 870; x_wconf 85' lang='lat' dir='ltr'>esse.</span> <span class='ocrx_word' id='word_1_820' title='bbox 1540 843 1568 870; x_wconf 87' lang='lat' dir='ltr'>fr.</span> <span class='ocrx_word' id='word_1_821' title='bbox 1589 845 1631 870; x_wconf 84' lang='lat'>39.</span> <span class='ocrx_word' id='word_1_822' title='bbox 1651 854 1688 880; x_wconf 90' lang='lat' dir='ltr'>pr.</span> <span class='ocrx_word' id='word_1_823' title='bbox 1709 843 1740 870; x_wconf 87' lang='lat' dir='ltr'>de</span> <span class='ocrx_word' id='word_1_824' title='bbox 1759 844 1838 871; x_wconf 76' lang='lat' dir='ltr'>indic.</span> <span class='ocrx_word' id='word_1_825' title='bbox 1857 848 1881 872; x_wconf 88' lang='lat'>5.</span> <span class='ocrx_word' id='word_1_826' title='bbox 1903 847 1925 872; x_wconf 98' lang='lat' dir='ltr'>l.</span> 
     </span>
     <span class='ocr_line' id='line_1_80' title="bbox 1087 884 1924 923; baseline 0.005 -13"><span class='ocrx_word' id='word_1_827' title='bbox 1087 884 1117 910; x_wconf 88' lang='lat' dir='ltr'>fr.</span> <span class='ocrx_word' id='word_1_828' title='bbox 1138 886 1160 910; x_wconf 91' lang='lat'>7.</span> <span class='ocrx_word' id='word_1_829' title='bbox 1180 886 1201 919; x_wconf 97' lang='lat'>3.</span> <span class='ocrx_word' id='word_1_830' title='bbox 1221 887 1245 912; x_wconf 87' lang='lat'>9.</span> <span class='ocrx_word' id='word_1_831' title='bbox 1266 886 1317 922; x_wconf 79' lang='lat' dir='ltr'>Qu.</span> <span class='ocrx_word' id='word_1_832' title='bbox 1338 897 1370 913; x_wconf 82' lang='lat' dir='ltr'>ex</span> <span class='ocrx_word' id='word_1_833' title='bbox 1390 897 1410 912; x_wconf 89' lang='lat' dir='ltr'>c.</span> <span class='ocrx_word' id='word_1_834' title='bbox 1431 887 1457 912; x_wconf 86' lang='grc'>111</span> <span class='ocrx_word' id='word_1_835' title='bbox 1477 896 1548 923; x_wconf 85' lang='lat' dir='ltr'>poss.</span> <span class='ocrx_word' id='word_1_836' title='bbox 1569 887 1610 912; x_wconf 84' lang='lat'>42.</span> <span class='ocrx_word' id='word_1_837' title='bbox 1630 887 1654 912; x_wconf 90' lang='lat'>4.</span> <span class='ocrx_word' id='word_1_838' title='bbox 1674 886 1704 912; x_wconf 81' lang='lat' dir='ltr'>sr.</span> <span class='ocrx_word' id='word_1_839' title='bbox 1725 888 1747 912; x_wconf 93' lang='lat'>7.</span> <span class='ocrx_word' id='word_1_840' title='bbox 1767 887 1789 921; x_wconf 87' lang='lat'>3.</span> <span class='ocrx_word' id='word_1_841' title='bbox 1803 889 1826 913; x_wconf 90' lang='lat'>3.</span> <span class='ocrx_word' id='word_1_842' title='bbox 1847 887 1878 914; x_wconf 82' lang='lat' dir='ltr'>ad</span> <span class='ocrx_word' id='word_1_843' title='bbox 1896 887 1924 914; x_wconf 94' lang='lat' dir='ltr'>L.</span> 
     </span>
     <span class='ocr_line' id='line_1_81' title="bbox 1088 926 1924 957; baseline 0.005 -4"><span class='ocrx_word' id='word_1_844' title='bbox 1088 926 1135 953; x_wconf 68' lang='lat' dir='ltr'>Iul.</span> <span class='ocrx_word' id='word_1_845' title='bbox 1156 929 1215 953; x_wconf 85' lang='lat' dir='ltr'>mai.</span> <span class='ocrx_word' id='word_1_846' title='bbox 1236 930 1277 954; x_wconf 78' lang='lat'>48.</span> <span class='ocrx_word' id='word_1_847' title='bbox 1297 932 1320 955; x_wconf 89' lang='lat'>4.</span> <span class='ocrx_word' id='word_1_848' title='bbox 1358 928 1401 955; x_wconf 93' lang='lat' dir='ltr'>III.</span> <span class='ocrx_word' id='word_1_849' title='bbox 1423 930 1488 956; x_wconf 77' lang='lat' dir='ltr'>Cn.</span> <span class='ocrx_word' id='word_1_850' title='bbox 1509 928 1562 955; x_wconf 84' lang='lat' dir='ltr'>Sua</span> <span class='ocrx_word' id='word_1_851' title='bbox 1582 934 1665 955; x_wconf 84' lang='lat' dir='ltr'>morte</span> <span class='ocrx_word' id='word_1_852' title='bbox 1684 928 1819 956; x_wconf 81' lang='lat' dir='ltr'>decedere.</span> <span class='ocrx_word' id='word_1_853' title='bbox 1839 930 1869 956; x_wconf 83' lang='lat' dir='ltr'>fr.</span> <span class='ocrx_word' id='word_1_854' title='bbox 1883 932 1924 957; x_wconf 73' lang='lat'>28.</span> 
     </span>
     <span class='ocr_line' id='line_1_82' title="bbox 1087 969 1924 1007; baseline 0.004 -11"><span class='ocrx_word' id='word_1_855' title='bbox 1087 980 1126 1007; x_wconf 75' lang='lat' dir='ltr'>pr.</span> <span class='ocrx_word' id='word_1_856' title='bbox 1148 969 1180 996; x_wconf 90' lang='lat' dir='ltr'>de</span> <span class='ocrx_word' id='word_1_857' title='bbox 1199 970 1259 997; x_wconf 88' lang='lat' dir='ltr'>bon.</span> <span class='ocrx_word' id='word_1_858' title='bbox 1280 971 1366 998; x_wconf 79' lang='lat' dir='ltr'>libert.</span> <span class='ocrx_word' id='word_1_859' title='bbox 1384 972 1426 998; x_wconf 70' lang='lat'>38,</span> <span class='ocrx_word' id='word_1_860' title='bbox 1440 974 1464 998; x_wconf 91' lang='lat'>2.</span> <span class='ocrx_word' id='word_1_861' title='bbox 1484 971 1514 998; x_wconf 85' lang='lat' dir='ltr'>fr.</span> <span class='ocrx_word' id='word_1_862' title='bbox 1530 974 1553 998; x_wconf 89' lang='lat'>7.</span> <span class='ocrx_word' id='word_1_863' title='bbox 1574 972 1633 1006; x_wconf 91' lang='lat'>3.1.</span> <span class='ocrx_word' id='word_1_864' title='bbox 1653 971 1685 998; x_wconf 88' lang='lat' dir='ltr'>de</span> <span class='ocrx_word' id='word_1_865' title='bbox 1705 972 1765 998; x_wconf 91' lang='lat' dir='ltr'>bon.</span> <span class='ocrx_word' id='word_1_866' title='bbox 1786 972 1870 999; x_wconf 82' lang='lat' dir='ltr'>damn.</span> <span class='ocrx_word' id='word_1_867' title='bbox 1883 974 1924 1000; x_wconf 65' lang='lat'>118.</span> 
     </span>
     <span class='ocr_line' id='line_1_83' title="bbox 1086 1012 1924 1052; baseline 0.005 -14"><span class='ocrx_word' id='word_1_868' title='bbox 1086 1015 1127 1039; x_wconf 87' lang='grc'>20.</span> <span class='ocrx_word' id='word_1_869' title='bbox 1166 1012 1220 1039; x_wconf 82' lang='grc'>8110</span> <span class='ocrx_word' id='word_1_870' title='bbox 1245 1014 1299 1040; x_wconf 90' lang='lat' dir='ltr'>iure</span> <span class='ocrx_word' id='word_1_871' title='bbox 1323 1013 1435 1050; x_wconf 76' lang='lat' dir='ltr'>legatum</span> <span class='ocrx_word' id='word_1_872' title='bbox 1459 1014 1614 1052; x_wconf 84' lang='lat' dir='ltr'>(possidere</span> <span class='ocrx_word' id='word_1_873' title='bbox 1633 1015 1700 1048; x_wconf 88' lang='lat' dir='ltr'>etc.)</span> <span class='ocrx_word' id='word_1_874' title='bbox 1728 1014 1775 1041; x_wconf 90' lang='lat' dir='ltr'>Iul.</span> <span class='ocrx_word' id='word_1_875' title='bbox 1800 1026 1840 1052; x_wconf 83' lang='lat' dir='ltr'>ep.</span> <span class='ocrx_word' id='word_1_876' title='bbox 1865 1026 1924 1042; x_wconf 84' lang='lat' dir='ltr'>nov.</span> 
     </span>
     <span class='ocr_line' id='line_1_84' title="bbox 1087 1056 1926 1094; baseline 0.004 -13"><span class='ocrx_word' id='word_1_877' title='bbox 1087 1065 1109 1081; x_wconf 83' lang='lat' dir='ltr'>c.</span> <span class='ocrx_word' id='word_1_878' title='bbox 1122 1057 1164 1082; x_wconf 82' lang='grc'>36.</span> <span class='ocrx_word' id='word_1_879' title='bbox 1184 1056 1284 1090; x_wconf 69' lang='lat'>3147.</span> <span class='ocrx_word' id='word_1_880' title='bbox 1322 1056 1376 1082; x_wconf 87' lang='lat' dir='ltr'>Suo</span> <span class='ocrx_word' id='word_1_881' title='bbox 1396 1059 1481 1094; x_wconf 76' lang='lat' dir='ltr'>pretio</span> <span class='ocrx_word' id='word_1_882' title='bbox 1500 1057 1627 1090; x_wconf 76' lang='lat' dir='ltr'>(vendere</span> <span class='ocrx_word' id='word_1_883' title='bbox 1646 1067 1688 1084; x_wconf 84' lang='lat' dir='ltr'>res</span> <span class='ocrx_word' id='word_1_884' title='bbox 1707 1058 1789 1090; x_wconf 86' lang='lat' dir='ltr'>suas.)</span> <span class='ocrx_word' id='word_1_885' title='bbox 1808 1057 1838 1084; x_wconf 85' lang='lat' dir='ltr'>fr.</span> <span class='ocrx_word' id='word_1_886' title='bbox 1852 1060 1876 1084; x_wconf 89' lang='lat'>9.</span> <span class='ocrx_word' id='word_1_887' title='bbox 1894 1058 1926 1084; x_wconf 82' lang='lat' dir='ltr'>de</span> 
     </span>
    </p>
   </div>
   <div class='ocr_carea' id='block_1_8' title="bbox 1087 1099 1925 1137">
    <p class='ocr_par' dir='ltr' id='par_1_9' title="bbox 1064 1094 1925 1137">
     <span class='ocr_line' id='line_1_85' title="bbox 1087 1099 1925 1137; baseline 0 -11"><span class='ocrx_word' id='word_1_888' title='bbox 1087 1103 1135 1125; x_wconf 83' lang='lat' dir='ltr'>act.</span> <span class='ocrx_word' id='word_1_889' title='bbox 1155 1109 1204 1125; x_wconf 83' lang='lat' dir='ltr'>rer.</span> <span class='ocrx_word' id='word_1_890' title='bbox 1224 1109 1272 1125; x_wconf 84' lang='lat' dir='ltr'>am.</span> <span class='ocrx_word' id='word_1_891' title='bbox 1291 1101 1333 1125; x_wconf 86' lang='lat'>25.</span> <span class='ocrx_word' id='word_1_892' title='bbox 1352 1102 1375 1125; x_wconf 84' lang='lat'>2.</span> <span class='ocrx_word' id='word_1_893' title='bbox 1412 1100 1491 1137; x_wconf 89' lang='lat' dir='ltr'>Apud</span> <span class='ocrx_word' id='word_1_894' title='bbox 1510 1110 1585 1126; x_wconf 90' lang='lat' dir='ltr'>suum</span> <span class='ocrx_word' id='word_1_895' title='bbox 1608 1099 1719 1127; x_wconf 88' lang='lat' dir='ltr'>iudicem</span> <span class='ocrx_word' id='word_1_896' title='bbox 1739 1101 1873 1137; x_wconf 88' lang='lat' dir='ltr'>(quaeri.)</span> <span class='ocrx_word' id='word_1_897' title='bbox 1893 1117 1925 1120; x_wconf 95' lang='lat'><strong>—</strong></span> 
     </span>
    </p>
   </div>
   <div class='ocr_carea' id='block_1_9' title="bbox 1087 1140 1925 1213">
    <p class='ocr_par' dir='ltr' id='par_1_10' title="bbox 1087 1140 1925 1213">
     <span class='ocr_line' id='line_1_86' title="bbox 1087 1140 1923 1181; baseline 0.004 -14"><span class='ocrx_word' id='word_1_898' title='bbox 1087 1140 1147 1167; x_wconf 79' lang='lat' dir='ltr'>Non</span> <span class='ocrx_word' id='word_1_899' title='bbox 1167 1152 1179 1168; x_wconf 87' lang='lat' dir='ltr'>a</span> <span class='ocrx_word' id='word_1_900' title='bbox 1199 1151 1247 1168; x_wconf 90' lang='lat' dir='ltr'>suo</span> <span class='ocrx_word' id='word_1_901' title='bbox 1267 1141 1354 1168; x_wconf 82' lang='lat' dir='ltr'>iudice</span> <span class='ocrx_word' id='word_1_902' title='bbox 1373 1141 1441 1168; x_wconf 88' lang='lat' dir='ltr'>dicta</span> <span class='ocrx_word' id='word_1_903' title='bbox 1461 1144 1624 1175; x_wconf 80' lang='lat' dir='ltr'>(sententia.)</span> <span class='ocrx_word' id='word_1_904' title='bbox 1650 1153 1671 1169; x_wconf 86' lang='lat' dir='ltr'>c.</span> <span class='ocrx_word' id='word_1_905' title='bbox 1689 1145 1714 1169; x_wconf 87' lang='lat'>2.</span> <span class='ocrx_word' id='word_1_906' title='bbox 1734 1142 1766 1170; x_wconf 87' lang='lat' dir='ltr'>de</span> <span class='ocrx_word' id='word_1_907' title='bbox 1784 1144 1840 1170; x_wconf 87' lang='lat' dir='ltr'>iure</span> <span class='ocrx_word' id='word_1_908' title='bbox 1860 1145 1923 1181; x_wconf 83' lang='lat' dir='ltr'>reip.</span> 
     </span>
     <span class='ocr_line' id='line_1_87' title="bbox 1088 1183 1925 1213; baseline 0.005 -4"><span class='ocrx_word' id='word_1_909' title='bbox 1088 1185 1128 1210; x_wconf 96' lang='lat'>11.</span> <span class='ocrx_word' id='word_1_910' title='bbox 1147 1185 1188 1210; x_wconf 87' lang='lat'>29.</span> <span class='ocrx_word' id='word_1_911' title='bbox 1209 1183 1258 1210; x_wconf 87' lang='lat' dir='ltr'>Th.</span> <span class='ocrx_word' id='word_1_912' title='bbox 1279 1184 1310 1211; x_wconf 94' lang='lat' dir='ltr'>C.</span> <span class='ocrx_word' id='word_1_913' title='bbox 1329 1184 1373 1211; x_wconf 93' lang='lat' dir='ltr'>IV.</span> <span class='ocrx_word' id='word_1_914' title='bbox 1391 1186 1415 1211; x_wconf 88' lang='grc'>6.</span> <span class='ocrx_word' id='word_1_915' title='bbox 1436 1195 1456 1211; x_wconf 77' lang='lat' dir='ltr'>c.</span> <span class='ocrx_word' id='word_1_916' title='bbox 1476 1187 1500 1211; x_wconf 87' lang='grc'>2.</span> <span class='ocrx_word' id='word_1_917' title='bbox 1521 1185 1552 1211; x_wconf 90' lang='grc'>(18</span> <span class='ocrx_word' id='word_1_918' title='bbox 1571 1196 1599 1211; x_wconf 87' lang='lat' dir='ltr'>re</span> <span class='ocrx_word' id='word_1_919' title='bbox 1617 1185 1669 1212; x_wconf 90' lang='lat' dir='ltr'>iud.</span> <span class='ocrx_word' id='word_1_920' title='bbox 1706 1186 1766 1212; x_wconf 77' lang='lat' dir='ltr'>Non</span> <span class='ocrx_word' id='word_1_921' title='bbox 1785 1185 1863 1212; x_wconf 89' lang='lat' dir='ltr'>hodie</span> <span class='ocrx_word' id='word_1_922' title='bbox 1881 1188 1925 1213; x_wconf 86' lang='lat' dir='ltr'>sti-</span> 
     </span>
    </p>
   </div>
   <div class='ocr_carea' id='block_1_10' title="bbox 1063 1225 1925 1262">
    <p class='ocr_par' dir='ltr' id='par_1_11' title="bbox 1063 1225 1925 1262">
     <span class='ocr_line' id='line_1_88' title="bbox 1063 1225 1925 1262; baseline 0.003 -10"><span class='ocrx_word' id='word_1_923' title='bbox 1063 1234 1065 1255; x_wconf 56' lang='lat' dir='ltr'>f</span> <span class='ocrx_word' id='word_1_924' title='bbox 1085 1225 1180 1262; x_wconf 77' lang='lat' dir='ltr'>palari,</span> <span class='ocrx_word' id='word_1_925' title='bbox 1199 1228 1246 1253; x_wconf 85' lang='lat' dir='ltr'>sed</span> <span class='ocrx_word' id='word_1_926' title='bbox 1265 1237 1310 1254; x_wconf 87' lang='lat' dir='ltr'>sua</span> <span class='ocrx_word' id='word_1_927' title='bbox 1331 1227 1380 1254; x_wconf 90' lang='lat' dir='ltr'>die.</span> <span class='ocrx_word' id='word_1_928' title='bbox 1400 1227 1430 1254; x_wconf 88' lang='lat' dir='ltr'>fr.</span> <span class='ocrx_word' id='word_1_929' title='bbox 1450 1229 1491 1254; x_wconf 86' lang='lat'>47.</span> <span class='ocrx_word' id='word_1_930' title='bbox 1511 1227 1543 1254; x_wconf 80' lang='lat' dir='ltr'>de</span> <span class='ocrx_word' id='word_1_931' title='bbox 1561 1227 1591 1254; x_wconf 90' lang='lat' dir='ltr'>V.</span> <span class='ocrx_word' id='word_1_932' title='bbox 1606 1227 1639 1254; x_wconf 93' lang='grc' dir='ltr'>Ο.</span> <span class='ocrx_word' id='word_1_933' title='bbox 1653 1229 1694 1255; x_wconf 88' lang='lat'>45.</span> <span class='ocrx_word' id='word_1_934' title='bbox 1715 1230 1737 1255; x_wconf 95' lang='lat' dir='ltr'>l.</span> <span class='ocrx_word' id='word_1_935' title='bbox 1775 1228 1925 1255; x_wconf 83' lang='lat' dir='ltr'>Secundum</span> 
     </span>
    </p>
   </div>
   <div class='ocr_carea' id='block_1_11' title="bbox 1086 1270 1925 1734">
    <p class='ocr_par' dir='ltr' id='par_1_12' title="bbox 1086 1270 1925 1734">
     <span class='ocr_line' id='line_1_89' title="bbox 1086 1270 1922 1307; baseline 0.004 -12"><span class='ocrx_word' id='word_1_936' title='bbox 1086 1279 1131 1295; x_wconf 88' lang='lat' dir='ltr'>sua</span> <span class='ocrx_word' id='word_1_937' title='bbox 1152 1274 1269 1307; x_wconf 80' lang='lat' dir='ltr'>tempora</span> <span class='ocrx_word' id='word_1_938' title='bbox 1289 1270 1435 1304; x_wconf 88' lang='lat' dir='ltr'>(solvenda</span> <span class='ocrx_word' id='word_1_939' title='bbox 1454 1270 1529 1304; x_wconf 91' lang='lat' dir='ltr'>dos.)</span> <span class='ocrx_word' id='word_1_940' title='bbox 1549 1270 1580 1297; x_wconf 83' lang='lat' dir='ltr'>fr.</span> <span class='ocrx_word' id='word_1_941' title='bbox 1599 1273 1640 1297; x_wconf 85' lang='grc'>43.</span> <span class='ocrx_word' id='word_1_942' title='bbox 1659 1271 1681 1305; x_wconf 86' lang='lat'>3.</span> <span class='ocrx_word' id='word_1_943' title='bbox 1701 1273 1722 1297; x_wconf 94' lang='lat' dir='ltr'>l.</span> <span class='ocrx_word' id='word_1_944' title='bbox 1743 1271 1775 1297; x_wconf 89' lang='lat' dir='ltr'>de</span> <span class='ocrx_word' id='word_1_945' title='bbox 1794 1273 1850 1298; x_wconf 83' lang='lat' dir='ltr'>iure</span> <span class='ocrx_word' id='word_1_946' title='bbox 1869 1272 1922 1298; x_wconf 88' lang='lat' dir='ltr'>dot.</span> 
     </span>
     <span class='ocr_line' id='line_1_90' title="bbox 1087 1312 1924 1351; baseline 0.005 -14"><span class='ocrx_word' id='word_1_947' title='bbox 1087 1313 1128 1338; x_wconf 84' lang='lat'>23.</span> <span class='ocrx_word' id='word_1_948' title='bbox 1148 1314 1172 1338; x_wconf 88' lang='lat'>3.</span> <span class='ocrx_word' id='word_1_949' title='bbox 1211 1312 1300 1350; x_wconf 87' lang='lat' dir='ltr'>Opera</span> <span class='ocrx_word' id='word_1_950' title='bbox 1323 1314 1420 1340; x_wconf 82' lang='lat' dir='ltr'>rustica</span> <span class='ocrx_word' id='word_1_951' title='bbox 1439 1323 1487 1340; x_wconf 92' lang='lat' dir='ltr'>suo</span> <span class='ocrx_word' id='word_1_952' title='bbox 1508 1324 1612 1350; x_wconf 87' lang='lat' dir='ltr'>quoque</span> <span class='ocrx_word' id='word_1_953' title='bbox 1632 1313 1682 1348; x_wconf 83' lang='lat' dir='ltr'>[al.</span> <span class='ocrx_word' id='word_1_954' title='bbox 1702 1314 1840 1351; x_wconf 86' lang='lat' dir='ltr'>quaeque]</span> <span class='ocrx_word' id='word_1_955' title='bbox 1861 1320 1924 1341; x_wconf 86' lang='lat' dir='ltr'>tem-</span> 
     </span>
     <span class='ocr_line' id='line_1_91' title="bbox 1086 1355 1923 1391; baseline 0.002 -10"><span class='ocrx_word' id='word_1_956' title='bbox 1086 1364 1151 1391; x_wconf 91' lang='lat' dir='ltr'>pore</span> <span class='ocrx_word' id='word_1_957' title='bbox 1171 1355 1262 1382; x_wconf 82' lang='lat' dir='ltr'>facere.</span> <span class='ocrx_word' id='word_1_958' title='bbox 1289 1355 1320 1382; x_wconf 86' lang='lat' dir='ltr'>fr.</span> <span class='ocrx_word' id='word_1_959' title='bbox 1339 1358 1381 1382; x_wconf 86' lang='lat'>25.</span> <span class='ocrx_word' id='word_1_960' title='bbox 1402 1357 1423 1390; x_wconf 84' lang='lat'>3.</span> <span class='ocrx_word' id='word_1_961' title='bbox 1442 1358 1467 1383; x_wconf 87' lang='lat'>3.</span> <span class='ocrx_word' id='word_1_962' title='bbox 1486 1356 1564 1383; x_wconf 81' lang='lat' dir='ltr'>locat.</span> <span class='ocrx_word' id='word_1_963' title='bbox 1586 1358 1625 1383; x_wconf 88' lang='grc'>19.</span> <span class='ocrx_word' id='word_1_964' title='bbox 1644 1358 1667 1383; x_wconf 85' lang='grc'>2.</span> <span class='ocrx_word' id='word_1_965' title='bbox 1688 1356 1719 1383; x_wconf 81' lang='lat' dir='ltr'>cf.</span> <span class='ocrx_word' id='word_1_966' title='bbox 1743 1357 1774 1383; x_wconf 86' lang='lat' dir='ltr'>fr.</span> <span class='ocrx_word' id='word_1_967' title='bbox 1796 1358 1834 1383; x_wconf 88' lang='lat'>14.</span> <span class='ocrx_word' id='word_1_968' title='bbox 1860 1358 1880 1391; x_wconf 91' lang='lat'>3</span> <span class='ocrx_word' id='word_1_969' title='bbox 1902 1360 1923 1383; x_wconf 92' lang='grc'>1.</span> 
     </span>
     <span class='ocr_line' id='line_1_92' title="bbox 1086 1397 1925 1437; baseline 0.004 -14"><span class='ocrx_word' id='word_1_970' title='bbox 1086 1397 1118 1424; x_wconf 86' lang='lat' dir='ltr'>de</span> <span class='ocrx_word' id='word_1_971' title='bbox 1137 1397 1168 1424; x_wconf 86' lang='lat' dir='ltr'>R.</span> <span class='ocrx_word' id='word_1_972' title='bbox 1188 1397 1221 1425; x_wconf 79' lang='lat' dir='ltr'>M.</span> <span class='ocrx_word' id='word_1_973' title='bbox 1240 1400 1282 1425; x_wconf 91' lang='lat'>49.</span> <span class='ocrx_word' id='word_1_974' title='bbox 1303 1400 1342 1425; x_wconf 83' lang='lat'>16.</span> <span class='ocrx_word' id='word_1_975' title='bbox 1379 1398 1437 1425; x_wconf 74' lang='lat' dir='ltr'>Nisi</span> <span class='ocrx_word' id='word_1_976' title='bbox 1462 1409 1508 1426; x_wconf 88' lang='lat' dir='ltr'>sua</span> <span class='ocrx_word' id='word_1_977' title='bbox 1527 1409 1630 1436; x_wconf 81' lang='lat' dir='ltr'>quaque</span> <span class='ocrx_word' id='word_1_978' title='bbox 1649 1399 1691 1426; x_wconf 79' lang='lat' dir='ltr'>die.</span> <span class='ocrx_word' id='word_1_979' title='bbox 1710 1401 1820 1437; x_wconf 83' lang='lat' dir='ltr'>pecunia</span> <span class='ocrx_word' id='word_1_980' title='bbox 1839 1400 1925 1426; x_wconf 85' lang='lat' dir='ltr'>soluta</span> 
     </span>
     <span class='ocr_line' id='line_1_93' title="bbox 1086 1440 1923 1478; baseline 0.004 -12"><span class='ocrx_word' id='word_1_981' title='bbox 1086 1445 1164 1466; x_wconf 86' lang='lat' dir='ltr'>esset.</span> <span class='ocrx_word' id='word_1_982' title='bbox 1184 1440 1214 1467; x_wconf 86' lang='lat' dir='ltr'>fr.</span> <span class='ocrx_word' id='word_1_983' title='bbox 1234 1442 1258 1467; x_wconf 84' lang='lat'>8.</span> <span class='ocrx_word' id='word_1_984' title='bbox 1279 1442 1300 1475; x_wconf 84' lang='lat'>3.</span> <span class='ocrx_word' id='word_1_985' title='bbox 1319 1443 1344 1468; x_wconf 83' lang='lat'>3.</span> <span class='ocrx_word' id='word_1_986' title='bbox 1363 1441 1396 1468; x_wconf 85' lang='lat' dir='ltr'>de</span> <span class='ocrx_word' id='word_1_987' title='bbox 1415 1442 1483 1478; x_wconf 82' lang='lat' dir='ltr'>pign.</span> <span class='ocrx_word' id='word_1_988' title='bbox 1504 1447 1551 1468; x_wconf 84' lang='lat' dir='ltr'>act.</span> <span class='ocrx_word' id='word_1_989' title='bbox 1574 1444 1613 1469; x_wconf 87' lang='lat'>13.</span> <span class='ocrx_word' id='word_1_990' title='bbox 1634 1444 1656 1469; x_wconf 89' lang='lat'>7.</span> <span class='ocrx_word' id='word_1_991' title='bbox 1681 1459 1707 1463; x_wconf 91' lang='lat'>—-</span> <span class='ocrx_word' id='word_1_992' title='bbox 1728 1443 1758 1475; x_wconf 67' lang='grc' dir='ltr'>ἓ.</span> <span class='ocrx_word' id='word_1_993' title='bbox 1770 1444 1807 1469; x_wconf 86' lang='grc'>5.</span> <span class='ocrx_word' id='word_1_994' title='bbox 1828 1445 1923 1474; x_wconf 77' lang='lat' dir='ltr'>Suus,</span> 
     </span>
     <span class='ocr_line' id='line_1_94' title="bbox 1086 1484 1925 1523; baseline 0.004 -14"><span class='ocrx_word' id='word_1_995' title='bbox 1086 1485 1103 1509; x_wconf 87' lang='lat' dir='ltr'>i.</span> <span class='ocrx_word' id='word_1_996' title='bbox 1122 1494 1142 1509; x_wconf 88' lang='lat' dir='ltr'>e.</span> <span class='ocrx_word' id='word_1_997' title='bbox 1163 1485 1293 1516; x_wconf 73' lang='lat' dir='ltr'>Noster,</span> <span class='ocrx_word' id='word_1_998' title='bbox 1319 1495 1341 1511; x_wconf 82' lang='lat' dir='ltr'>v.</span> <span class='ocrx_word' id='word_1_999' title='bbox 1361 1486 1515 1511; x_wconf 80' lang='lat' dir='ltr'>Alterius.</span> <span class='ocrx_word' id='word_1_1000' title='bbox 1553 1484 1596 1511; x_wconf 93' lang='lat' dir='ltr'>III.</span> <span class='ocrx_word' id='word_1_1001' title='bbox 1620 1486 1686 1512; x_wconf 74' lang='lat' dir='ltr'>Gn.</span> <span class='ocrx_word' id='word_1_1002' title='bbox 1710 1484 1814 1512; x_wconf 76' lang='lat' dir='ltr'>Novare</span> <span class='ocrx_word' id='word_1_1003' title='bbox 1832 1496 1925 1523; x_wconf 86' lang='lat' dir='ltr'>possu-</span> 
     </span>
     <span class='ocr_line' id='line_1_95' title="bbox 1086 1527 1924 1564; baseline 0.004 -12"><span class='ocrx_word' id='word_1_1004' title='bbox 1086 1536 1143 1552; x_wconf 85' lang='lat' dir='ltr'>mus</span> <span class='ocrx_word' id='word_1_1005' title='bbox 1163 1531 1206 1553; x_wconf 88' lang='lat' dir='ltr'>aut</span> <span class='ocrx_word' id='word_1_1006' title='bbox 1225 1528 1289 1564; x_wconf 85' lang='lat' dir='ltr'>ipsi,</span> <span class='ocrx_word' id='word_1_1007' title='bbox 1310 1528 1332 1553; x_wconf 86' lang='lat' dir='ltr'>si</span> <span class='ocrx_word' id='word_1_1008' title='bbox 1351 1527 1392 1552; x_wconf 91' lang='lat' dir='ltr'>sui</span> <span class='ocrx_word' id='word_1_1009' title='bbox 1411 1528 1475 1553; x_wconf 87' lang='lat' dir='ltr'>iuris</span> <span class='ocrx_word' id='word_1_1010' title='bbox 1495 1537 1593 1554; x_wconf 72' lang='grc'>511111115-</span> <span class='ocrx_word' id='word_1_1011' title='bbox 1618 1527 1647 1553; x_wconf 86' lang='lat' dir='ltr'>fr.</span> <span class='ocrx_word' id='word_1_1012' title='bbox 1666 1528 1707 1552; x_wconf 90' lang='grc'>20.</span> <span class='ocrx_word' id='word_1_1013' title='bbox 1727 1537 1765 1564; x_wconf 87' lang='lat' dir='ltr'>pr.</span> <span class='ocrx_word' id='word_1_1014' title='bbox 1786 1527 1818 1554; x_wconf 86' lang='lat' dir='ltr'>de</span> <span class='ocrx_word' id='word_1_1015' title='bbox 1837 1534 1924 1555; x_wconf 84' lang='lat' dir='ltr'>novat.</span> 
     </span>
     <span class='ocr_line' id='line_1_96' title="bbox 1086 1569 1923 1607; baseline 0.002 -12"><span class='ocrx_word' id='word_1_1016' title='bbox 1086 1571 1128 1595; x_wconf 82' lang='lat'>46.</span> <span class='ocrx_word' id='word_1_1017' title='bbox 1146 1571 1170 1595; x_wconf 83' lang='lat'>2.</span> <span class='ocrx_word' id='word_1_1018' title='bbox 1207 1569 1275 1607; x_wconf 80' lang='lat' dir='ltr'>Ipsi,</span> <span class='ocrx_word' id='word_1_1019' title='bbox 1295 1575 1320 1596; x_wconf 82' lang='lat' dir='ltr'>et</span> <span class='ocrx_word' id='word_1_1020' title='bbox 1339 1569 1417 1596; x_wconf 83' lang='lat' dir='ltr'>factio</span> <span class='ocrx_word' id='word_1_1021' title='bbox 1437 1579 1491 1596; x_wconf 86' lang='lat' dir='ltr'>sua.</span> <span class='ocrx_word' id='word_1_1022' title='bbox 1516 1570 1545 1597; x_wconf 90' lang='lat' dir='ltr'>fr.</span> <span class='ocrx_word' id='word_1_1023' title='bbox 1565 1572 1589 1596; x_wconf 87' lang='lat'>2.</span> <span class='ocrx_word' id='word_1_1024' title='bbox 1612 1570 1633 1604; x_wconf 88' lang='lat'>3.</span> <span class='ocrx_word' id='word_1_1025' title='bbox 1652 1571 1694 1596; x_wconf 85' lang='grc'>24.</span> <span class='ocrx_word' id='word_1_1026' title='bbox 1714 1569 1746 1596; x_wconf 86' lang='lat' dir='ltr'>de</span> <span class='ocrx_word' id='word_1_1027' title='bbox 1766 1570 1799 1596; x_wconf 89' lang='grc' dir='ltr'>Ο.</span> <span class='ocrx_word' id='word_1_1028' title='bbox 1819 1570 1836 1598; x_wconf 94' lang='grc' dir='ltr'>Ι.</span> <span class='ocrx_word' id='word_1_1029' title='bbox 1858 1573 1880 1597; x_wconf 94' lang='grc'>1.</span> <span class='ocrx_word' id='word_1_1030' title='bbox 1899 1574 1923 1597; x_wconf 76' lang='lat'>2.</span> 
     </span>
     <span class='ocr_line' id='line_1_97' title="bbox 1086 1611 1924 1649; baseline 0.004 -12"><span class='ocrx_word' id='word_1_1031' title='bbox 1086 1611 1190 1638; x_wconf 80' lang='lat' dir='ltr'>Mulieri</span> <span class='ocrx_word' id='word_1_1032' title='bbox 1209 1622 1261 1638; x_wconf 91' lang='lat' dir='ltr'>non</span> <span class='ocrx_word' id='word_1_1033' title='bbox 1281 1612 1368 1643; x_wconf 73' lang='lat' dir='ltr'>licere.</span> <span class='ocrx_word' id='word_1_1034' title='bbox 1388 1617 1499 1649; x_wconf 81' lang='lat' dir='ltr'>propter</span> <span class='ocrx_word' id='word_1_1035' title='bbox 1517 1622 1578 1639; x_wconf 89' lang='lat' dir='ltr'>suas</span> <span class='ocrx_word' id='word_1_1036' title='bbox 1593 1622 1685 1649; x_wconf 85' lang='lat' dir='ltr'>pravas</span> <span class='ocrx_word' id='word_1_1037' title='bbox 1699 1613 1855 1649; x_wconf 83' lang='lat' dir='ltr'>cupiditates</span> <span class='ocrx_word' id='word_1_1038' title='bbox 1874 1624 1924 1640; x_wconf 86' lang='lat' dir='ltr'>ma-</span> 
     </span>
     <span class='ocr_line' id='line_1_98' title="bbox 1086 1654 1923 1693; baseline 0.002 -12"><span class='ocrx_word' id='word_1_1039' title='bbox 1086 1656 1136 1681; x_wconf 79' lang='lat' dir='ltr'>rIto</span> <span class='ocrx_word' id='word_1_1040' title='bbox 1156 1655 1294 1692; x_wconf 85' lang='lat' dir='ltr'>repudium</span> <span class='ocrx_word' id='word_1_1041' title='bbox 1313 1656 1424 1681; x_wconf 86' lang='lat' dir='ltr'>mittere.</span> <span class='ocrx_word' id='word_1_1042' title='bbox 1450 1655 1499 1681; x_wconf 92' lang='lat' dir='ltr'>Th.</span> <span class='ocrx_word' id='word_1_1043' title='bbox 1520 1654 1551 1682; x_wconf 86' lang='lat' dir='ltr'>C.</span> <span class='ocrx_word' id='word_1_1044' title='bbox 1570 1655 1612 1681; x_wconf 91' lang='grc'>111.</span> <span class='ocrx_word' id='word_1_1045' title='bbox 1634 1656 1673 1681; x_wconf 86' lang='lat'>16.</span> <span class='ocrx_word' id='word_1_1046' title='bbox 1697 1666 1719 1682; x_wconf 90' lang='lat' dir='ltr'>c.</span> <span class='ocrx_word' id='word_1_1047' title='bbox 1740 1658 1760 1682; x_wconf 94' lang='grc'>1.</span> <span class='ocrx_word' id='word_1_1048' title='bbox 1782 1655 1814 1682; x_wconf 86' lang='grc'>(18</span> <span class='ocrx_word' id='word_1_1049' title='bbox 1832 1657 1923 1693; x_wconf 84' lang='lat' dir='ltr'>repud.</span> 
     </span>
     <span class='ocr_line' id='line_1_99' title="bbox 1086 1696 1923 1734; baseline 0.002 -11"><span class='ocrx_word' id='word_1_1050' title='bbox 1086 1696 1115 1723; x_wconf 78' lang='lat' dir='ltr'>Si</span> <span class='ocrx_word' id='word_1_1051' title='bbox 1135 1699 1194 1734; x_wconf 90' lang='lat' dir='ltr'>quis</span> <span class='ocrx_word' id='word_1_1052' title='bbox 1213 1698 1299 1728; x_wconf 67' lang='lat' dir='ltr'>..bona</span> <span class='ocrx_word' id='word_1_1053' title='bbox 1319 1700 1383 1723; x_wconf 81' lang='lat' dir='ltr'>sua“</span> <span class='ocrx_word' id='word_1_1054' title='bbox 1398 1714 1429 1718; x_wconf 92' lang='lat'>—</span> <span class='ocrx_word' id='word_1_1055' title='bbox 1443 1699 1573 1734; x_wconf 79' lang='lat' dir='ltr'>rogaverit</span> <span class='ocrx_word' id='word_1_1056' title='bbox 1592 1699 1737 1725; x_wconf 79' lang='lat' dir='ltr'>restituere.</span> <span class='ocrx_word' id='word_1_1057' title='bbox 1758 1698 1787 1724; x_wconf 78' lang='lat' dir='ltr'>fr.</span> <span class='ocrx_word' id='word_1_1058' title='bbox 1802 1700 1844 1725; x_wconf 78' lang='grc'>30.</span> <span class='ocrx_word' id='word_1_1059' title='bbox 1864 1700 1885 1733; x_wconf 88' lang='lat'>3.</span> <span class='ocrx_word' id='word_1_1060' title='bbox 1900 1701 1923 1725; x_wconf 97' lang='lat' dir='ltr'>l.</span> 
     </span>
    </p>
   </div>
   <div class='ocr_carea' id='block_1_12' title="bbox 1062 1725 1405 1767">
    <p class='ocr_par' dir='ltr' id='par_1_13' title="bbox 1062 1725 1405 1767">
     <span class='ocr_line' id='line_1_100' title="bbox 1062 1725 1405 1767; baseline 0 -1"><span class='ocrx_word' id='word_1_1061' title='bbox 1062 1725 1064 1753; x_wconf 51' lang='grc' dir='ltr'><em>ἶ</em></span> <span class='ocrx_word' id='word_1_1062' title='bbox 1085 1739 1117 1766; x_wconf 80' lang='lat' dir='ltr'>ad</span> <span class='ocrx_word' id='word_1_1063' title='bbox 1137 1739 1203 1766; x_wconf 86' lang='lat' dir='ltr'>S.C.</span> <span class='ocrx_word' id='word_1_1064' title='bbox 1224 1740 1302 1766; x_wconf 61' lang='lat' dir='ltr'>Treb.</span> <span class='ocrx_word' id='word_1_1065' title='bbox 1321 1742 1362 1767; x_wconf 82' lang='lat'>36.</span> <span class='ocrx_word' id='word_1_1066' title='bbox 1383 1742 1405 1767; x_wconf 89' lang='lat'>1.</span> 
     </span>
    </p>
   </div>
   <div class='ocr_carea' id='block_1_13' title="bbox 1084 1783 1924 2798">
    <p class='ocr_par' dir='ltr' id='par_1_14' title="bbox 1084 1783 1924 1947">
     <span class='ocr_line' id='line_1_101' title="bbox 1119 1783 1924 1819; baseline -0.001 -10"><span class='ocrx_word' id='word_1_1067' title='bbox 1119 1783 1358 1816; x_wconf 77' lang='lat' dir='ltr'>sycaminon.</span> <span class='ocrx_word' id='word_1_1068' title='bbox 1396 1784 1495 1811; x_wconf 81' lang='lat' dir='ltr'><strong><em>Ficus</em></strong></span> <span class='ocrx_word' id='word_1_1069' title='bbox 1520 1785 1699 1819; x_wconf 62' lang='lat' dir='ltr'>Aegyptia,</span> <span class='ocrx_word' id='word_1_1070' title='bbox 1725 1794 1809 1810; x_wconf 83' lang='lat' dir='ltr'>moro</span> <span class='ocrx_word' id='word_1_1071' title='bbox 1833 1784 1924 1809; x_wconf 84' lang='lat' dir='ltr'>simi-</span> 
     </span>
     <span class='ocr_line' id='line_1_102' title="bbox 1084 1824 1924 1862; baseline 0 -11"><span class='ocrx_word' id='word_1_1072' title='bbox 1084 1827 1134 1851; x_wconf 86' lang='lat' dir='ltr'>lis.</span> <span class='ocrx_word' id='word_1_1073' title='bbox 1171 1824 1214 1852; x_wconf 86' lang='lat' dir='ltr'>III.</span> <span class='ocrx_word' id='word_1_1074' title='bbox 1236 1827 1301 1853; x_wconf 74' lang='lat' dir='ltr'>Gn.</span> <span class='ocrx_word' id='word_1_1075' title='bbox 1326 1826 1355 1852; x_wconf 87' lang='lat' dir='ltr'>Si</span> <span class='ocrx_word' id='word_1_1076' title='bbox 1378 1827 1437 1862; x_wconf 87' lang='lat' dir='ltr'>quis</span> <span class='ocrx_word' id='word_1_1077' title='bbox 1460 1825 1580 1852; x_wconf 81' lang='lat' dir='ltr'>arborem</span> <span class='ocrx_word' id='word_1_1078' title='bbox 1599 1827 1794 1862; x_wconf 76' lang='lat' dir='ltr'>sycaminonem</span> <span class='ocrx_word' id='word_1_1079' title='bbox 1815 1825 1862 1860; x_wconf 90' lang='lat' dir='ltr'>[al.</span> <span class='ocrx_word' id='word_1_1080' title='bbox 1882 1836 1924 1861; x_wconf 77' lang='lat' dir='ltr'>sy-</span> 
     </span>
     <span class='ocr_line' id='line_1_103' title="bbox 1085 1868 1924 1904; baseline 0.001 -11"><span class='ocrx_word' id='word_1_1081' title='bbox 1085 1877 1227 1900; x_wconf 87' lang='lat' dir='ltr'>comorum,</span> <span class='ocrx_word' id='word_1_1082' title='bbox 1246 1878 1270 1894; x_wconf 85' lang='lat' dir='ltr'>v.</span> <span class='ocrx_word' id='word_1_1083' title='bbox 1284 1869 1453 1904; x_wconf 72' lang='lat' dir='ltr'>sycaminon]</span> <span class='ocrx_word' id='word_1_1084' title='bbox 1474 1869 1613 1900; x_wconf 83' lang='lat' dir='ltr'>exciderit;</span> <span class='ocrx_word' id='word_1_1085' title='bbox 1627 1885 1659 1888; x_wconf 97' lang='lat'><strong>—</strong></span> <span class='ocrx_word' id='word_1_1086' title='bbox 1679 1868 1727 1895; x_wconf 87' lang='lat' dir='ltr'>hae</span> <span class='ocrx_word' id='word_1_1087' title='bbox 1745 1869 1853 1895; x_wconf 86' lang='lat' dir='ltr'>arbores</span> <span class='ocrx_word' id='word_1_1088' title='bbox 1873 1868 1924 1894; x_wconf 81' lang='lat' dir='ltr'>col-</span> 
     </span>
     <span class='ocr_line' id='line_1_104' title="bbox 1085 1910 1901 1947; baseline 0 -10"><span class='ocrx_word' id='word_1_1089' title='bbox 1085 1910 1169 1946; x_wconf 79' lang='lat' dir='ltr'>ligunt</span> <span class='ocrx_word' id='word_1_1090' title='bbox 1187 1920 1294 1947; x_wconf 79' lang='lat' dir='ltr'>aggeres</span> <span class='ocrx_word' id='word_1_1091' title='bbox 1313 1911 1452 1938; x_wconf 61' lang='lat' dir='ltr'>Niloticos.</span> <span class='ocrx_word' id='word_1_1092' title='bbox 1472 1912 1502 1938; x_wconf 77' lang='lat' dir='ltr'>fr.</span> <span class='ocrx_word' id='word_1_1093' title='bbox 1518 1914 1558 1938; x_wconf 89' lang='grc'>10.</span> <span class='ocrx_word' id='word_1_1094' title='bbox 1578 1911 1611 1938; x_wconf 85' lang='grc'>(18</span> <span class='ocrx_word' id='word_1_1095' title='bbox 1630 1917 1695 1938; x_wconf 78' lang='lat' dir='ltr'>extr.</span> <span class='ocrx_word' id='word_1_1096' title='bbox 1715 1913 1787 1938; x_wconf 82' lang='lat' dir='ltr'>crim.</span> <span class='ocrx_word' id='word_1_1097' title='bbox 1800 1913 1841 1938; x_wconf 85' lang='lat'>47.</span> <span class='ocrx_word' id='word_1_1098' title='bbox 1862 1913 1901 1937; x_wconf 93' lang='lat' dir='ltr'>ll.</span> 
     </span>
    </p>

    <p class='ocr_par' dir='ltr' id='par_1_15' title="bbox 1085 1955 1923 2110">
     <span class='ocr_line' id='line_1_105' title="bbox 1119 1955 1922 1989; baseline 0 -9"><span class='ocrx_word' id='word_1_1099' title='bbox 1119 1955 1225 1987; x_wconf 75' lang='lat' dir='ltr'>syce.</span> <span class='ocrx_word' id='word_1_1100' title='bbox 1268 1956 1369 1989; x_wconf 76' lang='lat' dir='ltr'>Regio</span> <span class='ocrx_word' id='word_1_1101' title='bbox 1401 1957 1487 1982; x_wconf 73' lang='lat' dir='ltr'>urbis</span> <span class='ocrx_word' id='word_1_1102' title='bbox 1516 1956 1922 1988; x_wconf 70' lang='lat' dir='ltr'>Constantinopolitauae.</span> 
     </span>
     <span class='ocr_line' id='line_1_106' title="bbox 1085 1996 1923 2033; baseline 0 -11"><span class='ocrx_word' id='word_1_1103' title='bbox 1085 1996 1119 2022; x_wconf 89' lang='lat' dir='ltr'>Et</span> <span class='ocrx_word' id='word_1_1104' title='bbox 1132 1997 1154 2022; x_wconf 91' lang='lat' dir='ltr'>si</span> <span class='ocrx_word' id='word_1_1105' title='bbox 1167 1996 1332 2029; x_wconf 76' lang='lat' dir='ltr'>Iustinianas,</span> <span class='ocrx_word' id='word_1_1106' title='bbox 1352 1997 1394 2023; x_wconf 76' lang='lat' dir='ltr'>vel</span> <span class='ocrx_word' id='word_1_1107' title='bbox 1410 1997 1494 2033; x_wconf 67' lang='lat' dir='ltr'>Sycas</span> <span class='ocrx_word' id='word_1_1108' title='bbox 1507 2007 1560 2023; x_wconf 92' lang='lat' dir='ltr'>non</span> <span class='ocrx_word' id='word_1_1109' title='bbox 1580 1998 1740 2028; x_wconf 70' lang='lat' dir='ltr'>transierint,</span> <span class='ocrx_word' id='word_1_1110' title='bbox 1759 1998 1826 2022; x_wconf 86' lang='lat' dir='ltr'>iutra</span> <span class='ocrx_word' id='word_1_1111' title='bbox 1839 2006 1923 2022; x_wconf 86' lang='lat' dir='ltr'>novos</span> 
     </span>
     <span class='ocr_line' id='line_1_107' title="bbox 1085 2038 1922 2078; baseline 0 -13"><span class='ocrx_word' id='word_1_1112' title='bbox 1085 2049 1174 2065; x_wconf 86' lang='lat' dir='ltr'>muros</span> <span class='ocrx_word' id='word_1_1113' title='bbox 1198 2039 1318 2066; x_wconf 88' lang='lat' dir='ltr'>videatur</span> <span class='ocrx_word' id='word_1_1114' title='bbox 1342 2050 1407 2066; x_wconf 84' lang='lat' dir='ltr'>esse.</span> <span class='ocrx_word' id='word_1_1115' title='bbox 1436 2040 1483 2066; x_wconf 90' lang='lat' dir='ltr'>Iul.</span> <span class='ocrx_word' id='word_1_1116' title='bbox 1508 2051 1548 2078; x_wconf 86' lang='lat' dir='ltr'>ep.</span> <span class='ocrx_word' id='word_1_1117' title='bbox 1574 2050 1633 2067; x_wconf 87' lang='lat' dir='ltr'>nov.</span> <span class='ocrx_word' id='word_1_1118' title='bbox 1659 2050 1680 2066; x_wconf 89' lang='lat' dir='ltr'>c.</span> <span class='ocrx_word' id='word_1_1119' title='bbox 1699 2042 1740 2066; x_wconf 87' lang='lat'>53.</span> <span class='ocrx_word' id='word_1_1120' title='bbox 1762 2039 1783 2073; x_wconf 87' lang='lat'>3</span> <span class='ocrx_word' id='word_1_1121' title='bbox 1803 2041 1860 2065; x_wconf 87' lang='lat'>195.</span> <span class='ocrx_word' id='word_1_1122' title='bbox 1881 2038 1922 2066; x_wconf 88' lang='lat' dir='ltr'>Cf.</span> 
     </span>
     <span class='ocr_line' id='line_1_108' title="bbox 1086 2082 1458 2110; baseline 0.005 -3"><span class='ocrx_word' id='word_1_1123' title='bbox 1086 2092 1106 2108; x_wconf 92' lang='lat' dir='ltr'>c.</span> <span class='ocrx_word' id='word_1_1124' title='bbox 1128 2083 1167 2108; x_wconf 72' lang='lat'>18.</span> <span class='ocrx_word' id='word_1_1125' title='bbox 1188 2082 1220 2108; x_wconf 88' lang='lat' dir='ltr'>de</span> <span class='ocrx_word' id='word_1_1126' title='bbox 1239 2082 1288 2109; x_wconf 89' lang='lat' dir='ltr'>SS.</span> <span class='ocrx_word' id='word_1_1127' title='bbox 1310 2082 1373 2109; x_wconf 86' lang='lat' dir='ltr'>eccl.</span> <span class='ocrx_word' id='word_1_1128' title='bbox 1393 2085 1415 2108; x_wconf 92' lang='lat'>1.</span> <span class='ocrx_word' id='word_1_1129' title='bbox 1435 2085 1458 2110; x_wconf 87' lang='lat'>2.</span> 
     </span>
    </p>

    <p class='ocr_par' dir='ltr' id='par_1_16' title="bbox 1085 2123 1923 2334">
     <span class='ocr_line' id='line_1_109' title="bbox 1119 2123 1922 2160; baseline -0.001 -9"><span class='ocrx_word' id='word_1_1130' title='bbox 1119 2125 1284 2158; x_wconf 74' lang='lat' dir='ltr'>Syllaba.</span> <span class='ocrx_word' id='word_1_1131' title='bbox 1308 2127 1553 2160; x_wconf 68' lang='lat' dir='ltr'>Conzpreltensiu</span> <span class='ocrx_word' id='word_1_1132' title='bbox 1573 2128 1770 2152; x_wconf 78' lang='lat' dir='ltr'>litterarum.</span> <span class='ocrx_word' id='word_1_1133' title='bbox 1797 2123 1840 2150; x_wconf 88' lang='grc'>111,</span> <span class='ocrx_word' id='word_1_1134' title='bbox 1857 2125 1922 2151; x_wconf 77' lang='lat' dir='ltr'>Gn.</span> 
     </span>
     <span class='ocr_line' id='line_1_110' title="bbox 1085 2167 1923 2205; baseline -0.001 -11"><span class='ocrx_word' id='word_1_1135' title='bbox 1085 2167 1150 2194; x_wconf 85' lang='lat' dir='ltr'>luris</span> <span class='ocrx_word' id='word_1_1136' title='bbox 1170 2168 1305 2199; x_wconf 77' lang='lat' dir='ltr'>formulae,</span> <span class='ocrx_word' id='word_1_1137' title='bbox 1325 2170 1497 2205; x_wconf 72' lang='lat' dir='ltr'>aucupatione</span> <span class='ocrx_word' id='word_1_1138' title='bbox 1516 2168 1675 2204; x_wconf 63' lang='lat' dir='ltr'>syllabarum</span> <span class='ocrx_word' id='word_1_1139' title='bbox 1695 2167 1849 2193; x_wconf 83' lang='lat' dir='ltr'>insidiantes</span> <span class='ocrx_word' id='word_1_1140' title='bbox 1863 2178 1923 2193; x_wconf 87' lang='lat' dir='ltr'>eun-</span> 
     </span>
     <span class='ocr_line' id='line_1_111' title="bbox 1085 2210 1922 2245; baseline -0.001 -8"><span class='ocrx_word' id='word_1_1141' title='bbox 1085 2216 1186 2237; x_wconf 83' lang='lat' dir='ltr'>etorum</span> <span class='ocrx_word' id='word_1_1142' title='bbox 1205 2211 1315 2238; x_wconf 86' lang='lat' dir='ltr'>actibus.</span> <span class='ocrx_word' id='word_1_1143' title='bbox 1336 2222 1357 2238; x_wconf 91' lang='lat' dir='ltr'>c.</span> <span class='ocrx_word' id='word_1_1144' title='bbox 1380 2214 1401 2238; x_wconf 92' lang='lat' dir='ltr'>l.</span> <span class='ocrx_word' id='word_1_1145' title='bbox 1422 2211 1454 2237; x_wconf 88' lang='lat' dir='ltr'>de</span> <span class='ocrx_word' id='word_1_1146' title='bbox 1472 2210 1575 2237; x_wconf 77' lang='lat' dir='ltr'>formul.</span> <span class='ocrx_word' id='word_1_1147' title='bbox 1595 2213 1618 2236; x_wconf 91' lang='lat'>2.</span> <span class='ocrx_word' id='word_1_1148' title='bbox 1638 2213 1679 2236; x_wconf 64' lang='lat'>55.</span> <span class='ocrx_word' id='word_1_1149' title='bbox 1715 2210 1744 2236; x_wconf 90' lang='lat' dir='ltr'>In</span> <span class='ocrx_word' id='word_1_1150' title='bbox 1764 2210 1866 2245; x_wconf 78' lang='lat' dir='ltr'>syllaba</span> <span class='ocrx_word' id='word_1_1151' title='bbox 1885 2220 1922 2236; x_wconf 81' lang='lat' dir='ltr'>er-</span> 
     </span>
     <span class='ocr_line' id='line_1_112' title="bbox 1085 2252 1921 2291; baseline -0.002 -11"><span class='ocrx_word' id='word_1_1152' title='bbox 1085 2263 1166 2280; x_wconf 80' lang='lat' dir='ltr'>rasse.</span> <span class='ocrx_word' id='word_1_1153' title='bbox 1195 2254 1225 2280; x_wconf 82' lang='lat' dir='ltr'>fr.</span> <span class='ocrx_word' id='word_1_1154' title='bbox 1249 2256 1290 2280; x_wconf 86' lang='lat'>54.</span> <span class='ocrx_word' id='word_1_1155' title='bbox 1317 2264 1355 2291; x_wconf 83' lang='lat' dir='ltr'>pr.</span> <span class='ocrx_word' id='word_1_1156' title='bbox 1385 2253 1417 2280; x_wconf 84' lang='lat' dir='ltr'>de</span> <span class='ocrx_word' id='word_1_1157' title='bbox 1445 2263 1556 2280; x_wconf 84' lang='lat' dir='ltr'>manum.</span> <span class='ocrx_word' id='word_1_1158' title='bbox 1585 2258 1644 2279; x_wconf 85' lang='lat' dir='ltr'>test.</span> <span class='ocrx_word' id='word_1_1159' title='bbox 1670 2255 1710 2279; x_wconf 87' lang='lat'>40.</span> <span class='ocrx_word' id='word_1_1160' title='bbox 1736 2254 1758 2279; x_wconf 87' lang='lat'>4.</span> <span class='ocrx_word' id='word_1_1161' title='bbox 1800 2252 1921 2288; x_wconf 77' lang='lat' dir='ltr'>Syllaba:</span> 
     </span>
     <span class='ocr_line' id='line_1_113' title="bbox 1085 2295 1920 2334; baseline -0.001 -12"><span class='ocrx_word' id='word_1_1162' title='bbox 1085 2299 1195 2334; x_wconf 56' lang='lat' dir='ltr'>,‚prae‚*n</span> <span class='ocrx_word' id='word_1_1163' title='bbox 1208 2307 1232 2322; x_wconf 93' lang='lat' dir='ltr'>v.</span> <span class='ocrx_word' id='word_1_1164' title='bbox 1248 2299 1318 2328; x_wconf 63' lang='lat' dir='ltr'>„etf&#39;</span> <span class='ocrx_word' id='word_1_1165' title='bbox 1339 2296 1395 2322; x_wconf 88' lang='lat' dir='ltr'>Gai.</span> <span class='ocrx_word' id='word_1_1166' title='bbox 1410 2296 1439 2322; x_wconf 93' lang='lat' dir='ltr'>II.</span> <span class='ocrx_word' id='word_1_1167' title='bbox 1450 2298 1509 2322; x_wconf 83' lang='grc'>221.</span> <span class='ocrx_word' id='word_1_1168' title='bbox 1530 2296 1560 2322; x_wconf 83' lang='lat' dir='ltr'>fr.</span> <span class='ocrx_word' id='word_1_1169' title='bbox 1572 2298 1613 2322; x_wconf 83' lang='lat'>66.</span> <span class='ocrx_word' id='word_1_1170' title='bbox 1629 2296 1661 2322; x_wconf 88' lang='lat' dir='ltr'>de</span> <span class='ocrx_word' id='word_1_1171' title='bbox 1674 2295 1762 2322; x_wconf 86' lang='lat' dir='ltr'>hered.</span> <span class='ocrx_word' id='word_1_1172' title='bbox 1777 2296 1836 2321; x_wconf 88' lang='lat' dir='ltr'>inst.</span> <span class='ocrx_word' id='word_1_1173' title='bbox 1847 2297 1920 2321; x_wconf 62' lang='lat'>2525.</span> 
     </span>
    </p>

    <p class='ocr_par' dir='ltr' id='par_1_17' title="bbox 1085 2338 1922 2462">
     <span class='ocr_line' id='line_1_114' title="bbox 1119 2338 1922 2374; baseline -0.002 -8"><span class='ocrx_word' id='word_1_1174' title='bbox 1119 2340 1346 2373; x_wconf 81' lang='lat' dir='ltr'>Symbolum.</span> <span class='ocrx_word' id='word_1_1175' title='bbox 1384 2342 1509 2365; x_wconf 84' lang='lat' dir='ltr'>Summa</span> <span class='ocrx_word' id='word_1_1176' title='bbox 1531 2340 1625 2374; x_wconf 85' lang='lat' dir='ltr'>fidei</span> <span class='ocrx_word' id='word_1_1177' title='bbox 1651 2340 1842 2366; x_wconf 72' lang='lat' dir='ltr'>catholicae.</span> <span class='ocrx_word' id='word_1_1178' title='bbox 1879 2338 1922 2365; x_wconf 92' lang='lat' dir='ltr'>III.</span> 
     </span>
     <span class='ocr_line' id='line_1_115' title="bbox 1086 2380 1921 2416; baseline -0.002 -7"><span class='ocrx_word' id='word_1_1179' title='bbox 1086 2384 1151 2410; x_wconf 73' lang='lat' dir='ltr'>Cn.</span> <span class='ocrx_word' id='word_1_1180' title='bbox 1179 2381 1405 2408; x_wconf 80' lang='lat' dir='ltr'>Chalcedonensis</span> <span class='ocrx_word' id='word_1_1181' title='bbox 1433 2381 1565 2416; x_wconf 74' lang='lat' dir='ltr'>synodus,</span> <span class='ocrx_word' id='word_1_1182' title='bbox 1589 2399 1619 2402; x_wconf 96' lang='lat'><strong>—</strong></span> <span class='ocrx_word' id='word_1_1183' title='bbox 1644 2381 1709 2407; x_wconf 91' lang='lat' dir='ltr'>nihil</span> <span class='ocrx_word' id='word_1_1184' title='bbox 1732 2380 1848 2407; x_wconf 84' lang='lat' dir='ltr'>adimens</span> <span class='ocrx_word' id='word_1_1185' title='bbox 1867 2381 1921 2408; x_wconf 83' lang='grc'>88.</span> 
     </span>
     <span class='ocr_line' id='line_1_116' title="bbox 1085 2423 1869 2462; baseline 0 -12"><span class='ocrx_word' id='word_1_1186' title='bbox 1085 2424 1216 2461; x_wconf 69' lang='lat' dir='ltr'>symbolo,</span> <span class='ocrx_word' id='word_1_1187' title='bbox 1235 2434 1320 2460; x_wconf 83' lang='lat' dir='ltr'>neque</span> <span class='ocrx_word' id='word_1_1188' title='bbox 1339 2424 1473 2451; x_wconf 86' lang='lat' dir='ltr'>adiiciens.</span> <span class='ocrx_word' id='word_1_1189' title='bbox 1494 2435 1514 2451; x_wconf 82' lang='lat' dir='ltr'>c.</span> <span class='ocrx_word' id='word_1_1190' title='bbox 1535 2426 1558 2450; x_wconf 80' lang='grc'>8.</span> <span class='ocrx_word' id='word_1_1191' title='bbox 1578 2435 1616 2462; x_wconf 89' lang='lat' dir='ltr'>pr.</span> <span class='ocrx_word' id='word_1_1192' title='bbox 1636 2424 1668 2450; x_wconf 89' lang='lat' dir='ltr'>de</span> <span class='ocrx_word' id='word_1_1193' title='bbox 1686 2423 1783 2450; x_wconf 84' lang='lat' dir='ltr'>haeret.</span> <span class='ocrx_word' id='word_1_1194' title='bbox 1804 2425 1826 2449; x_wconf 94' lang='lat'>1.</span> <span class='ocrx_word' id='word_1_1195' title='bbox 1845 2425 1869 2450; x_wconf 83' lang='lat'>5.</span> 
     </span>
    </p>

    <p class='ocr_par' dir='ltr' id='par_1_18' title="bbox 1084 2468 1921 2629">
     <span class='ocr_line' id='line_1_117' title="bbox 1119 2468 1921 2502; baseline -0.001 -9"><span class='ocrx_word' id='word_1_1196' title='bbox 1119 2468 1359 2501; x_wconf 78' lang='lat' dir='ltr'>Symphonia.</span> <span class='ocrx_word' id='word_1_1197' title='bbox 1397 2469 1522 2502; x_wconf 76' lang='lat' dir='ltr'>Corpus</span> <span class='ocrx_word' id='word_1_1198' title='bbox 1541 2469 1839 2502; x_wconf 78' lang='lat' dir='ltr'>symphoniacorum</span> <span class='ocrx_word' id='word_1_1199' title='bbox 1857 2476 1921 2492; x_wconf 76' lang='lat' dir='ltr'>ser-</span> 
     </span>
     <span class='ocr_line' id='line_1_118' title="bbox 1086 2509 1921 2541; baseline -0.002 -4"><span class='ocrx_word' id='word_1_1200' title='bbox 1086 2520 1200 2537; x_wconf 81' lang='lat' dir='ltr'>vorum.</span> <span class='ocrx_word' id='word_1_1201' title='bbox 1237 2509 1279 2536; x_wconf 88' lang='grc'>111,</span> <span class='ocrx_word' id='word_1_1202' title='bbox 1293 2511 1359 2538; x_wconf 78' lang='lat' dir='ltr'>Cn.</span> <span class='ocrx_word' id='word_1_1203' title='bbox 1379 2509 1408 2536; x_wconf 84' lang='lat' dir='ltr'>Si</span> <span class='ocrx_word' id='word_1_1204' title='bbox 1422 2526 1453 2529; x_wconf 88' lang='lat'>—</span> <span class='ocrx_word' id='word_1_1205' title='bbox 1467 2510 1622 2536; x_wconf 81' lang='lat' dir='ltr'>histrionem</span> <span class='ocrx_word' id='word_1_1206' title='bbox 1641 2509 1818 2536; x_wconf 83' lang='lat' dir='ltr'>balneatorem</span> <span class='ocrx_word' id='word_1_1207' title='bbox 1836 2509 1921 2541; x_wconf 85' lang='lat' dir='ltr'>faciat,</span> 
     </span>
     <span class='ocr_line' id='line_1_119' title="bbox 1084 2551 1920 2590; baseline 0 -12"><span class='ocrx_word' id='word_1_1208' title='bbox 1084 2553 1127 2579; x_wconf 85' lang='lat' dir='ltr'>vel</span> <span class='ocrx_word' id='word_1_1209' title='bbox 1146 2552 1178 2578; x_wconf 89' lang='lat' dir='ltr'>de</span> <span class='ocrx_word' id='word_1_1210' title='bbox 1197 2552 1353 2589; x_wconf 73' lang='lat' dir='ltr'>symphonia</span> <span class='ocrx_word' id='word_1_1211' title='bbox 1374 2552 1421 2587; x_wconf 88' lang='lat' dir='ltr'>[al.</span> <span class='ocrx_word' id='word_1_1212' title='bbox 1441 2551 1646 2590; x_wconf 80' lang='lat' dir='ltr'>symphoniaco]</span> <span class='ocrx_word' id='word_1_1213' title='bbox 1667 2552 1814 2578; x_wconf 79' lang='lat' dir='ltr'>atriensem.</span> <span class='ocrx_word' id='word_1_1214' title='bbox 1832 2551 1863 2578; x_wconf 86' lang='lat' dir='ltr'>fr.</span> <span class='ocrx_word' id='word_1_1215' title='bbox 1880 2554 1920 2578; x_wconf 91' lang='lat'>15.</span> 
     </span>
     <span class='ocr_line' id='line_1_120' title="bbox 1085 2595 1376 2629; baseline 0.007 -9"><span class='ocrx_word' id='word_1_1216' title='bbox 1085 2596 1105 2629; x_wconf 67' lang='grc' dir='ltr'>ξ.</span> <span class='ocrx_word' id='word_1_1217' title='bbox 1126 2597 1148 2620; x_wconf 92' lang='lat'>1.</span> <span class='ocrx_word' id='word_1_1218' title='bbox 1169 2595 1201 2621; x_wconf 88' lang='lat' dir='ltr'>de</span> <span class='ocrx_word' id='word_1_1219' title='bbox 1219 2595 1301 2621; x_wconf 78' lang='lat' dir='ltr'>usust.</span> <span class='ocrx_word' id='word_1_1220' title='bbox 1316 2597 1339 2622; x_wconf 91' lang='lat'>7.</span> <span class='ocrx_word' id='word_1_1221' title='bbox 1355 2597 1376 2622; x_wconf 97' lang='lat' dir='ltr'>l.</span> 
     </span>
    </p>

    <p class='ocr_par' dir='ltr' id='par_1_19' title="bbox 1084 2639 1920 2798">
     <span class='ocr_line' id='line_1_121' title="bbox 1119 2639 1920 2672; baseline -0.001 -8"><span class='ocrx_word' id='word_1_1222' title='bbox 1119 2639 1428 2671; x_wconf 75' lang='lat' dir='ltr'>symphoniacus.</span> <span class='ocrx_word' id='word_1_1223' title='bbox 1467 2640 1529 2671; x_wconf 85' lang='lat' dir='ltr'>Qui</span> <span class='ocrx_word' id='word_1_1224' title='bbox 1554 2639 1683 2672; x_wconf 76' lang='lat' dir='ltr'>peritus</span> <span class='ocrx_word' id='word_1_1225' title='bbox 1709 2643 1756 2663; x_wconf 82' lang='lat' dir='ltr'>est</span> <span class='ocrx_word' id='word_1_1226' title='bbox 1786 2640 1920 2664; x_wconf 84' lang='lat' dir='ltr'>musico-</span> 
     </span>
     <span class='ocr_line' id='line_1_122' title="bbox 1084 2679 1919 2713; baseline -0.001 -6"><span class='ocrx_word' id='word_1_1227' title='bbox 1084 2691 1151 2707; x_wconf 79' lang='lat' dir='ltr'>rum</span> <span class='ocrx_word' id='word_1_1228' title='bbox 1179 2688 1385 2708; x_wconf 80' lang='lat' dir='ltr'>concentuum</span> <span class='ocrx_word' id='word_1_1229' title='bbox 1412 2684 1485 2713; x_wconf 86' lang='lat' dir='ltr'>(cum</span> <span class='ocrx_word' id='word_1_1230' title='bbox 1509 2680 1567 2706; x_wconf 82' lang='lat' dir='ltr'>aliis</span> <span class='ocrx_word' id='word_1_1231' title='bbox 1592 2679 1838 2713; x_wconf 80' lang='lat' dir='ltr'>conficiendorum.)</span> <span class='ocrx_word' id='word_1_1232' title='bbox 1876 2679 1919 2706; x_wconf 83' lang='lat' dir='ltr'>III.</span> 
     </span>
     <span class='ocr_line' id='line_1_123' title="bbox 1087 2722 1919 2760; baseline -0.002 -10"><span class='ocrx_word' id='word_1_1233' title='bbox 1087 2725 1152 2751; x_wconf 78' lang='lat' dir='ltr'>Cn.</span> <span class='ocrx_word' id='word_1_1234' title='bbox 1172 2723 1201 2750; x_wconf 87' lang='lat' dir='ltr'>Si</span> <span class='ocrx_word' id='word_1_1235' title='bbox 1220 2734 1252 2750; x_wconf 83' lang='lat' dir='ltr'>ex</span> <span class='ocrx_word' id='word_1_1236' title='bbox 1270 2723 1398 2760; x_wconf 82' lang='lat' dir='ltr'>gemellis,</span> <span class='ocrx_word' id='word_1_1237' title='bbox 1416 2723 1459 2749; x_wconf 88' lang='lat' dir='ltr'>vel</span> <span class='ocrx_word' id='word_1_1238' title='bbox 1478 2733 1510 2749; x_wconf 79' lang='lat' dir='ltr'>ex</span> <span class='ocrx_word' id='word_1_1239' title='bbox 1529 2722 1671 2754; x_wconf 73' lang='lat' dir='ltr'>comoedis.</span> <span class='ocrx_word' id='word_1_1240' title='bbox 1691 2722 1733 2749; x_wconf 88' lang='lat' dir='ltr'>vel</span> <span class='ocrx_word' id='word_1_1241' title='bbox 1752 2733 1783 2749; x_wconf 72' lang='lat' dir='ltr'>ex</span> <span class='ocrx_word' id='word_1_1242' title='bbox 1798 2722 1919 2759; x_wconf 84' lang='lat' dir='ltr'>sympho-</span> 
     </span>
     <span class='ocr_line' id='line_1_124' title="bbox 1086 2765 1918 2798; baseline -0.001 -6"><span class='ocrx_word' id='word_1_1243' title='bbox 1086 2767 1167 2792; x_wconf 78' lang='lat' dir='ltr'>niacis</span> <span class='ocrx_word' id='word_1_1244' title='bbox 1193 2776 1260 2793; x_wconf 85' lang='lat' dir='ltr'>unus</span> <span class='ocrx_word' id='word_1_1245' title='bbox 1285 2767 1388 2793; x_wconf 85' lang='lat' dir='ltr'>occisus</span> <span class='ocrx_word' id='word_1_1246' title='bbox 1411 2766 1497 2792; x_wconf 86' lang='lat' dir='ltr'>fuerit.</span> <span class='ocrx_word' id='word_1_1247' title='bbox 1522 2765 1578 2792; x_wconf 86' lang='lat' dir='ltr'>Gai.</span> <span class='ocrx_word' id='word_1_1248' title='bbox 1598 2765 1639 2792; x_wconf 91' lang='grc'>111.</span> <span class='ocrx_word' id='word_1_1249' title='bbox 1659 2767 1718 2792; x_wconf 88' lang='grc'>212.</span> <span class='ocrx_word' id='word_1_1250' title='bbox 1742 2765 1772 2792; x_wconf 85' lang='lat' dir='ltr'>fr.</span> <span class='ocrx_word' id='word_1_1251' title='bbox 1792 2768 1833 2791; x_wconf 87' lang='grc'>22.</span> <span class='ocrx_word' id='word_1_1252' title='bbox 1853 2766 1874 2798; x_wconf 86' lang='lat'>3.</span> <span class='ocrx_word' id='word_1_1253' title='bbox 1896 2766 1918 2790; x_wconf 92' lang='grc'>1.</span> 
     </span>
    </p>
   </div>
   <div class='ocr_carea' id='block_1_14' title="bbox 1087 2808 1479 2877">
    <p class='ocr_par' dir='ltr' id='par_1_20' title="bbox 1087 2808 1479 2877">
     <span class='ocr_line' id='line_1_125' title="bbox 1087 2808 1343 2845; baseline 0 -9"><span class='ocrx_word' id='word_1_1254' title='bbox 1087 2809 1119 2836; x_wconf 90' lang='lat' dir='ltr'>ad</span> <span class='ocrx_word' id='word_1_1255' title='bbox 1137 2808 1167 2836; x_wconf 93' lang='lat' dir='ltr'>L.</span> <span class='ocrx_word' id='word_1_1256' title='bbox 1186 2809 1254 2845; x_wconf 87' lang='lat' dir='ltr'>Aqu.</span> <span class='ocrx_word' id='word_1_1257' title='bbox 1276 2811 1300 2836; x_wconf 88' lang='lat'>9.</span> <span class='ocrx_word' id='word_1_1258' title='bbox 1319 2812 1343 2836; x_wconf 90' lang='grc'>2.</span> 
     </span>
     <span class='ocr_line' id='line_1_126' title="bbox 1412 2852 1479 2877; baseline 0 0"><span class='ocrx_word' id='word_1_1259' title='bbox 1412 2852 1479 2877; x_wconf 67' lang='lat'>118*</span> 
     </span>
    </p>
   </div>
  </div>
 </body>
</html>
