2197 3121
1002 160 1104 191 NEG.

185 242 281 268 actoris
301 242 458 274 inficiatur.)
496 240 526 267 11.
548 242 615 275 Op.
643 240 676 267 A.
694 240 814 276 Agerius.
835 256 867 260 --
887 240 1029 267 Numerius
1051 242 1053 254 '

184 284 319 321 Negidius.
345 283 387 311 Cf.
406 294 430 310 v.
449 284 570 319 Agerius
607 282 650 309 ΙΙΙ.
672 284 738 311 C'n·
763 282 791 309 Si
811 288 898 320 paret,
922 282 1028 310 Numer.

184 326 325 363 Negidium
340 344 369 347 —
385 326 447 353 dare
466 331 597 364 oportere.
618 325 675 352 Gai.
696 325 740 352 IV.
759 327 801 353 86.
822 328 879 352 131.
917 325 947 352 Si
966 326 1030 352 mihi
1051 322 1052 349 1

184 370 300 401 lllaevia,
327 374 352 396 et
376 369 486 406 Negidia
512 368 559 402 [al.
584 368 704 405 Nigidia]
729 368 799 395 filiae
823 379 894 395 meae
918 368 1029 395 heredes
1051 369 1052 378 ¹

185 417 269 439 erunt.
290 412 321 438 fr.
335 414 377 439 92.
396 422 436 449 pr.
457 411 489 438 de
508 411 582 447 legat.
599 411 642 438 111.
663 413 731 445 (32.)
769 411 852 438 Cuius
872 416 1029 438 testamento

185 454 324 491 ‘Negidium
344 454 401 482 filio
426 464 474 481 suo
499 459 612 481 tutorem
637 455 716 481 dedit.
741 454 771 481 fr.
793 456 832 481 16.
857 453 889 480 de
914 459 1029 481 excusat.
1051 445 1053 478 Ι.

186 502 234 524 tut.
254 500 296 524 27.
317 499 339 524 1.
361 514 391 518 -
419 498 450 531 ξ.
469 499 504 524 2.
531 499 650 524 Nomen
669 499 789 524 liberti.
830 496 872 523 llI.
894 498 960 524 Cn.
980 497 1030 523 Ne-

185 540 293 577 gidium,
313 540 420 571 Titium,
440 540 562 571 Dionem,
582 540 693 567 libertos
712 549 794 572 meos,
814 540 920 577 (peto.)
940 539 971 566 fr.
986 541 1028 566 33.

185 584 208 617 3.
227 586 251 610 2.
272 582 304 609 de
323 593 372 609 usu
392 588 418 609 et
437 582 517 609 usufr.
538 582 587 617 leg.
608 585 650 610 33.
669 586 694 609 2.

222 627 436 660 Neglectae.
479 625 606 657 (Subst.)
649 627 802 656 lncnria.
836 627 1028 652 Contemtio.

184 668 228 695 ΠΙ.
243 670 308 696 Gn.
328 667 379 694 Pro
399 667 521 704 neglectu
540 668 661 695 utilitatis
680 667 810 705 publicae,
830 667 946 704 (dignam
962 678 1030 694 com-

184 712 309 738 motionis
329 711 419 737 subire
439 712 598 744 censuram.)
623 710 672 738 Th.
692 710 723 737 C.
743 710 761 737 1.
783 713 823 737 15.
848 721 868 737 8.
889 712 912 737 6.
932 710 965 737 (18
985 711 1027 737 off.

184 754 287 787 Yicar.)

218 796 435 830 Negligens.
465 795 561 829 (Part.)
597 797 804 828 Ineuriosus,
826 798 947 823 Socors.
985 795 1027 822 111.

185 841 251 868 οη.
273 839 303 865 Si
317 849 460 871 remansor,
481 844 524 865 aut
537 837 670 874 negligens
685 848 801 870 suornm,
821 843 864 865 aut.
877 840 964 874 segnis
979 844 1028 865 etc.

184 881 215 909 fr.
235 884 259 908 5.
281 882 302 916 3.
322 882 346 908 6.
367 881 399 908 (18
417 882 449 908 R.
468 881 502 908 M.
522 882 563 907 49.
584 882 624 906 16.
661 880 721 907 Non
748 882 816 908 enim
835 881 1028 917 negligentibus

186 925 352 957 subvenitur,
372 924 419 951 sed
438 924 595 951 necessitate
614 933 701 949 rerum
720 923 863 961 impeditis.
883 923 913 950 fr.
936 925 975 950 16.
997 934 1029 951 ex

187 978 230 1005 qu.
251 978 272 994 e.
292 969 350 994 mai.
370 969 393 994 4.
413 969 437 994 6.
475 967 503 993 Si
527 965 662 1002 negligens
681 967 707 992 in
727 966 855 1003 eligendis
874 968 1028 994 ministeriis

186 1011 243 1037 fuit.
263 1010 293 1037 fr.
313 1012 354 1036 27.
374 1011 396 1044 3.
415 1012 439 1037 9.
459 1009 492 1036 ad
510 1008 539 1035 L.
556 1009 624 1045 Aqu.
645 1010 668 1035 9.
688 1011 713 1035 2.
751 1010 804 1045 Qui
824 1009 1028 1046 negligentiores

184 1054 212 1080 in
232 1053 320 1079 officio
340 1063 388 1079 suo
407 1052 511 1079 fuerint.
530 1051 561 1078 fr.
583 1054 623 1078 14.
644 1051 676 1078 de
695 1052 739 1078 off.
759 1052 847 1079 Praes.
868 1054 891 1078 l.
912 1054 951 1079 18.

221 1096 476 1130 Negligenter.
497 1094 609 1127 (Advb.)
647 1096 825 1122 Ina-arion.
846 1097 1029 1131 Indiligen-

185 1146 240 1166 ter.
276 1138 295 1164 I.
308 1139 370 1172 Sy·
390 1136 519 1172 segniter.
540 1137 580 1164 Cf.
595 1137 619 1163 11.
634 1147 658 1164 ν.
684 1137 771 1164 Minus
791 1137 940 1174 diligenter.
959 1138 989 1165 fr.
1004 1140 1028 1165 5.

184 1182 207 1216 3.
227 1183 250 1207 7.
271 1179 397 1207 commod.
412 1182 452 1206 13.
471 1182 494 1206 6.
524 1179 556 1206 ll.
572 1182 639 1215 Op.
658 1180 740 1207 Recte
760 1182 862 1214 (secare
877 1182 938 1214 etc.)
959 1181 1028 1208 Coll.

184 1223 237 1250 LL.
257 1223 290 1250 Μ.
315 1222 373 1249 ΧΗ.
393 1224 415 1249 7.
453 1222 584 1260 Imperite.
609 1223 650 1250 Cf.
675 1223 699 1250 h.
724 1233 747 1249 v.
772 1224 794 1257 3
815 1225 837 1250 1.
869 1224 954 1256 Dolo,
978 1224 1029 1251 Per

184 1265 302 1293 fraudem
322 1266 420 1298 (facere
440 1267 501 1298 etc.)
521 1265 551 1292 fr.
571 1267 595 1292 4.
614 1265 647 1292 de
666 1266 710 1292 off.
730 1266 783 1293 Prf.
803 1265 877 1303 Vigg.
898 1268 921 1293 1.
936 1269 975 1294 15.
996 1267 1026 1294 fr.

184 1311 207 1337 9.
227 1310 249 1344 3.
269 1311 292 1335 4.
313 1308 345 1335 de
364 1307 431 1334 adm.
451 1318 500 1334 rer.
520 1307 552 1334 ad
572 1309 621 1335 civ.
635 1311 676 1335 50.
697 1310 721 1335 S.
760 1309 802 1335 [II.
822 1311 888 1337 011.
907 1309 966 1336 Nisi
985 1316 1029 1337 aut

183 1352 320 1380 manifesta
340 1352 550 1388 circumscr1ptio
570 1352 613 1383 sit,
633 1356 676 1379 aut
695 1357 747 1378 tam
766 1352 833 1388 negl.
848 1353 874 1379 in
889 1362 935 1379 sua
951 1363 1028 1380 causa

183 1396 282 1422 versati
300 1399 370 1421 sunt.
396 1394 426 1420 l'r.
446 1395 488 1420 24.
513 1393 546 1420 de
570 1395 662 1421 minor.
682 1397 705 1421 4.
725 1397 748 1421 4.
787 1395 816 1422 Si
840 1397 930 1422 socius
953 1406 1030 1432 quae-

184 1437 243 1465 dam
263 1437 330 1473 negl.
350 1438 377 1463 in
396 1437 524 1463 societate
543 1438 653 1474 egisset,
677 1439 704 1464 iu
728 1438 865 1475 plerisque
883 1444 969 1465 autem
989 1449 1030 1466 so—

185 1482 308 1508 cietatem
327 1481 452 1507 auxisset.
473 1480 503 1506 fr.
523 1481 565 1506 26.
586 1480 617 1506 cf.
641 1480 672 1506 fr.
690 1482 732 1507 23.
760 1481 781 1515 3.
803 1483 824 1507 l.
845 1492 893 1518 pro
913 1492 967 1508 soc.
988 1484 1029 1509 17.

183 1525 208 1550 2.
236 1523 267 1550 Si
285 1523 328 1550 vel
346 1522 407 1560 plus
427 1524 497 1549 iusto
517 1532 546 1549 se
560 1524 716 1555 oneraverit,
736 1524 779 1550 vel
794 1524 967 1561 negligentius
981 1535 1030 1562 per

183 1566 315 1594 lubricum
334 1567 475 1592 transierit.
500 1565 530 1592 fr.
552 1567 574 1592 7.
600 1567 621 1600 3.
641 1568 665 1592 2.
685 1566 717 1592 ad
736 1566 766 1593 L.
786 1567 854 1603 Aqu.
875 1569 898 1594 9.
918 1570 942 1594 2.
979 1567 1029 1594 Ne-

185 1608 324 1645 gligentius
350 1610 423 1645 ignes
443 1607 512 1645 apud
531 1618 560 1635 se
583 1608 688 1636 habere.
713 1608 744 1636 fr.
763 1612 787 1637 3.
812 1611 833 1644 3.
855 1611 877 1636 1.
901 1610 932 1637 fr.
952 1613 976 1637 4.
997 1611 1030 1637 de

185 1652 230 1678 off.
250 1651 302 1678 Prf.
322 1651 397 1687 Vigg.
419 1652 440 1677 1.
462 1653 502 1677 15.

220 1694 472 1730 Negligentia·
509 1696 660 1727 Incuria,
687 1697 861 1728 Socordio,
882 1697 1028 1723 Desidia.

185 1737 203 1765 Ι.
230 1738 292 1771 Sy·
316 1736 409 1774 Culpa.
436 1736 476 1763 Cf.
497 1736 522 1764 11.
541 1747 565 1763 v.
585 1738 608 1771 3.
627 1739 652 1764 3.
689 1737 719 1763 Il.
741 1740 809 1772 01).
829 1738 919 1766 Fraus.
941 1739 982 1766 Cf.
1002 1739 1028 1766 11.

185 1789 210 1806 v.
230 1780 295 1813 3.1.
333 1779 419 1806 Casus
439 1780 554 1813 (maior.)
575 1779 606 1806 fr.
619 1781 642 1806 6.
662 1781 685 1814 3.
699 1782 722 1807 9.
742 1780 773 1807 fr.
789 1782 811 1807 7.
829 1791 868 1818 pr.
883 1781 915 1808 de
935 1782 1028 1808 edend.

184 1824 209 1848 2.
231 1824 271 1848 13.
300 1822 331 1849 fr.
352 1824 392 1848 12.
412 1832 452 1859 pr.
472 1822 504 1848 de
529 1828 594 1849 cust.
619 1827 645 1848 et
669 1823 756 1849 exhib.
776 1824 817 1850 48.
837 1823 941 1850 3.111.
962 1826 1028 1852 Gn.

185 1864 357 1900 Negligentia,
377 1869 420 1891 aut
439 1864 523 1901 culpa.
560 1865 636 1901 Regi.
656 1870 734 1902 atque
754 1865 862 1893 desidia.
885 1866 916 1893 fr.
934 1869 976 1893 35.
997 1867 1029 1894 de

185 1906 214 1933 S.
234 1906 261 1933 P.
282 1906 312 1933 R.
332 1908 355 1933 8.
371 1909 396 1933 3.
417 1906 557 1934 Th.C.11.
578 1910 601 1933 6.
622 1918 643 1933 8.
663 1909 687 1934 2.
708 1908 740 1934 (18
758 1913 838 1946 temp.
858 1919 944 1936 cursu.
981 1909 1029 1937 Pe-

185 1949 297 1976 riculum
317 1951 506 1981 contumaciae,
531 1949 574 1976 vel
593 1949 772 1986 negligentiae.
796 1951 826 1978 fr.
847 1954 888 1978 40.
908 1952 941 1979 de
961 1952 1027 1979 adm.

186 1997 213 2019 et
236 1993 317 2030 peric.
341 1994 382 2019 26.
404 1994 426 2019 7.
464 1992 559 2019 Medici
583 1993 734 2025 inscientia,
759 1999 802 2020 aut
825 1994 925 2022 domini
949 1995 1029 2032 negli—

185 2036 271 2072 gentia
291 2035 453 2069 (accidere.)
478 2036 508 2062 11.
527 2037 569 2061 52.
589 2045 628 2072 pr.
649 2035 680 2062 ad
699 2035 729 2063 L.
749 2036 818 2073 Aqu.
838 2040 862 2064 9.
882 2040 906 2064 2.
941 2038 1029 2075 Negli-

186 2079 271 2114 gentia
291 2083 317 2104 et
334 2079 412 2104 nimia
432 2079 544 2104 cessatio
565 2079 604 2111 (111
624 2078 871 2113 administratione.)
890 2080 921 2107 fr.
939 2082 962 2108 6.
983 2082 1028 2108 ubi

188 2130 248 2157 pup.
262 2122 304 2147 27.
323 2122 348 2147 2.
388 2120 421 2147 Vt
440 2125 526 2157 neque
544 2121 700 2157 negligentia
720 2132 816 2155 crassa,
835 2128 879 2149 aut
892 2125 970 2150 nimia
989 2135 1029 2151 se-

189 2164 284 2190 curitas
303 2165 385 2196 (satis
405 2164 527 2201 expedita
548 2165 612 2196 sit.)
637 2174 722 2200 neque
742 2165 868 2192 delatoria
888 2168 1028 2194 curiositas

189 2206 348 2241 (exigatur.)
371 2206 402 2233 fr.
422 2208 445 2233 6.
471 2206 503 2233 de
526 2208 574 2233 iur.
595 2212 620 2233 et
644 2207 705 2234 sacti
728 2209 778 2244 ign.
797 2211 839 2235 22.
859 2210 882 2236 6.
919 2209 983 2236 Lata
1003 2215 1029 2237 et

189 2248 291 2274 incauta
310 2249 389 2284 negl.‚
413 2249 456 2276 vel
474 2249 590 2276 lascivia.
615 2249 685 2276 Coll.
703 2250 757 2277 LL.
777 2251 810 2278 M.
830 2252 887 2279 ΧΠ.
907 2255 930 2279 5.
968 2253 1028 2280 Dis-

190 2289 284 2322 soluta,
305 2290 416 2324 Summa.
430 2291 503 2325 Lata,
517 2292 616 2329 Magna,
630 2292 716 2319 Nimia
730 2294 921 2330 (negligentia.)
941 2295 971 2323 fr.
985 2298 1026 2323 29.

189 2342 228 2369 pr.
248 2332 333 2359 mand.
354 2335 393 2359 17.
414 2336 436 2361 1.
456 2335 486 2362 fr.
508 2337 530 2362 1.
550 2337 572 2370 3.
592 2338 616 2363 2.
637 2336 669 2363 de
688 2337 736 2362 iur.
757 2341 783 2363 et
801 2336 863 2364 sacti
881 2339 932 2374 ign.
951 2340 1026 2366 22.6.

190 2374 220 2401 fr.
241 2376 264 2400 7.
289 2375 309 2408 3.
332 2377 354 2401 l.
374 2375 405 2402 de
424 2386 495 2414 susp.
520 2383 567 2405 tut.
585 2380 627 2405 26.
648 2381 688 2405 10.
713 2378 743 2405 fr.
764 2381 786 2406 1.
811 2381 832 2414 3.
852 2383 876 2407 5.
896 2381 929 2407 (ie
948 2381 981 2408 Ο,
1001 2387 1028 2408 et

190 2418 222 2443 A.
241 2419 282 2443 44.
303 2419 326 2443 7.
351 2417 381 2444 fr.
404 2420 442 2444 12.
467 2430 506 2456 pr.
530 2421 563 2448 (18
587 2427 652 2448 cust.
677 2427 702 2448 et
726 2422 813 2449 exhib.
838 2425 878 2450 48.
902 2425 926 2450 3.
963 2424 1028 2451 Lata

191 2459 276 2497 eulpa,
296 2470 348 2486 non
368 2460 433 2492 levi.
453 2466 478 2487 et
496 2463 574 2490 rebus
593 2466 649 2491 suis
669 2470 794 2492 consueta
812 2465 976 2502 negligentia.
996 2467 1026 2494 fr.

189 2505 230 2529 22.
257 2503 278 2536 3.
298 2504 321 2529 3.
346 2503 378 2529 ad
398 2503 465 2530 S.C.
485 2503 563 2532 Treb.
581 2509 623 2534 36.
643 2509 666 2534 1.
703 2507 842 2540 Veterani,
866 2510 910 2545 qui
934 2520 967 2536 ex
984 2520 1028 2537 ne-

190 2546 313 2582 gligentia
335 2547 417 2578 vitae,
445 2556 493 2573 nec
517 2557 561 2574 rus
585 2550 675 2577 colunt
694 2555 742 2578 etc.
772 2561 793 2578 c.
812 2552 837 2578 3.
861 2552 893 2578 de
912 2557 1027 2579 vetet-an.

192 2591 231 2615 12.
247 2590 288 2614 47,

225 2631 436 2665 Negligere.
464 2632 494 2665 ἕ.
510 2633 544 2658 l.
570 2634 638 2660 Non
656 2645 789 2668 curare,
811 2638 1027 2665 Contemnere.

191 2674 209 2701 l.
228 2675 289 2708 Sy.
309 2673 493 2701 Contemnere.
514 2674 555 2701 Cf.
575 2675 599 2701 h.
614 2686 638 2702 v.
657 2677 679 2710 3.
697 2680 721 2704 2.
758 2679 800 2705 III.
813 2681 878 2707 Gn.
898 2680 937 2706 Ne
956 2680 1028 2707 solli-

192 2718 257 2743 cites
276 2719 331 2749 (se.
350 2718 484 2750 servum,)
505 2723 533 2744 ut
552 2717 593 2744 fur
611 2718 670 2750 fiat,
690 2736 722 2740 —
740 2731 774 2748 ne
790 2723 826 2749 ita
845 2723 959 2760 negligas
979 2723 1027 2757 [al.

192 2759 328 2795 neglegas]
348 2769 465 2791 servum,
484 2770 517 2786 ne
536 2760 577 2787 fur
596 2761 732 2788 efficiatur.
756 2763 786 2797 fr.
805 2767 845 2791 50.
866 2765 898 2792 de
916 2771 984 2803 pact.
1003 2769 1027 2793 2.
1049 2769 1050 2775 ¹

194 2803 234 2828 14.
270 2801 388 2828 Praetori
408 2812 436 2829 ea
455 2812 497 2829 res
517 2803 664 2840 quaerenda
685 2807 822 2834 commissa
840 2813 893 2840 est,
915 2819 968 2836 nou
986 2819 1029 2836 ne-

1854 168 1918 199 619

1074 241 1202 278 gligenda,
1222 252 1270 268 nec
1290 243 1418 270 donanda.
1439 245 1469 271 fr.
1489 246 1512 272 8.
1532 246 1616 279 317.
1637 246 1670 272 de
1688 251 1811 274 transact.
1831 251 1855 274 2.
1878 251 1917 276 15.

1074 284 1103 311 Si
1122 290 1291 322 praeceptum
1311 292 1359 318 est,
1381 292 1406 313 et
1425 287 1580 323 neglectum.
1606 288 1636 315 sr.
1656 291 1678 316 7.
1706 291 1726 324 3.
1748 292 1770 317 7.
1791 290 1821 317 cf.
1843 290 1873 317 fr.
1893 293 1917 318 5.

1074 328 1095 361 3.
1116 329 1140 354 9.
1161 327 1193 354 de
1211 327 1278 354 adm.
1299 334 1324 355 et
1344 331 1423 366 peric.
1442 332 1484 357 26.
1506 333 1528 358 7.
1549 332 1579 358 fr.
1601 334 1622 358 l.
1647 332 1669 366 3.
1688 335 1712 359 3.
1734 333 1765 359 de
1785 333 1814 360 L.
1836 334 1916 360 Corn.

1075 370 1106 396 de
1120 370 1177 398 fals.
1191 372 1233 397 48.
1250 373 1287 398 10.
1313 371 1410 398 Rerum
1430 373 1566 400 mobilium
1586 374 1702 411 neglecta
1723 381 1801 412 atque
1820 378 1917 403 omissa

1075 413 1202 440 custodia.
1222 413 1253 440 fr.
1272 415 1313 440 47.
1334 414 1366 440 de
1385 415 1417 441 A.
1438 425 1461 442 v.
1482 416 1513 443 A.
1534 416 1561 443 P.
1578 419 1620 444 41.
1640 420 1663 445 2.
1702 418 1767 445 Tam
1787 419 1819 445 de
1839 419 1918 446 admi-

1075 456 1202 489 nistratis,
1223 466 1299 493 quam
1318 456 1351 483 de
1371 457 1499 493 neglectis
1519 460 1681 493 (convenire
1697 461 1780 494 eum.)
1801 472 1821 488 c.
1841 464 1864 488 6.
1885 462 1917 488 de

1074 503 1176 525 testam.
1201 504 1249 525 tut.
1275 501 1298 526 5.
1323 501 1365 526 28.
1407 501 1437 526 Si
1460 511 1603 538 possessor
1626 503 1780 531 hereditatis
1804 505 1917 541 negligat

1076 541 1123 575 [al.
1143 542 1292 578 neglegam]
1314 542 1390 578 quid,
1410 544 1433 569 si
1452 544 1517 570 nihil
1537 546 1601 571 iuris
1621 545 1717 573 habere
1736 558 1764 574 se
1784 549 1866 575 sciat?
1886 548 1915 575 fr.

1074 586 1115 611 49.
1141 584 1173 611 de
1197 584 1285 611 hered.
1311 590 1363 622 pet.
1386 588 1409 612 5.
1429 588 1453 612 3.
1496 587 1537 619 Si,
1564 598 1621 614 cum
1645 595 1737 626 posset
1761 595 1863 628 petere,
1885 609 1915 612 —

1073 632 1165 664 petere
1185 627 1339 663 neglexerit.
1359 628 1389 654 11.
1404 631 1428 655 5.
1447 630 1509 663 3.1.
1530 630 1581 666 Qu.
1602 632 1667 658 ordo
1687 634 1713 659 in
1733 633 1761 659 B.
1778 633 1805 660 P.
1818 636 1859 660 38.
1876 636 1916 661 15.

1074 669 1105 696 cf.
1126 670 1156 696 fr.
1178 671 1217 696 16.
1238 670 1271 696 de
1290 670 1371 697 fundo
1392 671 1445 698 dot.
1465 674 1507 699 23.
1527 675 1550 699 5.
1566 689 1598 693 —
1618 675 1649 708 ξ.
1665 677 1699 702 2.
1720 679 1915 704 Praeterire.

1073 714 1265 746 (testamento.)
1302 713 1344 740 III.
1360 715 1425 741 Gn.
1445 713 1504 741 Non
1523 716 1599 742 iustis
1614 718 1760 745 rationibus
1774 720 1916 756 neglectus,

1074 755 1127 789 (de
1151 756 1301 782 inofficioso
1326 757 1458 793 querelam
1481 758 1619 785 instituere
1642 762 1765 797 poterit.)
1792 773 1813 789 c.
1833 765 1856 790 3
1884 764 1917 791 dc

1074 798 1145 825 inoff.
1167 804 1269 825 testam.
1288 800 1312 825 3.
1328 802 1370 826 25.

1108 842 1315 876 Negotiari-
1337 844 1548 871 Mercaturae
1567 855 1695 879 operam
1715 849 1796 874 dare.
1820 848 1838 875 Ι.
1854 851 1916 884 Sy.

1073 882 1191 909 Mercari.
1212 883 1252 910 Cf.
1267 884 1291 910 11.
1310 895 1334 911 v.
1354 885 1419 919 3.1.
1456 885 1561 923 Negotii
1580 897 1661 924 genus
1681 900 1811 917 exercere.
1830 891 1860 918 fr.
1877 894 1915 919 18.

1074 925 1106 952 de
1126 927 1183 952 iure
1202 932 1304 963 patron.
1324 930 1366 954 37.
1388 930 1427 954 14.
1452 928 1535 956 Vatic.
1557 931 1594 964 33.
1613 933 1672 958 235.
1692 942 1750 969 sqq.
1788 933 1830 960 III.
1851 937 1916 963 Gn.

1074 968 1112 995 Ne
1126 968 1162 1000 hi,
1183 970 1227 1006 qui
1240 971 1402 1006 provinciam
1416 978 1517 1007 regunt,
1535 989 1567 992 —
1580 975 1754 1010 negotientur,
1768 983 1917 1005 mutuamve

1072 1013 1210 1049 pecuniam
1230 1012 1300 1043 dent,
1321 1013 1448 1040 foennsve
1468 1021 1613 1042 exerceant.
1634 1016 1664 1043 fr.
1678 1019 1719 1044 33.
1740 1019 1772 1045 (18
1784 1019 1815 1046 R.
1831 1020 1860 1047 C.
1877 1023 1915 1049 12.

1075 1057 1097 1081 1.
1141 1055 1195 1090 Qui
1218 1055 1340 1082 utensilia
1365 1059 1543 1093 negotiantur.
1569 1064 1593 1084 et
1617 1060 1740 1087 vendunt.
1767 1062 1797 1089 fr.
1818 1065 1857 1090 12.
1884 1064 1916 1091 de

1074 1097 1208 1124 decurion.
1228 1101 1269 1125 50.
1289 1100 1312 1125 2.
1349 1099 1390 1126 Ex
1410 1103 1519 1137 pecunia
1540 1107 1629 1128 nostra
1648 1106 1782 1139 negotiari.
1802 1106 1841 1133 Ex
1854 1108 1916 1134 vino

1074 1141 1208 1176 negotiari.
1228 1140 1259 1167 fr.
1276 1142 1314 1167 16.
1335 1142 1356 1175 3.
1371 1144 1394 1168 2.
1415 1142 1448 1169 (18
1467 1154 1516 1170 usn
1535 1149 1561 1169 et
1574 1144 1653 1171 habit.
1669 1148 1691 1172 7.
1706 1148 1728 1173 S.
1750 1149 1779 1174 t'r.
1793 1151 1835 1175 21.
1855 1151 1877 1184 3
1891 1152 1915 1177 3.

1073 1183 1106 1209 de
1124 1184 1155 1210 A.
1175 1184 1204 1210 E.
1220 1183 1251 1210 V.
1268 1186 1307 1210 19.
1329 1186 1350 1210 l.
1388 1184 1516 1213 peculiari
1536 1197 1621 1214 merce
1641 1191 1774 1225 negotiari.
1795 1191 1824 1217 fr.
1840 1194 1862 1218 1.
1876 1203 1915 1230 pr.

1073 1226 1102 1252 fr.
1123 1228 1147 1252 3.
1168 1226 1189 1260 3.
1211 1228 1234 1253 1.
1258 1226 1291 1253 de
1314 1227 1404 1254 tribut.
1429 1234 1476 1255 act.
1498 1231 1537 1256 14.
1558 1232 1582 1256 4.
1603 1230 1634 1257 cf.
1659 1231 1715 1258 Gai.
1736 1233 1779 1259 IV.
1799 1236 1839 1261 74.
1877 1236 1916 1263 Ne

1074 1269 1133 1305 quis
1153 1269 1267 1302 domum,
1287 1270 1410 1297 villamve
1429 1271 1554 1304 dirueret,
1569 1290 1599 1294 —
1615 1284 1681 1301 neve
1695 1278 1753 1312 quis
1768 1279 1917 1313 negotiandi

1073 1321 1150 1337 cansa
1170 1322 1260 1339 eorum
1279 1313 1343 1349 quid
1362 1319 1460 1340 emeret
1478 1315 1646 1344 venderetve.
1669 1318 1700 1345 fr.
1720 1321 1760 1346 52.
1781 1320 1813 1346 de
1833 1326 1915 1348 contr.

1073 1359 1132 1380 emt.
1154 1356 1193 1381 18.
1215 1357 1237 1382 1.
1258 1366 1279 1382 c.
1299 1358 1323 1382 2.
1345 1356 1377 1383 de
1397 1356 1472 1383 aedif.
1493 1359 1559 1394 priv.
1580 1360 1603 1385 8.
1626 1362 1664 1386 10.

1108 1398 1334 1431 Negotiatio.
1356 1401 1556 1428 Mercatura.
1585 1401 1603 1428 I.
1618 1404 1680 1438 Sy.
1700 1403 1848 1441 Negotium.
1868 1406 1916 1433 Va-

1074 1441 1118 1466 tic.
1137 1440 1174 1474 33
1194 1443 1254 1467 235.
1274 1451 1333 1478 sqq.
1357 1442 1388 1468 fr.
1410 1444 1432 1469 1.
1452 1453 1492 1479 pr.
1512 1443 1544 1470 de
1564 1455 1648 1472 exerc.
1669 1452 1717 1473 act.
1739 1450 1779 1474 14.
1800 1450 1822 1475 1.
1843 1448 1873 1476 fr.
1892 1452 1915 1477 3.

1074 1483 1107 1510 (le
1124 1484 1207 1510 instit.
1228 1489 1277 1510 act.
1298 1486 1338 1511 14.
1356 1487 1381 1511 3.
1401 1485 1432 1511 fr.
1451 1487 1493 1512 47.
1513 1487 1535 1520 3.
1549 1488 1573 1513 6.
1593 1488 1624 1514 fr.
1638 1490 1679 1515 58.
1699 1500 1738 1526 pr.
1758 1490 1790 1516 de
1809 1491 1875 1519 adm.
1891 1498 1916 1519 et

1075 1527 1154 1563 peric.
1174 1528 1216 1552 26.
1237 1528 1259 1552 7.
1298 1529 1441 1562 Quaestus.
1462 1528 1492 1554 fr.
1511 1531 1535 1555 4.
1561 1530 1582 1563 3.
1602 1533 1625 1557 2.
1646 1531 1678 1558 de
1697 1532 1722 1558 h.
1742 1543 1784 1570 qu.
1805 1541 1858 1561 not.
1879 1537 1917 1562 in—

1073 1568 1131 1595 fam.
1151 1570 1175 1595 3.
1194 1571 1218 1595 2.
1239 1569 1288 1595 Th.
1304 1569 1334 1596 C.
1348 1569 1392 1596 IV.
1409 1572 1447 1596 12.
1468 1581 1489 1598 c.
1509 1574 1533 1598 2.
1554 1582 1593 1609 sq.
1614 1573 1646 1600 (18
1666 1577 1758 1611 vectig.
1779 1581 1804 1603 et
1824 1588 1915 1605 comm.

1072 1611 1115 1638 111.
1136 1613 1202 1639 Gn.
1223 1611 1276 1647 Qui
1296 1615 1445 1648 ergasteriis
1465 1621 1603 1651 praesunt,
1624 1617 1666 1643 vel
1686 1618 1798 1655 aliquam
1818 1620 1915 1648 licitam

1073 1655 1276 1691 negotiationem
1301 1661 1401 1691 gerunt.
1426 1667 1448 1683 c.
1468 1659 1509 1683 26.
1535 1659 1555 1692 3
1577 1661 1599 1686 1.
1625 1660 1658 1686 de
1683 1671 1752 1687 usur.
1778 1664 1800 1688 4.
1820 1665 1862 1690 32.
1883 1664 1914 1690 cf.

1073 1708 1094 1724 c.
1111 1700 1133 1723 1.
1153 1698 1185 1724 de
1204 1699 1265 1723 inst.
1285 1703 1335 1724 act.
1350 1700 1372 1724 4.
1386 1701 1428 1724 25.
1468 1699 1604 1727 Tabernae
1624 1703 1659 1728 sit
1678 1706 1845 1741 praepositus
1865 1708 1914 1739 (sc.

1073 1740 1205 1773 institor.)
1226 1750 1258 1766 1111
1278 1740 1385 1767 cuilibet
1405 1741 1448 1768 alii
1472 1745 1651 1779 negotiationi.
1678 1745 1707 1772 fr.
1727 1748 1751 1773 3.
1777 1747 1808 1774 de
1832 1749 1913 1775 instit.

1073 1787 1123 1809 act.
1144 1784 1184 1808 14.
1203 1784 1228 1808 3.
1249 1782 1305 1809 Gai.
1319 1783 1363 1810 IV.
1384 1786 1424 1810 71.
1462 1784 1491 1811 Si
1511 1785 1575 1812 duas
1596 1788 1717 1814 tabernas
1736 1790 1853 1817 eiusdem
1873 1802 1915 1818 ne-

1073 1826 1225 1861 gotiationis
1250 1827 1374 1852 exercuit.
1404 1826 1433 1854 sr.
1454 1830 1477 1854 5.
1506 1829 1590 1862 §.16.
1610 1830 1642 1857 cf.
1671 1831 1752 1864 315.
1773 1832 1805 1859 (18
1824 1834 1914 1861 tribut.

1073 1873 1122 1894 act.
1138 1869 1177 1894 14.
1196 1870 1220 1894 4.
1258 1868 1311 1904 Qui
1330 1872 1517 1897 transmarinas
1531 1874 1722 1909 negotiationes
1738 1892 1768 1895 —
1782 1882 1914 1904 exercent.

1073 1911 1104 1937 fr.
1123 1913 1162 1938 10.
1188 1911 1242 1946 Qui
1261 1916 1287 1937 et
1306 1922 1319 1938 a
1339 1922 1380 1949 qu.
1401 1923 1467 1940 man.
1487 1916 1528 1941 40.
1549 1916 1572 1941 9.
1611 1916 1745 1945 Societas.
1766 1928 1789 1944 v.
1810 1918 1914 1953 Socius,

1073 1953 1211 1985 bonorum,
1231 1955 1288 1981 sive
1307 1957 1492 1991 negotiationis
1512 1957 1631 1985 alicuius.
1651 1959 1682 1986 fr.
1695 1962 1719 1986 5.
1733 1971 1772 1998 pr.
1791 1971 1840 1998 pro
1860 1973 1912 1990 soc.

1073 1998 1114 2023 17.
1133 1998 1158 2022 2.
1183 1996 1213 2023 fr.
1233 1998 1275 2022 47.
1300 1998 1321 2031 3.
1342 2000 1365 2024 6.
1391 1999 1424 2025 de
1448 1999 1514 2027 adm.
1539 2006 1564 2027 et
1582 2003 1662 2038 peric.
1682 2004 1724 2029 26.
1746 2005 1767 2029 7.
1789 2004 1819 2030 cf.
1840 2005 1869 2031 11.
1889 2008 1913 2033 6.

1072 2039 1094 2072 3.
1108 2040 1131 2065 3.
1153 2038 1186 2065 de
1205 2039 1315 2066 edendo.
1330 2043 1354 2067 2.
1370 2043 1409 2068 13.
1447 2043 1481 2069 Et
1500 2045 1684 2080 negotiatione,
1702 2051 1727 2071 et
1739 2046 1912 2083 professione,

1073 2086 1099 2108 et
1123 2082 1353 2115 advocationibus.
1380 2090 1405 2111 et
1427 2085 1485 2112 foro
1505 2087 1679 2119 (interdicere
1698 2088 1848 2116 Praefectus
1866 2090 1912 2117 Vr.

1072 2126 1183 2162 potest.)
1202 2125 1233 2151 fr.
1255 2128 1277 2151 1.
1297 2126 1379 2159 §.1:3.
1400 2127 1432 2154 de
1452 2129 1495 2155 off.
1516 2128 1568 2156 Prf.
1590 2129 1634 2156 Vr.
1656 2133 1677 2157 l.
1700 2133 1738 2157 12.
1759 2132 1788 2158 fr.
1808 2133 1831 2158 6.
1851 2133 1872 2167 3
1889 2136 1911 2159 4.

1073 2168 1105 2194 de
1125 2168 1168 2194 off.
1188 2167 1370 2196 Praes.1.18.
1390 2170 1420 2196 fr.
1441 2173 1464 2197 9.
1485 2181 1523 2208 pr.
1544 2172 1580 2206 33.
1597 2174 1618 2198 1.
1633 2183 1672 2209 sq.
1692 2175 1714 2200 9.
1730 2184 1769 2210 sq.
1790 2175 1822 2201 de
1836 2186 1911 2212 poen.

1073 2212 1113 2237 48.
1131 2212 1171 2237 19.
1208 2210 1271 2237 Sive
1291 2212 1472 2250 principaliter
1491 2214 1541 2241 hoc
1560 2216 1692 2251 negotium
1710 2222 1790 2252 gerat.
1810 2220 1865 2244 sive
1878 2218 1911 2244 al-

1073 2255 1155 2280 terius
1174 2255 1360 2290 negotiationis
1379 2258 1531 2283 accessione
1551 2262 1644 2284 utatur.
1665 2258 1694 2285 fr.
1714 2262 1737 2285 4.
1757 2261 1778 2293 3.
1797 2262 1821 2286 2.
1842 2260 1873 2286 de
1887 2261 1910 2287 h.

1073 2307 1115 2333 qn.
1136 2302 1189 2323 not.
1210 2296 1255 2324 inf.
1275 2299 1299 2324 3.
1319 2301 1342 2324 2.

1107 2340 1349 2374 Negotiator,
1380 2342 1628 2375 Negotiatrix.
1673 2346 1752 2376 Qui,
1781 2355 1910 2378 quaere,

1071 2385 1331 2417 negotiationem
1349 2391 1484 2411 exercet.
1522 2385 1540 2411 1.
1555 2387 1616 2420 Sy.
1636 2386 1770 2412 Mercator.
1792 2387 1832 2413 Cf.
1847 2387 1871 2414 h.
1886 2399 1909 2414 v.

1071 2426 1093 2459 3.
1115 2427 1137 2451 1.
1174 2424 1325 2461 Negotians.
1351 2426 1400 2452 Th.
1421 2426 1452 2453 C.
1471 2427 1540 2454 Xlll.
1563 2430 1584 2454 1.
1610 2438 1630 2454 8.
1651 2430 1672 2454 l.
1697 2439 1754 2464 sqq.
1780 2429 1812 2455 de
1835 2429 1909 2458 lustr.

1072 2467 1159 2494 collat.
1196 2467 1301 2504 Negotii
1321 2469 1461 2496 exercendi
1479 2480 1556 2497 causa
1574 2471 1748 2507 praepositus.
1768 2471 1852 2499 11:155,
1872 2484 1909 2510 pr.

1072 2510 1105 2537 de
1123 2510 1199 2546 legat.
1219 2510 1261 2537 111.
1281 2512 1349 2544 (32.)
1386 2512 1429 2539 111.
1449 2514 1515 2541 Gn.
1540 2512 1722 2547 Negotiatores
1740 2512 1910 2548 frumentarii,

1072 2564 1093 2580 s.
1114 2555 1158 2590 qui
1177 2564 1304 2580 annonam
1323 2554 1395 2581 urbis
1409 2555 1540 2587 adiuvant,
1560 2556 1633 2587 (item
1649 2555 1821 2590 navicularii.)
1841 2558 1871 2585 11.
1885 2560 1908 2585 9.

1072 2597 1093 2630 3.
1115 2599 1137 2623 1.
1158 2596 1190 2622 de
1208 2601 1290 2623 vacat.
1311 2602 1336 2623 ct
1355 2608 1444 2624 excus.
1463 2601 1504 2624 50.
1524 2600 1546 2623 5.
1567 2597 1597 2623 fr.
1617 2599 1640 2623 5.
1660 2598 1682 2631 3.
1696 2599 1720 2624 3.
1740 2598 1772 2625 de
1790 2601 1846 2627 iure
1865 2602 1910 2628 im-

1072 2649 1142 2665 mun.
1161 2641 1202 2665 50.
1222 2640 1245 2666 6.
1286 2640 1391 2675 Quibus
1411 2641 1540 2666 mensuris
1560 2644 1603 2666 aut
1621 2641 1714 2676 pretiis
1733 2644 1909 2678 negotiatores

1073 2683 1131 2708 vina
1151 2688 1339 2719 compararent.
1359 2684 1389 2709 fr.
1410 2685 1449 2709 71.
1470 2682 1502 2709 de
1521 2687 1604 2708 contr.
1623 2688 1683 2710 emt.
1702 2685 1741 2710 18.
1762 2686 1784 2711 1.
1821 2685 1909 2712 Patro-

1072 2734 1146 2757 num,
1166 2739 1200 2744 —
1219 2727 1294 2761 quasi
1312 2726 1419 2752 illicitae
1438 2726 1532 2752 mercis
1551 2726 1751 2762 negotiatorem,
1771 2727 1907 2755 detulerat.

1073 2767 1102 2793 fr.
1124 2769 1146 2793 1.
1171 2767 1204 2794 de
1222 2768 1247 2794 h.
1273 2778 1314 2804 qu.
1340 2773 1368 2794 ut
1391 2768 1488 2804 indign.
1507 2770 1548 2795 34.
1569 2770 1592 2795 9.
1631 2768 1698 2796 Cum
1721 2773 1841 2797 tcstatrix
1867 2782 1907 2797 ne-

1073 2811 1194 2846 gotiatrix
1208 2810 1294 2837 suerit.
1314 2811 1344 2836 fr.
1357 2813 1398 2837 32.
1419 2811 1440 2844 3.
1455 2812 1478 2836 4.
1499 2810 1530 2837 de
1550 2821 1612 2838 auro
1631 2823 1682 2849 arg.
1696 2814 1737 2839 34.
1751 2816 1774 2839 2.
1795 2813 1906 2849 Corpus.

1410 2856 1442 2880 75
1453 2859 1465 2867 ‘⁹'
