2197 3121
1023 168 1119 200 CER.

207 257 264 282 174.
293 255 354 292 le.
374 253 456 281 XXII.
480 255 522 280 27.
564 252 644 288 Quod
668 262 708 278 mc
728 251 754 278 P.
776 250 862 278 Titius
886 255 1044 277 testamento

205 308 254 325 suo
268 297 393 324 heredem
413 298 534 328 instituit,
554 306 609 322 eam
627 295 799 322 hereditatem
818 286 1044 330 adeo‘ceruoquo.

205 340 262 367 Gai.
282 341 312 367 11.
334 342 391 367 166.
416 340 477 377 le.
496 338 580 366 XXII.
599 340 641 366 28.

242 384 457 411 Certamen.
495 383 526 416 §-
551 383 585 408 1.
624 382 841 415 Depugnatio
869 381 901 406 in
931 389 1044 411 arena,

204 428 253 453 vel
279 428 421 453 certatio
450 427 482 451 in
508 426 606 451 circo.
646 423 688 449 111.
713 424 778 451 011.
808 422 837 449 Si
863 423 922 458 quis
948 423 974 448 iu
994 421 1046 448 col-

205 468 360 496 luctatione.
388 467 429 494 vel
449 469 475 494 iu
493 467 643 504 pancratio.
666 466 708 492 vel
728 465 829 503 pugiles
849 465 910 491 (111111
929 466 998 491 inter
1017 475 1045 490 se

205 516 368 543 exercentur,
389 511 454 537 alius
474 510 552 536 alium
572 509 706 541 occiderit,
726 509 748 534 si
768 507 873 544 quidem
892 509 918 533 iu
936 507 1044 544 publico

205 555 345 580 certamine
365 559 414 580 etc.
434 553 463 580 fr.
479 555 501 579 7.
522 553 543 586 3.
564 554 587 579 4.
607 551 639 578 ad
658 550 688 577 L.
708 551 776 587 Aqu.
796 552 820 577 9.
839 552 864 577 2.
900 550 1045 576 Inciviliter

205 597 339 623 custodire
358 596 490 623 athletam.
511 600 536 621 et
556 606 568 621 a
588 594 773 621 certaminibus
787 593 936 631 prohibere.
957 593 986 620 fr.
1001 595 1043 619 23.

204 640 225 673 3.
245 642 269 666 2.
290 640 341 675 Qu.
361 644 421 665 met.
442 649 463 665 c.
483 639 507 664 4.
527 640 550 664 2.
572 638 602 664 [Γ.
622 639 646 664 6.
666 638 687 671 3
703 638 742 663 13.
763 636 795 663 de
815 641 942 663 excusatt.
962 638 1004 662 27.
1020 638 1042 662 l.

205 693 226 708 c.
242 684 264 708 l.
285 682 317 708 de
331 682 419 708 athlet.
442 684 481 707 10.
495 683 536 707 53.
573 681 601 707 In
621 690 741 706 scaenam
759 679 874 716 prodire.
895 695 927 698 —
947 679 975 705 In
991 690 1043 706 cer-

204 726 299 751 tamina
319 724 487 751 descendere.
520 724 549 750 [Γ.
569 726 593 750 2.
618 724 639 757 3.
659 725 682 749 5.
708 722 740 749 de
764 722 789 748 11.
814 732 857 758 qu.
882 727 936 748 not.
956 722 1042 748 infam.

203 770 227 794 3.
247 770 271 794 2.
309 767 402 804 ‘Neque
422 767 570 804 thymelici,
593 776 678 802 neque.
697 766 808 801 xystici,
833 775 918 801 neque.
938 766 1044 801 agitato-

203 820 260 842 res.
279 820 328 837 nec
348 811 392 847 qui
412 820 504 846 aquam
524 810 598 846 equis
617 813 754 846 spargunt,
780 813 934 844 caeteraque
954 818 1043 834 eorum

203 854 355 883 ministeria.
376 855 420 890 qui
440 851 624 879 certaminibus
644 852 726 877 sacris
740 849 900 877 deserviunt.
920 850 950 877 [Γ.
965 852 988 877 4.
1003 861 1042 888 pr.

203 896 235 922 de
259 896 284 922 h.
310 906 352 932 qu.
378 901 431 922 not.
457 895 542 922 infam.
567 896 591 920 3.
611 896 636 920 2.
679 893 865 920 Theatralibus
889 894 973 925 ludis,
1000 899 1043 920 aut

202 939 359 965 circensium
380 938 574 969 certaminibus,
594 942 637 963 aut
656 936 767 963 ferarum
781 937 903 963 cursibus
917 938 1043 970 (vacare).

203 981 253 1008 Th.
274 981 304 1008 C.
325 981 384 1007 XV.
403 984 426 1007 5.
448 991 469 1007 c.
488 983 512 1006 2.
532 991 571 1017 pr.
593 980 625 1006 de
644 980 787 1017 spectacul.
813 980 844 1006 cf.
864 980 894 1006 11.
914 981 938 1007 8.
959 990 980 1006 c.
999 982 1041 1006 20.

203 1035 224 1050 c.
244 1026 286 1050 23.
307 1023 410 1057 (W'ck.)
431 1023 463 1050 de
483 1023 564 1050 feriis.

203 1068 263 1093 ceri.
289 1067 319 1093 fr.
340 1069 380 1092 10.
401 1066 433 1093 de
453 1065 563 1103 pollicit.
584 1068 625 1093 50.
648 1068 687 1092 12.
708 1066 739 1092 ct'.
759 1066 790 1092 [Γ.
810 1068 851 1093 21.
871 1066 894 1100 3.
912 1067 936 1092 3.
956 1066 986 1092 sr.
1000 1068 1042 1092 24.

202 1109 235 1135 de
254 1119 311 1135 ann.
332 1109 407 1145 legat.
427 1111 468 1135 33.
493 1111 513 1135 Ι.

202 1153 344 1178 certamini.
370 1152 401 1178 fr.
424 1154 462 1178 10.
483 1151 499 1178 1.
520 1154 561 1178 50.
578 1154 618 1178 12.
639 1163 659 1178 c.
675 1154 696 1178 1.
717 1153 749 1179 (le
769 1163 876 1189 expens.
896 1152 980 1179 ludov.
1002 1155 1042 1178 ll.

550 1109 639 1135 Editio
659 1110 816 1136 certaminis.
837 1125 869 1128 —
890 1109 1043 1136 Praesidere

603 1023 743 1049 Certamen
767 1024 866 1060 patriae
885 1034 947 1049 suae
967 1023 1043 1060 polli-
1065 1040 1066 1049 1

1870 171 1931 201 133

1091 252 1186 278 verius.
1225 250 1305 277 Certe
1325 252 1346 277 si
1367 251 1430 288 qnid
1449 256 1497 278 etc.
1531 251 1561 277 [Γ.
1582 251 1605 277 6,
1631 251 1652 284 3.
1675 253 1712 277 12.
1740 250 1770 277 fr.
1790 252 1814 277 8.
1834 260 1873 287 pr.
1897 251 1930 276 de

1092 294 1123 320 N.
1145 294 1176 320 G.
1200 295 1224 320 3.
1245 295 1268 320 5.
1297 294 1328 320 [Γ.
1349 296 1371 320 1.
1397 295 1479 328 310.
1506 294 1538 321 de
1562 294 1606 320 off.
1631 293 1682 320 Prs.
1707 293 1753 320 Vr.
1780 295 1801 319 l.
1828 296 1867 320 12.
1897 309 1929 313 -

1091 338 1121 370 ᾖ.
1147 339 1182 364 2.
1219 339 1346 364 Saltem.
1384 337 1426 364 III.
1453 339 1518 365 Cn.
1551 336 1601 364 Yel
1626 338 1684 373 ipso
1704 338 1772 367 iure.
1798 336 1841 363 vel
1860 341 1930 363 certc

1090 379 1144 406 doli
1163 379 1224 406 mali
1244 381 1406 416 exceptione.
1437 379 1467 406 [Γ.
1487 381 1528 406 29.
1554 380 1575 414 3.
1598 381 1620 406 l.
1645 379 1677 406 de
1696 380 1818 405 eviction.
1843 380 1884 405 21.
1903 381 1929 406 2.

1090 422 1197 450 Statim.
1221 422 1264 448 vel
1289 427 1359 448 certe
1382 423 1450 448 intra
1474 433 1576 449 annum.
1611 422 1680 449 Coll.
1704 421 1756 448 LL.
1781 421 1814 448 )Ῑ.
1839 421 1884 448 XI.
1906 423 1928 447 7.

1090 464 1140 491 Yet
1159 466 1384 502 interpretatione.
1403 464 1446 491 vel
1466 470 1537 491 certe
1556 465 1738 492 iurisdictione
1751 464 1878 501 suppleri.
1898 464 1928 490 [Γ.

1090 509 1131 533 13.
1151 507 1182 534 cs.
1202 508 1233 534 [Γ.
1254 510 1293 534 ll.
1314 518 1353 544 sq.
1374 507 1406 534 (lc
1425 507 1477 534 LL.
1499 510 1521 534 1.
1541 510 1565 534 3.
1603 508 1670 534 Cum
1689 508 1839 544 gratuitam,
1859 512 1930 533 certe

1089 551 1215 586 integram
1239 555 1265 577 et
1289 550 1463 576 abstinentem
1488 552 1557 576 omni
1582 551 1670 582 luero,
1694 555 1827 587 praestare
1851 549 1930 575 fidem

1066 590 1067 596 ¹
1090 593 1224 619 deberent.
1254 593 1284 620 [Γ.
1304 594 1346 619 38.
1371 592 1404 619 de
1424 592 1456 619 N.
1477 593 1508 619 G.
1528 595 1551 620 3.
1572 595 1595 619 5.
1632 594 1717 619 Etiam
1737 593 1832 619 caeteri
1852 592 1929 619 edere

1089 635 1194 666 debent.
1215 641 1257 662 aut
1277 640 1347 662 certe
1367 636 1443 662 unius
1464 635 1573 662 editioni
1592 636 1767 662 subscribere.
1788 635 1818 662 [Γ.
1833 637 1856 661 6.
1871 635 1893 668 3.
1907 637 1928 660 l.

1088 678 1121 704 de
1141 678 1251 705 edendo.
1271 681 1295 704 2.
1316 680 1356 704 13.
1394 678 1469 705 Licet
1493 679 1586 715 capitis
1611 679 1789 705 deminutione
1808 679 1849 704 ius
1868 677 1929 713 legi-

1088 722 1178 747 timum
1198 721 1369 758 perdiderint,
1390 726 1460 747 certe
1480 722 1643 757 cognationis
1657 723 1712 747 iura
1726 722 1846 748 retinent.
1871 720 1929 747 Gai.

1087 764 1130 790 111.
1149 766 1191 790 27.
1212 780 1245 783 ——
1264 765 1295 797 §-
1316 766 1353 791 3.
1383 766 1490 790 Certo.
1521 765 1679 800 Desinite
1699 767 1794 791 modo.
1829 764 1848 790 I.
1867 764 1930 797 Sy.

1088 806 1259 832 Indubitabili
1283 808 1358 843 signo
1378 806 1603 840 (demonstrare).
1634 807 1663 833 [Γ.
1683 808 1706 833 9.
1732 807 1769 840 33
1789 808 1812 832 8.
1832 816 1871 842 sq.
1897 805 1929 832 de

1088 848 1176 875 hered.
1197 850 1258 875 inst.
1278 851 1320 875 28.
1340 852 1364 876 5.
1402 849 1444 875 111.
1465 852 1530 878 Cn.
1555 850 1623 876 Illud
1643 849 1749 887 quidem
1769 854 1846 876 certe.
1867 859 1929 885 quo-

1088 891 1221 928 quomodo
1241 902 1283 917 res
1303 902 1331 917 se
1345 892 1461 924 haberet,
1481 903 1539 919 cum
1554 892 1659 919 domino
1674 909 1706 912 —
1720 893 1760 928 agi
1774 902 1826 918 non
1842 901 1928 928 posse.

1064 935 1066 950 ἶ
1087 935 1117 961 [Γ.
1137 936 1179 961 52.
1200 935 1221 968 3.
1241 936 1265 960 2.
1285 935 1317 961 ad
1337 934 1366 961 L.
1386 935 1454 971 Aqu.
1475 938 1498 961 9.
1517 937 1542 961 2.

1126 978 1356 1005 Certim-are.
1395 979 1576 1005 Certiorem
1589 980 1707 1014 faeere
1726 980 1873 1012 aliquem.
1911 976 1928 1002 l.

1088 1022 1150 1055 Sy.
1182 1019 1348 1046 Manifestum
1372 1019 1465 1046 facere.
1499 1021 1528 1047 [Γ.
1549 1023 1572 1047 5.
1597 1022 1678 1054 331.
1699 1030 1738 1057 sq.
1763 1020 1795 1047 dc
1816 1020 1928 1047 condiet.

1088 1074 1109 1089 c.
1136 1063 1187 1089 dat.
1219 1065 1259 1089 12.
1284 1064 1315 1089 4.
1347 1061 1444 1089 Notum
1468 1064 1560 1090 facere.
1597 1063 1735 1090 Nunciare.
1768 1064 1799 1090 fr.
1822 1065 1864 1089 29.
1890 1073 1929 1100 pr.

1088 1107 1125 1140 33.
1143 1108 1168 1132 2.
1188 1116 1228 1143 sq.
1248 1105 1333 1132 mand.
1354 1107 1395 1132 17.
1411 1108 1433 1132 ].
1471 1106 1618 1133 Certiorem
1638 1106 1730 1133 faeere.
1756 1106 1812 1132 Gai.
1826 1106 1856 1132 11.
1871 1107 1929 1132 190.

1065 1150 1066 1153 ’
1088 1149 1117 1175 [Γ.
1138 1152 1162 1175 5.
1189 1150 1210 1183 3.
1231 1152 1255 1174 ὅ.
1281 1148 1408 1174 commod.
1437 1151 1478 1175 13.
1497 1151 1521 1176 6.
1551 1149 1580 1176 [Γ.
1606 1152 1628 1175 1.
1653 1150 1674 1183 3.
1697 1152 1718 1176 l.
1743 1149 1775 1176 de
1795 1149 1826 1175 A.
1846 1148 1876 1174 E.
1896 1147 1928 1174 1.

200 1238 218 1264 Ι.
239 1239 301 1272 Sy.
331 1237 425 1265 Causa.
455 1248 475 1264 c.
496 1239 519 1264 6.
540 1237 572 1263 de
592 1237 616 1263 h.
638 1248 680 1274 qu.
701 1243 727 1264 ut
748 1238 845 1274 indign.
865 1240 889 1265 6.
903 1241 945 1265 35.
982 1238 1043 1265 Dis·
1064 1247 1066 1272 ς

201 1282 327 1318 ceptatio‚
352 1280 406 1307 Lis.
436 1280 485 1306 Th.
507 1280 537 1307 C.
556 1280 590 1307 X.
616 1283 655 1307 10.
682 1292 702 1307 c.
723 1283 764 1308 27.
789 1282 826 1316 33.
852 1283 873 1307 l.
895 1292 934 1318 sq.
959 1283 982 1308 4.
1010 1281 1042 1307 de
1064 1279 1066 1310 J

200 1325 274 1361 petit.
300 1329 325 1350 et
351 1324 421 1350 ultro
442 1323 494 1350 dat.

201 1366 317 1404 implere,
339 1377 359 1393 c.
380 1369 403 1393 5.
423 1367 445 1400 3.
465 1368 489 1393 4.
510 1366 542 1393 de
561 1371 640 1403 temp.
661 1372 687 1393 et
705 1377 788 1404 repar.
809 1369 832 1393 Τ.
852 1369 893 1394 63.

237 1410 409 1437 feriare·
429 1411 460 1443 ᾖ.
475 1411 508 1436 1.
531 1411 744 1443 Conlendere,
764 1413 923 1446 Pugnare.
949 1410 967 1436 1.
979 1412 1041 1445 Sy.

199 1452 324 1478 Exerceri
344 1453 425 1485 (inter
444 1453 493 1485 se).
515 1452 545 1479 [Γ.
566 1455 588 1479 7.
610 1453 631 1487 3.
651 1455 675 1479 4.
696 1453 727 1479 ad
747 1452 776 1479 L.
796 1453 865 1489 Aqu.
886 1455 909 1480 9.
929 1455 953 1480 2.
991 1453 1042 1479 De-

199 1494 285 1521 sultor
304 1505 408 1521 currere
428 1496 453 1521 in
468 1497 550 1532 equis.
571 1496 601 1522 [Γ.
615 1499 639 1522 2.
654 1497 675 1530 3.
692 1498 713 1522 l.
734 1496 766 1522 de
780 1496 886 1522 aleator.
910 1497 948 1522 ll.
967 1498 989 1522 5.
1011 1496 1041 1522 [Γ.

198 1539 240 1563 20.
260 1547 299 1574 pr.
329 1537 361 1563 de
381 1548 496 1574 praescr.
516 1549 557 1565 vv.
580 1541 618 1565 19.
639 1541 662 1565 5.
692 1539 734 1565 111.
751 1540 816 1566 (ἾΙ.
837 1539 866 1565 Si
886 1540 944 1575 quis
960 1544 1041 1565 certet.

199 1579 282 1612 hasta,
293 1580 335 1606 vel
350 1580 403 1617 pilo
418 1581 546 1611 iaciendo.
560 1582 603 1608 vel
617 1582 755 1614 ‹turm—ndo.
769 1581 896 1611 saliendo.
908 1581 1040 1613 luctando.

199 1623 347 1659 pugnando.
368 1623 439 1660 quod
458 1625 564 1650 virtutis
584 1635 660 1651 cansa
680 1626 732 1651 fiat.
753 1625 783 1651 [Γ.
797 1628 821 1651 2.
836 1625 857 1658 3.
874 1627 896 1651 l.
917 1624 949 1651 (lc
966 1625 1040 1651 aleat.

201 1666 241 1691 ll.
261 1668 284 1691 5.
305 1666 336 1692 ct'.
357 1666 387 1692 [Γ.
406 1668 430 1692 3.
451 1667 473 1700 3.
486 1669 510 1693 3.
531 1667 563 1693 de
583 1669 658 1694 iniur.
681 1670 721 1694 47.
738 1670 777 1694 10.
806 1667 937 1699 Athletae,
958 1669 1041 1705 siper

201 1717 302 1735 onmem
322 1714 431 1735 aetatem
451 1715 567 1736 certasse
586 1727 618 1730 -
637 1711 791 1748 probentur.
813 1722 833 1737 c.
856 1713 876 1737 l.
898 1710 930 1737 de
950 1711 1039 1737 athlet.

202 1752 242 1776 10.
261 1753 301 1778 53.
338 1752 454 1778 Praemia
474 1754 636 1780 certantium,
657 1754 686 1780 [Γ.
704 1757 743 1781 10.
765 1754 797 1780 de
813 1753 924 1790 pollicit.
945 1756 1038 1780 50.12.

874 1796 924 1822 Th.
945 1796 975 1822 C.
994 1796 1039 1822 XI.

201 1793 371 1820 Certantibus
395 1795 490 1821 studiis
515 1796 664 1822 devotionis
689 1797 835 1823 exsolvant.

201 1838 223 1862 7.
245 1838 317 1863 ι·.11.
338 1837 369 1863 (1(·
384 1839 512 1864 exaction.
533 1855 565 1858 —
585 1840 615 1872 ᾖ.
633 1841 667 1865 2.
689 1841 897 1873 Diseeptare,
922 1841 1040 1865 strim-

201 1890 257 1914 qtce
276 1886 430 1906 tractare.
468 1880 486 1906 I.
505 1882 566 1915 Sy.
592 1883 738 1916 Quaerere.
758 1882 872 1918 Agit-are.
894 1881 971 1907 Varie
991 1887 1040 1907 tra-

200 1927 277 1948 ctare.
311 1934 331 1948 c.
352 1926 392 1949 225.
418 1923 439 1956 3.
463 1925 482 1949 l.
508 1934 529 1949 c.
549 1925 591 1949 24.
616 1924 648 1950 de
673 1924 747 1960 legat.
772 1926 796 1950 6.
816 1926 857 1951 37.
904 1924 946 1950 111.
974 1926 1039 1952 (711.

199 1965 280 2000 Quod
300 1970 426 1991 certatum
446 1971 486 1991 est
506 1966 575 2002 apud
595 1972 706 1993 veteres.
727 1977 775 1992 nos
795 1967 948 1993 decidimus.
974 1978 995 1994 c.
1015 1970 1038 1994 3.

199 2007 231 2034 de
250 2008 339 2045 posth.
359 2008 447 2035 hered.
473 2010 496 2034 6.
516 2012 557 2035 29.
595 2009 758 2035 l'raeiudicio
783 2015 889 2036 certare.
924 2010 953 2036 fr.
974 2012 997 2037 5.
1017 2011 1038 2044 3

199 2053 239 2077 18.
265 2051 297 2077 de
321 2061 425 2087 agnose.
451 2057 476 2078 et
495 2051 579 2078 alend.
604 2054 645 2078 25.
665 2054 688 2078 3.
726 2052 799 2089 lpse.
826 2052 858 2079 dc
882 2055 956 2079 cuins
981 2064 1040 2090 pro-

199 2095 309 2131 prietate
329 2099 450 2120 certatur.
480 2094 529 2121 Th.
551 2094 581 2121 C.
603 2094 633 2121 V.
656 2097 695 2122 10.
716 2106 736 2121 c.
754 2098 775 2122 l.
790 2096 811 2129 3.
826 2098 850 2122 2.
870 2095 902 2122 (le
917 2096 1038 2132 inquilin.

199 2141 225 2162 et
243 2137 328 2163 colon.

235 2180 431 2207 Certafiln.
447 2180 558 2212 (Advh.)
580 2182 653 2207 Cum
675 2184 899 2208 aemulatione.
918 2182 959 2208 111.
973 2184 1038 2209 Cn.

201 2221 299 2249 Omnes
325 2224 442 2249 certatim
468 2223 532 2249 saeta
557 2234 694 2260 operarum
720 2224 861 2250 collatione
880 2225 977 2251 instare
997 2225 1039 2251 de-

200 2264 264 2290 bent
283 2270 330 2291 etc.
360 2266 396 2292 lb.
416 2266 474 2292 Ml
498 2268 518 2292 l.
540 2277 560 2292 e.
575 2268 615 2292 23.
638 2266 669 2292 dc
689 2277 749 2304 opp.
770 2267 831 2304 pub.
851 2267 909 2294 XV.
929 2270 953 2294 3.
975 2278 995 2294 c.
1014 2270 1037 2294 4.

200 2306 233 2332 de
254 2308 308 2333 itin.
323 2318 391 2334 mun.
429 2309 640 2346 Dispositionem
654 2326 686 2328 —
701 2311 818 2336 certatim
832 2310 911 2336 debet.
924 2312 1038 2337 omnium

199 2351 353 2386 praevenire
372 2351 486 2378 devotio.
525 2352 591 2378 Νῦν.
613 2352 714 2378 talem.
736 2352 777 2379 111.
803 2352 834 2379 (1(-
855 2355 932 2379 tiron.
959 2353 988 2380 11.
1014 2355 1037 2380 (i.

201 2402 221 2418 c.
242 2395 265 2418 2.
287 2403 325 2429 pr.

237 2436 417 2462 Certatio.
455 2440 556 2465 Actus
579 2441 741 2470 certandi,
771 2440 952 2466 Cuntentio.
994 2439 1037 2465 III.

202 2479 267 2505 (ἠ.
305 2478 384 2513 Quod
404 2489 496 2506 nomen
517 2484 564 2511 (sc.
579 2483 808 2518 praevaricatoris)
828 2481 916 2508 Labeo
937 2493 949 2507 a
968 2484 1038 2508 varia

202 2522 345 2547 certatione
365 2527 474 2548 tvm-tum
493 2525 535 2550 ait.
555 2524 585 2550 fr.
607 2526 623 2550 1.
639 2525 659 2558 3.
672 2526 695 2550 4.
716 2525 748 2551 de
768 2525 792 2550 h.
813 2535 855 2561 qn.
876 2530 929 2551 not.
950 2525 1036 2552 infam.

199 2566 223 2590 3.
244 2568 266 2590 2.
288 2564 317 2590 [Γ.
340 2566 360 2590 l.
381 2575 419 2601 pr.
441 2564 472 2590 de
491 2569 659 2601 praevaricat.
679 2570 720 2593 47.
743 2570 781 2593 15.

239 2608 361 2634 ferte·
398 2607 519 2640 (Advb.)
556 2610 586 2641 ξ.
612 2612 646 2636 l.

201 2650 242 2676 111.
265 2651 328 2677 Cn.
359 2650 438 2675 Certe
453 2660 503 2675 nou
524 2650 657 2679 dubitatur
676 2658 724 2679 etc.

201 2692 394 2729 quodammodo
419 2698 480 2719 sunt
504 2698 671 2726 testamenta,
695 2712 728 2715 —
747 2701 791 2722 aut
810 2702 879 2723 certe
899 2707 978 2723 nuum
998 2702 1038 2723 est

201 2740 384 2761 testamentum
409 2735 516 2762 duarum
541 2736 721 2765 hereditatum.
750 2739 786 2765 lb.
805 2739 835 2765 Il.
861 2741 918 2766 180.
956 2740 1038 2766 Femi-

201 2788 249 2804 nae
272 2783 342 2804 certe
361 2778 494 2814 adgnatae,
515 2790 580 2815 quae
599 2783 851 2816 consanguineorum
869 2783 975 2819 gradun]
996 2794 1038 2810 ex·
1058 2794 1060 2823 ἶ

202 2821 306 2853 cedunt,
328 2822 403 2848 tertio
423 2821 503 2857 gradu
522 2827 655 2849 vocantur.
676 2823 713 2850 lb.
733 2824 774 2851 111.
794 2827 835 2852 29.
874 2826 953 2862 Quod
973 2831 1036 2863 puto

536 1323 578 1349 III.
605 1325 670 1351 Cn.
704 1325 799 1351 Omnia
823 1324 877 1351 litis
902 1326 1042 1351 certamina
1064 1335 1066 1343 ¹

1062 1834 1063 1851 ;
1086 1839 1137 1864 tius
1158 1842 1205 1864 est.
1236 1836 1266 1862 [Γ.
1288 1838 1327 1862 17,
1347 1846 1386 1873 pr.
1412 1836 1444 1862 de
1462 1841 1564 1862 testam.
1584 1841 1632 1862 tut.
1656 1837 1697 1862 26.
1717 1838 1740 1862 2.

200 1197 245 1222 41.
273 1211 305 1214 -
335 1195 365 1228 ξ.
386 1197 421 1222 2.
452 1196 710 1222 Controrersiae
732 1198 941 1230 disceptatio.
977 1197 1041 1222 Lis.
1064 1197 1066 1236 ᾗ
1090 1194 1128 1218 19.
1150 1194 1175 1218 1.
1195 1192 1225 1218 [Γ.
1249 1194 1270 1218 l.
1290 1192 1311 1226 3.
1334 1194 1355 1218 l.
1376 1191 1408 1218 de
1427 1191 1493 1218 Aed.
1514 1192 1590 1218 edict.
1610 1194 1651 1218 21.
1673 1194 1695 1218 1.
1732 1192 1774 1218 111.
1794 1193 1860 1219 Cn·
1888 1190 1929 1217 Li-

1089 1241 1128 1261 cet
1150 1235 1183 1261 ad.
1202 1234 1278 1261 aliam
1297 1245 1351 1261 rem
1366 1236 1419 1261 sint
1436 1236 1527 1271 rogati.
1548 1235 1589 1261 vel
1604 1235 1716 1262 collecti.
1736 1236 1758 1261 si
1772 1240 1857 1260 tamen
1871 1239 1930 1260 aute

1088 1279 1267 1305 testimonium
1287 1278 1470 1304 certioremur.
1491 1278 1522 1304 ad
1543 1283 1727 1304 testamentum
1746 1288 1774 1304 se
1788 1277 1927 1303 adhibitos.

1088 1322 1118 1348 [Γ.
1137 1323 1179 1348 21.
1199 1322 1221 1355 3.
1241 1323 1265 1347 2.
1286 1320 1337 1356 Qu.
1358 1325 1459 1346 testam.
1480 1321 1527 1347 sac.
1547 1331 1572 1358 p.
1592 1324 1634 1347 28.
1654 1323 1676 1347 1.
1714 1320 1752 1353 Is,
1773 1322 1817 1357 qui
1837 1320 1929 1351 nescit,

1088 1370 1137 1391 etc.
1158 1381 1190 1384 -—
1211 1363 1265 1390 Sed
1285 1364 1329 1390 ubi
1349 1365 1505 1390 certioratus
1524 1365 1619 1390 retinet
1639 1369 1687 1390 etc.
1716 1364 1747 1390 [Γ.
1766 1366 1791 1390 3.
1811 1363 1833 1397 3.
1853 1364 1877 1389 6.
1897 1362 1930 1388 dc

1088 1408 1156 1434 hom.
1177 1407 1222 1434 lib.
1243 1406 1331 1433 exhib.
1351 1409 1392 1433 43.
1406 1409 1448 1433 29.
1486 1406 1515 1433 Si
1529 1408 1690 1444 poenituerit
1710 1417 1767 1433 eum
1788 1407 1833 1442 qni
1852 1405 1929 1432 tradi-

1088 1451 1168 1477 derit.
1193 1455 1219 1476 et
1238 1460 1319 1486 super
1338 1449 1389 1476 hoc
1409 1460 1467 1476 emn
1492 1451 1679 1477 cestim-averit.
1711 1449 1742 1476 [Γ.
1762 1452 1786 1476 5.
1806 1450 1827 1483 3.
1850 1451 1872 1474 l.
1897 1447 1929 1474 de

1088 1494 1201 1520 condiet.
1222 1503 1292 1519 caus.
1314 1492 1366 1519 dat.
1393 1495 1432 1519 12.
1452 1494 1476 1519 4.
1519 1493 1566 1519 Sin
1591 1498 1677 1519 autem
1701 1503 1748 1519 nec
1773 1493 1929 1519 certioratus

1087 1542 1127 1563 cst
1147 1536 1270 1563 dominus
1291 1547 1305 1562 a
1324 1546 1415 1568 servo,
1436 1552 1468 1555 -
1488 1537 1539 1562 nisi
1559 1537 1581 1562 si
1600 1537 1675 1572 fingit
1694 1536 1874 1571 ignorantiam.
1898 1534 1928 1560 [Γ.

1088 1582 1110 1606 l.
1130 1580 1152 1614 3.
1172 1582 1196 1605 4.
1217 1580 1239 1605 si
1260 1589 1302 1615 qu.
1323 1589 1373 1605 om.
1395 1589 1464 1605 caus.
1487 1584 1586 1605 testam.
1610 1581 1651 1606 29.
1672 1580 1702 1612 4.,
1734 1579 1788 1614 Qui
1807 1578 1928 1608 sortasse,

1063 1635 1064 1638 ¹
1086 1624 1108 1649 si
1128 1623 1179 1649 hoc
1198 1623 1382 1657 cognovisset,
1403 1637 1435 1641 —-
1455 1623 1563 1648 minoris
1584 1627 1699 1649 emturns
1724 1626 1807 1653 esset,
1833 1622 1855 1647 si
1875 1630 1928 1646 eer-

1726 1665 1757 1691 de
1785 1664 1816 1691 A.
1841 1664 1871 1690 E.
1895 1662 1927 1689 V.

1086 1667 1197 1692 tioratus
1226 1666 1258 1691 de
1282 1665 1342 1692 loco
1367 1670 1439 1691 certo
1466 1665 1568 1692 suisset.
1600 1665 1630 1692 [Γ.
1654 1667 1696 1692 39.

1086 1711 1126 1735 19.
1148 1711 1170 1735 l.

1122 1753 1268 1779 Certus.
1300 1751 1438 1784 (Adice-t.)
1476 1751 1506 1783 §-
1527 1752 1561 1776 1.
1590 1753 1809 1784 Exploratus,
1830 1751 1926 1777 Inda-

1084 1797 1224 1826 bitatus‚
1258 1796 1393 1820 Firmus.
1437 1792 1454 1819 I.
1477 1796 1538 1827 Sy.
1568 1792 1655 1819 Palam
1680 1798 1728 1819 est.
1766 1793 1848 1819 Certo
1874 1802 1927 1818 cer-

1771 1836 1800 1862 [Γ.
1821 1837 1863 1862 38.
1888 1835 1926 1869 33.

1084 1882 1108 1906 3.
1129 1882 1152 1906 5.
1177 1880 1208 1906 (1(-
1228 1879 1259 1905 V.
1282 1880 1314 1905 O.
1340 1881 1381 1905 45.
1404 1881 1425 1905 l.
1462 1878 1654 1911 Indubitatum.
1685 1879 1802 1905 Certum.
1832 1878 1863 1904 [Γ.
1885 1880 1926 1904 18.

1085 1934 1124 1960 sq.
1146 1923 1178 1949 de
1198 1924 1223 1949 111
1249 1924 1289 1948 ius
1308 1932 1365 1948 voc.
1392 1925 1415 1948 2.
1436 1923 1460 1948 4.
1490 1922 1519 1948 [Γ.
1542 1924 1564 1948 l.
1590 1922 1611 1955 3.
1631 1925 1655 1948 8.
1681 1932 1714 1948 ne
1739 1932 1781 1958 qu.
1808 1923 1834 1948 in
1854 1921 1925 1947 ssum.

1062 1983 1063 1988 .
1084 1966 1147 2003 pub.
1167 1968 1208 1992 43.
1229 1967 1269 1991 13.
1306 1964 1435 1995 finitum,
1455 1964 1564 1991 Certum
1584 1966 1659 1997 (ius).
1686 1965 1716 1991 [Γ.
1736 1968 1759 1991 2.
1781 1964 1812 1991 de
1831 1966 1879 1990 iur.
1900 1969 1926 1990 et:

1058 2773 1060 2786 1

1060 2589 1061 2598 ,
1085 2570 1106 2594 l.
1128 2568 1160 2594 de
1180 2569 1212 2594 O.
1233 2568 1250 2594 1.
1273 2570 1294 2594 1.
1309 2570 1332 2594 2.

684 2612 840 2646 Profecto
854 2632 860 2641 ,
893 2613 1037 2638 Scilicet.
1060 2602 1061 2624 l
1083 2621 1137 2637 rem
1157 2611 1327 2643 decrevisse).
1348 2611 1377 2638 [Γ.
1393 2613 1432 2637 10.
1447 2611 1468 2645 3
1485 2613 1507 2637 l.
1527 2611 1548 2636 si
1569 2619 1609 2645 qu.
1631 2613 1708 2634 cantt.
1727 2610 1752 2633 2.
1773 2609 1812 2634 ll.
1832 2607 1862 2634 [Γ.
1877 2609 1918 2634 49.

754 2654 810 2679 Gai.
825 2653 866 2680 111.
883 2656 940 2680 193.
977 2655 1037 2681 Duo
1059 2680 1060 2686 .

1082 2697 1125 2723 Ius
1146 2698 1321 2723 certissimum
1341 2702 1388 2723 est.
1427 2695 1575 2722 Certissimi
1595 2695 1658 2720 iuris
1679 2699 1726 2720 est.
1751 2705 1772 2720 c.
1792 2696 1816 2720 2.
1841 2694 1872 2720 de
1891 2695 1917 2720 in

1086 2010 1143 2035 saa-t.
1164 2010 1247 2045 ignor.
1267 2010 1309 2034 22.
1329 2009 1353 2034 G.
1391 2008 1420 2034 Il.
1441 2010 1508 2042 Op.
1536 2008 1636 2034 Incerta
1656 2009 1754 2045 opinio.
1775 2024 1807 2027 —-
1831 2007 1925 2034 Consi-

1073 2045 1149 2078 *lium
1169 2057 1276 2078 certum.
1310 2050 1366 2077 Gai.
1390 2051 1422 2078 ll.
1447 2054 1505 2078 235.
1534 2050 1595 2088 Ylp.
1615 2051 1698 2077 XXII.
1718 2053 1741 2077 4.
1779 2051 1872 2083 Certa,
1892 2065 1925 2069 —

1085 2095 1172 2121 Dubia
1199 2094 1352 2127 (libertas).
1379 2094 1409 2120 [Γ.
1429 2095 1470 2120 24.
1495 2094 1516 2127 3.
1537 2096 1560 2120 4.
1589 2094 1622 2121 de
1646 2094 1748 2120 liberali
1772 2105 1792 2120 c.
1821 2095 1862 2120 40.
1884 2095 1923 2119 12.

1062 2136 1063 2139 ¹
1085 2139 1257 2173 Quaestionis
1278 2142 1325 2163 est.
1346 2153 1378 2156 —-
1399 2138 1507 2164 Certum
1528 2142 1575 2163 est.
1605 2137 1634 2163 [Γ.
1657 2139 1712 2164 164.
1733 2147 1772 2174 pr.
1793 2137 1824 2163 de
1844 2136 1875 2163 V.
1896 2135 1922 2162 S.

1084 2184 1124 2207 50,
1152 2183 1190 2207 16.
1227 2180 1257 2207 cf.
1283 2180 1312 2206 [Γ.
1331 2182 1356 2206 3.
1382 2181 1403 2214 3.
1429 2182 1451 2206 7.
1477 2180 1509 2206 de
1533 2180 1601 2206 hom.
1627 2180 1672 2206 lib.
1698 2180 1784 2207 exhib.
1816 2181 1856 2205 43.
1881 2180 1922 2204 29.

1084 2224 1125 2250 111.
1148 2226 1213 2251 Cn.
1246 2223 1299 2249 Res
1325 2228 1394 2249 certa
1421 2228 1446 2249 et
1464 2223 1617 2249 indubitata.
1647 2223 1676 2250 [Γ.
1698 2226 1720 2250 l.
1745 2223 1776 2250 dc
1801 2225 1922 2249 transact.

1083 2270 1107 2293 2.
1129 2269 1167 2293 15.
1204 2267 1233 2292 ln
1252 2277 1280 2293 re
1300 2267 1377 2293 dubia
1398 2268 1495 2293 certius
1515 2271 1541 2292 et
1559 2266 1705 2293 modestius
1725 2271 1773 2297 est,
1794 2282 1825 2285 —
1845 2264 1922 2290 absti-

1082 2320 1153 2336 nere.
1174 2310 1203 2336 [Γ.
1226 2311 1264 2336 14.
1285 2310 1307 2343 3.
1321 2312 1344 2336 3.
1366 2310 1398 2336 de
1416 2309 1447 2336 11.
1468 2309 1500 2336 N.
1519 2311 1561 2335 23.
1575 2312 1598 2336 2.
1637 2309 1705 2336 tera
1719 2314 1745 2335 et
1758 2313 1826 2335 certa
1840 2307 1922 2333 scien-

1084 2354 1117 2379 tia
1138 2354 1228 2390 perlici
1242 2363 1330 2390 posse.
1351 2353 1380 2379 [Γ.
1394 2354 1433 2379 76.
1454 2352 1486 2378 (le
1499 2351 1530 2379 R.
1546 2352 1563 2378 1.
1584 2355 1625 2379 50.
1639 2355 1678 2379 17.
1709 2354 1782 2387 Quae
1795 2352 1922 2386 interpre-

1084 2398 1208 2422 tationem
1227 2401 1324 2422 certam
1344 2406 1448 2433 semper
1467 2395 1621 2422 habuerunt.
1642 2395 1670 2421 [Γ.
1685 2397 1726 2420 23.
1741 2394 1773 2420 de
1786 2393 1838 2419 LL.
1860 2394 1882 2418 1.
1895 2393 1920 2419 3.

1083 2440 1173 2476 anue
1194 2442 1247 2473 (sc.
1269 2439 1465 2471 controversia)
1485 2439 1661 2464 transactione
1681 2438 1754 2468 sacta.
1775 2440 1844 2463 certa
1863 2435 1920 2472 lege

1084 2483 1156 2508 finita
1177 2487 1224 2509 est.
1244 2482 1274 2508 [Γ.
1296 2484 1336 2508 14.
1356 2482 1388 2508 ‹le
1407 2486 1530 2508 transact.
1549 2484 1572 2508 2.
1589 2483 1628 2507 15.
1657 2479 1774 2516 Populus
1793 2479 1850 2505 sine
1863 2478 1920 2515 lege

1084 2530 1166 2557 certa,
1187 2527 1243 2551 sine
1264 2526 1318 2551 iure
1339 2530 1410 2551 certo
1430 2527 1543 2562 primum
1563 2534 1637 2559 agere
1656 2523 1777 2548 instituit.
1802 2521 1832 2548 fr.
1851 2523 1876 2548 2.
1896 2522 1919 2555 3.

1372 2568 1452 2595 Certo
1472 2569 1527 2594 iure
1547 2568 1649 2595 utimur.
1670 2567 1708 2598 (et
1727 2566 1761 2591 ita
1780 2564 1920 2602 Imperato—

1082 2664 1121 2691 pr.
1142 2654 1174 2680 de
1194 2654 1269 2690 legat.
1290 2653 1308 2680 1.
1330 2654 1396 2687 (30.)
1418 2654 1447 2680 [Γ.
1470 2655 1491 2679 l,
1511 2653 1532 2685 3.
1553 2654 1576 2677 5.
1597 2651 1628 2677 de
1648 2651 1692 2677 lib.
1707 2651 1800 2683 exhib.
1820 2654 1861 2677 43.
1875 2652 1917 2677 30.

1082 2741 1122 2766 ius
1142 2749 1199 2766 voc.
1219 2742 1242 2766 2.
1262 2742 1286 2766 2.
1307 2751 1327 2766 c.
1348 2743 1371 2766 2.
1392 2739 1424 2765 de
1444 2738 1555 2765 condiet.
1576 2747 1608 2764 ex
1627 2748 1648 2764 c.
1668 2737 1728 2764 furt.
1749 2739 1773 2764 4.
1792 2740 1816 2763 8.
1846 2738 1917 2772 Quo-

1081 2784 1149 2809 tiens
1169 2783 1277 2809 evidens
1297 2794 1338 2809 res
1360 2787 1412 2809 est.
1438 2786 1466 2807 ut
1490 2785 1588 2807 certum
1608 2782 1642 2807 sit
1661 2785 1709 2807 etc.
1736 2780 1765 2806 [Γ.
1787 2782 1827 2806 14.
1851 2780 1914 2813 3.1.

1082 2831 1109 2852 ut
1128 2826 1203 2863 legat.
1225 2836 1291 2852 serv.
1313 2836 1333 2851 c.
1353 2826 1394 2852 36.
1414 2826 1438 2850 3.
1460 2823 1491 2850 cf.
1511 2823 1541 2850 [Γ.
1563 2825 1601 2849 12.
1622 2824 1643 2857 3.
1666 2825 1686 2849 l.
1707 2823 1739 2850 de
1759 2823 1832 2850 distr.
1846 2824 1914 2859 pign.
