2197 3121
941 155 1011 186 OSI
1022 174 1054 180 —
1068 155 1156 187 OVI.

189 243 246 277 gio
266 242 550 275 septentrionalis,
571 240 658 273 (cuius
672 243 749 276 caput
762 237 883 270 Edessa.)
909 237 951 264 III.
964 238 1029 265 Gn.

192 283 242 310 Per
261 284 410 321 provincias
430 282 652 319 Mesopotamiam,
673 281 848 313 Osdroenam,
867 280 1029 317 Euphraten-

193 337 255 359 sem,
276 327 379 362 Syriam
398 325 538 352 secundam
554 330 602 351 etc.
624 335 644 351 c.
660 326 698 350 10.
719 324 751 351 de
770 323 843 350 aedif.
864 324 929 360 priv.
950 324 973 349 S.
989 325 1027 349 10.

192 370 224 396 cf.
245 380 266 396 c.
286 371 309 395 8.
330 369 362 396 de
381 368 452 395 fund.
472 369 573 405 patrini.
596 370 634 394 11.
654 369 694 393 60,
725 378 744 393 c.
767 369 806 392 10.
831 365 863 392 de
887 365 938 391 div.
959 365 1027 392 offic.

193 414 232 438 12.
254 414 295 439 60.
332 411 382 438 Per
400 412 535 437 Orientem
554 412 713 447 provinciae.
728 426 759 429 --
775 409 891 445 exceptis
906 408 1028 434 Osroene

192 460 218 481 et
237 455 341 481 Isauria.
368 454 418 480 Th.
438 453 469 480 C.
488 453 543 480 YIl.
563 455 586 480 6.
612 464 632 480 c.
652 455 675 479 3.
701 452 734 479 (10
759 451 833 478 milit.
856 455 938 476 veste.
979 450 1029 476 Per
1049 473 1050 476 ,

192 497 411 529 Οεᾶνοὲη3ιῐ1,-·
431 496 584 522 Acdesenae
604 495 647 529 [al.
662 494 801 527 Aedesiae]
822 494 907 520 euriae
927 493 1028 519 tradere
1049 513 1051 516 .

192 540 336 577 obsequiis.
357 539 406 566 Th.
427 538 457 565 C.
476 538 533 565 XII.
555 541 576 565 1.
597 549 617 565 c.
638 540 678 565 79.
699 549 719 564 c.
740 539 797 563 105.
818 536 850 562 (10
869 536 1002 562 decurion.

227 583 388 610 Osidius.

193 625 307 662 quidam,
321 641 353 644 —
367 625 448 651 actori
463 634 510 651 suo
525 624 656 651 Antiocho
670 623 728 649 data
741 622 862 649 libertate
876 627 924 648 etc.
944 622 973 648 sr.
987 623 1027 648 97.

192 668 225 695 de
244 667 319 704 legat.
340 667 382 694 III.
403 668 471 700 (32.)

225 712 447 744 ospratura.
486 712 572 737 Cura
596 711 806 736 minutiorum
821 710 961 744 frugum
980 718 1027 734 ve-

191 756 328 785 nalium,
346 755 542 787 praesertim
563 754 765 788 leguminum.
803 751 844 777 Ill.
860 752 925 778 οη.
945 750 1029 776 Ε10111-

190 797 264 833 poria
284 801 309 822 et
328 801 465 833 ospratura
486 795 529 829 [al.
549 795 723 832 hospitatura]
747 793 815 831 apud
835 792 1028 819 Alexandrinos

191 840 342 876 patrimonIi
365 849 459 865 munus
484 839 654 865 existimatur.
679 837 709 864 fr.
730 838 770 864 18.
794 837 815 870 §.
837 838 876 862 19.
902 836 935 862 de
959 846 1027 862 mun.

191 886 218 908 et
236 881 295 908 11011.
316 883 356 907 50.
376 883 399 908 4.

224 925 458 951 ossuarium.
487 925 629 950 Locnlns
648 925 688 949 ad
705 924 865 949 servanda
885 932 957 948 ossa
975 924 1028 948 Ιιο-
1050 948 1051 958 ¹

191 969 288 994 minis
311 969 440 993 mortni.
476 965 517 992 ΠΙ.
539 967 604 993 Gn.
630 964 674 991 Sic
699 975 757 991 csse
780 966 941 991 monumenti
961 967 1029 997 (sta·
1049 962 1051 992 1

190 1010 292 1042 1113111.)
312 1015 340 1036 ut
359 1010 504 1036 ossuarium
525 1008 573 1042 [al.
592 1009 749 1040 ossum-iam,
769 1018 789 1035 s.
809 1008 934 1041 ossaria.]
955 1007 984 1034 fr.
1004 1011 1028 1034 2.
1049 1015 1051 1041 J.

191 1052 223 1079 de
243 1052 342 1090 sepulc.
362 1052 423 1087 viol.
442 1053 483 1077 47.
505 1053 544 1077 12.

225 1096 446 1122 ostendere.
482 1095 514 1128 ᾖ.
533 1095 568 1120 1.
589 1096 789 1126 monstrare,
810 1096 1027 1130 Significnre.
1049 1098 1051 1118 ’1

191 1138 208 1164 l.
229 1139 291 1172 Sy.
311 1138 507 1169 Demonstrare,
527 1136 680 1163 Monstmre.
710 1136 751 1163 Cf.
771 1136 795 1162 11.
815 1147 856 1162 vv.
894 1137 1028 1174 Adparere

189 1181 318 1218 (pubes.)
348 1180 407 1206 Ost.
428 1179 624 1216 (pubertatem.)
645 1179 701 1205 Gai.
722 1179 738 1205 1.
760 1181 817 1205 196.
842 1179 903 1217 le.
923 1180 967 1206 XI.
985 1182 1027 1207 28.

190 1223 232 1249 ΠΙ.
253 1224 318 1250 Cn.
346 1221 451 1248 Nudare
477 1224 608 1259 (corpus)
637 1227 661 1248 et
686 1222 750 1248 solis
776 1222 856 1248 radiis
880 1223 1027 1249 ostendere.
1048 1234 1050 1241 ⁴

189 1265 261 1292 Paul.
281 1265 299 1291 l.
318 1267 360 1291 21.
386 1265 408 1298 ξ.
428 1267 452 1291 4,
496 1265 602 1300 Quodsi
626 1275 668 1291 res
694 1270 816 1291 ostensae
839 1270 913 1293 sunt.
938 1270 964 1292 et
990 1267 1027 1292 sic
1048 1279 1049 1292 ι

190 1308 331 1345 depositae.
363 1307 392 1334 fr.
415 1309 436 1333 1.
462 1308 483 1341 §.
504 1309 545 1334 41.
570 1307 661 1345 depos.
688 1309 725 1333 16.
745 1309 768 1333 3.
806 1307 918 1334 Yirtutis
942 1313 1028 1334 osten-
1048 1310 1050 1329 1

190 1350 290 1377 dendae
309 1360 394 1377 031153.
415 1351 472 1376 51110
490 1350 619 1381 mercede,
639 1351 730 1377 facere.
753 1351 782 1377 fr.
806 1353 826 1377 l.
846 1351 866 1385 ξ.
887 1353 911 1377 6.
932 1351 964 1377 (10
983 1362 1028 1388 po-

190 1393 250 1420 stul.
269 1395 294 1419 3.
316 1395 337 1419 l.
376 1393 460 1428 Quasi
479 1393 679 1425 commodatam,
698 1393 855 1420 ostendendi
874 1395 969 1430 gratia,
989 1405 1028 1421 ac-
1048 1415 1049 1420 .

189 1437 278 1473 cipere
295 1437 441 1473 pecuniam.
460 1435 490 1462 fr.
512 1437 552 1462 18.
572 1436 593 1469 §.
616 1439 636 1462 1.
657 1436 689 1463 (10
708 1436 738 1463 R.
759 1436 789 1463 C.
811 1439 849 1463 12.
871 1439 893 1463 1.
918 1436 1028 1474 Proprie

189 1480 294 1505 nomine
312 1488 355 1505 res
379 1478 540 1516 adpnIIetur,
563 1489 595 1505 311
614 1478 695 1515 digito
715 1479 876 1506 ostendatur.
900 1480 929 1506 sr.
950 1482 973 1507 6.
993 1480 1027 1506 ib.

190 1523 230 1548 12.
243 1523 267 1548 1.
303 1521 340 1548 Ea
361 1521 593 1553 demonstratione,
613 1532 678 1558 quae
697 1523 810 1548 nominis
829 1524 886 1549 vice
905 1522 1027 1559 fungitur,
1048 1553 1049 1558 ¹

189 1563 301 1590 ostendi.
327 1564 357 1590 fr.
377 1565 401 1590 6.
426 1564 442 1590 l.
463 1566 503 1590 12.
524 1566 546 1590 1.
571 1564 601 1591 fr.
623 1566 646 1590 7.
670 1564 702 1591 de
728 1575 790 1591 auro
814 1575 865 1601 arg.
889 1567 930 1592 34.
950 1568 974 1592 2.
995 1582 1024 1586 -
1048 1563 1049 1569 ¹

189 1607 220 1640 §.
238 1608 274 1633 2.
295 1608 428 1639 Docere,
448 1609 597 1634 Probare.
634 1607 651 1633 1.
673 1609 734 1642 Sy.
760 1608 871 1634 Docere.
892 1608 933 1634 Cf.
956 1608 982 1634 h.
1001 1619 1026 1634 v.

188 1648 311 1676 Probare.
331 1649 361 1676 fr.
381 1652 422 1676 25.
441 1660 479 1686 pr.
499 1650 535 1684 §§
558 1652 580 1676 l.
600 1660 640 1686 sq.
660 1649 692 1676 de
712 1651 813 1687 probat.
833 1654 875 1678 22.
895 1654 918 1678 3.
940 1651 969 1678 fr.
986 1653 1025 1678 16.

189 1692 211 1725 ᾗ.
232 1693 254 1718 1.
274 1691 307 1718 de
324 1702 435 1718 manum.
455 1692 525 1719 vind.
546 1694 587 1719 40.
607 1695 631 1719 2.
668 1693 710 1719 Ill.
723 1695 789 1721 Cn.
808 1693 880 1721 Reus
899 1694 968 1731 apud
981 1704 1025 1721 eos
1047 1706 1049 1726 ,ν

190 1740 326 1761 accusatur
344 1740 370 1761 et
389 1735 538 1767 damnatur,
561 1735 630 1772 apud
654 1746 721 1772 quos
745 1737 842 1763 crimen
866 1742 1026 1763 contractum

190 1777 345 1804 ostenditur.
364 1777 396 1804 fr.
415 1780 456 1804 22.
477 1777 509 1804 de
528 1788 613 1805 accus.
630 1781 671 1805 48.
690 1781 714 1805 2.
752 1779 864 1806 Causam
883 1781 1025 1817 suscipere,

191 1825 216 1846 et
234 1821 399 1847 innocentem
418 1820 569 1847 defunctum
583 1821 730 1848 ostendere.
751 1822 780 1848 fr.
794 1824 819 1848 3.
838 1823 859 1856 §.
874 1823 897 1848 8.
918 1822 950 1848 (10
966 1822 1026 1848 11011.

190 1872 243 1889 eor.
268 1873 309 1899 qu.
331 1868 390 1889 ante
415 1868 481 1889 sent.
501 1865 541 1890 48.
560 1865 602 1889 21.
644 1864 703 1890 Non
728 1866 818 1902 utique
842 1865 974 1892 dominum
997 1875 1026 1891 se

190 1905 265 1937 dicit,
289 1915 337 1931 nec
361 1905 440 1931 debet
459 1911 509 1932 ost.
535 1905 564 1932 fr.
583 1908 607 1932 3.
628 1907 650 1940 §.
672 1909 693 1933 1.
719 1907 751 1934 ad
770 1908 856 1934 exhib.
878 1910 916 1934 10.
936 1910 959 1934 4.
997 1907 1026 1934 Si

190 1958 242 1974 non
261 1949 396 1985 potuerint.
415 1953 480 1980 ost.,
508 1949 579 1985 quod
599 1949 789 1976 adstruxerant.
810 1950 859 1976 Th.
880 1950 910 1977 C.
929 1950 962 1976 X.
983 1953 1022 1976 10.
1046 1956 1048 1985 ᾗ,

190 2002 211 2017 0.
231 1992 254 2017 8.
280 1991 312 2017 de
336 1992 410 2028 petit.
436 1996 461 2017 et
486 1990 555 2017 ultro
575 1991 624 2018 dat.
662 1992 822 2023 Manifestis,
847 2003 871 2019 v.
891 1993 1025 2029 Legitimis
1046 2003 1048 2015 ι

190 2039 238 2060 etc.
258 2034 459 2071 probationibus
480 2034 590 2060 ostendi.
614 2034 645 2061 fr.
665 2037 706 2062 45.
728 2036 760 2062 de
779 2036 867 2062 hered.
887 2041 938 2074 pet.
959 2038 981 2063 5.
1001 2039 1024 2063 3.

189 2076 219 2103 fr.
238 2079 279 2103 25.
300 2077 321 2110 ξ.
342 2079 364 2103 4.
391 2077 423 2103 de
442 2076 544 2114 probat.
563 2079 604 2104 22.
623 2079 647 2104 3.
672 2078 702 2104 fr.
722 2081 762 2105 40.
783 2090 821 2116 pr.
846 2079 878 2105 (10
897 2079 971 2105 milit.
990 2084 1026 2105 te·
1046 2083 1047 2096 ³

190 2124 263 2145 stam.
282 2122 323 2145 29.
345 2121 366 2146 1.
387 2120 419 2146 cf.
445 2130 466 2146 c.
488 2121 527 2145 14.
552 2119 584 2146 (10
603 2126 686 2147 contr.
706 2126 731 2148 et
750 2132 841 2148 comm.
861 2123 921 2159 stip.
941 2124 964 2149 8.
983 2123 1024 2148 38.

189 2161 231 2188 Ex
248 2162 396 2189 authentico
417 2162 612 2191 conveniendus
636 2169 687 2195 est,
716 2166 766 2191 etsi
790 2170 939 2192 contractus
958 2165 1024 2191 fides

190 2205 276 2240 possit
299 2205 409 2232 ostendi.
433 2205 505 2231 Paul.
526 2204 557 2231 V.
578 2207 616 2232 12.
643 2207 663 2240 ξ.
686 2209 724 2233 11.
765 2206 896 2234 Valetudo
920 2217 1025 2244 quoque

190 2246 256 2272 mala
275 2253 389 2283 praestat
406 2249 580 2279 vacationem.
601 2250 623 2274 si
643 2249 702 2275 talis
722 2251 768 2281 sit,
788 2255 816 2276 ut
835 2250 956 2276 ostendat
975 2256 1024 2277 ete.

191 2288 275 2314 Vatic.
299 2289 321 2322 §.
341 2291 396 2316 129.
433 2290 510 2317 Ratio
535 2293 672 2327 aequitatis
692 2292 814 2319 ostendit.
839 2292 910 2319 Paul.
931 2293 960 2319 V.
984 2295 1022 2319 16.

192 2332 213 2363 §—
235 2333 256 2356 1.
294 2331 374 2357 Multa
397 2333 514 2370 exempla
538 2334 687 2361 ostendunt.
712 2335 741 2361 fr.
761 2337 802 2361 29.
825 2335 858 2361 de
877 2341 962 2362 novat.
982 2337 1022 2361 46.

190 2376 214 2400 2.
235 2374 266 2399 cf.
287 2373 317 2399 fr.
336 2375 377 2399 33.
397 2374 429 2400 (10
446 2375 479 2401 0.
500 2381 525 2402 et
544 2377 574 2403 A.
592 2379 633 2403 44.
654 2380 676 2404 7.
714 2377 782 2404 Cum
801 2378 970 2409 ostendimus.
992 2395 1021 2399 —

191 2416 331 2442 videndum
351 2426 383 2442 an
402 2421 449 2443 010.
468 2418 498 2444 fr.
517 2421 540 2445 4.
560 2429 599 2456 pr.
620 2419 652 2446 de
671 2420 788 2447 fideiuss
808 2426 855 2447 tut.
875 2423 916 2447 27.
937 2423 959 2448 7.

225 2459 408 2485 ostensio.
447 2458 487 2485 Cf.
506 2470 529 2486 v.
549 2462 708 2489 Ostentatio.
728 2464 748 2498 ξ,
765 2466 787 2490 1.

225 2502 439 2528 ostentare.
479 2503 656 2532 ostendere.
694 2505 735 2532 III.
754 2507 819 2534 Gn.
843 2507 883 2533 Ex
902 2517 953 2543 quo
973 2508 1022 2540 (sc.

192 2545 320 2581 tempore)
341 2553 386 2570 eos
406 2544 532 2580 splendor
550 2546 649 2584 indepti
667 2550 829 2585 proximatus
846 2554 960 2576 ostentat
979 2550 1022 2583 [al.

191 2586 336 2619 osteu‹lat.]
361 2586 410 2612 Τ11.
431 2587 461 2613 C.
482 2586 524 2613 VI.
543 2589 584 2614 26.
609 2599 630 2615 0.
648 2592 672 2616 4.
691 2591 724 2617 de
742 2602 816 2629 prox.
838 2593 922 2618 comit.
943 2592 1022 2626 (lust.

192 2629 223 2656 C.
243 2640 264 2655 c.
283 2631 305 2655 1.
326 2628 383 2655 eod.
404 2631 511 2662 1219.)
531 2629 694 2659 cf.vl1.2·z.
714 2644 735 2660 c.
750 2636 773 2661 9.
793 2634 825 2661 (10
844 2635 880 2661 fil.
900 2634 1003 2661 militar.

225 2672 448 2699 ostentatio.
473 2673 504 2706 ξ.
518 2674 552 2699 l.
575 2673 725 2702 Ostensio
742 2679 882 2710 publica.
902 2677 1021 2705 HLCn.

191 2714 233 2741 Ad
251 2724 386 2752 pompam,
409 2714 451 2741 vel
475 2717 688 2748 ostentationem,
712 2720 836 2756 accipere.
862 2720 894 2747 fr.
912 2722 936 2747 3.
956 2721 978 2755 §.
997 2722 1021 2748 6.

192 2757 319 2784 commod.
340 2759 379 2784 13.
399 2758 422 2783 G.
458 2757 586 2785 Ludicrae
605 2760 668 2785 artis
687 2763 860 2789 ostentatione
880 2763 923 2797 [al.
937 2769 1022 2790 osten-

192 2799 280 2835 sione]
300 2799 477 2837 spectaculum
496 2802 536 2828 sui
553 2801 652 2839 populo
672 2801 803 2839 praebere.
825 2815 846 2831 c.
865 2807 907 2832 21.
927 2816 958 2833 ex
977 2817 1019 2843 qu.

427 583 543 608 Nomen
569 591 733 615 personae.
770 579 812 606 Ill.
831 580 897 606 Cn.
918 579 1028 605 Osidius
1049 596 1051 626 ιγ

1849 158 1909 188 671

1075 249 1096 265 0.
1115 238 1200 265 infam.
1219 239 1244 264 2.
1265 239 1305 264 12.
1342 238 1383 264 Ab
1404 239 1580 265 ostentatione
1598 237 1698 274 vulgari
1716 239 1838 264 amoveri.
1858 237 1907 264 Th.

1073 281 1103 308 C.
1123 280 1190 307 XIII.
1210 282 1234 307 9.
1254 291 1274 308 0.
1293 282 1317 307 3.
1338 281 1370 307 de
1390 281 1458 308 stud.
1478 281 1551 308 liber.
1573 281 1629 308 urb.
1649 281 1680 307 R.
1699 297 1730 300 —
1750 282 1781 315 ξ.
1799 282 1834 307 2·
1855 283 1906 308 Ια-

1072 326 1183 351 ctatio.
1218 323 1261 350 III.
1285 325 1350 351 (711.
1382 324 1417 350 Yt
1445 324 1522 351 dolor
1551 334 1610 351 esse
1632 325 1658 350 in
1683 323 1831 358 funeribus,
1855 334 1908 350 non

1073 377 1167 404 pompa
1185 367 1376 403 exsequiarum,
1396 377 1444 393 nec
1458 369 1598 393 ostentatio
1612 367 1738 394 videatur.
1759 366 1808 393 Th.
1821 367 1851 393 C.
1862 367 1906 393 IX.

1049 404 1050 450 ἐ
1074 412 1112 436 17.
1133 421 1153 437 c.
1173 412 1196 436 5.
1220 410 1242 444 ξ.
1264 411 1286 436 l.
1311 409 1343 436 de
1366 410 1465 447 sepulc.
1486 410 1547 437 viol.
1567 410 1636 437 XIV.
1657 412 1680 437 9.
1701 420 1722 437 0.
1742 411 1765 436 3.
1786 409 1818 436 de
1837 410 1906 436 stud.

1072 453 1146 479 liber.
1166 453 1221 479 urb.
1241 452 1272 479 R.

1107 497 1315 523 Ostentum.
1346 497 1555 529 Prodigium,
1575 498 1770 522 Portentum.
1808 495 1825 522 I.
1846 496 1907 530 Sy.

1050 566 1051 570 ,
1072 538 1262 575 Prodigiosum.
1282 538 1312 564 fr.
1331 539 1373 564 38.
1392 538 1425 564 (10
1445 537 1475 564 V.
1495 538 1521 565 S.
1539 541 1579 565 50.
1601 540 1640 564 16.

1107 582 1223 608 Ostia.
1263 582 1338 608 Vrbs
1357 583 1390 607 in
1409 583 1506 608 ostiis
1529 583 1657 608 Tiberis
1676 584 1751 608 sita.
1782 581 1824 608 III.
1840 583 1906 609 οη.

1072 624 1220 661 Hipponem
1239 624 1323 650 delata
1343 625 1392 657 (50.
1406 624 1493 657 navis)
1508 641 1538 644 —
1559 624 1662 650 Ostiam
1681 625 1818 661 navigavit.
1839 624 1868 650 fr.
1882 625 1906 650 6.

1072 667 1104 694 de
1124 667 1152 694 L.
1172 667 1258 694 Rhod.
1282 669 1321 693 14.
1341 669 1364 693 2.

1106 711 1304 737 ostiarius.
1341 711 1371 744 ξ.
1396 711 1431 737 1.
1460 712 1591 737 Ianitor
1619 721 1736 737 servus.
1777 710 1819 737 III.
1841 712 1906 738 Gn.

1073 753 1259 785 Cellararium,
1279 769 1311 773 —
1336 754 1398 779 item
1417 753 1564 784 ostiarium,
1583 752 1776 789 mulionemque
1796 754 1907 787 (instru-

1073 798 1152 823 menti
1172 796 1255 829 csse.)
1280 796 1309 822 fr.
1332 798 1370 822 12.
1394 797 1432 830 §§.
1452 797 1476 822 9.
1495 797 1535 822 42.
1557 795 1588 822 de
1608 797 1682 822 instr.
1702 796 1750 831 leg.
1769 798 1811 823 33.
1831 798 1855 822 7.
1874 812 1906 815 —

1073 841 1103 873 ἓ.
1124 841 1159 866 2.
1180 841 1297 865 Custos
1316 841 1426 866 aditus
1445 841 1608 865 ecclesiae.
1646 839 1688 865 III.
1710 841 1775 866 Cn·
1795 839 1906 875 Presby-

1073 883 1130 913 teri,
1150 881 1260 911 diaconi.
1280 882 1446 911 subdiaconi.
1466 886 1543 918 atque
1563 883 1721 914 exorcistae,
1741 887 1766 908 01
1784 881 1906 913 10010105,

1073 925 1173 951 05113111
1193 925 1269 950 etiam
1289 929 1337 951 etc.
1357 924 1406 951 Th.
1421 924 1451 951 C.
1466 924 1536 952 XVI.
1550 926 1574 950 2.
1595 935 1614 951 c.
1631 926 1672 951 24.
1691 924 1724 951 de
1743 925 1823 962 episc.
1843 924 1904 950 eccl.

1072 967 1118 994 lul.
1138 978 1177 1004 ep.
1198 977 1258 993 nov.
1278 977 1299 993 c.
1319 969 1342 993 5.
1362 968 1383 1001 ξ.
1403 970 1444 994 22.

1106 1021 1300 1050 Ostiensis.
1321 1021 1449 1054 (Adiect.)
1473 1024 1518 1049 Ad
1538 1024 1662 1049 Ostiam
1684 1025 1786 1049 urbem
1803 1025 1906 1056 perti-

1049 1073 1050 1088 1
1071 1076 1151 1093 nens.
1188 1064 1219 1090 II.
1241 1066 1307 1098 Op.
1327 1063 1427 1095 Vrbici,
1441 1081 1473 1084 —
1487 1065 1627 1092 Ostienses
1647 1065 1796 1102 (pistores.)
1821 1064 1906 1091 vatic.

1072 1109 1109 1142 ἐξ.
1129 1109 1187 1134 234.
1208 1117 1248 1143 sq.
1284 1107 1327 1133 III.
1343 1108 1408 1135 Cn·
1430 1107 1564 1134 Ostiensis
1584 1113 1661 1145 atque
1680 1107 1777 1135 fiscalis
1797 1108 1906 1145 (panis.)

1072 1151 1122 1177 Th.
1143 1150 1173 1177 C.
1193 1149 1263 1177 XIV.
1286 1151 1324 1176 19.
1345 1160 1366 1176 0.
1387 1152 1409 1176 l.
1430 1150 1462 1177 de
1481 1156 1546 1187 pret.
1566 1161 1624 1188 pan.
1645 1151 1703 1178 Ost.

1048 1204 1050 1223 1
1106 1202 1263 1229 Ostium.
1284 1202 1314 1234 ξ.
1326 1202 1362 1228 1.
1382 1203 1486 1228 Ianua
1505 1204 1569 1228 dom
1579 1212 1618 1228 ns.
1638 1202 1757 1230 Iltcn.
1776 1202 1804 1228 Iu
1824 1201 1906 1228 aliena

1048 1248 1050 1273 1
1072 1244 1189 1271 aedificia
1213 1244 1341 1270 fenestras
1366 1249 1390 1270 et
1410 1245 1476 1270 ostia
1495 1245 1637 1281 imponere.
1663 1244 1692 1270 sr.
1711 1246 1752 1271 59.
1773 1245 1805 1271 (10
1824 1244 1854 1270 R.
1875 1244 1905 1270 V.

1071 1289 1094 1314 6.
1117 1290 1138 1314 l.
1176 1287 1281 1313 Ostium
1300 1286 1422 1318 avellere,
1442 1287 1484 1313 vel
1503 1287 1649 1323 effringere.
1669 1286 1698 1313 fr.
1715 1289 1753 1313 11.
1773 1288 1794 1321 §.
1807 1289 1831 1313 2.
1854 1287 1905 1323 Qu.

1048 1333 1049 1351 1
1071 1333 1097 1357 vi
1116 1336 1159 1357 aut
1179 1330 1210 1357 01.
1230 1331 1271 1356 43.
1290 1332 1332 1356 24.
1369 1330 1437 1356 Ante
1461 1331 1557 1356 ostium
1580 1330 1713 1357 conclavis
1731 1329 1906 1363 (custodire.)

1048 1384 1050 1394 ³
1072 1374 1101 1401 fr.
1123 1376 1144 1400 1.
1165 1375 1186 1408 §.
1208 1375 1247 1400 10.
1268 1373 1300 1400 de
1323 1374 1417 1410 inspic.
1437 1378 1536 1399 ventre.
1554 1375 1595 1399 25.
1616 1375 1639 1400 4.
1665 1387 1694 1392 —-
1720 1374 1752 1406 ξ.
1770 1374 1805 1399 2.
1832 1375 1907 1399 Flu-

1072 1420 1193 1444 viornm
1214 1418 1332 1443 aditus.
1370 1416 1412 1442 ΙΙΙ.
1427 1418 1493 1444 Cn.
1513 1415 1552 1442 Ne
1572 1421 1615 1443 aut
1634 1421 1705 1442 extra
1725 1415 1821 1442 flumen
1840 1416 1907 1453 peri-

1048 1465 1049 1470 *
1071 1460 1188 1491 clitetur,
1215 1464 1258 1486 aut
1280 1460 1306 1486 in
1326 1460 1384 1496 ipso
1404 1460 1472 1485 ostio
1491 1459 1533 1485 vel
1553 1464 1639 1496 portu.
1666 1458 1694 1485 fr.
1715 1460 1738 1485 4.
1761 1469 1801 1496 pr.
1826 1458 1858 1485 de
1877 1458 1905 1485 L.

1048 1504 1050 1508 ‘
1071 1502 1157 1529 Rhod.
1179 1504 1217 1528 14.
1237 1504 1261 1528 2.
1281 1502 1312 1529 fr.
1333 1503 1372 1528 13.
1392 1502 1414 1536 ξ.
1435 1504 1457 1528 1.
1477 1501 1554 1528 locat.
1575 1503 1614 1528 19.
1633 1504 1657 1527 2.

1105 1553 1238 1580 Otiari.
1263 1554 1370 1580 Otium
1391 1562 1493 1587 agere.
1529 1551 1649 1580 IIIGn.
1672 1551 1704 1578 Vt
1717 1551 1795 1578 liceat
1808 1553 1906 1578 nostris

1048 1598 1049 1607 ¹
1070 1596 1198 1622 militibus
1219 1597 1302 1622 otiari.
1326 1595 1393 1621 Nov.
1413 1594 1463 1621 Th.
1483 1595 1514 1621 II.
1534 1605 1566 1621 ue
1585 1594 1688 1621 duciani
1707 1605 1732 1621 v.
1750 1594 1824 1620 limit.
1844 1594 1862 1620 I.
1881 1596 1905 1620 2.

1047 1638 1049 1672 J
1072 1649 1093 1665 c.
1112 1641 1135 1665 1.
1155 1639 1176 1673 §.
1190 1641 1214 1665 2.

1103 1690 1264 1717 OtiosuS·
1301 1688 1431 1721 (Adiect.)
1468 1688 1497 1721 ξ.
1513 1689 1548 1714 1.
1571 1690 1634 1721 Qui
1651 1690 1761 1715 labore
1779 1691 1905 1715 solutas

1069 1739 1123 1764 est,
1134 1739 1161 1758 et
1176 1734 1241 1759 otio
1249 1733 1286 1767 fr
1294 1742 1308 1757 ιι
1317 1733 1340 1757 it
1350 1742 1364 1757 ιι
1372 1742 1391 1758 r.
1406 1729 1705 1766 I.Sy.Conquiescere.
1717 1730 1829 1757 Otiosus
1839 1741 1905 1757 csse.

1070 1774 1112 1801 Cf.
1125 1785 1149 1801 v.
1164 1774 1369 1810 Conquiescere.
1388 1774 1409 1807 ξ.
1432 1775 1453 1800 l.
1490 1773 1521 1800 ΙΙ.
1536 1775 1603 1807 Op.
1621 1773 1790 1800 Laboriosus.
1810 1773 1860 1800 Th.
1875 1773 1905 1800 C.

1070 1817 1113 1843 VI.
1132 1819 1173 1843 24.
1194 1828 1215 1843 0.
1235 1818 1259 1843 6.
1279 1816 1311 1843 de
1331 1816 1440 1842 domest.
1461 1822 1487 1842 et
1505 1821 1616 1853 protect.
1640 1833 1668 1836 —
1687 1817 1718 1850 ξ.
1736 1818 1772 1844 2.
1792 1819 1906 1844 Immu-

1070 1861 1135 1891 πίε,
1154 1861 1316 1886 Exemtns.
1352 1859 1372 1885 I.
1394 1860 1455 1893 Sy.
1475 1859 1589 1891 Vacuus,
1609 1858 1712 1886 Vacans
1726 1859 1848 1892 (officio.)
1868 1859 1904 1886 lb.

1071 1902 1136 1928 VIII.
1157 1904 1180 1928 2.
1201 1913 1221 1928 c.
1241 1904 1264 1929 3.
1285 1902 1317 1928 de
1336 1901 1445 1928 tabular.
1459 1902 1525 1928 XIII.
1540 1904 1564 1929 9,
1584 1912 1605 1928 0.
1619 1903 1643 1928 3.
1663 1903 1684 1936 ξ.
1699 1904 1722 1929 4.
1743 1902 1775 1929 (10
1794 1902 1905 1929 navicul.

1069 1945 1099 1971 II.
1120 1947 1187 1979 Op.
1207 1945 1353 1971 Munificus.
1373 1945 1410 1971 Ib.
1430 1944 1498 1971 XIII.
1519 1946 1541 1970 6.
1562 1955 1582 1971 c.
1604 1947 1626 1971 7.
1645 1955 1684 1982 pr.
1705 1945 1737 1971 de
1755 1945 1844 1983 praed.
1864 1956 1905 1971 na-

1046 2017 1048 2030 v
1068 1988 1146 2014 vicul.
1183 1988 1224 2014 III.
1242 1990 1308 2016 (7η.
1328 1987 1482 2014 minusculis
1499 1988 1666 2024 corporibus,
1686 1993 1729 2014 aut
1749 1994 1819 2015 certe
1838 1989 1903 2014 otio-

1046 2035 1047 2047 *
1069 2032 1106 2057 sis
1125 2030 1243 2057 idoneus.
1263 2030 1300 2057 Ib.
1319 2030 1376 2057 XII.
1399 2032 1436 2056 16.
1458 2032 1516 2056 01.
1538 2030 1570 2056 de
1588 2032 1699 2068 mancip.
1738 2031 1860 2057 Otiosum
1879 2036 1905 2057 01

1069 2075 1181 2100 immune
1200 2073 1356 2100 servandum
1376 2074 1593 2110 (patrimonium.)
1612 2073 1649 2099 Ib.
1663 2074 1730 2100 XIII.
1745 2075 1768 2100 6.
1789 2084 1810 2100 0.
1825 2076 1848 2100 7.
1865 2084 1903 2110 pr.

1046 2131 1047 2147 1
1068 2116 1085 2143 l.
1107 2133 1138 2136 —
1157 2118 1188 2150 ἓ.
1210 2118 1247 2144 3.
1273 2119 1416 2144 Sterilis.
1453 2116 1471 2142 I.
1492 2117 1554 2151 Sy.
1583 2116 1694 2143 sterilis.
1719 2116 1749 2143 fr.
1770 2119 1792 2148 7.
1813 2116 1843 2143 fr.
1864 2118 1903 2143 13.

1045 2193 1047 2195 ‚
1068 2160 1090 2193 ξ.
1112 2162 1133 2186 l.
1155 2160 1187 2186 de
1206 2170 1277 2186 usur.
1296 2162 1338 2186 22.
1358 2162 1380 2186 1.
1401 2159 1431 2185 fr.
1449 2160 1473 2185 3.
1494 2160 1515 2192 ξ.
1534 2162 1558 2185 4.
1579 2159 1611 2185 de
1631 2165 1740 2186 conti-ar.
1761 2165 1807 2186 tut.
1821 2162 1862 2186 27.
1880 2162 1902 2185 4.

1045 2202 1046 2234 1
1066 2202 1098 2228 11.
1111 2204 1178 2235 Op.
1197 2202 1342 2229 Foenerare
1355 2203 1525 2243 (pecuniam.)
1539 2218 1567 2221 -
1583 2202 1703 2228 Otiosam
1716 2202 1786 2229 domi
1800 2203 1903 2229 hahere.

1045 2251 1047 2261 “
1068 2245 1099 2271 fr.
1119 2247 1158 2272 13.
1178 2246 1199 2279 ς’.
1216 2247 1237 2272 l.
1258 2245 1274 2272 1.
1294 2248 1335 2272 22.
1358 2248 1379 2271 l.
1400 2245 1457 2271 Gai.
1478 2245 1519 2271 III.
1541 2246 1596 2271 156.
1618 2261 1649 2264 —
1669 2245 1700 2278 §.
1721 2247 1759 2272 4.
1785 2248 1902 2279 Super-

1062 2289 1168 2323 fluns.
1205 2288 1248 2314 III.
1269 2290 1335 2316 Cn.
1364 2288 1451 2314 Otiosi
1476 2287 1576 2314 aedium
1596 2287 1690 2314 cultus.
1715 2287 1764 2314 Th.
1785 2287 1814 2313 C.
1836 2286 1900 2313 VIII.

1067 2332 1091 2356 5.
1112 2341 1133 2357 c.
1154 2332 1193 2357 15.
1214 2331 1246 2357 de
1266 2341 1343 2358 cursu
1362 2331 1424 2368 pub.

1043 2376 1047 2414 1
1103 2381 1241 2408 Ofiuln.
1290 2383 1425 2408 l'acalio
1464 2392 1479 2407 a
1516 2384 1674 2415 negotiis,
1710 2382 1901 2414 praesertim

1044 2416 1045 2432 ¹
1065 2426 1215 2458 pnhliz-is.
1251 2423 1282 2450 II.
1307 2426 1374 2457 Op.
1396 2423 1458 2452 Pax.
1479 2429 1504 2449 et
1523 2425 1611 2450 otium.
1632 2439 1663 2442 —
1683 2422 1819 2448 Proelium.
1856 2422 1901 2449 Mi-

1067 2466 1130 2492 litia.
1159 2466 1216 2492 Gai.
1236 2466 1265 2492 II.
1288 2469 1343 2492 101.
1373 2466 1422 2493 Th.
1443 2467 1473 2493 C.
1493 2467 1548 2493 ΧΠ,
1570 2469 1590 2492 lv
1617 2476 1637 2491 c.
1656 2467 1696 2491 45.
1717 2464 1749 2491 de
1768 2465 1899 2491 decurion.

1044 2519 1045 2522 ¹
1067 2508 1109 2535 111.
1124 2510 1190 2536 Cn.
1209 2508 1237 2534 ln
1257 2509 1311 2534 otio
1331 2509 1401 2535 civili
1421 2514 1446 2536 et
1464 2509 1606 2536 domestica
1625 2509 1718 2543 quiete.
1738 2507 1773 2533 lb.
1787 2507 1845 2534 XV.
1861 2510 1900 2534 12.

1068 2562 1088 2577 c.
1109 2554 1130 2578 1.
1151 2551 1183 2577 de
1202 2550 1336 2586 gladiator.
1373 2551 1490 2588 Ignobile
1509 2553 1590 2578 otium
1609 2550 1733 2576 adamare.
1754 2550 1790 2576 lb.
1807 2550 1862 2577 Vll.
1878 2553 1899 2577 l.

1043 2583 1045 2627 ἕ
1067 2604 1087 2620 e.
1108 2596 1132 2620 5.
1153 2594 1184 2620 de
1203 2593 1234 2620 R.
1254 2593 1287 2620 11.

1043 2630 1045 2664 i
1101 2636 1220 2664 ovile.
1257 2639 1423 2664 Stabulum
1443 2640 1555 2664 orium.
1592 2635 1709 2663 HLGn.
1726 2635 1844 2673 Excepto
1858 2647 1900 2673 pe<

1067 2689 1140 2712 core,
1164 2683 1297 2716 pastores,
1322 2680 1464 2711 oviliones,
1490 2678 1568 2705 ovilia
1588 2688 1693 2715 quoque
1716 2678 1800 2716 legato
1820 2681 1899 2705 conti-

1065 2723 1128 2748 neri.
1148 2721 1179 2748 fr.
1198 2723 1240 2748 25.
1259 2723 1281 2756 §.
1300 2724 1324 2748 2.
1345 2722 1377 2748 de.
1395 2723 1469 2749 instr.
1488 2721 1537 2758 leg.
1556 2722 1597 2747 33.
1618 2723 1641 2747 7.

1099 2764 1233 2791 ovilio.
1270 2764 1312 2791 Cf.
1332 2775 1355 2790 v.
1376 2764 1475 2801 Opilio.

1099 2807 1227 2834 Ovflis.
1265 2807 1401 2840 (Adicet.)
1440 2809 1484 2833 Aa
1502 2817 1573 2834 oves
1590 2810 1765 2841 pertinens.
1803 2807 1819 2833 1.
1837 2808 1896 2840 Sy.
