2197 3121
928 176 1002 206 AVl
1028 193 1066 199 -
1090 176 1190 206 AVR.

201 267 354 294 nascuntur.
375 278 407 281 -
427 270 488 287 aves
508 269 620 296 quoque.
647 258 676 284 l'r.
694 260 715 283 l.
735 259 756 292 5.
770 260 794 284 3.
814 257 846 284 de.
865 257 882 284 I.
898 262 923 283 et.
937 257 954 283 I.
976 259 998 283 1.
1016 259 1037 283 l.

202 306 243 333 De
262 315 324 342 apro
351 310 376 331 et
400 304 487 335 leone,
513 303 676 337 caeterisque
700 301 761 327 seris
787 306 812 327 et
835 300 926 327 avibus
953 299 1038 333 (idem

203 350 251 375 erit
270 348 434 379 (licendum).
460 346 489 372 sr.
508 347 550 371 29.
570 345 591 378 5.
611 346 635 370 6.
655 344 687 370 ad
706 344 735 370 L.
756 344 823 380 Aqu.
843 345 867 370 9.
887 345 911 370 2.

236 392 381 418 Avitus.
410 388 538 423 (Adiect.)
577 389 622 413 Aa
641 389 792 419 maiores,
816 393 845 413 et
869 387 1038 420 inprimis

201 437 242 461 ad
268 445 358 461 avum
389 434 435 459 vel
462 433 569 457 aniam
599 432 789 464 respiciens.
832 429 861 455 II.
890 431 956 462 Op.
988 428 1039 455 Ma-

201 482 288 506 terna.
307 487 330 503 v.
350 476 473 505 Paterna.
498 489 531 493 -—
554 473 631 499 Avita
660 473 770 506 (bona).
808 471 880 498 Paul.
900 472 942 498 Ill.
963 474 986 498 4.
1007 471 1037 497 Α.

202 520 223 554 5.
245 521 267 546 7.
287 519 317 545 fr.
338 521 378 545 b'l.
404 518 436 544 ad
455 517 482 543 S.
503 516 534 542 C.
555 516 634 542 Tri-b.
654 518 695 542 36.
717 517 739 542 1.
777 514 894 543 Paterni.
915 531 947 534 ——
967 514 1039 540 Aviti

202 562 324 595 (liberti).
346 562 376 588 fr.
398 562 437 587 17.
456 570 496 597 pr.
517 559 549 585 (le
571 560 627 585 iure
646 563 746 595 patron.
767 559 808 584 37.
830 559 869 584 14.
900 556 930 583 fr.
952 558 992 582 10.
1017 557 1038 590 5.

203 607 226 631 l.
246 604 276 631 fr.
298 606 338 630 ll.
364 603 395 629 de
414 603 474 628 bon.
495 602 581 628 libert.
606 603 648 627 3³5.
667 603 691 627 2.
733 601 775 626 ΙΙΙ.
797 602 863 628 (711.
891 599 971 626 Velut
996 599 1040 625 do-

201 648 347 674 mesticum.
367 656 395 672 ac
415 646 481 671 avita
502 645 670 671 successione
690 645 844 680 quaesitum.
865 642 915 669 sibi
936 642 1038 668 babere.

203 689 253 717 Tb.
279 689 309 716 C.
330 688 361 715 V.
383 690 421 714 153.
443 698 464 714 c.
483 689 525 714 30.
546 687 650 719 (ch.)
688 687 802 718 Avitum,
822 685 863 712 vel
883 686 1038 722 proavitum.

202 732 395 765 (desiderium).
416 741 437 757 c.
460 733 481 756 l.
502 731 534 756 de
553 730 578 756 h.
598 740 640 766 qu.
661 735 719 755 ante
739 740 778 766 ap.
798 729 850 754 tab.
871 730 894 754 6.
914 731 955 754 52.
992 728 1040 754 La—

201 785 253 806 res,
273 774 411 812 sepulchra
432 775 507 800 avita.
534 773 563 799 fr.
583 775 624 799 35.
645 772 677 798 de
697 772 727 798 R.
749 771 780 798 Υ.
800 773 823 797 6.
845 773 866 797 l.

236 819 345 844 Aula.
384 818 415 850 §-
436 818 470 843 1.
500 818 582 842 Area
602 817 733 842 aedibus
752 817 963 841 circumdata.
996 813 1038 840 III.

202 862 268 888 Gn.
301 860 363 886 Sive
388 861 413 885 iu
438 859 530 885 eodem
553 858 690 889 cubiculo,
719 859 775 884 sive
798 858 825 883 in
844 857 972 886 triclinio.
997 857 1038 883 vel

200 904 318 941 porticu.
343 902 385 928 vel
405 903 432 928 in
451 901 516 928 aula.
546 911 567 927 c.
589 903 628 927 12.
655 901 687 927 de
711 901 736 927 h.
762 910 804 936 qu.
829 905 857 926 ut
877 900 929 926 ind.
953 902 976 927 6.
996 902 1038 926 35.

202 962 234 966 —
254 946 285 979 §0
307 947 341 972 2.
372 947 488 971 Domus
507 946 610 979 regia.
647 946 825 971 Palatium.
862 943 880 970 Ι.
901 945 962 978 Sy.
990 943 1040 969 Rv-

201 988 267 1025 galis
291 988 361 1017 aula.
386 987 521 1014 Palatium.
551 986 600 1013 Tb.
622 986 652 1013 C.
672 986 716 1013 VI.
738 988 777 1013 16.
803 998 823 1013 c.
845 989 867 1013 l.
896 987 928 1013 (le
952 988 1039 1013 comit.

201 1036 228 1058 et
247 1031 366 1058 arcliiatr.
385 1029 453 1056 XIII.
474 1032 498 1056 3.
524 1040 545 1056 e.
567 1032 606 1056 12.
629 1040 649 1055 c.
671 1031 710 1056 16.
731 1040 752 1056 c.
774 1031 813 1056 18.
834 1040 873 1066 sq.
895 1030 927 1056 de
946 1029 1038 1055 medic.

202 1080 228 1101 et
250 1074 317 1112 prof.
363 1073 405 1099 ΙΙΙ.
435 1074 500 1101 Gn.
538 1072 587 1099 Vel
612 1083 643 1099 ex
668 1073 725 1099 aula
749 1078 838 1099 nostra
864 1073 929 1101 dati.
959 1072 999 1099 vel
1026 1083 1038 1098 a

202 1119 300 1144 nostris
319 1116 475 1154 proceribus
500 1115 611 1151 delegati
636 1116 778 1149 (iudices).
808 1127 828 1143 c.
850 1118 890 1142 13.
915 1117 937 1150 5.
959 1118 980 1142 l.
1007 1115 1038 1141 de

201 1160 279 1187 iudic.
299 1162 322 1186 3.
339 1161 360 1186 1.
399 1160 453 1194 Qui
471 1158 595 1195 palatinis
615 1159 682 1185 intra
702 1159 785 1185 aulam
805 1159 940 1195 obsequiis
960 1158 1039 1195 ‹lepu-

201 1202 273 1229 tandi
293 1207 361 1229 sunt.
390 1201 439 1228 Tb.
454 1201 485 1227 C.
500 1201 536 1227 VI
563 1203 605 1227 30.
626 1212 646 1228 c.
668 1204 707 1228 12.
728 1201 760 1228 de
779 1201 1020 1239 palati11.S.largg.:.

237 1247 435 1272 Aulaeuln.
467 1245 694 1271 Ornamentum
714 1248 822 1277 aulae,
843 1248 890 1272 vel
908 1247 1038 1272 theatri.

200 1288 244 1315 ΠΙ.
259 1290 325 1316 οη.
344 1287 373 1314 Si
387 1288 520 1313 scaenicae
539 1288 622 1313 vestis
642 1287 738 1314 usussr.
758 1288 866 1324 legetur.
886 1288 928 1315 vel
947 1288 1038 1320 aulaei,

200 1331 243 1358 vel
263 1330 370 1357 alterius
391 1330 540 1367 adparatus
568 1330 598 1356 fr.
620 1332 659 1357 15.
679 1331 701 1364 5.
721 1333 745 1357 5.
765 1331 799 1357 dc
817 1331 897 1357 usufr.
919 1333 942 1357 7.
963 1333 985 1357 1.

236 1374 401 1401 Aulieus.
431 1373 560 1406 (Adiect.)
598 1375 645 1399 Ad
667 1376 775 1400 aulam
794 1377 917 1409 regiam
935 1376 1038 1408 perti—

200 1427 287 1449 nens,
308 1418 494 1444 Palatinus,
533 1415 574 1441 ΙΙΙ.
590 1417 655 1443 Cn.
681 1416 830 1443 potestates
850 1417 955 1443 aulicae.
989 1416 1039 1443 llo-

200 1470 279 1486 nores
299 1459 384 1486 aulici.
418 1458 484 1485 Nov.
504 1458 636 1485 valentin.
656 1459 697 1485 111.
723 1460 756 1486 de
775 1460 872 1496 indulg.
893 1460 986 1496 reliqu.
1008 1459 1038 1485 II.

202 1505 225 1529 l.
245 1513 266 1529 c.
285 1504 310 1528 3.
329 1502 351 1536 5.
366 1503 389 1528 4.
410 1502 443 1528 de
460 1502 546 1528 XXX.
566 1512 623 1529 ann.
644 1513 758 1539 praescr.
778 1503 807 1529 Il.
828 1505 869 1530 27.
890 1514 911 1530 c.
924 1506 946 1529 l.
961 1504 982 1537 5
999 1505 1020 1529 1.

236 1551 419 1576 Avocare.
456 1550 487 1583 §.
507 1551 541 1576 1.
571 1551 729 1581 Evocare,
750 1552 871 1577 Procul
889 1552 1039 1577 retinere.

201 1591 243 1618 IIJ.
263 1593 329 1619 Cn.
361 1591 391 1618 Si
414 1593 506 1618 inorbo
531 1592 686 1630 impeditus.
711 1598 754 1619 aut
779 1594 842 1630 reip.
864 1604 885 1620 c.
906 1598 1038 1625 avocatus.

203 1635 296 1661 adesse
315 1645 367 1661 non
387 1637 474 1672 potuit
492 1646 561 1662 reus.
582 1636 611 1662 fr.
632 1638 672 1662 75.
693 1635 725 1662 dc
744 1636 822 1663 iudic.
843 1639 866 1662 5.
889 1638 909 1663 l.
948 1636 988 1663 Ne
1007 1637 1038 1663 ab

202 1677 290 1704 officio
310 1682 434 1714 suscepto
454 1677 591 1714 legationis
611 1684 742 1706 avocetur.
764 1679 793 1705 fr.
813 1681 855 1706 24.
875 1680 896 1713 5.
917 1682 940 1706 2.
959 1680 994 1706 ib.
1014 1682 1037 1706 5.

203 1721 227 1746 l.
263 1720 345 1747 Multo
374 1722 459 1747 minus
483 1721 579 1748 milites
604 1722 730 1748 avocandi
754 1727 815 1748 sunt
840 1733 853 1749 a
877 1724 973 1759 signis,
997 1722 1039 1749 vel

203 1763 361 1789 muneribus.
383 1763 412 1789 sr.
426 1765 450 1789 3.
465 1764 486 1797 5.
501 1765 524 1790 6.
545 1764 577 1791 de
597 1765 685 1791 testib.
704 1767 745 1791 22.
766 1767 789 1791 5.
827 1766 954 1793 Avocare.
974 1775 1039 1791 neve

203 1805 339 1832 abducere.
380 1805 423 1832 Fr.
447 1805 512 1842 legis
537 1807 672 1834 Serviliae.
702 1824 734 1827 —
763 1809 793 1841 §.
814 1809 849 1835 2.
878 1810 1038 1839 Avellere.

202 1850 351 1885 Auferre.
388 1848 418 1874 II.
449 1850 515 1882 01).
546 1850 683 1882 Retinere,
708 1861 731 1877 v.
753 1851 894 1880 Obtinere,
919 1867 950 1870 -
970 1851 1040 1876 Avo-

203 1893 255 1917 cari
274 1901 355 1928 posse
376 1891 589 1925 (hereditatem).
619 1893 676 1919 Gai.
697 1893 726 1919 II.
753 1895 810 1919 148.
831 1903 869 1930 sq.
902 1893 975 1919 Mens
995 1893 1040 1919 du·

202 1938 242 1960 rat
261 1934 370 1970 (lapis).
397 1950 429 1953 —
453 1935 570 1961 Alterius
595 1935 691 1962 sactum
714 1946 823 1962 avocare
847 1947 899 1962 non
923 1946 1039 1973 possum.

202 1976 233 2002 fr.
254 1977 277 2002 6.
304 1976 335 2002 de
355 1976 442 2003 donat.
467 1979 508 2003 39.
528 1980 552 2004 5.
590 1979 631 2004 ΙΙΙ.
657 1980 722 2006 sn.
752 1978 883 2006 Cuniculo
907 1979 949 2005 vel
969 1979 1040 2005 fossa

202 2029 294 2055 aquam
313 2030 395 2045 ineam
415 2030 531 2047 avocare.
557 2021 586 2048 fr.
604 2023 645 2047 26.
667 2021 698 2047 de
718 2022 802 2048 danln.
823 2022 867 2048 inf.
887 2024 929 2049 39,
948 2025 972 2049 2.
1011 2024 1039 2049 Si

201 2063 400 2099 possessionem
419 2068 487 2089 tuam
507 2063 636 2092 fecissem.
657 2065 691 2090 ita
713 2070 740 2090 ut
758 2075 805 2102 per
823 2065 893 2101 longi
913 2068 1039 2103 temporis

201 2106 436 2142 praescriptionem
460 2108 562 2133 avocari
591 2117 643 2133 non
666 2109 760 2144 possit.
792 2107 822 2134 fr.
848 2111 887 2135 15.
914 2109 935 2143 5.
957 2111 978 2135 l.
1008 2109 1039 2136 (le

203 2147 317 2175 condiet.
337 2148 424 2175 indeb.
446 2151 485 2175 12.
505 2150 529 2176 6.
558 2148 641 2176 vatic.
662 2151 683 2184 5.
703 2152 762 2177 293.
782 2150 812 2177 fr.
834 2153 891 2178 110.
911 2152 943 2179 de
963 2152 1038 2179 cond.

203 2195 229 2217 et
246 2190 312 2217 dem.
331 2192 373 2217 35.
395 2193 417 2218 1.
455 2191 483 2218 Si
504 2193 562 2229 quis
583 2203 638 2219 eam
656 2194 855 2230 possessionen]
874 2196 930 2221 iure
950 2206 1040 2222 avoca-

202 2234 278 2260 verit.
306 2233 336 2260 fr.
355 2235 379 2260 3.
400 2245 439 2271 pr.
460 2234 492 2261 dc
510 2235 542 2261 A.
563 2235 592 2261 E.
613 2235 644 2262 V.
665 2238 705 2262 19.
727 2238 749 2263 1.
791 2236 820 2263 Si
839 2239 979 2274 praeterita
998 2239 1039 2265 ad-

204 2282 312 2309 crescat,
331 2282 432 2303 tautnm
451 2287 499 2303 suo
519 2278 647 2306 avocabit.
668 2284 793 2315 quantuni
807 2285 938 2307 extranco.
967 2281 1038 2309 Paul.

204 2318 246 2344 III.
267 2320 291 2344 4.
310 2319 340 2345 Β.
361 2320 382 2353 5
402 2321 426 2346 8.
446 2319 476 2346 fr.
498 2322 537 2347 17.
558 2320 590 2347 de
608 2322 697 2348 iniust.
718 2327 786 2359 rupt..
805 2324 847 2349 28.
866 2325 890 2349 3.

239 2369 413 2397 Avolare.
447 2371 564 2397 Volant
582 2375 722 2399 evadere.
760 2373 790 2399 II.
811 2375 878 2407 Op.
902 2374 1038 2402 Rex-olavo.

204 2411 235 2437 l'r.
254 2413 278 2437 5.
298 2411 335 2444 55.
355 2414 378 2437 5.
398 2422 437 2449 sq.
458 2413 490 2439 d·-
510 2413 541 2439 A.
561 2413 591 2440 R.
612 2414 645 2441 D.
665 2417 706 2441 41.
728 2417 749 2441 1.

239 2463 354 2488 Aura.
391 2465 461 2489 :lisia
492 2463 535 2490 lII.
554 2466 619 2492 (711.
648 2466 701 2500 Qui
721 2476 798 2493 aurae
817 2470 960 2495 communis
979 2469 1040 2496 hau-

205 2508 256 2535 stu,
277 2508 302 2530 et
321 2504 388 2530 lucis
407 2505 532 2542 adspectu
552 2507 614 2541 (diu
633 2510 728 2545 privati
747 2511 834 2544 suut).
868 2511 917 2538 Th.
943 2512 974 2538 C.
993 2512 1038 2539 IX.

205 2548 246 2572 40.
267 2557 288 2572 c.
308 2549 349 2573 22.
370 2547 402 2573 de
421 2558 497 2584 poen.

240 2597 416 2624 Auru-ia.
448 2600 616 2627 Lustralis
634 2605 778 2630 collatio.
809 2604 852 2630 III.
868 2605 932 2632 Cn.
953 2605 987 2632 Vt
1007 2617 1039 2633 ex

205 2649 316 2676 corpore
335 2641 533 2675 negotiatorum,
553 2643 584 2669 ad
603 2646 796 2681 suscipiendam
810 2647 984 2684 tuendamque
998 2660 1040 2675 au-

205 2683 286 2708 rariae
305 2687 410 2709 nostrae
428 2684 568 2716 rationem,
587 2686 762 2724 adponcrctur
781 2689 899 2717 idoneus.
928 2691 965 2717 lb.
980 2692 1037 2718 XII.

204 2725 228 2751 6.
249 2735 270 2751 c.
284 2727 325 2752 29.
346 2725 377 2751 de
397 2731 542 2763 susceptor.

239 2776 436 2802 Aurariun.
460 2776 577 2810 (Subst.)
610 2781 785 2815 Susceptor
803 2785 958 2811 lustralis
977 2787 1038 2812 col-

206 2819 351 2845 lationis.
388 2818 430 2845 ffl.
446 2820 511 2847 Cn.
539 2819 599 2847 Nou
619 2829 781 2860 corporatus,
801 2842 833 2846 -
852 2836 904 2853 uon
924 2828 1036 2861 curialis,

1882 176 1924 205 93

1083 267 1136 283 non
1160 257 1348 293 ex-primario.
1372 267 1425 283 non
1449 257 1579 287 aurarius,
1603 257 1659 282 sive
1679 255 1846 291 collegiatus.
1872 260 1920 280 etr.

1084 299 1150 326 Nov.
1171 299 1274 326 Valent.
1294 300 1336 326 Ill.
1358 300 1390 327 de
1410 301 1490 337 episc.
1511 299 1563 326 iud.
1584 299 1613 325 II.
1634 301 1675 325 35.
1696 309 1717 325 e.
1740 301 1761 324 l.
1782 299 1803 332 5.
1823 299 1847 324 3.

1117 343 1313 370 Aul-arius.
1349 343 1485 375 (Adia—1.)
1526 344 1572 369 Ad
1598 352 1711 368 ιιιινιιηι
1742 343 1921 375 pertinens.

1083 385 1124 412 ΙΙΙ.
1146 387 1211 413 Gn.
1239 385 1288 412 Vel
1312 387 1338 412 in
1363 388 1501 415 aurariam.
1526 386 1662 412 aerariam.
1688 389 1765 420 atquc
1789 384 1922 410 ferrariam

1083 430 1286 465 praestationem
1311 429 1443 455 translata.
1479 428 1528 454 Tb.
1549 427 1579 454 C.
1599 427 1645 454 XI.
1665 430 1706 453 20.
1733 438 1754 453 c.
1774 429 1798 453 6.
1824 436 1863 463 pr.
1890 425 1922 451 de

1084 471 1170 498 collat.
1196 471 1283 498 donat.
1326 472 1438 499 Aurum.
1464 471 1533 508 quod
1558 481 1590 497 ex
1615 470 1766 497 huiusmodi
1790 468 1922 495 contribu-

1083 515 1155 540 tione
1174 514 1308 551 redigitur.
1329 516 1362 540 ita
1383 515 1461 541 debet
1480 514 1629 550 susceptori
1649 514 1750 539 aurxuio
1766 512 1921 548 consignari.

1084 556 1121 582 lb.
1141 557 1197 583 XII.
1220 559 1241 584 l.
1262 568 1283 584 c.
1300 559 1355 584 173.
1375 558 1397 592 5.
1414 560 1434 584 l.
1450 557 1482 583 de
1501 557 1634 583 decurion.
1672 555 1860 593 Superindirti.
1880 553 1922 580 vel

1084 601 1211 627 aurariae.
1237 605 1407 636 caeteraeque
1431 600 1462 626 ad
1487 605 1625 635 utrumque
1645 600 1771 625 aerarium
1790 598 1922 635 pertiuen-

1084 647 1123 668 tes
1144 642 1300 669 functiones.
1328 642 1569 669 Nov.V;·le11t.lll.
1591 642 1622 668 de
1642 642 1747 679 palatiu.
1768 641 1797 667 II.
1818 642 1841 667 7.
1862 650 1882 666 c.
1899 641 1920 665 l.

1084 686 1105 718 5.
1133 687 1154 711 l.
1192 685 1283 722 Neque
1307 686 1375 712 doni.
1400 685 1480 712 divin.
1504 685 1534 711 ΙΙ.
1561 687 1600 711 10.
1625 695 1645 711 c.
1673 687 1694 711 1.
1722 686 1743 718 5.
1770 686 1792 710 1.
1829 682 1922 719 Neque

1083 729 1185 754 aurario
1205 730 1297 754 canoni
1317 745 1348 748 ——
1368 728 1467 764 aliquid
1487 739 1518 754 ex
1539 739 1566 754 ea
1580 744 1612 747 -
1632 728 1823 764 praebitioninn
1839 726 1922 753 dive-r-

1084 772 1161 797 sitate
1180 771 1319 798 decutitur.
1345 771 1394 797 Th.
1410 771 1441 798 C.
1454 771 1499 797 XI.
1515 772 1554 797 16.
1570 781 1591 797 c.
1607 772 1645 796 1-3.
1668 770 1699 797 tle
1720 775 1784 796 extr.
1805 780 1824 795 s.
1839 768 1910 795 sord.

1118 815 1295 841 Auratus.
1327 814 1455 847 (Adiect.)
1489 815 1652 840 Obducta&
1672 824 1759 839 auro.
1796 812 1838 839 Ill.
1856 813 1922 839 Cn·

1083 856 1193 885 Aurata.
1215 861 1240 882 et
1259 856 1358 882 inclusa
1379 867 1440 882 vasa
1460 856 1567 883 alterius
1587 857 1717 882 materiae.
1744 855 1773 882 sr.
1793 857 1834 881 32.
1856 855 1877 888 5.
1899 856 1921 880 l.

1084 899 1116 925 ‹le
1136 909 1198 925 auro
1219 909 1270 935 arg.
1289 901 1330 925 34.
1345 902 1368 925 2.
1407 899 1485 926 Nulla
1504 901 1580 926 mima
1600 900 1717 935 geminis,
1738 898 1808 924 nulla
1827 897 1922 933 sigilla-

1083 943 1118 968 tis
1142 943 1247 973 sericis,
1277 947 1320 967 aut
1345 944 1423 968 textis
1449 948 1536 969 utatur
1559 943 1664 968 auratis.
1699 941 1748 968 Tb.
1769 941 1800 967 C.
1820 940 1878 966 XV.
1899 941 1922 965 7.

1084 995 1104 1011 c.
1127 987 1166 1011 11.
1187 985 1219 1011 de
1240 986 1351 1011 scaenic.
1377 985 1407 1011 cs.
1428 986 1460 1011 X.
1479 987 1521 1011 21.
1542 996 1563 1011 c.
1582 988 1606 1011 2.
1627 984 1659 1011 de
1679 989 1745 1011 vest.
1760 984 1878 1010 bolover.

1118 1028 1286 1055 Aurelia.
1330 1029 1446 1054 Nomen
1473 1030 1543 1054 riae
1564 1030 1730 1062 publicae.
1760 1029 1849 1053 circa
1874 1035 1924 1052 nr-

1082 1072 1145 1096 hem
1166 1072 1303 1096 Romam.
1342 1070 1384 1096 Ill.
1405 1072 1470 1098 Gn.
1490 1070 1518 1096 In
1540 1070 1644 1096 tutelam
1663 1071 1732 1097 viae.
1753 1079 1818 1105 quae
1838 1073 1878 1094 est
1897 1069 1923 1093 in

1084 1113 1187 1139 colonia
1207 1112 1463 1146 (Graviscanm-um)
1484 1123 1567 1150 usque
1586 1113 1618 1139 ad
1637 1114 1704 1139 viam
1724 1112 1865 1139 Aurelian).
1893 1111 1922 1137 t'r.

1083 1158 1124 1182 30.
1145 1156 1178 1182 de
1198 1156 1273 1192 legat.
1294 1156 1324 1182 11.
1345 1158 1424 1189 (31.)

1118 1199 1310 1227 Aurelius.
1335 1201 1462 1226 Fit-tum
1482 1210 1639 1233 personae
1658 1209 1773 1225 nomen.
1800 1197 1841 1223 III.
1858 1198 1923 1224 Cn·

1083 1241 1112 1268 L.
1134 1241 1205 1268 Titio
1230 1242 1286 1268 filio
1310 1252 1368 1268 inco
1392 1258 1424 1261 —
1449 1247 1550 1268 tutores
1574 1242 1608 1268 do
1632 1241 1661 1268 L.
1683 1241 1818 1268 Aurelium
1843 1245 1869 1267 et
1892 1239 1923 1265 C.

1084 1285 1219 1322 Optattnu.
1249 1284 1333 1311 vatic.
1355 1285 1376 1318 5.
1396 1287 1454 1312 229.

1118 1329 1279 1354 Aureus.
1311 1327 1441 1361 (Adiect.)
1478 1328 1509 1361 ξ.
1530 1330 1563 1355 1.
1593 1330 1679 1355 Auro
1699 1334 1860 1355 constans.
1893 1325 1922 1351 ll.

1085 1372 1152 1404 011.
1180 1370 1324 1396 Iuauratus.
1358 1370 1388 1397 l'r.
1410 1372 1449 1397 14.
1475 1371 1506 1397 de
1527 1376 1609 1397 contr.
1630 1376 1690 1397 enit.
1717 1372 1756 1397 18.
1778 1372 1799 1395 1.
1832 1368 1862 1394 l'r.
1884 1369 1923 1393 19.

1084 1413 1106 1446 5.
1126 1415 1149 1439 6.
1170 1412 1203 1439 de
1221 1423 1284 1440 auro
1305 1424 1356 1450 arg.
1375 1416 1417 1440 34.
1431 1416 1455 1441 2.
1493 1414 1536 1441 III.
1552 1416 1618 1442 (711.
1639 1414 1715 1441 Clavi
1729 1414 1800 1440 aurei
1821 1417 1845 1438 et
1864 1420 1924 1448 pur-

1084 1466 1171 1493 purae.
1193 1456 1222 1482 sr.
1239 1458 1279 1482 19.
1298 1457 1320 1490 5
1335 1459 1358 1483 5.
1378 1457 1412 1483 ib.
1427 1459 1468 1483 34.
1482 1459 1506 1483 2.
1545 1457 1657 1493 C)111bia
1677 1461 1806 1493 argentea.
1827 1455 1924 1481 crustis

1085 1500 1170 1525 aurcis
1190 1499 1295 1535 illigata.
1322 1499 1351 1526 fr.
1374 1501 1413 1526 19.
1438 1500 1475 1534 55.
1495 1503 1518 1526 5.
1539 1511 1578 1537 sq.
1606 1501 1635 1527 sr.
1654 1503 1696 1527 32.
1721 1502 1743 1534 5
1765 1502 1786 1525 1.
1807 1498 1841 1524 ib.
1878 1496 1924 1523 Pe-

1085 1543 1159 1568 cunia
1179 1552 1269 1571 aurea,
1290 1542 1394 1569 Nunnui
1414 1544 1492 1569 aurei.
1523 1543 1553 1569 fr.
1573 1545 1615 1570 35.
1640 1543 1672 1570 de
1690 1548 1759 1580 pact.
1783 1544 1806 1568 2.
1828 1542 1868 1566 14.
1893 1539 1922 1566 sr.

1085 1587 1142 1612 159.
1163 1585 1195 1611 de
1215 1585 1247 1612 V.
1268 1584 1295 1612 S.
1315 1588 1356 1612 50.
1378 1587 1417 1613 16.
1446 1602 1478 1606 —-
1510 1588 1540 1620 ξ.
1563 1588 1597 1613 2.
1626 1589 1806 1616 Pretiosus,
1825 1587 1923 1612 Prae-

1083 1631 1200 1655 clarus.
1237 1628 1279 1655 III.
1301 1630 1362 1656 011.
1394 1628 1468 1655 Libri
1493 1640 1631 1656 aureorum
1656 1629 1732 1663 (Gaii
1756 1629 1829 1661 leti).
1867 1626 1921 1653 lud.

1083 1671 1154 1697 Flor.
1174 1671 1254 1697 Pand.
1274 1671 1337 1698 Iust.
1358 1682 1381 1698 v.
1401 1676 1491 1699 Fatov.

1118 1715 1278 1741 Aureus.
1308 1714 1434 1747 (Subst.)
1473 1717 1627 1742 Nummus
1655 1725 1780 1741 aureus.
1817 1713 1836 1740 I.
1861 1714 1923 1747 Sy.

1084 1756 1200 1782 solidus.
1226 1756 1256 1782 [ι’.
1278 1759 1317 1783 12.
1338 1757 1370 1783 dc
1390 1759 1415 1783 in
1435 1759 1475 1783 ius
1495 1769 1552 1784 voc.
1572 1761 1596 1784 2.
1617 1760 1640 1784 4.
1660 1758 1689 1784 fr.
1710 1760 1733 1784 8.
1754 1758 1830 1791 5.17.
1851 1756 1881 1783 fr.
1898 1758 1922 1783 9.

1084 1799 1116 1825 de
1136 1799 1207 1825 inoff.
1229 1804 1329 1825 testam.
1350 1802 1373 1826 5.
1393 1802 1417 1826 2.
1443 1800 1474 1826 l'r.
1494 1803 1534 1827 47.
1554 1812 1593 1838 pr.
1620 1801 1652 1827 de
1672 1811 1738 1827 man.
1758 1805 1860 1826 testam.
1880 1801 1922 1825 40.

1084 1843 1107 1867 4.
1145 1841 1188 1867 Ill.
1209 1843 1274 1868 sn.
1307 1842 1343 1868 Vt
1366 1853 1414 1879 pro
1438 1843 1472 1870 Μ.
1492 1845 1622 1870 sestertiis
1646 1853 1712 1870 unus
1737 1854 1831 1869 aureus
1855 1852 1923 1869 coin-

1084 1889 1198 1921 putetur.
1226 1884 1248 1918 5.
1268 1887 1292 1911 3.
1318 1885 1335 1912 I.
1361 1886 1393 1912 de
1412 1896 1482 1913 succ.
1502 1887 1620 1913 libel-tor.
1644 1888 1668 1912 3.
1690 1888 1713 1912 7.
1751 1886 1855 1912 Ani-cos
1874 1890 1921 1916 tot,

1084 1927 1217 1964 pluresve,
1238 1927 1307 1954 furto
1328 1929 1351 1954 ei
1370 1929 1471 1956 abesse.
1502 1929 1532 1956 fr.
1554 1932 1593 1956 19.
1614 1930 1636 1963 5.
1656 1931 1680 1956 3.
1705 1929 1737 1955 de
1756 1928 1816 1955 furt.
1836 1930 1877 1954 47.
1897 1930 1921 1953 2.

1084 1970 1186 1996 Habere
1206 1972 1304 1997 centies
1323 1982 1468 1999 aureorum.
1489 1972 1518 1999 sr.
1538 1974 1579 2000 85.
1600 1973 1632 1999 (le
1651 1972 1683 1999 V.
1703 1972 1730 1998 S.
1750 1974 1791 1998 50.
1813 1973 1852 1997 16.
1883 1971 1922 1997 Ιιι-

1084 2013 1189 2045 dicium⁷
1209 2023 1230 2039 s.
1250 2013 1336 2046 Actio,
1356 2025 1380 2041 v.
1394 2015 1490 2047 Poena,
1509 2026 1646 2042 aureorum
1666 2015 1717 2048 (L.‚
1736 2025 1760 2042 v.
1775 2014 1816 2046 C..
1835 2025 1859 2040 v.
1874 2014 1921 2046 D.)

1061 2057 1062 2066 ¹
1084 2056 1114 2082 sr.
1136 2058 1158 2082 7.
1178 2066 1217 2093 pr.
1238 2056 1270 2083 de.
1289 2057 1380 2084 iurisd.
1399 2060 1423 2085 2.
1444 2060 1467 2085 l.
1497 2059 1527 2085 fr.
1549 2061 1588 2085 12.
1607 2058 1638 2085 fr.
1657 2060 1700 2085 24.
1719 2068 1759 2095 sq.
1784 2058 1816 2084 de
1835 2059 1861 2084 in
1881 2058 1921 2083 ius

1084 2109 1141 2125 voc.
1161 2101 1185 2126 2.
1205 2101 1228 2126 4,
1249 2099 1279 2126 fr.
1301 2102 1323 2126 1.
1343 2101 1408 2134 5.1.
1429 2101 1461 2127 dc
1480 2101 1509 2128 L.
1529 2102 1576 2128 Iul.
1597 2102 1663 2128 amb.
1683 2103 1725 2127 48.
1745 2103 1785 2127 14.

1118 2142 1401 2170 Aurichalcum.
1444 2146 1614 2171 Metallum
1638 2155 1674 2172 ex
1693 2155 1773 2173 ,aere
1795 2150 1824 2171 et
1847 2145 1920 2170 cad-

1084 2187 1146 2212 mia
1161 2187 1302 2221 factum.
1338 2186 1381 2213 III.
1403 2188 1469 2215 Gn.
1496 2187 1525 2213 Si
1545 2188 1605 2223 quis
1624 2193 1712 2225 putet,
1732 2188 1787 2214 auri
1807 2186 1920 2223 adpella-

1084 2229 1156 2254 tione
1180 2227 1319 2261 electrum,
1343 2229 1386 2256 vel
1409 2230 1585 2256 aurichalcum
1610 2231 1747 2258 contineri.
1776 2230 1807 2256 l'r.
1832 2231 1854 2255 4.
1879 2238 1917 2265 pr.

1084 2271 1116 2297 de
1136 2270 1212 2307 legat.
1232 2271 1250 2298 I.
1271 2272 1339 2305 (30.)
1376 2272 1405 2299 Si
1424 2283 1469 2299 vas
1489 2273 1664 2300 aurichalcum
1682 2284 1731 2311 pro
1751 2283 1812 2300 auro
1832 2271 1919 2299 vendi-

1060 2340 1062 2348 <
1084 2314 1175 2340 disset.
1206 2314 1236 2340 fr.
1256 2316 1297 2341 45.
1318 2315 1351 2341 de
1371 2320 1453 2342 contr.
1475 2321 1535 2342 enit.
1557 2318 1596 2343 18.
1619 2319 1640 2343 l.

1118 2358 1379 2386 Auriehalcus.
1409 2359 1538 2392 (Adiect.)
1570 2359 1610 2386 Cf.
1630 2369 1654 2386 v.
1674 2357 1865 2385 Auricbalcuin.

1118 2401 1314 2428 Auricula.
1356 2403 1463 2428 Auris.
1505 2402 1546 2429 111.
1573 2404 1638 2430 Gn.
1675 2402 1753 2428 Levis
1777 2399 1916 2436 lippitudo.

1084 2448 1128 2469 aut
1146 2442 1212 2469 levis
1233 2443 1319 2470 dentis
1339 2444 1503 2471 auriculacvc
1523 2445 1613 2477 dolor,
1634 2450 1681 2471 etc.
1705 2444 1735 2470 fr.
1755 2445 1778 2469 4.
1799 2443 1820 2477 5.
1841 2444 1864 2468 6.
1885 2442 1917 2468 de

1084 2486 1149 2512 Aed.
1170 2486 1246 2513 edict.
1266 2488 1307 2513 21.
1328 2489 1350 2514 l.

1118 2530 1368 2562 Auricularis,
1389 2541 1412 2557 v.
1431 2531 1704 2558 Auricularius.
1724 2528 1852 2563 (Adiect.)
1871 2531 1918 2555 Ad

1083 2575 1267 2599 auriculam
1301 2581 1457 2608 spectans.
1506 2575 1549 2601 Ill,
1578 2576 1642 2601 Cn.
1680 2573 1747 2599 Cunl
1777 2573 1915 2600 auriculari

1084 2615 1176 2641 morbo
1196 2615 1360 2643 debilitatum
1380 2622 1405 2643 te
1425 2627 1483 2643 esse
1503 2617 1582 2643 dicas.
1611 2627 1631 2643 c.
1650 2619 1674 2643 2.
1699 2617 1752 2652 Qu.
1775 2617 1867 2643 morbo
1888 2627 1915 2641 se

1084 2668 1172 2684 cxcus.
1194 2661 1233 2685 10.
1254 2661 1295 2686 50,
1334 2660 1387 2696 Qui
1407 2660 1516 2686 alicuius
1535 2660 1617 2696 partis
1637 2661 1769 2696 corporis⁷
1789 2660 1831 2686 vel
1851 2661 1914 2687 certi

1084 2700 1184 2727 doloris
1208 2703 1345 2729 sanitatem
1369 2703 1540 2740 pollicentur„
1570 2707 1661 2739 utputa
1684 2704 1707 2729 si
1730 2703 1913 2733 auricularius.

1083 2745 1105 2769 si
1125 2743 1241 2777 fistulae,
1268 2745 1310 2772 vel
1334 2746 1456 2772 dentium.
1485 2745 1515 2772 fr.
1537 2747 1558 2772 l.
1584 2746 1605 2780 5.
1624 2748 1649 2772 3.
1673 2746 1706 2774 de
1729 2751 1794 2774 extr.
1819 2747 1912 2782 coguit.

1082 2788 1123 2813 50.
1145 2789 1184 2813 13.

1116 2831 1288 2859 Aurifex.
1324 2833 1425 2858 Faber
1453 2835 1618 2860 aurarius.
1656 2833 1698 2860 111.
1723 2833 1788 2861 Cn.
1816 2833 1917 2869 Argen-
