2197 3121
280 177 344 208 660

281 259 381 296 quippe
405 269 482 296 saepe
507 268 564 285 cum
584 268 673 294 magna
694 261 814 297 captione
834 271 847 286 a
867 260 946 286 rebus
966 260 1066 286 uostris
1086 269 1124 286 re·

281 311 411 329 vocamur.
432 301 461 328 fr.
482 303 505 328 7.
526 306 628 328 testam.
649 302 768 338 quemad.
789 314 859 340 aper.
878 305 919 330 29.
939 305 963 329 3.

316 345 583 377 Onesiphorus.
622 346 739 373 Nomen
762 349 856 374 servi.
900 347 940 373 ΙΙΙ.
961 348 1027 374 Cn.
1053 345 1123 371 One-

282 387 402 425 siphore.
427 388 478 413 nisi
498 386 636 423 diligenter
661 390 787 416 rationem
811 391 975 422 excusset·iS‚
1000 388 1067 415 liber
1091 399 1123 415 ne

282 432 350 457 esto!
370 429 400 457 fr.
420 431 461 456 59.
482 431 503 464 9.
522 432 546 456 2.
567 430 599 457 dc
618 441 729 458 manum.
750 438 850 460 tcstam.
871 435 911 459 40.
932 435 955 459 4.

315 474 429 500 Onus.
449 473 480 506 ξ.
497 474 531 500 l.
551 476 693 506 Pondus,
715 477 869 508 Sarcina,
891 478 999 502 Moles.
1028 474 1046 501 1.
1061 475 1122 509 Sy.
1144 480 1145 487 ¹

281 515 398 547 Sarciua,
417 515 534 543 Pondus.
554 516 604 543 Th.
619 517 649 543 C.
664 518 732 544 XIII.
747 520 770 545 8.
792 529 813 545 c.
830 520 851 544 1.
872 528 903 544 ne
917 529 959 555 qu.
974 528 1045 545 ouer.
1060 518 1121 555 pub.

280 558 349 585 XIII.
369 560 392 585 9.
412 569 434 585 c.
448 561 471 585 4.
487 569 526 596 sq.
546 559 579 586 dc
598 560 710 597 naufrag.
748 562 790 588 III.
803 563 868 589 Gn.
890 560 1043 588 Vehiculum
1064 571 1123 587 con—

281 602 394 634 duxisti,
419 607 447 628 ut
467 612 533 628 onus
553 607 625 629 tuum
646 609 768 641 portaret.
806 605 888 631 Navis
908 610 1018 631 onustae
1037 604 1123 631 levan—

281 645 330 672 dae
354 655 444 677 causa,
469 646 529 682 quia
555 646 652 673 intrare
672 664 703 667 -
729 658 780 674 non
804 653 927 685 potuerat.
952 658 1010 675 cum
1035 657 1122 674 onere.

280 687 311 715 fr.
331 690 355 714 4.
375 698 414 725 pr.
435 687 467 714 dc
486 687 515 714 L.
536 688 620 716 Rhod.
644 692 684 716 14.
701 693 725 716 2.
745 690 776 717 cf.
797 691 827 718 fr.
842 694 883 718 61.
904 692 925 724 9.
942 693 963 718 l.
984 691 1061 717 locat.
1084 692 1121 717 19.

280 733 305 757 2.
342 730 436 763 Navis,
456 747 489 750 —
514 741 579 768 quae
603 742 669 759 onus
695 733 829 761 dumtaxat
852 734 943 761 fiscale
961 734 1122 760 subvexerit,

281 773 332 800 Th.
352 772 383 800 C.
403 773 471 800 XIII.
493 776 516 800 5.
537 785 558 801 c.
579 777 601 801 4.
622 775 654 802 de
674 776 786 803 navicul.
824 777 866 804 Ad
891 787 969 804 onera
993 776 1124 804 inhabiles

281 826 370 843 naves.
395 816 425 843 fr.
447 819 468 843 1.
494 818 515 851 9.
539 820 576 844 12.
602 818 633 844 de
658 828 743 846 exerc.
768 825 816 846 act.
839 822 878 846 14.
900 822 920 847 1.
960 820 1027 847 Cum
1048 824 1124 846 nauta

281 869 358 896 agere
375 870 456 897 posse
475 861 563 887 oneris
583 862 668 887 aversi
688 864 797 889 actione.
824 863 855 890 sr.
875 865 916 890 31.
942 863 1018 890 locat.
1040 864 1079 889 19.
1099 866 1123 889 2.
1145 867 1147 871 ’

281 903 336 938 Qui
360 903 472 940 amplius
496 904 601 930 oneriS.
626 915 702 941 quam
727 906 814 938 licuit,
838 908 948 934 vexerit.
973 907 1003 933 fr.
1024 908 1064 932 11.
1085 915 1123 943 pr.

281 946 409 981 Quemad.
436 948 526 972 servit.
550 948 574 973 8.
594 948 618 974 6.
661 948 690 974 Si
715 950 787 985 quis,
811 949 872 986 plus
897 951 967 976 iusto
991 954 1123 977 oneratus.

281 988 406 1015 deiecerit
425 999 500 1016 onuS.
524 989 555 1016 fr.
576 992 598 1016 7.
624 991 645 1024 9.
665 993 689 1018 2.
714 992 744 1018 fr.
764 995 805 1019 52.
825 993 845 1026 9.
866 996 890 1019 2.
910 993 942 1020 ad
961 993 990 1020 L.
1011 994 1080 1029 Aqu.
1100 994 1123 1018 9.

279 1033 305 1058 2.
322 1031 353 1058 cf.
374 1031 404 1058 fr.
421 1033 442 1058 1.
462 1033 484 1066 9.
498 1035 522 1059 4.
543 1034 565 1059 si
585 1034 746 1072 quadrup.9.
759 1037 780 1062 l.
807 1036 861 1071 Qui
881 1037 949 1063 cavit
967 1036 1019 1062 sibi
1039 1035 1125 1062 damni

280 1074 370 1101 infecti
391 1084 499 1102 onerum
519 1086 608 1103 eorum
627 1077 827 1105 relevandorum
847 1080 936 1115 gratia,
957 1089 1023 1115 quac
1042 1079 1066 1104 in
1082 1088 1125 1115 pa-

280 1118 373 1144 rietem
394 1118 554 1145 incumbunt.
575 1119 604 1146 fr.
619 1122 660 1147 28.
680 1120 710 1147 1“ι·.
725 1123 766 1147 40.
787 1122 807 1155 9.
824 1124 845 1148 l.
866 1122 898 1149 de
918 1122 1002 1149 damn.
1022 1121 1067 1148 ins.
1082 1122 1124 1147 39.

279 1162 304 1187 2.
342 1160 411 1187 Cum
437 1162 463 1187 iu
487 1161 544 1197 lege
567 1162 670 1190 aedium
693 1165 728 1190 ita
753 1166 881 1202 scriptum
904 1171 987 1191 esset:
1012 1164 1124 1192 ..Parios

281 1204 355 1230 oneri
372 1203 492 1237 ferundo,
511 1206 549 1231 uti
568 1216 637 1232 nunc
656 1212 705 1239 est,
725 1208 759 1234 ita
776 1209 838 1234 sit.“
857 1208 886 1234 fr.
899 1210 940 1235 33.
960 1208 993 1235 dc
1008 1208 1035 1234 S.
1049 1207 1077 1234 P.
1092 1206 1124 1233 V.

280 1248 305 1273 8.
324 1249 348 1273 2.
387 1247 423 1274 Vt
447 1253 472 1274 et
491 1258 569 1275 onera
590 1249 667 1279 ferat.
693 1255 717 1276 et
741 1250 858 1277 aedilicia
878 1251 990 1284 reficiat,
1016 1251 1046 1277 ad
1067 1260 1125 1277 eum

281 1289 387 1316 madum
407 1292 452 1327 qui
472 1293 600 1318 servitute
619 1293 740 1330 imposita
762 1294 968 1331 comprehensus
989 1298 1036 1320 est.
1057 1293 1087 1320 fr.
1100 1295 1124 1320 6.

281 1334 319 1367 99.
340 1335 364 1361 2.
384 1335 408 1360 4.
428 1335 452 1360 6.
473 1335 495 1360 si
515 1336 604 1361 servit.
624 1338 647 1362 ὃ.
668 1338 691 1363 5.
730 1336 868 1367 Columna.
890 1348 956 1374 quae
977 1347 1043 1363 onus
1062 1337 1125 1363 vici·

281 1386 372 1403 narum
401 1376 502 1403 aedium
531 1377 637 1404 serebat.
670 1379 700 1405 fr.
724 1381 766 1406 33.
791 1380 823 1406 de
848 1380 874 1407 S.
901 1380 928 1406 P.
948 1379 980 1407 V.
1004 1381 1028 1406 8.
1047 1382 1072 1406 2.
1092 1395 1121 1399 -
1147 1377 1148 1384 ¹

281 1420 313 1453 ἓ.
328 1421 363 1446 2.
385 1422 634 1454 Incommodum,
657 1423 815 1450 Debitum.
852 1423 944 1458 [Sy.
964 1423 1124 1450 Necessitas.

282 1462 312 1488 fr.
332 1464 373 1488 42.
394 1462 427 1489 de
446 1468 512 1500 pact.
533 1466 556 1490 2.
578 1466 617 1490 14.
643 1465 672 1491 fr.
692 1468 734 1492 21.
754 1466 786 1493 de.
805 1466 908 1504 probat.
927 1469 969 1493 22.
988 1469 1013 1494 3.
1033 1466 1063 1493 fr.
1082 1468 1124 1492 22.

282 1504 315 1531 de
334 1505 408 1541 legat.
429 1505 458 1532 11.
479 1507 556 1539 (31.)
594 1507 733 1541 Damnum,
753 1509 954 1537 Detrimentum.
975 1510 1003 1537 fr.
1024 1511 1065 1536 54.
1085 1519 1124 1547 pr.

282 1547 358 1574 locat.
380 1550 419 1575 19.
438 1550 462 1574 2.
483 1548 512 1575 1“ι“.
532 1551 556 1576 2.
576 1551 597 1584 9.
617 1552 641 1577 2.
662 1551 694 1578 de
714 1552 801 1579 collat.
822 1553 882 1580 bon.
902 1555 944 1580 37.
958 1554 981 1579 6.
1011 1552 1124 1586 1101).
1147 1563 1148 1575 ¹

281 1590 501 1618 Emolumentum.
523 1592 564 1619 Cf.
579 1593 604 1620 h.
625 1604 648 1620 v.
668 1594 689 1629 9.
711 1597 733 1621 1.
771 1595 813 1622 111.
831 1598 897 1624 Cn.
916 1596 1009 1632 Neque
1028 1596 1127 1632 stipen-

281 1633 361 1666 dium,
382 1645 466 1671 neque
486 1635 613 1662 tributum
627 1653 658 1656 —
679 1639 784 1674 exigere
802 1640 842 1665 vir
862 1650 874 1665 a
895 1639 1003 1666 muliere
1022 1643 1126 1675 potest;

282 1687 350 1704 onus
379 1679 447 1704 enim
476 1678 607 1706 fructuum
632 1679 696 1707 haec
724 1681 854 1718 impendia
879 1687 948 1708 sunt.
976 1681 1006 1708 fr.
1029 1683 1068 1707 13.
1093 1681 1125 1707 de

282 1721 343 1757 imp.
364 1721 389 1746 in
410 1731 452 1747 res
472 1721 525 1748 dot.
545 1724 586 1749 25.
609 1725 630 1749 l.
651 1723 683 1750 cs.
708 1723 738 1750 fr.
758 1726 800 1751 42.
825 1724 857 1751 de
880 1730 948 1762 pact.
967 1726 991 1751 2.
1013 1726 1053 1751 14.
1090 1723 1126 1750 Vt

282 1773 335 1789 non
355 1763 428 1789 solus
449 1770 572 1791 oneretur
591 1767 622 1797 is,
643 1767 686 1802 qui
703 1766 855 1803 dignitatem
868 1769 972 1800 meruit,
991 1768 1039 1794 sed
1059 1778 1126 1794 com-
1147 1781 1149 1797 ,ν

282 1807 368 1833 munis
393 1808 427 1833 sit
451 1808 565 1834 omnium
589 1807 715 1836 heredum
740 1820 806 1837 onus
831 1810 880 1837 hoc
900 1810 1026 1837 debitum.
1051 1810 1081 1837 fr.
1103 1813 1125 1837 1.

283 1849 305 1882 9.
321 1850 359 1876 16.
381 1849 413 1876 de
432 1850 519 1877 collat.
539 1851 599 1877 bon.
618 1853 660 1878 37.
675 1854 698 1879 6.
735 1853 794 1879 Non
815 1858 915 1880 tantum
931 1851 1065 1886 alimenta,
1084 1864 1126 1880 ve-

283 1901 341 1918 rum
361 1894 436 1919 etiam
457 1898 556 1920 caetera
577 1905 681 1931 quoque
695 1906 773 1922 onera
787 1896 938 1923 liberorum.
959 1896 989 1923 fr.
1003 1898 1026 1923 5.
1047 1897 1125 1930 9.12.

1024 177 1116 208 ONE
1131 195 1169 201 —
1184 176 1279 208 OPE.

1145 260 1147 298 ξ
1169 259 1201 286 (18
1215 258 1291 295 legat.
1305 258 1334 287 II.
1350 259 1417 293 (31.)
1447 260 1488 287 Ad
1504 260 1665 297 reliquorum
1679 272 1746 289 onus
1760 264 1901 300 pertinere.
1922 264 1952 290 fr.
1968 266 2008 290 41.

1145 302 1146 341 ᾗ
1168 302 1189 336 9.
1211 304 1233 329 7.
1259 303 1292 329 de
1315 303 1400 330 lideic.
1425 303 1487 330 libb.
1507 306 1548 330 40.
1568 306 1591 330 5.
1621 320 1653 324 ——
1682 306 1713 338 §0
1733 307 1770 333 3.
1797 308 1927 338 Munus,
1950 308 2009 343 Of-

1145 347 1294 381 1[εἰ-ιίιηι.
1332 345 1350 372 I.
1377 347 1439 380 Sy·
1467 347 1569 373 Munus.
1599 347 1640 374 Cf.
1666 347 1690 374 h.
1715 358 1737 374 v.
1769 349 1791 381 9.
1811 350 1835 375 2.
1874 349 2009 386 Obsequia

1144 387 1145 430 ζ
1168 389 1377 426 (competentia.)
1406 390 1482 416 Onus
1501 391 1592 428 (reip.)
1619 390 1668 417 Th.
1690 390 1721 418 C.
1741 390 1811 417 XIV.
1830 393 1871 418 21.
1893 402 1913 418 c.
1935 394 1957 418 1.
1977 392 2010 419 de

1167 436 1236 458 naut.
1248 432 1337 458 Tiber.
1361 432 1402 458 III.
1412 433 1477 460 Cn.
1495 431 1646 469 Vectigalia.
1662 439 1687 460 et
1701 435 1917 471 patrimoniorum
1931 444 2009 461 onera

1167 473 1302 502 solemnia.
1323 475 1353 502 fr.
1368 477 1393 501 2.
1413 475 1434 508 9.
1453 477 1474 502 1.
1495 475 1527 502 de
1546 481 1658 503 veteran.
1673 479 1715 504 49.
1737 478 1776 503 18.
1815 477 1910 503 Civilia
1931 487 2009 504 onera

1144 527 1333 555 ,muneraque
1381 517 1476 545 Civilia
1502 529 1621 551 munera,
1654 520 1697 546 vel
1729 530 1808 546 onera
1835 520 2008 557 municipalia.

1168 560 1217 587 Th.
1238 560 1268 587 C.
1288 561 1344 590 XII.
1367 563 1387 587 l.
1408 572 1428 588 c.
1448 563 1489 588 36.
1515 561 1547 588 de
1572 562 1705 589 decurion.
1726 563 1757 589 cf.
1778 562 1808 589 fr.
1829 564 1852 589 6.
1872 563 1910 589 ’(18
1929 567 2008 589 curat.

1168 604 1258 630 furios.
1277 606 1320 630 27.
1337 606 1375 631 10,
1395 614 1416 631 c.
1433 606 1457 631 3.
1476 615 1509 631 ne
1528 615 1571 632 ux.
1590 615 1639 642 pro
1659 616 1719 632 mar.
1740 609 1763 632 4.
1785 607 1824 632 12.
1863 605 2008 632 Cedendae

1168 646 1265 673 tutelae
1285 648 1325 673 ius
1345 657 1397 673 non
1417 647 1528 682 habere,
1550 658 1608 675 cum
1628 650 1679 686 ipsi
1700 659 1728 675 se
1748 650 1821 675 oneri
1841 649 2009 675 subiecerint.

1168 690 1225 716 Gai.
1245 689 1264 716 I.
1280 692 1337 717 172.
1375 690 1403 717 Si
1424 691 1482 727 quis
1503 691 1626 728 imparem
1646 701 1675 718 se
1694 693 1768 718 oneri
1789 693 1905 718 iniuncto
1924 692 2011 728 possit

1168 733 1270 760 docere.
1291 732 1374 760 Vatic.
1394 734 1430 768 99.
1444 735 1504 760 240.
1517 735 1576 760 243.
1614 733 1676 760 Tria
1695 744 1773 761 onera
1793 734 1934 761 tutelarum
1949 734 2012 761 dant

1169 777 1373 803 excusationem.
1403 776 1432 803 sr.
1452 778 1476 803 3.
1501 776 1532 803 fr.
1552 778 1576 803 5.
1603 776 1635 803 de
1660 783 1787 804 excusatt.
1811 780 1853 804 27.
1875 780 1896 804 1.
1926 776 2009 804 vatic.

1168 819 1206 853 99.
1228 821 1284 846 127.
1305 830 1344 856 sq.
1366 820 1422 846 188.
1442 829 1482 856 sq.

1203 863 1379 891 Onustus.
1408 862 1538 896 (Adiect.)
1568 864 1654 890 Onus
1673 866 1791 891 bahem
1811 865 2010 898 impositum.

1168 905 1185 932 1.
1199 907 1260 940 Sy.
1280 906 1421 933 Oneratus.
1446 905 1487 932 Cf.
1508 916 1531 932 v.
1552 905 1677 933 Onerare.
1697 907 1719 941 9.
1743 909 1764 933 l.
1800 906 1842 933 111.
1863 908 1930 934 Gn.
1949 906 2011 933 Duo

1168 948 1268 986 plostra
1289 953 1382 975 onusta
1402 949 1486 975 mulae
1506 948 1643 976 ducebant.
1664 950 1693 976 fr.
1708 951 1749 976 52.
1769 950 1790 984 9.
1804 952 1828 976 2.
1849 949 1880 976 ad
1894 949 1923 976 L.
1938 949 2006 986 Aqu.

1168 993 1192 1018 9.
1212 993 1236 1017 2.
1274 990 1354 1018 Navis
1374 996 1483 1018 onustae
1506 991 1633 1018 levandae
1653 1002 1728 1019 causa
1750 1008 1780 1012 -υ
1802 992 1928 1029 quaedam
1946 1002 2011 1019 mer-

1169 1045 1212 1061 ces
1237 1035 1263 1061 in
1282 1035 1406 1072 scapham
1430 1036 1552 1061 traiectae
1576 1041 1645 1062 sunt,
1670 1035 1699 1062 sr.
1720 1037 1743 1062 4.
1764 1045 1802 1073 pr.
1823 1036 1855 1062 de
1874 1035 1904 1062 L.
1924 1035 2010 1062 Rhod-

1170 1079 1210 1104 14.
1229 1079 1254 1104 2.

1204 1121 1322 1155 Onyx.
1359 1123 1559 1148 Gemmarum
1578 1123 1708 1156 species.
1745 1121 1788 1148 111.
1810 1123 1875 1149 Gn.
1901 1120 2011 1158 Species

1169 1165 1333 1201 pertinentes
1362 1163 1394 1190 ad
1418 1163 1542 1199 vectigal:
1567 1180 1599 1183 —
1623 1174 1693 1200 onyx
1718 1164 1863 1196 Arabicus,
1884 1181 1915 1185 —
1943 1164 2012 1201 lapis

1170 1208 1321 1235 universus,
1341 1222 1373 1226 -
1393 1205 1528 1242 sardonyx
1547 1211 1596 1233 etc.
1623 1207 1653 1233 i'r.
1674 1209 1713 1233 16.
1737 1207 1759 1241 9.
1780 1208 1803 1233 7.
1829 1207 1861 1233 de
1880 1206 2010 1244 publican.

1168 1251 1210 1277 39.
1230 1251 1254 1276 4.

1205 1294 1368 1326 opacus.
1391 1292 1522 1325 (Adiect.)
1549 1294 1660 1319 l'mbra
1680 1298 1791 1319 tectus.
1828 1292 1859 1319 II.
1876 1294 1943 1327 ΟΡ.
1965 1292 2012 1318 So-

1146 1333 1147 1347 ¹
1170 1336 1203 1362 lis
1222 1335 1318 1373 plenus
1337 1334 1448 1368 (locus.)
1467 1335 1499 1362 sr.
1520 1338 1558 1362 17.
1579 1336 1601 1369 9.
1623 1337 1646 1361 l.
1666 1335 1698 1362 de
1717 1335 1744 1361 S.
1764 1335 1792 1361 P.
1813 1335 1844 1362 V.
1864 1336 1888 1362 8.
1908 1338 1932 1361 ¹2.
1969 1334 2012 1361 III.

1170 1380 1238 1407 Cn·
1260 1378 1494 1405 Deambulationes
1514 1378 1652 1405 arboribus
1671 1378 1842 1405 infructuosis
1862 1387 1957 1415 opacas
1977 1382 2012 1404 at-

1170 1431 1220 1458 que
1239 1431 1360 1448 amoenas
1379 1422 1487 1448 habens.
1507 1421 1537 1448 fr.
1558 1423 1597 1448 13.
1617 1422 1638 1455 9.
1658 1424 1682 1448 4.
1703 1421 1735 1448 de
1754 1420 1836 1448 usufr.
1857 1422 1880 1447 7.
1901 1422 1924 1447 1.

1204 1465 1341 1498 opera.
1378 1466 1409 1498 ξ.
1429 1467 1464 1492 1.
1493 1466 1725 1492 Ministerium.
1766 1464 1784 1490 I.
1806 1465 1868 1498 Sy.
1896 1463 2012 1490 Factum.

1171 1507 1200 1534 fr.
1221 1509 1262 1534 45.
1287 1507 1320 1534 de
1344 1518 1415 1534 usur.
1435 1510 1476 1534 22.
1497 1509 1519 1533 1.
1544 1506 1574 1534 fr.
1594 1508 1635 1533 48.
1659 1517 1699 1544 pr.
1719 1507 1751 1533 de
1770 1507 1801 1534 A.
1822 1506 1852 1533 R.
1873 1506 1906 1533 D.
1926 1508 1968 1533 41.
1990 1508 2011 1532 1.

1171 1550 1304 1577 Officium.
1333 1550 1376 1578 Cf.
1395 1550 1418 1577 h.
1439 1561 1462 1577 v.
1488 1551 1554 1584 9.1.
1591 1549 1772 1577 ministerium.
1796 1549 1827 1577 fr.
1848 1552 1870 1576 7.
1895 1550 1916 1584 9.
1936 1551 1960 1576 5.
1980 1548 2013 1576 de

1147 1594 1148 1634 ¹
1170 1604 1242 1631 oper.
1266 1593 1353 1621 libert.
1378 1595 1419 1621 38.
1442 1596 1463 1620 1.
1505 1593 1549 1620 111.
1569 1594 1635 1620 Cn.
1665 1593 1753 1630 Opera
1781 1603 1809 1619 ac
1838 1593 2013 1619 ministerium

1147 1643 1148 1653 ¹
1170 1638 1341 1671 (servorum.)
1361 1636 1391 1663 fr.
1406 1638 1447 1663 40.
1468 1636 1501 1663 de
1514 1637 1545 1662 A.
1559 1635 1590 1662 R.
1604 1636 1638 1662 D.
1652 1637 1692 1662 41.
1710 1637 1731 1662 1.
1760 1635 1910 1671 Figulorum
1932 1645 2012 1672 opera

1171 1696 1202 1700 ——
1222 1679 1255 1706 ad
1274 1690 1341 1717 opus
1361 1680 1488 1706 rusticum
1507 1680 1553 1705 uti.
1574 1678 1604 1705 fr.
1618 1681 1660 1705 25.
1681 1680 1741 1713 9.1.
1762 1678 1794 1705 de
1812 1680 1888 1706 instr.
1908 1678 1958 1715 leg.
1971 1679 2012 1704 33.

1171 1725 1194 1750 7.
1231 1723 1354 1750 Materiae
1373 1723 1460 1749 emtio.
1482 1739 1511 1743 —-
1535 1722 1684 1759 Operarum
1705 1721 1800 1748 locatio
1819 1726 1845 1748 ct
1864 1721 2012 1748 conductio.

1171 1766 1227 1793 Gai.
1248 1766 1291 1793 111.
1314 1767 1371 1792 147.
1409 1764 1502 1791 Vtrum
1522 1774 1573 1791 uno
1592 1766 1680 1802 pretio
1700 1774 1780 1802 opus,
1799 1774 1831 1791 au
1851 1765 1876 1790 in
1896 1763 2013 1800 singulas

1147 1827 1149 1835 ι
1170 1819 1264 1847 operas
1289 1808 1449 1836 collocatur?
1476 1808 1505 1834 t'r.
1526 1809 1567 1834 51.
1595 1808 1616 1841 9.
1638 1809 1658 1834 l.
1684 1807 1762 1834 locat.
1789 1809 1828 1834 19.
1847 1809 1871 1833 2.
1914 1806 2014 1833 Loeare

1171 1862 1264 1890 operas
1285 1861 1355 1883 suas.
1376 1856 1403 1878 ut
1422 1856 1470 1878 etc.
1491 1850 1521 1877 fr.
1544 1853 1566 1876 1.
1586 1851 1607 1884 9.
1627 1851 1651 1877 6.
1671 1850 1704 1876 de
1722 1850 1820 1888 postul.
1840 1852 1864 1877 3.
1885 1851 1907 1876 l.
1927 1849 1957 1876 sr.
1973 1850 2012 1875 10.

1147 1901 1149 1926 ¹
1170 1896 1191 1930 9.
1205 1898 1229 1922 2.
1250 1895 1281 1921 ad
1295 1894 1325 1921 L.
1340 1894 1387 1921 Iul.
1408 1894 1440 1921 de
1459 1893 1538 1921 adult.
1553 1895 1594 1920 48.
1608 1895 1632 1920 5.
1663 1893 1692 1920 Si
1712 1893 1775 1930 quid
1795 1904 1827 1920 ex
1846 1893 1935 1930 operis
1949 1892 2012 1919 suis.

285 1934 317 1961 de
336 1945 438 1971 agnose.
459 1941 485 1963 ct
504 1936 588 1963 alend.
608 1940 649 1964 25.
670 1940 693 1964 3.
714 1939 745 1965 cf.
769 1939 798 1965 fr.
819 1941 841 1965 8.
863 1939 895 1966 de
914 1939 982 1966 alim.
1002 1950 1025 1966 v.
1046 1940 1124 1966 cibar.
1146 1929 1149 1961 ¹
1171 1938 1211 1964 vel
1232 1948 1263 1964 ex
1283 1948 1311 1964 re
1324 1942 1423 1970 nostra,
1443 1937 1582 1973 adquirant
1597 1938 1646 1969 (sc.
1662 1937 1731 1963 servi
1746 1938 1808 1967 etc.)
1828 1936 1885 1962 Gai.
1899 1934 1940 1961 111.
1955 1935 2011 1960 16⁴.

283 1979 326 2003 34.
348 1979 369 2003 1.
399 1977 450 2004 Vbi
470 1990 548 2006 onera
568 1982 725 2008 matrimonii
745 1987 814 2009 sunt.
835 1982 864 2008 fr.
880 1984 920 2008 56.
941 1983 977 2017 99.
994 1985 1016 2009 1.
1037 1993 1075 2019 sq.
1092 1982 1125 2009 de
1147 1979 1149 2026 ᾖ
1171 1981 1201 2008 cf.
1218 1981 1247 2007 11.
1262 1982 1303 2007 91.
1318 1982 1359 2007 94.
1380 1980 1527 2018 lesXIX.
1547 1982 1588 2006 21.
1626 1979 1686 2005 Non
1706 1983 1803 2005 tantum
1824 1980 1910 2016 ipsum
1929 1978 2011 2009 (man-

286 2021 341 2046 iure
355 2020 407 2047 dot.
419 2024 460 2047 23.
472 2024 495 2048 3
520 2023 597 2048 Aeris
617 2023 693 2050 alieni
714 2035 780 2052 onus
801 2026 945 2058 (sustinere
960 2026 1022 2058 etc.)
1043 2025 1072 2052 fr.
1083 2027 1124 2052 53.
1147 2051 1149 2065 μ
1171 2025 1297 2061 cipium.)
1327 2023 1375 2050 sed
1395 2024 1471 2049 etiam
1491 2033 1585 2060 operas
1605 2023 1661 2049 eius
1682 2038 1713 2042 »-
1733 2021 1843 2048 reddere
1863 2020 1926 2055 cogi.
1947 2029 1968 2045 c.
1990 2021 2011 2044 l.

286 2073 322 2100 pr.
345 2063 376 2089 de
396 2063 471 2101 legat.
491 2064 520 2091 ll.
542 2067 618 2098 (31.)
645 2067 673 2093 l'r,
693 2069 734 2093 31.
760 2068 781 2101 ξ,
801 2071 824 2094 2,
850 2068 882 2094 de
902 2068 977 2101 legat.
997 2068 1038 2094 111.
1059 2069 1125 2101 (32.)
1148 2067 1149 2089 ¹
1171 2068 1192 2101 9.
1216 2069 1237 2093 l.
1258 2066 1291 2093 de
1310 2066 1340 2093 R.
1361 2066 1393 2093 V.
1412 2068 1436 2092 3.
1456 2068 1497 2092 32.
1535 2066 1681 2096 lIabitatio.
1706 2064 1747 2091 vel
1772 2073 1866 2101 operae
1890 2062 2011 2093 hominis,

286 2107 373 2133 Onera
394 2108 462 2139 eius,
487 2109 531 2144 qui
556 2109 581 2134 in
601 2108 768 2146 adoptionem
789 2110 864 2137 datus
884 2098 938 2142 est]
957 2111 1006 2145 (ad
1026 2116 1125 2148 patrem
1148 2108 1149 2148 ¹
1171 2110 1212 2136 vel
1233 2111 1306 2136 cuius
1327 2109 1435 2136 alterius
1454 2108 1580 2140 animalis,
1601 2107 1741 2141 (relictae.)
1762 2106 1791 2132 fr.
1805 2107 1828 2132 5.
1849 2106 1870 2139 9.
1885 2107 1909 2131 3.
1930 2104 2010 2131 usufr.

287 2149 438 2187 adoptivum
458 2151 671 2185 transferuutur.)
697 2152 725 2178 fr.
747 2155 787 2178 45.
808 2153 840 2179 «le
859 2154 947 2191 adopt,
970 2156 990 2180 1.
1012 2155 1035 2180 7.
1072 2154 1126 2180 Aes
1147 2157 1150 2187 ¹
1172 2152 1290 2189 ‹pu-mad.
1312 2154 1334 2178 7.
1355 2154 1377 2178 9.
1415 2151 1444 2178 In
1467 2151 1579 2177 hominis
1604 2150 1686 2177 ususr.
1711 2158 1806 2186 operae
1828 2152 1904 2180 sunt,
1929 2152 1954 2174 et
1978 2147 2011 2173 ob

287 2191 407 2224 alienum,
428 2204 484 2220 cum
504 2196 614 2221 caeteris
634 2194 799 2222 hereditariis
814 2197 945 2223 oneribus.
966 2197 1048 2223 6221.
1069 2198 1090 2231 9,
1104 2199 1125 2223 1,
1148 2195 1150 2227 ¹
1172 2205 1266 2232 operas
1285 2194 1428 2221 mercedes
1449 2194 1478 2220 fr.
1497 2196 1522 2220 3.
1541 2204 1581 2230 sq.
1602 2193 1634 2220 de
1653 2202 1725 2230 oper.
1745 2200 1843 2218 servor.
1861 2193 1882 2217 7.
1904 2192 1926 2216 7.
1964 2190 2012 2216 Ar-

287 2235 319 2261 de
340 2234 369 2261 N.
391 2235 420 2261 G.
440 2238 465 2263 3.
484 2239 507 2263 5,
546 2237 717 2264 Ilereditariis
742 2239 867 2265 ont-ribus
896 2241 942 2271 (se
966 2241 1126 2276 immergere,
1148 2237 1150 2268 ¹
1171 2239 1245 2264 tiiicii
1270 2248 1363 2275 operas
1383 2242 1524 2274 praestare.
1548 2236 1578 2263 fr.
1601 2237 1639 2262 16.
1659 2245 1698 2272 pr.
1718 2234 1750 2260 de
1770 2244 1841 2271 oper.
1862 2233 1949 2260 libert.
1969 2234 2010 2259 38.

287 2288 307 2304 s.
328 2278 483 2310 subiicere.)
503 2280 532 2306 fr.
552 2282 593 2306 20.
614 2281 634 2315 9.
655 2283 678 2307 2.
699 2280 731 2307 (1(-
750 2281 780 2307 A.
802 2292 824 2307 v.
846 2282 878 2308 0.
900 2281 928 2307 11.
948 2284 988 2308 29.
1009 2284 1032 2308 2.
1053 2283 1083 2308 fr.
1103 2284 1126 2309 6.
1175 2283 1194 2307 l.
1233 2280 1336 2318 Operas
1355 2290 1416 2307 suas
1436 2280 1542 2307 diurnas
1562 2283 1755 2313 nocturnasque.
1775 2276 1868 2302 locare.
1888 2275 1960 2302 Paul.
1980 2275 2010 2302 11.

288 2321 320 2347 dc
339 2321 424 2348 fidvic.
444 2321 507 2348 libb.
529 2325 569 2349 w.
589 2325 612 2349 5.
651 2325 702 2359 Qui
724 2334 771 2360 pro
792 2323 898 2350 domino
917 2324 1049 2351 vinculum
1064 2325 1127 2351 obli·
1149 2313 1150 2347 ¹
1175 2325 1212 2350 18.
1233 2324 1298 2357 9.1.
1319 2323 1348 2350 fr.
1368 2326 1392 2349 2.
1417 2323 1449 2349 de.
1473 2332 1531 2349 ann.
1554 2321 1629 2357 legat.
1648 2322 1690 2346 33.
1714 2321 1733 2345 l.
1772 2319 1810 2345 Ne
1837 2320 1896 2355 quis
1922 2328 2011 2345 eorum

287 2365 398 2400 gationis
418 2366 542 2402 suscepit.
563 2376 629 2393 onus
650 2369 705 2393 eius
725 2367 820 2393 frustra
847 2371 958 2394 recusat.
984 2366 1014 2393 fr.
1034 2369 1074 2393 67.
1096 2367 1127 2393 de
1148 2370 1150 2393 ¹
1173 2376 1278 2403 operas.
1303 2366 1383 2397 doni,
1407 2366 1537 2396 muneris.
1566 2363 1670 2389 aliudve
1694 2361 1853 2399 quidquam.
1881 2361 2012 2388 libertatis

288 2417 391 2444 procur.
405 2409 429 2433 3.
443 2409 466 2434 3.
488 2407 519 2434 cf.
541 2407 569 2434 fr.
591 2411 630 2435 «1⁸.
652 2411 673 2443 9
696 2412 715 2435 1.
737 2410 769 2436 de
789 2409 961 2436 ii‹1eiuss.116.
982 2411 1002 2435 l.
1041 2410 1128 2435 Actio·
1149 2424 1150 2443 ¹
1173 2420 1249 2435 eausa
1269 2414 1379 2446 patrono
1400 2424 1431 2428 -
1452 2407 1587 2438 iuraverit,
1612 2405 1653 2432 vel
1675 2406 1824 2442 promiserit
1844 2410 1892 2431 etc.
1920 2404 1950 2431 fr.
1969 2405 2010 2431 37.

289 2460 349 2476 num
369 2450 492 2476 oneribus
517 2460 546 2476 se
570 2451 687 2478 libe-rare.
713 2452 742 2478 t'r.
762 2455 786 2478 3,
807 2463 845 2489 pr.
866 2452 898 2478 de
918 2453 1022 2478 inreiur.
1046 2454 1083 2479 12,
1103 2455 1127 2478 2.
1149 2444 1151 2455 ¹
1173 2463 1211 2489 pr.
1232 2452 1262 2479 cf.
1284 2452 1314 2478 i'r.
1334 2454 1356 2478 7.
1377 2452 1398 2485 9.
1417 2451 1493 2478 3,(10
1511 2459 1583 2486 oper.
1604 2449 1690 2475 libert.
1711 2450 1752 2474 38.
1770 2450 1790 2474 l.
1811 2447 1840 2473 fr.
1859 2449 1900 2473 53.
1919 2457 1959 2484 pr.
1980 2447 2012 2473 de

289 2492 351 2519 Pars
378 2493 578 2525 (hereditatis.)
603 2495 628 2520 in
653 2505 702 2530 qna
722 2506 788 2522 onus
808 2496 950 2531 legatorum
971 2505 1022 2521 non
1043 2497 1128 2521 eonsi-
1150 2495 1151 2526 ¹
1174 2495 1204 2521 V.
1225 2496 1252 2521 S.
1272 2497 1313 2521 50.
1335 2496 1373 2521 16.
1411 2494 1439 2519 Si
1459 2502 1552 2529 operas
1576 2503 1589 2518 a
1613 2492 1708 2518 liberto
1729 2492 1788 2527 quis
1807 2490 1949 2527 stipulatus
1968 2490 2010 2520 sit,

288 2541 377 2562 steret.
398 2536 427 2562 fr.
450 2537 488 2561 18.
510 2536 541 2562 de
564 2536 637 2573 legat.
659 2544 754 2574 praest.
774 2541 815 2564 37,
835 2541 858 2564 5.
897 2539 927 2565 Si
945 2548 1023 2565 unum
1044 2548 1075 2564 ex
1095 2538 1129 2564 le·
1173 2548 1225 2563 non
1244 2542 1303 2564 ante
1323 2537 1378 2563 dics
1398 2546 1484 2562 earum
1505 2535 1585 2563 cedit.
1607 2545 1682 2571 quam
1701 2534 1814 2561 indictae
1834 2533 1943 2564 fuerint.
1963 2541 2010 2558 nee

288 2580 354 2613 gatis
374 2589 440 2605 onus
460 2579 545 2606 habet.
566 2579 595 2606 fr.
616 2582 638 2606 5.
664 2581 685 2614 9.
707 2582 728 2606 1.
750 2580 781 2606 (1(·
802 2581 876 2617 legat.
898 2581 927 2607 II.
947 2581 1022 2614 (31.)
1061 2580 1128 2606 Cum
1151 2574 1152 2599 ¹
1173 2581 1226 2606 sint
1244 2580 1392 2617 praestitae.
1413 2579 1441 2604 l'r.
1462 2579 1502 2604 73.
1524 2588 1561 2615 pr.
1582 2578 1614 2604 dc
1627 2577 1659 2604 V.
1674 2577 1706 2604 Ο.
1721 2579 1762 2603 45.
1778 2579 1800 2604 l,
1820 2576 1850 2602 fr.
1867 2578 1905 2602 19.
1926 2575 1955 2601 fr.
1968 2576 2009 2600 50.

289 2631 367 2647 onere
388 2621 529 2657 legatorum
550 2622 780 2648 fi‹l‹·i‹·01nn1issum
799 2625 910 2650 restitui.
929 2624 958 2650 fr.
972 2626 997 2650 2.
1017 2623 1047 2649 ad
1062 2623 1128 2650 S.C.
1151 2618 1152 2627 ¹
1173 2624 1194 2657 9.
1218 2625 1237 2649 1.
1259 2622 1291 2649 de
1310 2631 1381 2658 oper.
1402 2620 1488 2647 libert.
1503 2622 1545 2647 3⁵.
1561 2623 1583 2647 1.
1604 2620 1660 2647 Gai.
1676 2619 1719 2646 lv.
1735 2622 1791 2646 162.
1829 2619 1914 2655 Saepe
1932 2626 2009 2654 opera

291 2662 368 2689 Treb.
389 2666 428 2690 36,
452 2666 473 2690 1.
511 2665 616 2691 Caduca
642 2675 698 2691 eum
724 2666 778 2691 suis
799 2667 923 2692 oneribus
944 2667 989 2692 liet
1009 2666 1128 2699 (hert-‹Ii-
1151 2660 1152 2667 ¹
1174 2666 1282 2692 alicuius
1301 2674 1349 2701 pro
1368 2665 1478 2700 pecunia
1498 2663 1574 2690 valet.
1604 2663 1640 2689 lb.
1661 2662 1702 2688 111.
1724 2664 1780 2688 149.
1801 2661 1830 2688 fr.
1850 2663 1891 2688 39.
1919 2669 1956 2697 pr.
1977 2658 2009 2685 de

291 2708 355 2736 tas.)
380 2707 409 2732 t'r.
429 2710 452 2733 2,
478 2708 498 2741 9.
519 2710 542 2734 2.
569 2709 590 2734 si
616 2718 657 2744 qu.
679 2708 756 2744 aliqu.
782 2713 841 2734 test.
868 2709 971 2744 prohib.
991 2712 1032 2735 29.
1053 2711 1076 2735 6.
1097 2708 1128 2735 cs.
1150 2722 1151 2732 ¹
1174 2719 1224 2735 rec.
1245 2717 1287 2744 qu.
1307 2706 1360 2732 arb.
1380 2708 1402 2732 4.
1423 2710 1446 2732 ὃ.
1484 2705 1591 2732 Nullum
1610 2705 1779 2743 impendium,
1802 2704 1844 2730 vel
1863 2712 1940 2740 opera
1961 2703 2009 2734 (in-

292 2747 351 2784 le.
370 2749 451 2775 xvn.
471 2753 495 2776 3.
516 2749 545 2776 fr.
561 2753 602 2776 61.
623 2751 643 2783 9.
668 2753 687 2776 1,
708 2751 740 2776 de
760 2750 834 2787 legat.
855 2751 883 2777 11.
905 2753 970 2784 (31.)
999 2751 1128 2778 Deductis
1150 2749 1151 2784 ¹
1174 2750 1291 2780 tercedit,
1311 2760 1346 2775 sc.
1367 2748 1493 2781 herodis.)
1513 2748 1543 2775 fr.
1564 2750 1604 2774 44.
1624 2748 1684 2781 9.1.
1704 2748 1735 2775 ad
1754 2747 1820 2774 S.C.
1841 2745 2008 2773 Treb.36.1.

291 2791 415 2816 oneribus
440 2792 470 2818 ad
495 2793 606 2829 aliquem
631 2795 776 2830 pervenire.
802 2793 830 2820 fr.
855 2795 892 2819 16.
918 2794 939 2827 9.
961 2795 982 2819 1.
1009 2794 1040 2821 ad
1061 2794 1087 2821 S.
1097 2794 1127 2821 C.
1148 2792 1151 2833 ¹
1173 2794 1202 2820 Si
1222 2792 1339 2829 qualibet
1358 2793 1383 2818 in
1403 2802 1430 2818 re
1455 2801 1547 2829 opera.
1572 2790 1614 2817 vel
1638 2792 1718 2827 gratia
1742 2800 1814 2821 mea,
1838 2798 1900 2815 usus
1920 2788 2007 2814 sum-is.

291 2832 368 2860 Treb.
384 2835 423 2860 36.
442 2836 461 2860 1.
501 2835 674 2862 Deductionis
694 2847 760 2863 onus
780 2847 830 2863 non
851 2838 955 2863 evitare.
977 2836 1006 2862 fr.
1025 2839 1048 2863 5.
1068 2838 1089 2871 9
1106 2838 1126 2862 l.
1173 2836 1203 2862 fr.
1226 2836 1263 2861 19.
1284 2836 1305 2868 9.
1328 2837 1348 2860 1.
1370 2834 1402 2860 de
1421 2834 1508 2861 donat.
1528 2836 1570 2861 39.
1590 2836 1613 2859 5.
1650 2833 1778 2870 luget-erc,
1799 2832 1941 2862 Insumere,
1960 2831 2009 2857 Ac-
