2197 3121
1028 161 1126 192 CVL.

218 248 249 274 fr.
267 248 291 274 5.
312 247 333 281 3.
354 248 394 273 12.
420 247 454 273 ib.
475 248 515 273 13.
535 247 560 272 6.
597 245 672 281 Quae
691 245 747 270 sinc
767 243 844 281 culpa
863 243 991 270 accidunt.
1023 243 1053 270 sr.

217 292 259 316 23.
280 289 312 317 dc
330 289 362 316 R.
382 289 400 316 1.
420 292 461 316 50.
482 291 522 316 17.
558 288 583 315 Is
603 288 694 324 culpae
717 296 777 313 reus
803 291 856 318 est,
883 287 927 323 qui
947 291 995 313 etc.
1024 286 1054 312 l'r.

219 334 259 359 14.
279 343 319 370 pr.
340 332 373 359 (10
391 337 457 358 cust.
473 337 498 358 et
511 331 598 359 exhib.
618 332 659 357 48.
672 332 696 356 3.
734 329 884 356 Tol-mentis
899 329 968 366 apud
981 329 1056 356 Prae-

220 375 305 402 sidem
323 375 468 405 subiectus.
487 379 513 401 ct
531 374 563 400 de
582 373 652 400 nulla
671 372 746 410 culpa
761 373 906 399 confessus.
926 371 997 398 Paul.
1011 371 1055 398 IV.

221 419 263 444 12.
283 418 305 452 3
325 419 349 444 3.
369 434 401 437 —
421 419 452 451 §-
468 419 505 444 3.
535 414 767 452 Negligent‘ia²
787 417 932 441 Desidia.
960 414 979 440 I.
995 415 1056 448 Sy.

220 460 273 487 Per
292 460 438 492 lasciviam,
468 464 493 485 et
515 469 567 485 non
593 458 651 485 data
674 468 761 495 opera.
808 457 893 494 Culpa
918 456 1056 490 (sactum).

221 503 279 530 Gai.
303 503 345 530 III.
369 504 428 529 202.
470 501 553 528 Posse
581 501 657 528 alicui
686 501 815 538 imputari.
857 500 970 536 Culpam
999 509 1058 526 con-

220 547 335 572 traxisse
354 555 411 571 eum
430 543 521 570 videri.
550 543 580 570 fr.
600 545 641 570 31.
661 545 682 578 3.
702 546 726 570 2.
746 543 778 570 de
797 542 829 569 N.
850 542 881 569 G.
901 544 925 568 3.
945 544 968 568 5.
1006 542 1058 568 De-

221 588 297 615 sidia.
325 587 355 614 fr.
376 590 416 614 72.
435 596 483 624 pro
503 596 556 612 soc.
577 588 617 612 17.
636 589 660 613 2.
690 587 711 620 3.
731 588 754 613 9.
774 585 793 612 I.
815 585 871 612 cod.
892 587 916 612 3.
935 586 977 610 25.
1008 583 1058 610 Ne-

222 630 353 667 gligcntia.
383 630 413 656 fr.
434 631 473 655 72.
497 628 514 655 l.
537 630 576 654 17.
595 631 619 655 2.
644 628 673 655 fr.
693 631 734 655 30.
754 629 776 662 3.
795 629 819 654 3.
844 627 876 654 ad
894 627 924 654 L.
944 627 1013 664 Aqu.
1033 628 1057 653 9.

221 675 247 699 2.
285 672 354 699 Coll.
373 672 425 699 LL.
444 671 478 698 Μ.
498 671 554 697 XII.
574 674 597 698 5.
626 672 657 698 l'r.
677 674 700 698 7.
720 672 741 705 3.
762 673 784 697 l.
805 670 837 697 (10
857 681 929 707 susp.
950 675 997 696 tut.
1016 671 1057 695 26.

222 717 263 741 10.
288 715 319 742 fr.
338 717 396 741 226.
422 714 453 741 de
472 714 503 741 V.
525 715 551 740 S.
571 716 612 740 50.
633 716 672 741 16.
710 713 850 750 Imperitia.
875 713 905 739 fr.
924 715 967 739 30.
991 713 1013 746 3
1033 714 1057 738 3.

221 757 240 785 1.
259 759 283 785 9.
302 760 327 784 2.
351 757 382 784 fr.
402 759 425 784 9.
445 758 467 791 3.
487 759 510 783 5.
530 756 580 783 loc.
602 758 640 783 19.
660 758 683 782 2.
720 756 750 782 Il.
767 758 834 790 011.
860 755 951 782 Fraus.
971 755 1002 782 fr.
1016 757 1058 781 39.

221 801 245 835 3.
263 803 289 827 2.
308 800 341 827 (10
360 800 426 826 adm.
446 805 471 826 et
490 801 569 837 peric.
592 801 634 826 26.
655 801 677 825 7.
715 799 782 825 Cmn
801 809 848 836 per
866 798 990 825 heredem
1009 802 1059 823 ste-

221 844 310 876 tisset,
331 844 470 880 quominus
490 847 538 869 010.
563 858 595 862 ——
623 842 652 868 Si
671 842 729 868 sine
748 841 824 879 culpa
843 846 887 868 ant
906 840 967 868 dolo
986 840 1059 867 here—

220 885 262 912 dis
282 890 330 912 ete.
358 885 388 912 sr.
408 888 432 912 8.
457 886 478 920 3.
499 887 522 912 4.
547 885 598 920 Qu.
626 884 716 910 satisd.
741 894 796 921 cog.
820 886 845 911 2.
864 886 888 911 8.
925 883 967 910 111.
993 885 1058 911 Cn.

221 927 252 955 Si
269 929 296 954 in
316 933 448 965 potestate
466 933 601 955 nautarum
620 927 676 957 fuit.
696 937 728 953 ne
747 927 773 953 id
787 927 924 959 accideret,
944 931 969 953 et
983 926 1059 963 eulpa

222 981 313 998 001010
332 972 427 998 factum
446 973 488 998 sit.
513 971 543 997 fr.
563 972 604 996 29.
624 971 645 1004 3.
666 972 691 996 2.
711 969 744 996 ad
761 969 791 996 L.
810 969 879 1006 Aqu.
899 971 922 996 9.
941 971 965 995 2.
1002 969 1059 995 Ple-

221 1024 333 1050 rumque
351 1013 470 1040 incendia
490 1013 566 1051 culpa
586 1013 652 1039 fiunt
671 1012 879 1039 inhabitantium.
899 1012 928 1039 l'r.
948 1014 972 1038 3.
992 1012 1058 1046 3.1.
1078 1015 1081 1042 ἑ

222 1057 256 1084 (10
275 1057 319 1084 off.
338 1057 390 1084 Prf.
411 1056 485 1093 Vigg.
505 1059 527 1083 1.
548 1058 587 1082 15.
625 1055 653 1081 Si
674 1065 719 1082 eos
737 1056 887 1087 vocaveris,
912 1060 937 1081 et
955 1065 1059 1081 causam

221 1104 309 1126 tantae
328 1099 500 1135 negligentiae
519 1099 676 1130 excusseris,
697 1103 722 1124 et
741 1099 768 1124 iu
787 1108 999 1134 unumquemque
1017 1107 1059 1124 eo-

221 1153 291 1175 rum,
310 1147 388 1180 prout
408 1142 455 1168 tibi
474 1141 555 1168 levari
574 1141 617 1167 vel
636 1142 738 1167 onerari
758 1140 833 1178 culpa
848 1142 904 1167 eius
918 1140 1058 1173 videbitur,

221 1186 400 1212 constitueris.
419 1184 450 1211 sr.
471 1186 511 1210 14.
532 1184 563 1210 de
583 1184 626 1210 off.
647 1183 733 1210 Praes.
755 1186 777 1210 1.
792 1186 832 1210 18.
869 1183 959 1220 Magna
974 1183 1057 1220 culpa.

220 1228 251 1255 11.
269 1229 328 1254 226.
349 1228 381 1255 (10
400 1227 431 1254 V.
452 1227 479 1254 S.
499 1229 540 1253 50.
562 1229 601 1253 16.
639 1226 697 1253 *Nisi
716 1232 767 1253 tam
786 1226 837 1253 lata
857 1226 934 1264 culpa
954 1226 1010 1259 suit,
1030 1231 1059 1253 ut

220 1270 324 1297 luxuria
345 1270 389 1304 [al.
404 1270 530 1302 luxuriae,
550 1269 582 1296 al.
596 1269 715 1303 lusoriaJ,
735 1275 779 1296 aut
797 1269 859 1296 dolo
879 1271 914 1296 sit
932 1271 1058 1307 proxima.

222 1313 254 1340 fr.
275 1315 315 1339 11.
335 1313 368 1340 (10
387 1312 489 1339 incend.
509 1313 590 1339 ruina.
610 1314 651 1339 47.
665 1314 689 1339 9.
710 1312 741 1339 cf.
756 1312 785 1339 fr.
799 1315 858 1339 213,
879 1313 900 1346 3
915 1316 939 1339 2.
959 1312 988 1339 fr.
999 1313 1058 1339 223.

221 1366 263 1394 pr.
283 1356 316 1382 (10
326 1355 358 1383 V.
373 1355 400 1382 S.
419 1358 460 1382 50.
473 1357 512 1382 16.
550 1355 605 1382 Sed
623 1357 655 1387 si⁷
675 1365 733 1381 cum
752 1355 861 1382 deberet
879 1355 1059 1388 (distrahere),

221 1409 275 1426 non
294 1398 368 1431 fecit,
388 1398 439 1425 lata
458 1398 542 1435 culpa,
563 1408 615 1425 non
634 1398 698 1430 levi,
719 1403 744 1425 et
763 1399 842 1425 rebus
862 1400 917 1426 suis
936 1403 1060 1425 consueta

221 1441 386 1478 negligentia.
410 1441 441 1468 fr.
460 1444 501 1468 22.
522 1442 543 1475 3
563 1443 587 1468 3.
611 1441 644 1468 ad
663 1441 690 1468 S.
711 1441 742 1468 C.
762 1441 842 1468 Treb.
861 1444 902 1468 36.
924 1444 946 1468 l.
985 1441 1061 1468 Tunc

222 1485 339 1522 punitur,
359 1494 417 1510 cum
437 1483 498 1510 dolo
517 1484 585 1510 malo
606 1494 658 1510 non
678 1484 797 1516 exhibet3
820 1485 867 1512 sed
887 1484 989 1521 culpam
1008 1494 1061 1510 non
1081 1477 1083 1484 ⁴

223 1527 382 1565 praestabit,
406 1527 457 1553 nisi
481 1526 543 1553 dolo
567 1529 720 1564 proximam.
754 1526 784 1553 fr.
804 1529 828 1554 8.
853 1538 892 1565 pr.
917 1528 949 1554 (10
968 1527 1060 1554 0(100(1.

222 1573 247 1597 2.
268 1573 307 1597 13.
334 1570 365 1597 fr.
386 1571 426 1596 ll.
446 1570 529 1603 §.11.
549 1569 582 1596 de
601 1571 690 1596 interr.
710 1571 736 1596 in
756 1571 818 1596 iure.
840 1573 880 1597 11.
902 1573 924 1597 l.
944 1570 973 1597 sr.
996 1573 1017 1597 1.
1038 1571 1060 1604 3.
1082 1569 1083 1573 ¹

223 1614 247 1639 2.
277 1614 300 1639 si
318 1614 341 1639 is
361 1623 403 1650 qu.
423 1617 524 1639 testam.
544 1612 589 1639 lib.
616 1614 656 1639 47.
676 1615 700 1640 4.
729 1613 759 1639 l'r.
779 1615 820 1639 47.
845 1614 866 1647 3.
886 1615 910 1639 5.
934 1612 966 1639 de
985 1612 1060 1649 legat.

224 1655 243 1681 Ι.
263 1656 338 1689 (30.)
368 1671 399 1675 -—
432 1655 462 1688 §-
482 1657 520 1682 —l-
550 1658 654 1690 Culpa
679 1658 770 1682 levis.
807 1656 849 1682 III.
871 1658 936 1684 Cn.
964 1656 1061 1682 Dolum

223 1698 319 1724 malum
338 1698 480 1729 dumtaxat.
500 1714 533 1717 —-
554 1698 667 1725 Omnem
686 1699 789 1736 00111010
807 1699 973 1736 (praestare).
993 1699 1023 1725 fr.
1039 1701 1061 1724 1.

224 1741 247 1774 3.
269 1743 291 1767 1.
310 1742 332 1767 si
350 1751 463 1767 mensor.
484 1743 524 1767 11.
544 1743 567 1768 6.
605 1741 764 1768 Contractus
781 1742 886 1778 quidam
905 1742 993 1768 dolum
1012 1752 1062 1768 ma-

225 1783 278 1809 lum
297 1783 429 1809 dumtaxat
448 1785 590 1821 recipiunt.
615 1784 720 1821 quidam
746 1789 771 1811 et
796 1784 885 1811 dolum
905 1789 930 1810 et
950 1784 1061 1820 culpam,

226 1841 258 1845 —
277 1827 303 1852 10
322 1826 363 1852 his
383 1825 487 1861 quidam
512 1831 538 1852 et
561 1826 728 1862 diligentiam.
758 1827 788 1853 l'r.
807 1829 849 1853 23.
874 1827 906 1853 (10
924 1826 955 1852 li.
975 1826 993 1852 I.
1019 1828 1061 1852 50.

244 1870 266 1894 7.
297 1868 326 1894 sr.
346 1870 370 1894 5.
394 1869 416 1902 3
435 1870 459 1894 2.
486 1869 613 1895 commod.
640 1871 679 1895 13.
700 1870 723 1895 G.
759 1869 829 1896 Coll.
849 1869 901 1895 LL.
921 1869 954 1896 M.
978 1869 1011 1895 X.
1036 1871 1061 1895 2.

226 1910 263 1937 Vt
281 1921 333 1937 non
353 1910 438 1937 solum
457 1911 558 1943 dolum,
584 1911 631 1937 sed
656 1912 732 1938 etiam
751 1912 853 1949 culpam
873 1917 897 1938 et
917 1912 1062 1938 custodiam

224 1958 349 1991 praestet,
369 1964 420 1979 non
439 1958 524 1980 tamen
541 1964 616 1980 casus
631 1954 761 1980 fortuitos.
785 1955 815 1981 11.
831 1957 853 1981 1.
873 1955 894 1989 3
908 1956 950 1981 35.
971 1955 1061 1992 depos.

226 1998 267 2023 16.
286 1998 310 2023 3.
341 1997 375 2022 Et
395 1995 497 2033 culpam
516 2002 542 2023 et
561 1996 649 2023 dolum
663 2002 795 2034 praestare
809 1997 913 2029 debere,
932 1998 1062 2024 interdum

226 2040 303 2066 etiam
321 2049 416 2066 casum.
445 2039 475 2065 fr.
497 2041 536 2065 11.
563 2039 592 2066 fr.
612 2041 652 2065 32.
673 2050 711 2076 pr.
732 2039 764 2066 (10
782 2040 815 2067 N.
835 2041 866 2066 G.
885 2043 909 2066 3.
929 2043 953 2067 5.
990 2041 1063 2076 Quid
1083 2041 1085 2051 '

226 2084 313 2109 veniat
330 2083 358 2109 in
377 2082 532 2108 commodati
547 2083 665 2109 actione?
685 2087 770 2109 utrum
784 2082 869 2115 dolus,
889 2093 921 2109 011
939 2088 963 2109 01
977 2083 1061 2120 culpa,

228 2135 259 2151 an
276 2135 338 2152 vero
359 2130 385 2151 et
404 2135 479 2151 omne
497 2125 659 2162 periculum?
686 2125 716 2152 fr.
736 2128 760 2152 5.
780 2127 801 2160 3.
820 2128 844 2152 2.
870 2126 996 2152 commod.
1022 2128 1061 2153 13.

228 2168 252 2193 6.
278 2167 362 2194 Vatic.
382 2169 404 2202 3.
420 2170 476 2194 101.
515 2168 627 2205 Culpam
646 2178 749 2195 omnem
761 2170 927 2206 accipiemus,
948 2179 1000 2195 non
1015 2171 1063 2195 011-

230 2219 281 2245 que
297 2210 380 2238 latam.
409 2211 440 2238 fr.
460 2213 500 2237 31.
522 2212 605 2245 3.12.
626 2211 657 2238 (10
676 2211 742 2238 Αο(1.
763 2211 839 2238 edict.
858 2214 899 2238 21.
921 2214 943 2238 1.
976 2212 1062 2249 Culpa

230 2262 283 2277 nou
301 2252 331 2278 ad
350 2255 541 2280 exactissimam
561 2254 720 2290 diligentiam
740 2254 881 2291 dirigenda.
902 2255 932 2281 sr.
953 2257 993 2281 72.
1014 2265 1061 2292 pro
1083 2270 1085 2278 ·

231 2304 285 2321 soc.
306 2297 344 2321 17.
363 2299 386 2322 2.

266 2338 480 2370 Culpabilis.
506 2341 634 2373 (Adiect.)
664 2343 866 2375 Calpurnius,
885 2343 1062 2375 Reprehen-

231 2383 354 2406 dendus.
391 2380 433 2406 111.
452 2384 516 2409 Cn.
542 2384 617 2418 Quos
637 2385 689 2409 vita
709 2384 866 2420 culpabiles,
886 2389 911 2410 et
930 2385 1001 2420 origo
1022 2384 1063 2410 ha-

233 2422 276 2448 bet
294 2422 431 2457 ignobiles.
461 2423 509 2451 Th.
528 2425 558 2452 C.
581 2426 622 2452 il.
641 2429 682 2453 27.
708 2438 728 2453 c.
750 2429 789 2452 15.
809 2427 841 2453 dc
860 2432 943 2463 agent.
962 2429 989 2453 in
1008 2427 1061 2453 reb.

231 2464 261 2490 Si
280 2465 311 2490 ad
331 2481 361 2484 —
382 2466 499 2492 notitiam
517 2468 656 2506 culpabilia
676 2475 747 2506 gesta
763 2471 936 2506 pervenerint.
967 2470 1003 2496 Il).
1018 2470 1061 2496 11.

230 2509 272 2534 29.
293 2518 314 2533 0.
333 2509 356 2533 3.
377 2507 408 2533 de
428 2509 522 2535 curios.
1057 2508 1059 2511 ’

267 2551 442 2583 sulpure.
475 2553 594 2586 Culpae
612 2558 807 2588 adscribere,
828 2558 980 2592 Arg-nere.
1018 2556 1060 2583 III.

232 2594 299 2621 Gn.
330 2592 484 2629 culpandus
504 2604 555 2620 uon
574 2601 625 2628 est,
645 2599 688 2634 (101
708 2609 760 2624 0011
780 2599 893 2625 admittit
912 2603 959 2625 etc.
988 2598 1017 2625 fr.
1037 2601 1061 2626 6.

231 2636 253 2669 3.
275 2638 296 2661 1.
324 2637 375 2670 Qu.
396 2636 463 2663 mod.
483 2638 552 2674 pign.
577 2640 618 2664 20.
638 2641 661 2666 6.
699 2641 772 2676 Quae
791 2641 833 2668 vel
853 2641 985 2678 diligentia
1005 2652 1063 2679 pro—

231 2684 300 2704 mota
327 2678 452 2710 viderint,
480 2679 522 2705 vel
547 2680 646 2707 desidia
672 2689 792 2721 corrupta
811 2685 980 2722 culpaverint.
1012 2685 1062 2712 Th.

232 2721 262 2747 C.
276 2721 334 2747 XV.
356 2723 377 2747 1.
399 2732 419 2747 r.
438 2724 462 2748 2.
483 2722 514 2748 de
534 2733 594 2759 opp.
613 2723 674 2760 pub.

266 2765 459 2791 Cultellus.
502 2766 617 2792 Culter
650 2769 759 2795 minor.
799 2770 841 2797 111,
870 2772 935 2798 Cn.
970 2771 1063 2802 Servo.

232 2816 309 2842 quem
334 2811 425 2833 tonsor
449 2807 568 2839 radebat,
596 2809 655 2845 gula
680 2812 795 2847 praecisa
820 2813 920 2840 adiecto
948 2814 1063 2842 cultello.

1873 162 1937 193 233

1100 244 1129 271 sr.
1151 245 1190 270 ll.
1210 253 1249 281 pr.
1275 243 1307 269 ad
1326 242 1354 270 L.
1375 243 1442 280 Aqu.
1467 245 1490 270 9.
1510 246 1533 270 2.
1578 243 1687 270 Cultelli
1706 243 1817 274 minImi,
1841 243 1938 279 (1011105

1100 288 1124 313 10
1145 287 1215 313 bello
1235 287 1365 323 quispiam
1385 288 1423 313 011
1443 297 1496 313 11011
1515 291 1612 324 potest.
1643 285 1734 312 Iuliani
1754 286 1816 322 epit.
1836 295 1895 311 nov.
1915 296 1936 312 c.

1101 332 1142 356 79.
1161 330 1183 364 ᾗ.
1202 330 1261 357 304.

1137 373 1276 400 Culter.
1319 373 1575 398 lustramentum
1603 373 1672 398 acie
1694 372 1869 402 munitum,
1898 373 1940 397 ad

1101 418 1269 442 secandum
1289 416 1442 441 idoneum.
1480 414 1498 440 I.
1519 416 1580 448 Sy.
1609 414 1677 440 Sica.
1714 413 1826 440 Ferreus
1846 413 1936 440 culter.

1102 458 1123 491 3.
1143 459 1165 484 5.
1186 457 1204 484 I.
1225 457 1256 484 (10
1275 457 1336 494 pub.
1357 456 1409 483 iud.
1434 458 1457 482 4.
1478 458 1518 483 18.
1558 457 1601 483 III.
1627 458 1692 484 Gn.
1723 455 1862 487 Trutinas.
1886 456 1938 482 cul-

1103 505 1171 531 tros,
1191 500 1323 531 dolabras,
1342 501 1516 526 instrumento
1535 501 1588 531 (sc.
1608 500 1737 533 lanionis)
1756 498 1936 535 relinquimus.

1102 543 1132 569 fr.
1153 545 1192 570 1³.
1213 554 1251 580 pr.
1271 543 1303 569 de
1322 544 1396 569 instr.
1416 542 1465 578 leg.
1483 544 1525 568 33.
1546 545 1568 569 7.
1928 543 1932 549 ⁸

1138 587 1272 614 eunio.
1309 587 1339 619 §-
1363 587 1397 612 1.
1427 587 1570 612 Cultura
1592 587 1708 620 (agri).
1744 584 1763 611 I.
1786 585 1847 618 Sy.
1876 583 1938 610 Cul-

1103 634 1167 655 tura.
1198 629 1238 655 Cs.
1259 629 1283 655 11.
1303 639 1327 655 v.
1347 644 1379 648 -
1404 629 1434 662 §-
1456 629 1491 654 2.
1521 630 1636 654 Cultus
1660 629 1799 654 divinus.
1837 626 1855 653 I.
1876 628 1938 660 Sy.

1103 671 1207 698 Cultus.
1237 671 1277 698 Cf.
1302 672 1327 698 h.
1350 682 1374 698 v.
1420 670 1530 707 Religio.
1565 669 1614 697 Th.
1641 670 1672 696 C.
1697 669 1767 696 XVI.
1796 671 1820 696 8.
1851 680 1872 696 0.
1895 671 1937 696 21.

1103 715 1135 742 (10
1154 715 1208 741 Iud.

1138 759 1280 785 Cultor.
1326 758 1357 791 §-
1383 758 1418 784 1.
1452 758 1620 792 Agricola.
1668 756 1687 782 I.
1710 757 1772 789 Sy.
1803 755 1938 781 Rusticus.

1104 800 1199 826 Cultor
1222 810 1348 837 agrorum.
1381 799 1411 826 fr.
1431 801 1454 826 2.
1480 799 1512 826 de
1535 799 1642 826 nundin.
1668 800 1709 825 50.
1731 800 1769 824 ll.
1811 797 1938 824 Colonus.

1104 854 1125 870 c.
1145 845 1184 869 13.
1205 844 1270 877 3.1.
1291 843 1322 869 (10
1342 842 1447 879 agricol.
1468 844 1508 869 11.
1527 844 1568 868 47.
1605 841 1649 868 111.
1664 843 1729 869 Cn.
1754 841 1861 867 Domini
1879 850 1939 877 pos-

1103 887 1264 918 sessionum,
1288 885 1437 912 cultor-esve
1461 890 1594 911 terrarum.
1634 884 1684 911 Th.
1703 884 1734 911 C.
1753 883 1783 910 ll.
1808 885 1849 910 31.
1873 893 1894 909 c.
1916 885 1938 909 1,

1103 930 1154 965 Qu.
1175 930 1256 955 iussu.
1287 928 1317 954 cs.
1336 928 1369 954 X.
1389 930 1429 954 22,
1451 939 1472 954 c.
1491 930 1515 954 5.
1536 928 1567 954 (10
1587 927 1724 954 sabi-icens.
1762 926 1939 957 Frumentum,

1103 972 1174 1009 quod
1198 972 1303 998 cibariis
1328 971 1456 997 cultorum
1479 976 1598 1007 paratum
1621 970 1696 997 soret.
1730 969 1759 996 fr.
1781 971 1820 995 12.
1844 979 1883 1006 pr.
1907 968 1940 995 de

1104 1016 1178 1041 instr.
1199 1014 1248 1051 leg.
1268 1016 1309 1041 33.
1331 1016 1353 1040 7.
1374 1030 1406 1033 —
1426 1014 1456 1047 §-
1472 1015 1508 1040 2.
1531 1015 1594 1046 Qui
1609 1015 1808 1050 profitetur,
1829 1015 1878 1039 vel
1896 1014 1940 1039 ob-

1103 1064 1218 1085 servat.
1256 1057 1290 1083 Ill
1314 1058 1379 1084 (711.
1398 1056 1529 1092 Antiquae
1548 1056 1701 1092 prudentiae
1721 1055 1844 1082 cultores.
1865 1065 1886 1081 0.
1899 1057 1938 1081 15.

1103 1101 1135 1127 de
1155 1105 1237 1127 contr.
1263 1105 1322 1126 emt.
1346 1101 1369 1126 4.
1389 1100 1430 1125 33.
1468 1098 1603 1135 Supernae.
1625 1099 1752 1125 maiestati
1778 1103 1803 1125 et
1826 1099 1940 1124 romanis

1103 1144 1203 1180 legibus
1222 1144 1321 1170 inimici
1340 1142 1463 1169 cultores.
1492 1140 1559 1167 Nov.
1570 1140 1619 1167 Th.
1634 1141 1663 1167 Il.
1684 1141 1716 1167 de
1730 1141 1784 1167 lud.
1804 1141 1822 1167 I.
1836 1142 1860 1167 6.
1880 1151 1900 1167 c.
1917 1142 1939 1167 1.

1103 1187 1124 1221 3.
1143 1189 1167 1213 2.
1204 1186 1333 1213 Nicaenae
1351 1185 1471 1212 adsertor
1494 1184 1568 1216 fidei,
1594 1189 1619 1210 et
1642 1184 1785 1210 catholicae
1806 1183 1940 1219 religionis

1102 1240 1180 1256 verus
1205 1229 1298 1260 cultor.
1327 1228 1376 1255 Th.
1392 1227 1422 1254 C.
1442 1226 1512 1254 XVI.
1533 1229 1556 1253 5.
1577 1237 1597 1253 c.
1618 1228 1641 1253 6.
1661 1227 1683 1260 3.
1702 1229 1726 1252 2.
1747 1226 1779 1253 (10
1798 1226 1910 1252 haeret.⁴

1139 1274 1308 1301 Cultura.
1355 1272 1386 1304 ἓ.
1414 1271 1448 1297 1.
1477 1272 1562 1305 Agri
1589 1272 1714 1296 colendi
1741 1271 1939 1296 exerc-itiam.

1103 1316 1121 1342 Ι.
1150 1318 1211 1350 Sy.
1249 1315 1348 1342 Cultio.
1385 1313 1435 1340 Th.
1456 1312 1487 1339 C.
1512 1312 1568 1339 XII.
1594 1315 1616 1339 l.
1646 1323 1666 1339 0.
1686 1314 1727 1338 33.
1756 1311 1788 1338 (10
1808 1311 1940 1338 dccurion.

1104 1359 1184 1394 Quod
1209 1358 1313 1385 colendi
1337 1367 1414 1383 causa
1438 1361 1581 1393 pararetur.
1626 1355 1705 1391 Quod
1724 1355 1806 1380 instar
1825 1354 1941 1381 culturae

1105 1407 1183 1429 esset.
1214 1402 1243 1428 sr.
1261 1403 1299 1428 12.
1319 1411 1359 1438 pr.
1379 1400 1411 1426 de
1430 1401 1504 1425 instr.
1524 1398 1572 1435 leg.
1591 1400 1632 1425 33.
1648 1400 1670 1425 7.
1707 1397 1855 1424 Exercendi
1873 1399 1941 1424 ruris

1104 1447 1192 1482 gratia.
1231 1444 1357 1471 Culturae
1375 1443 1444 1469 ruris
1463 1442 1623 1473 necessaria,
1644 1440 1810 1474 (revehere).
1842 1440 1891 1467 Th.
1909 1440 1940 1467 C.

1105 1488 1148 1515 IV.
1168 1490 1208 1514 12.
1230 1498 1250 1514 c.
1263 1490 1288 1513 2.
1308 1496 1347 1523 sq.
1368 1485 1400 1512 (10
1418 1486 1512 1521 vectig.
1532 1489 1558 1511 et
1577 1494 1668 1511 comm.
1696 1483 1739 1510 III.
1757 1485 1823 1511 Cn.
1841 1483 1941 1515 Hortis,

1104 1530 1146 1557 vel
1166 1531 1275 1557 cacteris
1295 1529 1418 1560 culturis,
1439 1528 1508 1560 (loca
1528 1538 1591 1565 pura
1611 1528 1734 1559 servata).
1763 1526 1794 1553 fr.
1815 1528 1855 1553 73.
1875 1527 1896 1560 3.
1917 1528 1940 1552 l.

1105 1574 1137 1601 (10
1157 1579 1239 1600 contr.
1260 1577 1319 1599 emt.
1340 1574 1379 1597 15.
1401 1573 1423 1597 l.
1462 1571 1490 1597 Si
1511 1570 1656 1597 deseruerit
1675 1569 1874 1601 habitationem,
1899 1568 1941 1595 vel

1104 1616 1177 1643 fundi
1197 1616 1337 1646 culturam.
1359 1614 1486 1647 (colonus
1504 1613 1547 1639 vel
1566 1612 1736 1650 inquilinus).
1764 1612 1795 1638 fr.
1814 1614 1855 1638 24.
1875 1612 1897 1645 3.
1916 1613 1940 1637 2.

1104 1660 1181 1686 locat.
1207 1661 1246 1686 19.
1266 1661 1290 1685 2.
1327 1657 1435 1684 Fundus
1460 1657 1574 1683 deterior
1596 1656 1692 1687 sactus,
1716 1660 1742 1681 et
1765 1654 1866 1681 cultura
1889 1664 1941 1680 non

1105 1704 1272 1729 exercitatus.
1298 1701 1371 1727 Paul.
1392 1700 1421 1726 ll.
1442 1703 1482 1726 18.
1502 1700 1523 1733 3.
1543 1701 1567 1725 2.
1604 1698 1755 1724 Fundorum
1773 1696 1943 1724 hereditario-

1105 1756 1162 1772 rum
1181 1745 1296 1771 culturas
1316 1745 1484 1779 rationesque
1503 1742 1650 1778 disponere.
1686 1740 1723 1766 Ib.
1742 1739 1786 1766 IV.
1811 1741 1834 1766 8.
1859 1740 1880 1774 3.
1899 1741 1941 1766 25.

1104 1788 1155 1814 Pro
1176 1787 1276 1813 cultura
1296 1791 1321 1813 et
1341 1797 1400 1812 cura
1420 1786 1541 1819 (fructus,
1562 1793 1628 1820 quos
1645 1783 1772 1820 percepit,
1792 1783 1848 1809 eius
1862 1784 1941 1815 esse).

1105 1832 1126 1864 3.
1146 1832 1188 1856 35.
1208 1830 1225 1857 I.
1247 1829 1278 1856 (10
1296 1829 1327 1856 R.
1348 1830 1381 1856 D.
1401 1831 1424 1855 2.
1446 1830 1468 1855 l.
1504 1827 1652 1864 Impensas,
1677 1835 1741 1862 quas
1765 1826 1791 1851 in
1815 1825 1942 1852 culturam

1106 1874 1216 1905 fecerat,
1237 1873 1353 1909 recipiat.
1380 1872 1409 1898 l'r.
1423 1873 1465 1898 311.
1485 1871 1506 1904 3.
1521 1872 1543 1896 1.
1564 1869 1597 1895 de
1616 1868 1682 1895 usuf.
1704 1870 1726 1895 7.
1748 1870 1770 1895 l.
1807 1867 1876 1895 Vasa
1895 1869 1943 1895 uti-

1106 1916 1139 1942 lia
1159 1916 1283 1942 culturae.
1308 1915 1338 1941 fr.
1359 1916 1382 1941 S.
1403 1925 1441 1951 pr.
1464 1913 1496 1940 de
1514 1914 1589 1939 instr.
1609 1912 1657 1948 leg.
1676 1913 1718 1938 33.
1739 1913 1762 1937 7.
1792 1926 1824 1931 —
1850 1912 1881 1944 ξ.
1906 1912 1941 1937 2.

1107 1961 1236 1991 Cultus,
1260 1959 1443 1984 feneratio.
1480 1956 1498 1983 I.
1514 1957 1575 1990 Sy.
1598 1954 1734 1981 Adoratio.
1764 1953 1813 1980 Th.
1833 1953 1864 1980 C.
1883 1953 1941 1980 XV.

1106 2003 1129 2028 4.
1150 2012 1171 2028 c.
1193 2003 1214 2027 1.
1235 2011 1273 2038 pr.
1294 2001 1316 2034 3
1338 2003 1360 2026 1.
1381 2000 1413 2026 (10
1432 2001 1521 2035 imagg.
1541 2000 1631 2036 imper.

1142 2045 1283 2072 Cultus.
1314 2042 1440 2076 (Subst.)
1486 2043 1517 2076 §-
1544 2043 1578 2068 l.
1614 2042 1716 2073 Cura,
1747 2041 1941 2070 lustrat-tio,

1106 2088 1301 2115 Exornatio.
1337 2086 1380 2112 Ill.
1395 2087 1461 2113 Gn.
1487 2086 1561 2120 Quae
1580 2085 1635 2110 esui
1654 2083 1789 2120 potuique,
1809 2082 1942 2118 cultuique

1107 2131 1234 2167 corporiS,
1256 2139 1373 2166 quaeque
1393 2128 1425 2155 ad
1442 2127 1583 2154 vivendum
1600 2126 1700 2153 homiui
1712 2126 1858 2152 neccssaria
1871 2130 1941 2151 sunt.

1107 2174 1137 2200 l'r.
1156 2175 1197 2199 43.
1218 2182 1257 2209 sq.
1278 2172 1309 2199 cf.
1330 2172 1360 2198 fr.
1380 2173 1438 2198 203.
1459 2171 1491 2198 de
1504 2170 1536 2197 V.
1557 2170 1583 2196 S.
1603 2172 1644 2196 50.
1666 2170 1705 2195 16.
1742 2168 1870 2205 Mancipia
1889 2178 1941 2194 non

1107 2216 1193 2243 solum
1217 2215 1248 2242 ad
1272 2215 1370 2241 cultum
1396 2214 1574 2241 custodiamvc
1597 2212 1688 2243 villae,
1714 2211 1761 2237 sed
1781 2212 1856 2237 etiam
1876 2221 1940 2247 quae.

1108 2265 1135 2286 ut
1154 2260 1205 2296 ipsi
1224 2258 1351 2295 patrifam.
1372 2259 1397 2284 in
1416 2257 1561 2283 ministerio
1576 2256 1612 2281 ibi
1626 2259 1722 2286 essent,
1742 2254 1826 2290 legato
1841 2253 1939 2280 cedere.

1107 2303 1137 2329 fr.
1158 2305 1198 2328 12.
1218 2302 1239 2335 3.
1259 2303 1300 2328 35.
1326 2301 1358 2327 de
1378 2302 1451 2327 instr.
1470 2300 1518 2335 leg.
1538 2301 1579 2325 33.
1601 2300 1622 2325 7.
1666 2297 1774 2324 Fundus
1798 2306 1854 2323 cum
1872 2305 1940 2321 man—

1108 2346 1183 2382 cipiis
1203 2349 1228 2370 et
1247 2344 1402 2381 pecoribus.
1429 2343 1591 2378 caeterisque
1614 2341 1692 2368 rebus
1713 2350 1778 2377 quae
1797 2338 1877 2365 cultui
1899 2347 1940 2363 ru-

1107 2390 1173 2414 stico
1200 2388 1369 2413 sustinentur.
1408 2385 1457 2411 Th.
1481 2385 1511 2411 C.
1536 2385 1593 2411 Ml.
1619 2387 1640 2411 1.
1666 2395 1688 2410 c.
1708 2385 1731 2409 6.
1756 2382 1787 2408 (10
1807 2380 1939 2406 111-0011011.

1084 2449 1085 2462 ἢ
1107 2432 1195 2457 Otiosi
1215 2429 1316 2456 aedium
1337 2428 1430 2454 cultus.
1458 2428 1495 2454 lb.
1510 2428 1577 2455 Ylll.
1596 2430 1619 2454 5.
1641 2438 1661 2454 c.
1677 2429 1716 2452 15.
1737 2425 1768 2451 de
1787 2433 1864 2449 cursu
1877 2422 1938 2459 pub.

1084 2490 1085 2495 =
1107 2474 1138 2501 cl'.
1158 2474 1188 2500 sr.
1208 2475 1248 2499 39.
1269 2473 1290 2506 3.
1310 2473 1333 2497 4.
1354 2471 1385 2497 (10
1405 2471 1488 2497 damn.
1509 2471 1553 2497 ins.
1573 2473 1613 2497 39.
1627 2473 1651 2496 2.
1672 2485 1704 2489 -
1723 2469 1754 2501 §-
1770 2468 1804 2493 2.
1828 2467 1939 2493 Obser-

1106 2518 1233 2547 vautia,
1257 2516 1435 2542 feneratio.
1473 2514 1491 2540 I.
1510 2516 1571 2548 Sy.
1601 2513 1690 2540 Cultio
1711 2511 1805 2536 divina.
1843 2508 1939 2535 Cultus

1107 2559 1227 2593 (divinae
1246 2557 1432 2590 reverentiae).
1462 2556 1511 2583 Th.
1536 2556 1566 2582 C.
1586 2555 1642 2581 XII.
1664 2556 1685 2579 1.
1711 2563 1731 2579 e.
1751 2554 1792 2578 49.
1817 2552 1881 2585 3.1.
1907 2551 1939 2578 de

1106 2602 1238 2628 decurion.
1258 2599 1327 2626 XVI.
1346 2602 1370 2626 2.
1391 2610 1412 2626 c.
1431 2601 1472 2625 21.
1493 2599 1525 2625 de
1545 2600 1623 2635 episc.
1645 2595 1707 2622 eccl.
1745 2594 1788 2621 III.
1804 2596 1869 2622 Cn.
1895 2594 1938 2620 Ob

1106 2643 1256 2671 retinendae
1278 2643 1419 2680 pudicitiae
1443 2642 1553 2668 cultum.
1583 2651 1611 2666 ac
1639 2637 1793 2665 servandam
1816 2637 1939 2664 natalium

1083 2705 1084 2712 1
1106 2688 1277 2714 honestatem.
1306 2696 1326 2712 c.
1348 2688 1370 2712 7.
1395 2685 1426 2711 de
1446 2683 1560 2721 1105111111.
1585 2692 1638 2708 rev.
1663 2683 1686 2708 8.
1707 2683 1748 2707 51.
1788 2679 1844 2707 Nec
1866 2691 1939 2717 prae-

1108 2734 1239 2756 tereantur
1262 2733 1290 2755 ut
1313 2728 1450 2763 incogniti,
1480 2742 1511 2745 —-
1534 2724 1582 2750 scd
1607 2734 1637 2750 ΘΟ
1662 2725 1835 2751 observentur
1859 2722 1938 2751 cultu.

1108 2774 1177 2799 omni
1198 2777 1273 2799 coetu
1292 2773 1413 2806 omnique
1432 2772 1568 2796 conventu.
1598 2766 1647 2793 Th.
1663 2766 1694 2794 C.
1714 2766 1757 2793 Vl.
1777 2768 1800 2793 9.
1821 2776 1841 2791 0.
1856 2767 1880 2791 2.
1899 2775 1937 2801 pr.

1109 2815 1141 2842 (10
1161 2815 1269 2851 Quaest.
1289 2824 1352 2849 mag.
1373 2813 1415 2839 oss.
1454 2812 1507 2846 Qui
1530 2810 1561 2837 ad
1584 2820 1698 2847 paganos
1717 2811 1783 2836 ritus
1802 2808 1939 2843 cultusque

1466 2856 1500 2880 30
