<?xml version="1.0" encoding="UTF-8"?>
<!DOCTYPE html PUBLIC "-//W3C//DTD XHTML 1.0 Transitional//EN"
    "http://www.w3.org/TR/xhtml1/DTD/xhtml1-transitional.dtd">
<html xmlns="http://www.w3.org/1999/xhtml" xml:lang="en" lang="en">
 <head>
  <title>
</title>
<meta http-equiv="Content-Type" content="text/html;charset=utf-8" />
  <meta name='ocr-system' content='tesseract 3.04.00' />
  <meta name='ocr-capabilities' content='ocr_page ocr_carea ocr_par ocr_line ocrx_word'/>
</head>
<body>
  <div class='ocr_page' id='page_1' title='image "./manualelatinitat00dirk_0591.png"; bbox 0 0 2197 3121; ppageno 0'>
   <div class='ocr_carea' id='block_1_1' title="bbox 908 181 1197 212">
    <p class='ocr_par' dir='ltr' id='par_1_1' title="bbox 908 181 1197 212">
     <span class='ocr_line' id='line_1_1' title="bbox 908 181 1197 212; baseline 0 0"><span class='ocrx_word' id='word_1_1' title='bbox 908 181 998 212; x_wconf 82' lang='lat' dir='ltr'>MEL</span> <span class='ocrx_word' id='word_1_2' title='bbox 1024 199 1062 206; x_wconf 91' lang='lat'>—</span> <span class='ocrx_word' id='word_1_3' title='bbox 1088 181 1197 212; x_wconf 81' lang='lat' dir='ltr'>MEM.</span> 
     </span>
    </p>
   </div>
   <div class='ocr_carea' id='block_1_2' title="bbox 1851 186 1912 217">
    <p class='ocr_par' dir='ltr' id='par_1_2' title="bbox 1851 186 1912 217">
     <span class='ocr_line' id='line_1_2' title="bbox 1851 186 1912 217; baseline 0.016 -1"><span class='ocrx_word' id='word_1_4' title='bbox 1851 186 1912 217; x_wconf 83' lang='lat'>577</span> 
     </span>
    </p>
   </div>
   <div class='ocr_carea' id='block_1_3' title="bbox 184 262 1914 300">
    <p class='ocr_par' dir='ltr' id='par_1_3' title="bbox 184 262 1914 300">
     <span class='ocr_line' id='line_1_3' title="bbox 184 262 1914 300; baseline -0.001 -6"><span class='ocrx_word' id='word_1_5' title='bbox 184 266 319 294; x_wconf 87' lang='lat' dir='ltr'>meliorem</span> <span class='ocrx_word' id='word_1_6' title='bbox 339 275 442 292; x_wconf 78' lang='lat' dir='ltr'>causam</span> <span class='ocrx_word' id='word_1_7' title='bbox 461 265 525 291; x_wconf 86' lang='lat' dir='ltr'>haec</span> <span class='ocrx_word' id='word_1_8' title='bbox 543 264 647 291; x_wconf 77' lang='lat' dir='ltr'>saciant.</span> <span class='ocrx_word' id='word_1_9' title='bbox 667 262 698 289; x_wconf 78' lang='lat' dir='ltr'>fr.</span> <span class='ocrx_word' id='word_1_10' title='bbox 717 264 741 289; x_wconf 86' lang='lat'>6.</span> <span class='ocrx_word' id='word_1_11' title='bbox 761 264 783 297; x_wconf 63' lang='grc' dir='ltr'>ξ.</span> <span class='ocrx_word' id='word_1_12' title='bbox 805 264 826 289; x_wconf 94' lang='lat'>1.</span> <span class='ocrx_word' id='word_1_13' title='bbox 847 262 880 289; x_wconf 89' lang='lat' dir='ltr'>de</span> <span class='ocrx_word' id='word_1_14' title='bbox 899 262 926 289; x_wconf 90' lang='lat' dir='ltr'>S.</span> <span class='ocrx_word' id='word_1_15' title='bbox 946 263 974 290; x_wconf 90' lang='lat' dir='ltr'>P.</span> <span class='ocrx_word' id='word_1_16' title='bbox 994 263 1025 290; x_wconf 92' lang='lat' dir='ltr'>R.</span> <span class='ocrx_word' id='word_1_17' title='bbox 1048 264 1051 300; x_wconf 58' lang='grc' dir='ltr'>ἶ</span> <span class='ocrx_word' id='word_1_18' title='bbox 1074 266 1112 290; x_wconf 94' lang='lat' dir='ltr'>ll.</span> <span class='ocrx_word' id='word_1_19' title='bbox 1134 264 1165 291; x_wconf 76' lang='lat' dir='ltr'>cs.</span> <span class='ocrx_word' id='word_1_20' title='bbox 1190 263 1262 290; x_wconf 86' lang='lat' dir='ltr'>Paul.</span> <span class='ocrx_word' id='word_1_21' title='bbox 1288 263 1331 290; x_wconf 81' lang='lat' dir='ltr'>IV.</span> <span class='ocrx_word' id='word_1_22' title='bbox 1358 266 1380 291; x_wconf 87' lang='lat'>7.</span> <span class='ocrx_word' id='word_1_23' title='bbox 1405 266 1426 298; x_wconf 69' lang='grc' dir='ltr'>ξ.</span> <span class='ocrx_word' id='word_1_24' title='bbox 1446 266 1468 291; x_wconf 82' lang='grc'>6.</span> <span class='ocrx_word' id='word_1_25' title='bbox 1511 264 1608 292; x_wconf 89' lang='lat' dir='ltr'>Totum</span> <span class='ocrx_word' id='word_1_26' title='bbox 1634 264 1751 292; x_wconf 77' lang='lat' dir='ltr'>codicem</span> <span class='ocrx_word' id='word_1_27' title='bbox 1776 267 1914 299; x_wconf 74' lang='lat' dir='ltr'>rationum,</span> 
     </span>
    </p>
   </div>
   <div class='ocr_carea' id='block_1_4' title="bbox 184 307 1029 421">
    <p class='ocr_par' dir='ltr' id='par_1_4' title="bbox 184 307 1029 421">
     <span class='ocr_line' id='line_1_4' title="bbox 184 307 1028 342; baseline -0.005 -6"><span class='ocrx_word' id='word_1_28' title='bbox 184 310 208 336; x_wconf 85' lang='lat' dir='ltr'>S.</span> <span class='ocrx_word' id='word_1_29' title='bbox 228 310 252 335; x_wconf 79' lang='lat'>3.</span> <span class='ocrx_word' id='word_1_30' title='bbox 290 308 419 341; x_wconf 76' lang='lat' dir='ltr'>Sufficiat,</span> <span class='ocrx_word' id='word_1_31' title='bbox 438 310 478 335; x_wconf 90' lang='lat' dir='ltr'>ius</span> <span class='ocrx_word' id='word_1_32' title='bbox 498 313 571 334; x_wconf 85' lang='lat' dir='ltr'>tuum</span> <span class='ocrx_word' id='word_1_33' title='bbox 590 307 638 333; x_wconf 89' lang='lat' dir='ltr'>tibi</span> <span class='ocrx_word' id='word_1_34' title='bbox 651 307 780 342; x_wconf 77' lang='lat' dir='ltr'>integrum</span> <span class='ocrx_word' id='word_1_35' title='bbox 794 307 954 337; x_wconf 80' lang='lat' dir='ltr'>conservari,</span> <span class='ocrx_word' id='word_1_36' title='bbox 975 316 1028 333; x_wconf 88' lang='lat' dir='ltr'>non</span> 
     </span>
     <span class='ocr_line' id='line_1_5' title="bbox 185 348 1028 386; baseline -0.005 -8"><span class='ocrx_word' id='word_1_37' title='bbox 185 353 262 378; x_wconf 86' lang='lat' dir='ltr'>etiam</span> <span class='ocrx_word' id='word_1_38' title='bbox 281 351 417 378; x_wconf 85' lang='lat' dir='ltr'>meliorem</span> <span class='ocrx_word' id='word_1_39' title='bbox 437 351 615 377; x_wconf 88' lang='lat' dir='ltr'>conditionem</span> <span class='ocrx_word' id='word_1_40' title='bbox 634 355 705 376; x_wconf 87' lang='lat' dir='ltr'>tuam</span> <span class='ocrx_word' id='word_1_41' title='bbox 728 349 793 375; x_wconf 81' lang='lat' dir='ltr'>fieri.</span> <span class='ocrx_word' id='word_1_42' title='bbox 820 348 850 375; x_wconf 88' lang='lat' dir='ltr'>fr.</span> <span class='ocrx_word' id='word_1_43' title='bbox 868 351 910 375; x_wconf 64' lang='grc'>28.</span> <span class='ocrx_word' id='word_1_44' title='bbox 935 359 975 386; x_wconf 90' lang='lat' dir='ltr'>pr.</span> <span class='ocrx_word' id='word_1_45' title='bbox 996 349 1028 375; x_wconf 77' lang='lat' dir='ltr'>ad</span> 
     </span>
     <span class='ocr_line' id='line_1_6' title="bbox 185 391 1029 421; baseline -0.004 -1"><span class='ocrx_word' id='word_1_46' title='bbox 185 394 252 421; x_wconf 88' lang='lat' dir='ltr'>S.C.</span> <span class='ocrx_word' id='word_1_47' title='bbox 273 393 352 420; x_wconf 84' lang='lat' dir='ltr'>Treb.</span> <span class='ocrx_word' id='word_1_48' title='bbox 371 396 414 420; x_wconf 88' lang='lat'>36.</span> <span class='ocrx_word' id='word_1_49' title='bbox 435 396 456 420; x_wconf 89' lang='lat'>1.</span> <span class='ocrx_word' id='word_1_50' title='bbox 494 393 624 420; x_wconf 76' lang='lat' dir='ltr'><strong>Videntur</strong></span> <span class='ocrx_word' id='word_1_51' title='bbox 644 392 761 418; x_wconf 84' lang='lat' dir='ltr'>melioris</span> <span class='ocrx_word' id='word_1_52' title='bbox 786 391 945 418; x_wconf 83' lang='lat' dir='ltr'>conditionis</span> <span class='ocrx_word' id='word_1_53' title='bbox 970 402 1029 418; x_wconf 73' lang='lat' dir='ltr'>esse</span> 
     </span>
    </p>
   </div>
   <div class='ocr_carea' id='block_1_5' title="bbox 186 476 1028 514">
    <p class='ocr_par' dir='ltr' id='par_1_5' title="bbox 186 476 1028 514">
     <span class='ocr_line' id='line_1_7' title="bbox 186 476 1028 514; baseline -0.004 -8"><span class='ocrx_word' id='word_1_54' title='bbox 186 481 274 512; x_wconf 71' lang='lat' dir='ltr'>emtio,</span> <span class='ocrx_word' id='word_1_55' title='bbox 295 481 345 506; x_wconf 89' lang='lat' dir='ltr'>nisi</span> <span class='ocrx_word' id='word_1_56' title='bbox 364 479 457 506; x_wconf 88' lang='lat' dir='ltr'>melior</span> <span class='ocrx_word' id='word_1_57' title='bbox 476 478 593 505; x_wconf 78' lang='lat' dir='ltr'>conditio</span> <span class='ocrx_word' id='word_1_58' title='bbox 611 477 750 504; x_wconf 73' lang='lat' dir='ltr'>adferatur.</span> <span class='ocrx_word' id='word_1_59' title='bbox 770 477 800 503; x_wconf 83' lang='lat' dir='ltr'>fr.</span> <span class='ocrx_word' id='word_1_60' title='bbox 813 479 837 504; x_wconf 91' lang='lat'>2.</span> <span class='ocrx_word' id='word_1_61' title='bbox 851 487 891 514; x_wconf 89' lang='lat' dir='ltr'>pr.</span> <span class='ocrx_word' id='word_1_62' title='bbox 911 476 943 503; x_wconf 86' lang='lat' dir='ltr'>cf.</span> <span class='ocrx_word' id='word_1_63' title='bbox 964 477 1028 503; x_wconf 68' lang='grc'>1“1.1,</span> 
     </span>
    </p>
   </div>
   <div class='ocr_carea' id='block_1_6' title="bbox 186 518 1052 556">
    <p class='ocr_par' dir='ltr' id='par_1_6' title="bbox 186 518 1052 556">
     <span class='ocr_line' id='line_1_8' title="bbox 186 518 1052 556; baseline -0.005 -7"><span class='ocrx_word' id='word_1_64' title='bbox 186 522 216 549; x_wconf 75' lang='lat' dir='ltr'>fr.</span> <span class='ocrx_word' id='word_1_65' title='bbox 237 525 260 549; x_wconf 87' lang='lat'>4.</span> <span class='ocrx_word' id='word_1_66' title='bbox 281 523 318 556; x_wconf 54' lang='grc' dir='ltr'>ἐξ.</span> <span class='ocrx_word' id='word_1_67' title='bbox 338 524 362 549; x_wconf 87' lang='lat'>3.</span> <span class='ocrx_word' id='word_1_68' title='bbox 382 524 406 549; x_wconf 87' lang='lat'>6.</span> <span class='ocrx_word' id='word_1_69' title='bbox 426 521 459 548; x_wconf 86' lang='lat' dir='ltr'>de</span> <span class='ocrx_word' id='word_1_70' title='bbox 478 523 503 547; x_wconf 92' lang='lat' dir='ltr'>in</span> <span class='ocrx_word' id='word_1_71' title='bbox 524 521 592 547; x_wconf 88' lang='lat' dir='ltr'>diem</span> <span class='ocrx_word' id='word_1_72' title='bbox 612 520 707 547; x_wconf 87' lang='lat' dir='ltr'>addict.</span> <span class='ocrx_word' id='word_1_73' title='bbox 723 521 763 546; x_wconf 85' lang='lat'>18.</span> <span class='ocrx_word' id='word_1_74' title='bbox 776 522 800 546; x_wconf 88' lang='lat'>2.</span> <span class='ocrx_word' id='word_1_75' title='bbox 818 536 847 540; x_wconf 91' lang='lat'>—-</span> <span class='ocrx_word' id='word_1_76' title='bbox 870 520 901 553; x_wconf 64' lang='grc' dir='ltr'>ξ.</span> <span class='ocrx_word' id='word_1_77' title='bbox 917 520 952 546; x_wconf 69' lang='grc'>2.</span> <span class='ocrx_word' id='word_1_78' title='bbox 974 522 1030 546; x_wconf 78' lang='lat' dir='ltr'>Su·</span> <span class='ocrx_word' id='word_1_79' title='bbox 1051 518 1052 526; x_wconf 60' lang='lat'>¹</span> 
     </span>
    </p>
   </div>
   <div class='ocr_carea' id='block_1_7' title="bbox 184 561 1030 644">
    <p class='ocr_par' dir='ltr' id='par_1_7' title="bbox 184 561 1030 644">
     <span class='ocr_line' id='line_1_9' title="bbox 184 561 1030 599; baseline -0.004 -8"><span class='ocrx_word' id='word_1_80' title='bbox 184 567 306 599; x_wconf 74' lang='lat' dir='ltr'>perior.</span> <span class='ocrx_word' id='word_1_81' title='bbox 344 564 386 590; x_wconf 88' lang='grc'>111.</span> <span class='ocrx_word' id='word_1_82' title='bbox 407 566 473 592; x_wconf 76' lang='lat' dir='ltr'>Cn.</span> <span class='ocrx_word' id='word_1_83' title='bbox 499 563 541 590; x_wconf 82' lang='lat' dir='ltr'>Ad</span> <span class='ocrx_word' id='word_1_84' title='bbox 565 563 688 590; x_wconf 70' lang='lat' dir='ltr'>meliores</span> <span class='ocrx_word' id='word_1_85' title='bbox 708 562 803 599; x_wconf 73' lang='lat' dir='ltr'>gradus</span> <span class='ocrx_word' id='word_1_86' title='bbox 823 567 847 588; x_wconf 83' lang='lat' dir='ltr'>et</span> <span class='ocrx_word' id='word_1_87' title='bbox 867 561 899 588; x_wconf 87' lang='lat' dir='ltr'>ad</span> <span class='ocrx_word' id='word_1_88' title='bbox 918 563 1030 589; x_wconf 85' lang='lat' dir='ltr'>maiores</span> 
     </span>
     <span class='ocr_line' id='line_1_10' title="bbox 188 604 1029 644; baseline -0.002 -10"><span class='ocrx_word' id='word_1_89' title='bbox 188 607 328 643; x_wconf 75' lang='lat' dir='ltr'>dignitates</span> <span class='ocrx_word' id='word_1_90' title='bbox 349 607 526 644; x_wconf 79' lang='lat' dir='ltr'>(perducere.)</span> <span class='ocrx_word' id='word_1_91' title='bbox 552 617 572 633; x_wconf 88' lang='lat' dir='ltr'>c.</span> <span class='ocrx_word' id='word_1_92' title='bbox 593 609 617 633; x_wconf 84' lang='lat'>2.</span> <span class='ocrx_word' id='word_1_93' title='bbox 637 607 659 640; x_wconf 82' lang='lat'>§.</span> <span class='ocrx_word' id='word_1_94' title='bbox 679 608 702 632; x_wconf 83' lang='lat'>9.</span> <span class='ocrx_word' id='word_1_95' title='bbox 723 605 755 632; x_wconf 86' lang='lat' dir='ltr'>de</span> <span class='ocrx_word' id='word_1_96' title='bbox 774 605 818 631; x_wconf 80' lang='lat' dir='ltr'>off.</span> <span class='ocrx_word' id='word_1_97' title='bbox 838 604 891 631; x_wconf 79' lang='lat' dir='ltr'>Prf.</span> <span class='ocrx_word' id='word_1_98' title='bbox 911 604 953 632; x_wconf 92' lang='lat' dir='ltr'>Pr.</span> <span class='ocrx_word' id='word_1_99' title='bbox 974 605 1029 632; x_wconf 75' lang='lat' dir='ltr'>Afr.</span> 
     </span>
    </p>
   </div>
   <div class='ocr_carea' id='block_1_8' title="bbox 192 643 1054 687">
    <p class='ocr_par' dir='ltr' id='par_1_8' title="bbox 192 643 1054 687">
     <span class='ocr_line' id='line_1_11' title="bbox 192 643 1054 687; baseline -0.005 -10"><span class='ocrx_word' id='word_1_100' title='bbox 192 652 212 676; x_wconf 91' lang='lat'>1.</span> <span class='ocrx_word' id='word_1_101' title='bbox 226 653 267 677; x_wconf 85' lang='lat'>27.</span> <span class='ocrx_word' id='word_1_102' title='bbox 295 650 445 677; x_wconf 65' lang='lat' dir='ltr'>Verborum</span> <span class='ocrx_word' id='word_1_103' title='bbox 463 650 646 687; x_wconf 69' lang='lat' dir='ltr'>interpretatio</span> <span class='ocrx_word' id='word_1_104' title='bbox 660 658 788 684; x_wconf 76' lang='lat' dir='ltr'>nusquam</span> <span class='ocrx_word' id='word_1_105' title='bbox 800 664 830 668; x_wconf 97' lang='lat'><strong>—</strong></span> <span class='ocrx_word' id='word_1_106' title='bbox 845 647 938 674; x_wconf 85' lang='lat' dir='ltr'>melior</span> <span class='ocrx_word' id='word_1_107' title='bbox 951 658 1032 674; x_wconf 85' lang='lat' dir='ltr'>sensu</span> <span class='ocrx_word' id='word_1_108' title='bbox 1052 643 1054 650; x_wconf 44' lang='lat'>⁸</span> 
     </span>
    </p>
   </div>
   <div class='ocr_carea' id='block_1_9' title="bbox 189 690 1031 855">
    <p class='ocr_par' dir='ltr' id='par_1_9' title="bbox 189 690 1031 855">
     <span class='ocr_line' id='line_1_12' title="bbox 189 690 1031 730; baseline -0.004 -11"><span class='ocrx_word' id='word_1_109' title='bbox 189 694 308 719; x_wconf 77' lang='lat' dir='ltr'>exsistat.</span> <span class='ocrx_word' id='word_1_110' title='bbox 329 703 350 719; x_wconf 65' lang='lat' dir='ltr'>e.</span> <span class='ocrx_word' id='word_1_111' title='bbox 362 694 386 719; x_wconf 99' lang='lat'>3.</span> <span class='ocrx_word' id='word_1_112' title='bbox 407 693 439 719; x_wconf 88' lang='lat' dir='ltr'>de</span> <span class='ocrx_word' id='word_1_113' title='bbox 458 692 503 719; x_wconf 90' lang='lat' dir='ltr'>lib.</span> <span class='ocrx_word' id='word_1_114' title='bbox 524 697 635 730; x_wconf 85' lang='lat' dir='ltr'>praeter.</span> <span class='ocrx_word' id='word_1_115' title='bbox 651 692 674 717; x_wconf 88' lang='grc'>6.</span> <span class='ocrx_word' id='word_1_116' title='bbox 688 693 729 717; x_wconf 71' lang='grc'>28.</span> <span class='ocrx_word' id='word_1_117' title='bbox 745 706 777 709; x_wconf 93' lang='grc'>-</span> <span class='ocrx_word' id='word_1_118' title='bbox 796 690 828 724; x_wconf 83' lang='lat'>§·</span> <span class='ocrx_word' id='word_1_119' title='bbox 840 691 877 717; x_wconf 80' lang='lat'>3.</span> <span class='ocrx_word' id='word_1_120' title='bbox 899 691 1031 723; x_wconf 81' lang='lat' dir='ltr'>Melius,</span> 
     </span>
     <span class='ocr_line' id='line_1_13' title="bbox 190 733 1031 767; baseline -0.004 -5"><span class='ocrx_word' id='word_1_121' title='bbox 190 737 206 761; x_wconf 84' lang='lat' dir='ltr'>i.</span> <span class='ocrx_word' id='word_1_122' title='bbox 230 746 250 762; x_wconf 82' lang='lat' dir='ltr'>e.</span> <span class='ocrx_word' id='word_1_123' title='bbox 281 737 501 764; x_wconf 77' lang='lat' dir='ltr'>Commodius.</span> <span class='ocrx_word' id='word_1_124' title='bbox 533 737 671 765; x_wconf 60' lang='lat' dir='ltr'>Vtilius,</span> <span class='ocrx_word' id='word_1_125' title='bbox 699 735 889 760; x_wconf 77' lang='lat' dir='ltr'>Honestius.</span> <span class='ocrx_word' id='word_1_126' title='bbox 927 733 945 759; x_wconf 96' lang='lat' dir='ltr'>I.</span> <span class='ocrx_word' id='word_1_127' title='bbox 970 734 1031 767; x_wconf 78' lang='lat' dir='ltr'>Sy.</span> 
     </span>
     <span class='ocr_line' id='line_1_14' title="bbox 189 775 1031 813; baseline -0.002 -9"><span class='ocrx_word' id='word_1_128' title='bbox 189 777 288 804; x_wconf 76' lang='lat' dir='ltr'>Vtilius</span> <span class='ocrx_word' id='word_1_129' title='bbox 308 778 467 811; x_wconf 81' lang='lat' dir='ltr'>(dicendum</span> <span class='ocrx_word' id='word_1_130' title='bbox 486 779 552 811; x_wconf 89' lang='lat' dir='ltr'>est.)</span> <span class='ocrx_word' id='word_1_131' title='bbox 577 777 607 804; x_wconf 85' lang='lat' dir='ltr'>fr.</span> <span class='ocrx_word' id='word_1_132' title='bbox 626 779 650 803; x_wconf 89' lang='lat'>2.</span> <span class='ocrx_word' id='word_1_133' title='bbox 691 798 696 802; x_wconf 94' lang='lat'>.</span> <span class='ocrx_word' id='word_1_134' title='bbox 716 778 757 802; x_wconf 79' lang='lat'>24.</span> <span class='ocrx_word' id='word_1_135' title='bbox 778 777 804 802; x_wconf 77' lang='lat' dir='ltr'>vi</span> <span class='ocrx_word' id='word_1_136' title='bbox 822 775 883 802; x_wconf 90' lang='lat' dir='ltr'>bon.</span> <span class='ocrx_word' id='word_1_137' title='bbox 904 781 970 813; x_wconf 88' lang='lat' dir='ltr'>rapt.</span> <span class='ocrx_word' id='word_1_138' title='bbox 990 778 1031 802; x_wconf 78' lang='lat'>47.</span> 
     </span>
     <span class='ocr_line' id='line_1_15' title="bbox 189 818 1031 855; baseline -0.002 -8"><span class='ocrx_word' id='word_1_139' title='bbox 189 822 213 847; x_wconf 74' lang='grc' dir='ltr'>ὃ.</span> <span class='ocrx_word' id='word_1_140' title='bbox 251 820 357 852; x_wconf 76' lang='lat' dir='ltr'>Satius,</span> <span class='ocrx_word' id='word_1_141' title='bbox 377 821 474 848; x_wconf 88' lang='lat' dir='ltr'>Tutius</span> <span class='ocrx_word' id='word_1_142' title='bbox 494 821 579 855; x_wconf 86' lang='lat' dir='ltr'>(est.)</span> <span class='ocrx_word' id='word_1_143' title='bbox 604 820 635 846; x_wconf 89' lang='lat' dir='ltr'>sr.</span> <span class='ocrx_word' id='word_1_144' title='bbox 657 820 695 845; x_wconf 77' lang='lat'>14.</span> <span class='ocrx_word' id='word_1_145' title='bbox 716 819 738 853; x_wconf 62' lang='grc' dir='ltr'>ξ.</span> <span class='ocrx_word' id='word_1_146' title='bbox 760 821 782 844; x_wconf 92' lang='lat'>1.</span> <span class='ocrx_word' id='word_1_147' title='bbox 803 818 835 845; x_wconf 86' lang='lat' dir='ltr'>de</span> <span class='ocrx_word' id='word_1_148' title='bbox 855 818 927 855; x_wconf 77' lang='lat' dir='ltr'>relig.</span> <span class='ocrx_word' id='word_1_149' title='bbox 949 821 988 845; x_wconf 94' lang='lat'>11.</span> <span class='ocrx_word' id='word_1_150' title='bbox 1009 820 1031 845; x_wconf 79' lang='lat'>7.</span> 
     </span>
    </p>
   </div>
   <div class='ocr_carea' id='block_1_10' title="bbox 189 861 1056 901">
    <p class='ocr_par' dir='ltr' id='par_1_10' title="bbox 189 861 1056 901">
     <span class='ocr_line' id='line_1_16' title="bbox 189 861 1056 901; baseline -0.002 -11"><span class='ocrx_word' id='word_1_151' title='bbox 189 863 219 890; x_wconf 84' lang='lat' dir='ltr'>fr.</span> <span class='ocrx_word' id='word_1_152' title='bbox 242 866 280 890; x_wconf 74' lang='lat' dir='ltr'>l&#39;a&#39;.</span> <span class='ocrx_word' id='word_1_153' title='bbox 301 874 340 901; x_wconf 90' lang='lat' dir='ltr'>pr.</span> <span class='ocrx_word' id='word_1_154' title='bbox 361 864 391 891; x_wconf 86' lang='lat' dir='ltr'>fr.</span> <span class='ocrx_word' id='word_1_155' title='bbox 414 866 452 890; x_wconf 78' lang='lat'>18.</span> <span class='ocrx_word' id='word_1_156' title='bbox 473 874 512 901; x_wconf 82' lang='lat' dir='ltr'>sq.</span> <span class='ocrx_word' id='word_1_157' title='bbox 533 864 565 890; x_wconf 86' lang='lat' dir='ltr'>de</span> <span class='ocrx_word' id='word_1_158' title='bbox 583 872 698 900; x_wconf 81' lang='lat' dir='ltr'>praescr.</span> <span class='ocrx_word' id='word_1_159' title='bbox 718 871 760 888; x_wconf 69' lang='lat' dir='ltr'>vv.</span> <span class='ocrx_word' id='word_1_160' title='bbox 783 863 822 888; x_wconf 89' lang='lat'>19.</span> <span class='ocrx_word' id='word_1_161' title='bbox 842 864 866 887; x_wconf 87' lang='lat'>5.</span> <span class='ocrx_word' id='word_1_162' title='bbox 903 861 946 888; x_wconf 89' lang='grc'>111.</span> <span class='ocrx_word' id='word_1_163' title='bbox 967 863 1033 889; x_wconf 71' lang='lat'>011.</span> <span class='ocrx_word' id='word_1_164' title='bbox 1055 873 1056 876; x_wconf 55' lang='lat'>¹</span> 
     </span>
    </p>
   </div>
   <div class='ocr_carea' id='block_1_11' title="bbox 190 904 1034 986">
    <p class='ocr_par' dir='ltr' id='par_1_11' title="bbox 190 904 1034 986">
     <span class='ocr_line' id='line_1_17' title="bbox 190 904 1034 944; baseline -0.002 -12"><span class='ocrx_word' id='word_1_165' title='bbox 190 905 268 933; x_wconf 69' lang='lat' dir='ltr'>Vnde</span> <span class='ocrx_word' id='word_1_166' title='bbox 287 907 382 934; x_wconf 82' lang='lat' dir='ltr'>melius</span> <span class='ocrx_word' id='word_1_167' title='bbox 403 912 428 933; x_wconf 88' lang='lat' dir='ltr'>et</span> <span class='ocrx_word' id='word_1_168' title='bbox 448 908 533 944; x_wconf 81' lang='lat' dir='ltr'>aptius</span> <span class='ocrx_word' id='word_1_169' title='bbox 553 910 601 937; x_wconf 86' lang='lat' dir='ltr'>est,</span> <span class='ocrx_word' id='word_1_170' title='bbox 622 906 659 932; x_wconf 86' lang='lat' dir='ltr'>uti</span> <span class='ocrx_word' id='word_1_171' title='bbox 679 910 727 931; x_wconf 81' lang='lat' dir='ltr'>etc.</span> <span class='ocrx_word' id='word_1_172' title='bbox 755 904 812 931; x_wconf 86' lang='lat' dir='ltr'>Gai.</span> <span class='ocrx_word' id='word_1_173' title='bbox 832 904 862 931; x_wconf 90' lang='lat' dir='ltr'>Il.</span> <span class='ocrx_word' id='word_1_174' title='bbox 884 906 941 931; x_wconf 89' lang='lat'>172.</span> <span class='ocrx_word' id='word_1_175' title='bbox 979 904 1034 931; x_wconf 69' lang='lat' dir='ltr'>&#39;Nec</span> 
     </span>
     <span class='ocr_line' id='line_1_18' title="bbox 190 946 1034 986; baseline -0.004 -10"><span class='ocrx_word' id='word_1_176' title='bbox 190 949 285 976; x_wconf 86' lang='lat' dir='ltr'>melius</span> <span class='ocrx_word' id='word_1_177' title='bbox 305 960 353 976; x_wconf 84' lang='lat' dir='ltr'>nec</span> <span class='ocrx_word' id='word_1_178' title='bbox 372 951 480 986; x_wconf 86' lang='lat' dir='ltr'>aequius</span> <span class='ocrx_word' id='word_1_179' title='bbox 501 958 559 975; x_wconf 86' lang='lat' dir='ltr'>esse</span> <span class='ocrx_word' id='word_1_180' title='bbox 579 949 763 975; x_wconf 77' lang='lat' dir='ltr'>existimarem.</span> <span class='ocrx_word' id='word_1_181' title='bbox 790 946 820 973; x_wconf 84' lang='lat' dir='ltr'>fr.</span> <span class='ocrx_word' id='word_1_182' title='bbox 841 948 882 973; x_wconf 77' lang='lat'>82.</span> <span class='ocrx_word' id='word_1_183' title='bbox 904 947 935 974; x_wconf 90' lang='lat' dir='ltr'>de</span> <span class='ocrx_word' id='word_1_184' title='bbox 955 947 1034 974; x_wconf 83' lang='lat' dir='ltr'>solut.</span> 
     </span>
    </p>
   </div>
   <div class='ocr_carea' id='block_1_12' title="bbox 190 990 1057 1028">
    <p class='ocr_par' dir='ltr' id='par_1_12' title="bbox 190 990 1057 1028">
     <span class='ocr_line' id='line_1_19' title="bbox 190 990 1057 1028; baseline -0.001 -11"><span class='ocrx_word' id='word_1_185' title='bbox 190 993 232 1018; x_wconf 79' lang='lat'>46.</span> <span class='ocrx_word' id='word_1_186' title='bbox 252 994 276 1019; x_wconf 84' lang='lat'>3.</span> <span class='ocrx_word' id='word_1_187' title='bbox 315 992 410 1019; x_wconf 75' lang='lat' dir='ltr'>Melius</span> <span class='ocrx_word' id='word_1_188' title='bbox 430 993 537 1028; x_wconf 85' lang='lat' dir='ltr'>aequius</span> <span class='ocrx_word' id='word_1_189' title='bbox 562 1000 629 1017; x_wconf 78' lang='lat' dir='ltr'>esse.</span> <span class='ocrx_word' id='word_1_190' title='bbox 654 991 684 1017; x_wconf 85' lang='lat' dir='ltr'>fr.</span> <span class='ocrx_word' id='word_1_191' title='bbox 704 992 744 1016; x_wconf 84' lang='lat'>66.</span> <span class='ocrx_word' id='word_1_192' title='bbox 770 990 791 1024; x_wconf 58' lang='grc' dir='ltr'>ξ.</span> <span class='ocrx_word' id='word_1_193' title='bbox 813 991 835 1016; x_wconf 77' lang='grc' dir='ltr'>Τ.</span> <span class='ocrx_word' id='word_1_194' title='bbox 856 990 905 1017; x_wconf 87' lang='lat' dir='ltr'>sol.</span> <span class='ocrx_word' id='word_1_195' title='bbox 925 991 1035 1017; x_wconf 84' lang='lat' dir='ltr'>matrim.</span> <span class='ocrx_word' id='word_1_196' title='bbox 1056 996 1057 999; x_wconf 77' lang='grc'>’</span> 
     </span>
    </p>
   </div>
   <div class='ocr_carea' id='block_1_13' title="bbox 190 1033 1036 1069">
    <p class='ocr_par' dir='ltr' id='par_1_13' title="bbox 190 1033 1036 1069">
     <span class='ocr_line' id='line_1_20' title="bbox 190 1033 1036 1069; baseline 0.001 -9"><span class='ocrx_word' id='word_1_197' title='bbox 190 1037 267 1061; x_wconf 55' lang='grc'>213.</span> <span class='ocrx_word' id='word_1_198' title='bbox 296 1034 433 1062; x_wconf 85' lang='lat' dir='ltr'>Proficisci</span> <span class='ocrx_word' id='word_1_199' title='bbox 447 1034 554 1061; x_wconf 76' lang='lat' dir='ltr'>Procas.</span> <span class='ocrx_word' id='word_1_200' title='bbox 575 1033 668 1060; x_wconf 88' lang='lat' dir='ltr'>melius</span> <span class='ocrx_word' id='word_1_201' title='bbox 689 1033 794 1069; x_wconf 79' lang='lat' dir='ltr'>quidem</span> <span class='ocrx_word' id='word_1_202' title='bbox 815 1038 855 1059; x_wconf 85' lang='lat' dir='ltr'>cst</span> <span class='ocrx_word' id='word_1_203' title='bbox 874 1034 932 1059; x_wconf 87' lang='lat' dir='ltr'>sine</span> <span class='ocrx_word' id='word_1_204' title='bbox 945 1043 1036 1061; x_wconf 81' lang='lat' dir='ltr'>uxore.</span> 
     </span>
    </p>
   </div>
   <div class='ocr_carea' id='block_1_14' title="bbox 192 1119 1038 1413">
    <p class='ocr_par' dir='ltr' id='par_1_14' title="bbox 192 1119 1038 1413">
     <span class='ocr_line' id='line_1_21' title="bbox 192 1119 1036 1157; baseline -0.001 -11"><span class='ocrx_word' id='word_1_205' title='bbox 192 1119 253 1156; x_wconf 75' lang='lat' dir='ltr'>Leg.</span> <span class='ocrx_word' id='word_1_206' title='bbox 276 1122 296 1147; x_wconf 92' lang='grc'>1,</span> <span class='ocrx_word' id='word_1_207' title='bbox 319 1122 358 1147; x_wconf 85' lang='grc'>16.</span> <span class='ocrx_word' id='word_1_208' title='bbox 395 1120 449 1147; x_wconf 87' lang='lat' dir='ltr'>Hac</span> <span class='ocrx_word' id='word_1_209' title='bbox 469 1119 575 1157; x_wconf 86' lang='lat' dir='ltr'>quidem</span> <span class='ocrx_word' id='word_1_210' title='bbox 594 1119 652 1155; x_wconf 73' lang='lat' dir='ltr'>lege</span> <span class='ocrx_word' id='word_1_211' title='bbox 672 1129 724 1145; x_wconf 90' lang='lat' dir='ltr'>non</span> <span class='ocrx_word' id='word_1_212' title='bbox 744 1124 856 1151; x_wconf 77' lang='lat' dir='ltr'>tenetur.</span> <span class='ocrx_word' id='word_1_213' title='bbox 876 1119 924 1145; x_wconf 84' lang='lat' dir='ltr'>sed</span> <span class='ocrx_word' id='word_1_214' title='bbox 942 1119 1036 1145; x_wconf 84' lang='lat' dir='ltr'>melius</span> 
     </span>
     <span class='ocr_line' id='line_1_22' title="bbox 192 1161 1035 1199; baseline -0.001 -10"><span class='ocrx_word' id='word_1_215' title='bbox 192 1162 285 1189; x_wconf 77' lang='lat' dir='ltr'>fecerit</span> <span class='ocrx_word' id='word_1_216' title='bbox 304 1164 326 1189; x_wconf 88' lang='lat' dir='ltr'>si</span> <span class='ocrx_word' id='word_1_217' title='bbox 341 1168 388 1190; x_wconf 90' lang='lat' dir='ltr'>etc.</span> <span class='ocrx_word' id='word_1_218' title='bbox 410 1162 482 1189; x_wconf 85' lang='lat' dir='ltr'>Paul.</span> <span class='ocrx_word' id='word_1_219' title='bbox 498 1162 529 1189; x_wconf 78' lang='lat' dir='ltr'>V.</span> <span class='ocrx_word' id='word_1_220' title='bbox 543 1165 586 1189; x_wconf 89' lang='lat'>23.</span> <span class='ocrx_word' id='word_1_221' title='bbox 606 1163 627 1197; x_wconf 66' lang='grc' dir='ltr'><strong>ξ</strong></span> <span class='ocrx_word' id='word_1_222' title='bbox 642 1164 665 1189; x_wconf 85' lang='grc'>9.</span> <span class='ocrx_word' id='word_1_223' title='bbox 686 1162 717 1188; x_wconf 79' lang='lat' dir='ltr'>cf.</span> <span class='ocrx_word' id='word_1_224' title='bbox 738 1161 768 1188; x_wconf 73' lang='lat' dir='ltr'>fr.</span> <span class='ocrx_word' id='word_1_225' title='bbox 788 1164 811 1189; x_wconf 88' lang='lat'>9.</span> <span class='ocrx_word' id='word_1_226' title='bbox 831 1172 870 1199; x_wconf 89' lang='lat' dir='ltr'>pr.</span> <span class='ocrx_word' id='word_1_227' title='bbox 891 1161 907 1188; x_wconf 89' lang='lat' dir='ltr'>l.</span> <span class='ocrx_word' id='word_1_228' title='bbox 927 1162 980 1188; x_wconf 92' lang='lat' dir='ltr'>l.1.</span> <span class='ocrx_word' id='word_1_229' title='bbox 996 1163 1035 1188; x_wconf 88' lang='lat'>16.</span> 
     </span>
     <span class='ocr_line' id='line_1_23' title="bbox 193 1205 1036 1242; baseline -0.001 -10"><span class='ocrx_word' id='word_1_230' title='bbox 193 1205 247 1232; x_wconf 87' lang='lat' dir='ltr'>Sed</span> <span class='ocrx_word' id='word_1_231' title='bbox 266 1205 343 1242; x_wconf 80' lang='lat' dir='ltr'>longe</span> <span class='ocrx_word' id='word_1_232' title='bbox 362 1205 427 1232; x_wconf 85' lang='lat' dir='ltr'>utile</span> <span class='ocrx_word' id='word_1_233' title='bbox 446 1207 532 1232; x_wconf 71' lang='lat' dir='ltr'>visum</span> <span class='ocrx_word' id='word_1_234' title='bbox 552 1210 606 1232; x_wconf 89' lang='lat' dir='ltr'>est.</span> <span class='ocrx_word' id='word_1_235' title='bbox 627 1206 686 1242; x_wconf 88' lang='lat' dir='ltr'>quia</span> <span class='ocrx_word' id='word_1_236' title='bbox 706 1206 835 1231; x_wconf 82' lang='lat' dir='ltr'>incertum</span> <span class='ocrx_word' id='word_1_237' title='bbox 855 1210 916 1237; x_wconf 74' lang='lat' dir='ltr'>erat.</span> <span class='ocrx_word' id='word_1_238' title='bbox 937 1215 968 1231; x_wconf 90' lang='lat' dir='ltr'>an</span> <span class='ocrx_word' id='word_1_239' title='bbox 988 1210 1036 1231; x_wconf 85' lang='lat' dir='ltr'>etc.</span> 
     </span>
     <span class='ocr_line' id='line_1_24' title="bbox 194 1248 1038 1285; baseline 0 -11"><span class='ocrx_word' id='word_1_240' title='bbox 194 1265 224 1269; x_wconf 87' lang='lat'><em>-</em></span> <span class='ocrx_word' id='word_1_241' title='bbox 246 1253 271 1275; x_wconf 89' lang='lat' dir='ltr'>et</span> <span class='ocrx_word' id='word_1_242' title='bbox 290 1250 350 1285; x_wconf 90' lang='lat' dir='ltr'>qnia</span> <span class='ocrx_word' id='word_1_243' title='bbox 369 1249 463 1276; x_wconf 74' lang='lat' dir='ltr'>melius</span> <span class='ocrx_word' id='word_1_244' title='bbox 488 1253 528 1275; x_wconf 85' lang='lat' dir='ltr'>est</span> <span class='ocrx_word' id='word_1_245' title='bbox 547 1248 686 1285; x_wconf 87' lang='lat' dir='ltr'>possidere</span> <span class='ocrx_word' id='word_1_246' title='bbox 710 1249 814 1285; x_wconf 81' lang='lat' dir='ltr'>potius.</span> <span class='ocrx_word' id='word_1_247' title='bbox 839 1258 915 1284; x_wconf 87' lang='lat' dir='ltr'>quam</span> <span class='ocrx_word' id='word_1_248' title='bbox 935 1249 961 1274; x_wconf 93' lang='lat' dir='ltr'>in</span> <span class='ocrx_word' id='word_1_249' title='bbox 980 1258 1038 1285; x_wconf 82' lang='lat' dir='ltr'>per-</span> 
     </span>
     <span class='ocr_line' id='line_1_25' title="bbox 193 1291 1036 1328; baseline 0.001 -11"><span class='ocrx_word' id='word_1_250' title='bbox 193 1301 283 1317; x_wconf 84' lang='lat' dir='ltr'>sonam</span> <span class='ocrx_word' id='word_1_251' title='bbox 304 1292 426 1328; x_wconf 73' lang='lat' dir='ltr'>experiri.</span> <span class='ocrx_word' id='word_1_252' title='bbox 447 1291 509 1325; x_wconf 85' lang='lat' dir='ltr'>(hoc</span> <span class='ocrx_word' id='word_1_253' title='bbox 524 1291 692 1318; x_wconf 84' lang='lat' dir='ltr'>interdictum</span> <span class='ocrx_word' id='word_1_254' title='bbox 705 1292 876 1328; x_wconf 79' lang='lat' dir='ltr'>proponere.)</span> <span class='ocrx_word' id='word_1_255' title='bbox 896 1291 927 1318; x_wconf 79' lang='lat' dir='ltr'>fr.</span> <span class='ocrx_word' id='word_1_256' title='bbox 940 1293 961 1317; x_wconf 95' lang='lat'>1.</span> <span class='ocrx_word' id='word_1_257' title='bbox 981 1292 1002 1325; x_wconf 62' lang='grc' dir='ltr'>ς</span> <span class='ocrx_word' id='word_1_258' title='bbox 1015 1294 1036 1318; x_wconf 90' lang='lat'>1.</span> 
     </span>
     <span class='ocr_line' id='line_1_26' title="bbox 193 1333 1037 1371; baseline 0 -11"><span class='ocrx_word' id='word_1_259' title='bbox 193 1334 226 1360; x_wconf 87' lang='lat' dir='ltr'>de</span> <span class='ocrx_word' id='word_1_260' title='bbox 251 1335 374 1371; x_wconf 85' lang='lat' dir='ltr'>superlic.</span> <span class='ocrx_word' id='word_1_261' title='bbox 400 1336 440 1360; x_wconf 71' lang='lat'>43.</span> <span class='ocrx_word' id='word_1_262' title='bbox 467 1335 506 1360; x_wconf 81' lang='lat'>18.</span> <span class='ocrx_word' id='word_1_263' title='bbox 549 1334 644 1361; x_wconf 77' lang='lat' dir='ltr'>Exstat</span> <span class='ocrx_word' id='word_1_264' title='bbox 668 1333 774 1370; x_wconf 76' lang='lat' dir='ltr'>quidem</span> <span class='ocrx_word' id='word_1_265' title='bbox 799 1334 948 1371; x_wconf 80' lang='lat' dir='ltr'>exemplum</span> <span class='ocrx_word' id='word_1_266' title='bbox 972 1335 1037 1365; x_wconf 71' lang='lat' dir='ltr'>eius.</span> 
     </span>
     <span class='ocr_line' id='line_1_27' title="bbox 194 1376 1037 1413; baseline 0 -10"><span class='ocrx_word' id='word_1_267' title='bbox 194 1378 240 1413; x_wconf 91' lang='lat' dir='ltr'>qui</span> <span class='ocrx_word' id='word_1_268' title='bbox 258 1382 306 1404; x_wconf 89' lang='lat' dir='ltr'>etc.</span> <span class='ocrx_word' id='word_1_269' title='bbox 328 1393 360 1397; x_wconf 95' lang='lat'>—</span> <span class='ocrx_word' id='word_1_270' title='bbox 380 1377 434 1403; x_wconf 80' lang='lat' dir='ltr'>Sed</span> <span class='ocrx_word' id='word_1_271' title='bbox 453 1376 547 1403; x_wconf 88' lang='lat' dir='ltr'>melius</span> <span class='ocrx_word' id='word_1_272' title='bbox 567 1381 607 1403; x_wconf 81' lang='lat' dir='ltr'>est</span> <span class='ocrx_word' id='word_1_273' title='bbox 627 1381 655 1403; x_wconf 89' lang='lat' dir='ltr'>ut</span> <span class='ocrx_word' id='word_1_274' title='bbox 674 1376 791 1403; x_wconf 88' lang='lat' dir='ltr'>dicamus</span> <span class='ocrx_word' id='word_1_275' title='bbox 812 1382 860 1403; x_wconf 86' lang='lat' dir='ltr'>etc.</span> <span class='ocrx_word' id='word_1_276' title='bbox 884 1377 914 1403; x_wconf 83' lang='lat' dir='ltr'>fr.</span> <span class='ocrx_word' id='word_1_277' title='bbox 936 1379 957 1403; x_wconf 95' lang='lat' dir='ltr'>l.</span> <span class='ocrx_word' id='word_1_278' title='bbox 978 1377 1000 1411; x_wconf 63' lang='grc' dir='ltr'>ξ.</span> <span class='ocrx_word' id='word_1_279' title='bbox 1014 1379 1037 1403; x_wconf 97' lang='lat'>5.</span> 
     </span>
    </p>
   </div>
   <div class='ocr_carea' id='block_1_15' title="bbox 194 1412 1061 1458">
    <p class='ocr_par' dir='ltr' id='par_1_15' title="bbox 194 1412 1061 1458">
     <span class='ocr_line' id='line_1_28' title="bbox 194 1412 1061 1458; baseline 0 -12"><span class='ocrx_word' id='word_1_280' title='bbox 194 1419 227 1446; x_wconf 87' lang='lat' dir='ltr'>de</span> <span class='ocrx_word' id='word_1_281' title='bbox 246 1419 344 1457; x_wconf 86' lang='lat' dir='ltr'>postul.</span> <span class='ocrx_word' id='word_1_282' title='bbox 359 1421 382 1446; x_wconf 91' lang='lat'>3.</span> <span class='ocrx_word' id='word_1_283' title='bbox 404 1422 426 1446; x_wconf 94' lang='lat' dir='ltr'>l.</span> <span class='ocrx_word' id='word_1_284' title='bbox 464 1420 529 1446; x_wconf 84' lang='lat' dir='ltr'>Item</span> <span class='ocrx_word' id='word_1_285' title='bbox 548 1424 686 1446; x_wconf 82' lang='lat' dir='ltr'>tractatum</span> <span class='ocrx_word' id='word_1_286' title='bbox 706 1425 754 1446; x_wconf 87' lang='lat' dir='ltr'>est.</span> <span class='ocrx_word' id='word_1_287' title='bbox 769 1436 801 1439; x_wconf 93' lang='lat'><strong>—</strong></span> <span class='ocrx_word' id='word_1_288' title='bbox 821 1420 855 1446; x_wconf 87' lang='lat' dir='ltr'>Et</span> <span class='ocrx_word' id='word_1_289' title='bbox 875 1420 980 1457; x_wconf 86' lang='lat' dir='ltr'>quidam</span> <span class='ocrx_word' id='word_1_290' title='bbox 993 1430 1039 1458; x_wconf 88' lang='lat' dir='ltr'>pu-</span> <span class='ocrx_word' id='word_1_291' title='bbox 1060 1412 1061 1420; x_wconf 36' lang='lat'>¹</span> 
     </span>
    </p>
   </div>
   <div class='ocr_carea' id='block_1_16' title="bbox 194 1462 1042 1928">
    <p class='ocr_par' dir='ltr' id='par_1_16' title="bbox 194 1462 1042 1928">
     <span class='ocr_line' id='line_1_29' title="bbox 195 1462 1038 1496; baseline 0.001 -7"><span class='ocrx_word' id='word_1_292' title='bbox 195 1468 251 1489; x_wconf 88' lang='lat' dir='ltr'>tant</span> <span class='ocrx_word' id='word_1_293' title='bbox 271 1468 319 1490; x_wconf 82' lang='lat' dir='ltr'>etc.</span> <span class='ocrx_word' id='word_1_294' title='bbox 345 1462 399 1489; x_wconf 87' lang='lat' dir='ltr'>Sed</span> <span class='ocrx_word' id='word_1_295' title='bbox 418 1462 512 1489; x_wconf 87' lang='lat' dir='ltr'>melius</span> <span class='ocrx_word' id='word_1_296' title='bbox 533 1468 573 1489; x_wconf 90' lang='lat' dir='ltr'>est</span> <span class='ocrx_word' id='word_1_297' title='bbox 592 1462 652 1489; x_wconf 87' lang='lat' dir='ltr'>dici.</span> <span class='ocrx_word' id='word_1_298' title='bbox 672 1462 753 1489; x_wconf 84' lang='lat' dir='ltr'>sr.22.</span> <span class='ocrx_word' id='word_1_299' title='bbox 776 1463 796 1496; x_wconf 67' lang='grc' dir='ltr'>ξ.</span> <span class='ocrx_word' id='word_1_300' title='bbox 813 1464 834 1489; x_wconf 92' lang='lat'>1.</span> <span class='ocrx_word' id='word_1_301' title='bbox 854 1463 939 1489; x_wconf 87' lang='lat' dir='ltr'>mand.</span> <span class='ocrx_word' id='word_1_302' title='bbox 961 1465 1000 1490; x_wconf 92' lang='lat'>17.</span> <span class='ocrx_word' id='word_1_303' title='bbox 1017 1465 1038 1490; x_wconf 96' lang='lat' dir='ltr'>l.</span> 
     </span>
     <span class='ocr_line' id='line_1_30' title="bbox 194 1505 1040 1543; baseline 0.001 -11"><span class='ocrx_word' id='word_1_304' title='bbox 194 1505 289 1533; x_wconf 81' lang='lat' dir='ltr'>Melius</span> <span class='ocrx_word' id='word_1_305' title='bbox 309 1516 368 1532; x_wconf 86' lang='lat' dir='ltr'>esse</span> <span class='ocrx_word' id='word_1_306' title='bbox 387 1507 473 1532; x_wconf 80' lang='lat' dir='ltr'>visum</span> <span class='ocrx_word' id='word_1_307' title='bbox 493 1511 541 1532; x_wconf 86' lang='lat' dir='ltr'>est.</span> <span class='ocrx_word' id='word_1_308' title='bbox 562 1505 619 1532; x_wconf 79' lang='lat' dir='ltr'>Gai.</span> <span class='ocrx_word' id='word_1_309' title='bbox 635 1505 676 1532; x_wconf 71' lang='lat'>111.</span> <span class='ocrx_word' id='word_1_310' title='bbox 694 1507 732 1531; x_wconf 88' lang='grc'>13.</span> <span class='ocrx_word' id='word_1_311' title='bbox 762 1505 856 1532; x_wconf 78' lang='lat' dir='ltr'>Melius</span> <span class='ocrx_word' id='word_1_312' title='bbox 876 1506 1040 1543; x_wconf 78' lang='lat' dir='ltr'>probabitur.</span> 
     </span>
     <span class='ocr_line' id='line_1_31' title="bbox 194 1548 1039 1586; baseline -0.001 -10"><span class='ocrx_word' id='word_1_313' title='bbox 194 1548 255 1576; x_wconf 80' lang='lat' dir='ltr'>Mel.</span> <span class='ocrx_word' id='word_1_314' title='bbox 281 1554 322 1576; x_wconf 91' lang='lat' dir='ltr'>est</span> <span class='ocrx_word' id='word_1_315' title='bbox 344 1548 466 1586; x_wconf 81' lang='lat' dir='ltr'>probare.</span> <span class='ocrx_word' id='word_1_316' title='bbox 496 1548 526 1575; x_wconf 83' lang='lat' dir='ltr'>fr.</span> <span class='ocrx_word' id='word_1_317' title='bbox 552 1550 592 1575; x_wconf 81' lang='lat'>18.</span> <span class='ocrx_word' id='word_1_318' title='bbox 619 1548 651 1575; x_wconf 90' lang='lat' dir='ltr'>de</span> <span class='ocrx_word' id='word_1_319' title='bbox 675 1553 803 1575; x_wconf 80' lang='lat' dir='ltr'>excusatt.</span> <span class='ocrx_word' id='word_1_320' title='bbox 828 1550 870 1575; x_wconf 82' lang='lat'>27.</span> <span class='ocrx_word' id='word_1_321' title='bbox 897 1552 918 1576; x_wconf 93' lang='lat'>1.</span> <span class='ocrx_word' id='word_1_322' title='bbox 947 1549 977 1576; x_wconf 82' lang='lat' dir='ltr'>fr.</span> <span class='ocrx_word' id='word_1_323' title='bbox 999 1551 1039 1575; x_wconf 71' lang='lat'>14.</span> 
     </span>
     <span class='ocr_line' id='line_1_32' title="bbox 195 1591 1041 1628; baseline 0 -10"><span class='ocrx_word' id='word_1_324' title='bbox 195 1592 218 1625; x_wconf 65' lang='grc' dir='ltr'>ξ,</span> <span class='ocrx_word' id='word_1_325' title='bbox 239 1593 261 1618; x_wconf 91' lang='lat' dir='ltr'>l.</span> <span class='ocrx_word' id='word_1_326' title='bbox 283 1591 316 1618; x_wconf 87' lang='lat' dir='ltr'>de</span> <span class='ocrx_word' id='word_1_327' title='bbox 334 1592 411 1628; x_wconf 78' lang='lat' dir='ltr'>legat.</span> <span class='ocrx_word' id='word_1_328' title='bbox 437 1597 534 1628; x_wconf 80' lang='lat' dir='ltr'>praest.</span> <span class='ocrx_word' id='word_1_329' title='bbox 554 1593 596 1618; x_wconf 88' lang='lat'>37.</span> <span class='ocrx_word' id='word_1_330' title='bbox 616 1593 641 1618; x_wconf 84' lang='lat'>5.</span> <span class='ocrx_word' id='word_1_331' title='bbox 677 1592 722 1618; x_wconf 82' lang='lat' dir='ltr'>Ait</span> <span class='ocrx_word' id='word_1_332' title='bbox 741 1591 850 1618; x_wconf 84' lang='lat' dir='ltr'>Praetor</span> <span class='ocrx_word' id='word_1_333' title='bbox 869 1597 917 1618; x_wconf 80' lang='lat' dir='ltr'>etc.</span> <span class='ocrx_word' id='word_1_334' title='bbox 938 1607 969 1611; x_wconf 97' lang='lat'>—</span> <span class='ocrx_word' id='word_1_335' title='bbox 989 1591 1041 1618; x_wconf 82' lang='lat' dir='ltr'>Me-</span> 
     </span>
     <span class='ocr_line' id='line_1_33' title="bbox 197 1634 1041 1672; baseline 0 -11"><span class='ocrx_word' id='word_1_336' title='bbox 197 1634 248 1661; x_wconf 91' lang='lat' dir='ltr'>lius</span> <span class='ocrx_word' id='word_1_337' title='bbox 268 1636 421 1672; x_wconf 79' lang='lat' dir='ltr'>scripsisset</span> <span class='ocrx_word' id='word_1_338' title='bbox 442 1639 490 1661; x_wconf 78' lang='lat' dir='ltr'>etc.</span> <span class='ocrx_word' id='word_1_339' title='bbox 511 1634 541 1661; x_wconf 81' lang='lat' dir='ltr'>fr.</span> <span class='ocrx_word' id='word_1_340' title='bbox 556 1637 578 1661; x_wconf 90' lang='lat'>5.</span> <span class='ocrx_word' id='word_1_341' title='bbox 599 1645 636 1671; x_wconf 88' lang='lat' dir='ltr'>pr.</span> <span class='ocrx_word' id='word_1_342' title='bbox 658 1634 690 1661; x_wconf 83' lang='lat' dir='ltr'>de</span> <span class='ocrx_word' id='word_1_343' title='bbox 708 1645 737 1661; x_wconf 85' lang='lat' dir='ltr'>re</span> <span class='ocrx_word' id='word_1_344' title='bbox 755 1634 808 1661; x_wconf 89' lang='lat' dir='ltr'>iud.</span> <span class='ocrx_word' id='word_1_345' title='bbox 823 1636 863 1661; x_wconf 82' lang='lat'>42.</span> <span class='ocrx_word' id='word_1_346' title='bbox 886 1636 907 1661; x_wconf 96' lang='lat' dir='ltr'>l.</span> <span class='ocrx_word' id='word_1_347' title='bbox 944 1634 973 1661; x_wconf 92' lang='lat' dir='ltr'>Iu</span> <span class='ocrx_word' id='word_1_348' title='bbox 990 1645 1041 1661; x_wconf 88' lang='lat' dir='ltr'>me-</span> 
     </span>
     <span class='ocr_line' id='line_1_34' title="bbox 196 1676 841 1714; baseline 0.002 -11"><span class='ocrx_word' id='word_1_349' title='bbox 196 1676 248 1703; x_wconf 84' lang='lat' dir='ltr'>lius</span> <span class='ocrx_word' id='word_1_350' title='bbox 268 1677 413 1714; x_wconf 84' lang='lat' dir='ltr'>(produci.)</span> <span class='ocrx_word' id='word_1_351' title='bbox 434 1677 464 1704; x_wconf 85' lang='lat' dir='ltr'>fr.</span> <span class='ocrx_word' id='word_1_352' title='bbox 484 1679 508 1703; x_wconf 85' lang='lat'>2.</span> <span class='ocrx_word' id='word_1_353' title='bbox 528 1678 550 1711; x_wconf 80' lang='lat'>§.</span> <span class='ocrx_word' id='word_1_354' title='bbox 572 1679 611 1704; x_wconf 85' lang='lat'>13.</span> <span class='ocrx_word' id='word_1_355' title='bbox 633 1677 664 1704; x_wconf 83' lang='lat' dir='ltr'>de</span> <span class='ocrx_word' id='word_1_356' title='bbox 685 1677 717 1704; x_wconf 90' lang='lat' dir='ltr'>O.</span> <span class='ocrx_word' id='word_1_357' title='bbox 737 1677 756 1704; x_wconf 90' lang='lat'>1.</span> <span class='ocrx_word' id='word_1_358' title='bbox 778 1680 799 1704; x_wconf 92' lang='lat' dir='ltr'>l.</span> <span class='ocrx_word' id='word_1_359' title='bbox 817 1681 841 1705; x_wconf 84' lang='lat'>2.</span> 
     </span>
     <span class='ocr_line' id='line_1_35' title="bbox 232 1720 1041 1755; baseline 0 -8"><span class='ocrx_word' id='word_1_360' title='bbox 232 1721 449 1747; x_wconf 63' lang='lat' dir='ltr'>meliorare.</span> <span class='ocrx_word' id='word_1_361' title='bbox 493 1722 663 1747; x_wconf 82' lang='lat' dir='ltr'>Meliorem</span> <span class='ocrx_word' id='word_1_362' title='bbox 693 1724 831 1748; x_wconf 75' lang='lat' dir='ltr'>reddere.</span> <span class='ocrx_word' id='word_1_363' title='bbox 868 1721 887 1747; x_wconf 93' lang='grc' dir='ltr'>Ι.</span> <span class='ocrx_word' id='word_1_364' title='bbox 914 1722 975 1755; x_wconf 77' lang='lat' dir='ltr'>Sy.</span> <span class='ocrx_word' id='word_1_365' title='bbox 1005 1720 1041 1747; x_wconf 70' lang='lat' dir='ltr'>Vt</span> 
     </span>
     <span class='ocr_line' id='line_1_36' title="bbox 198 1762 1039 1799; baseline 0.001 -11"><span class='ocrx_word' id='word_1_366' title='bbox 198 1762 291 1789; x_wconf 88' lang='lat' dir='ltr'>melior</span> <span class='ocrx_word' id='word_1_367' title='bbox 309 1763 384 1789; x_wconf 85' lang='lat' dir='ltr'>fieret</span> <span class='ocrx_word' id='word_1_368' title='bbox 398 1773 449 1794; x_wconf 73' lang='lat' dir='ltr'>res⁷</span> <span class='ocrx_word' id='word_1_369' title='bbox 470 1762 512 1789; x_wconf 85' lang='lat' dir='ltr'>Ad</span> <span class='ocrx_word' id='word_1_370' title='bbox 525 1763 713 1790; x_wconf 74' lang='lat' dir='ltr'>meliorandam</span> <span class='ocrx_word' id='word_1_371' title='bbox 726 1774 780 1790; x_wconf 83' lang='lat' dir='ltr'>rem</span> <span class='ocrx_word' id='word_1_372' title='bbox 793 1765 962 1799; x_wconf 81' lang='lat' dir='ltr'>(erogatum.)</span> <span class='ocrx_word' id='word_1_373' title='bbox 982 1774 1003 1789; x_wconf 80' lang='lat' dir='ltr'>e.</span> <span class='ocrx_word' id='word_1_374' title='bbox 1016 1764 1039 1789; x_wconf 87' lang='lat'>9.</span> 
     </span>
     <span class='ocr_line' id='line_1_37' title="bbox 200 1805 1041 1842; baseline 0 -11"><span class='ocrx_word' id='word_1_375' title='bbox 200 1817 220 1832; x_wconf 81' lang='lat' dir='ltr'>c.</span> <span class='ocrx_word' id='word_1_376' title='bbox 242 1807 281 1831; x_wconf 80' lang='lat'>16.</span> <span class='ocrx_word' id='word_1_377' title='bbox 307 1805 339 1832; x_wconf 90' lang='lat' dir='ltr'>de</span> <span class='ocrx_word' id='word_1_378' title='bbox 364 1807 439 1832; x_wconf 81' lang='lat' dir='ltr'>evict.</span> <span class='ocrx_word' id='word_1_379' title='bbox 460 1808 483 1831; x_wconf 70' lang='grc' dir='ltr'>ὅ.</span> <span class='ocrx_word' id='word_1_380' title='bbox 504 1807 545 1831; x_wconf 78' lang='lat'>45.</span> <span class='ocrx_word' id='word_1_381' title='bbox 582 1805 624 1832; x_wconf 89' lang='lat' dir='ltr'>lII.</span> <span class='ocrx_word' id='word_1_382' title='bbox 646 1808 712 1833; x_wconf 74' lang='lat' dir='ltr'>Cn.</span> <span class='ocrx_word' id='word_1_383' title='bbox 738 1806 859 1832; x_wconf 69' lang='lat' dir='ltr'>Forsitan</span> <span class='ocrx_word' id='word_1_384' title='bbox 879 1821 911 1825; x_wconf 90' lang='lat'>—</span> <span class='ocrx_word' id='word_1_385' title='bbox 935 1807 1041 1842; x_wconf 78' lang='lat' dir='ltr'>poterit.</span> 
     </span>
     <span class='ocr_line' id='line_1_38' title="bbox 200 1847 1042 1885; baseline 0 -11"><span class='ocrx_word' id='word_1_386' title='bbox 200 1850 223 1874; x_wconf 88' lang='lat' dir='ltr'>si</span> <span class='ocrx_word' id='word_1_387' title='bbox 242 1847 348 1884; x_wconf 81' lang='lat' dir='ltr'>quidem</span> <span class='ocrx_word' id='word_1_388' title='bbox 368 1849 390 1874; x_wconf 88' lang='lat' dir='ltr'>ei</span> <span class='ocrx_word' id='word_1_389' title='bbox 410 1849 570 1885; x_wconf 74' lang='lat' dir='ltr'>permittitur</span> <span class='ocrx_word' id='word_1_390' title='bbox 589 1848 727 1875; x_wconf 77' lang='lat' dir='ltr'>meliorare</span> <span class='ocrx_word' id='word_1_391' title='bbox 740 1850 937 1885; x_wconf 80' lang='lat' dir='ltr'>proprietatem.</span> <span class='ocrx_word' id='word_1_392' title='bbox 957 1848 986 1874; x_wconf 80' lang='lat' dir='ltr'>fr.</span> <span class='ocrx_word' id='word_1_393' title='bbox 1002 1850 1042 1874; x_wconf 88' lang='lat'>13.</span> 
     </span>
     <span class='ocr_line' id='line_1_39' title="bbox 200 1890 1042 1928; baseline 0 -11"><span class='ocrx_word' id='word_1_394' title='bbox 200 1892 222 1925; x_wconf 66' lang='grc' dir='ltr'>ξ,</span> <span class='ocrx_word' id='word_1_395' title='bbox 237 1893 260 1917; x_wconf 89' lang='lat'>5.</span> <span class='ocrx_word' id='word_1_396' title='bbox 282 1891 314 1917; x_wconf 87' lang='lat' dir='ltr'>de</span> <span class='ocrx_word' id='word_1_397' title='bbox 334 1890 415 1917; x_wconf 80' lang='lat' dir='ltr'>ususr.</span> <span class='ocrx_word' id='word_1_398' title='bbox 430 1893 452 1917; x_wconf 88' lang='lat'>7.</span> <span class='ocrx_word' id='word_1_399' title='bbox 474 1892 495 1917; x_wconf 92' lang='grc'>1.</span> <span class='ocrx_word' id='word_1_400' title='bbox 534 1890 642 1917; x_wconf 82' lang='lat' dir='ltr'>Sumtus</span> <span class='ocrx_word' id='word_1_401' title='bbox 662 1892 792 1918; x_wconf 81' lang='lat' dir='ltr'>meliorati</span> <span class='ocrx_word' id='word_1_402' title='bbox 811 1892 910 1928; x_wconf 83' lang='lat' dir='ltr'>praedii</span> <span class='ocrx_word' id='word_1_403' title='bbox 930 1901 1042 1918; x_wconf 88' lang='lat' dir='ltr'>servare.</span> 
     </span>
    </p>
   </div>
   <div class='ocr_carea' id='block_1_17' title="bbox 201 1933 1065 1970">
    <p class='ocr_par' dir='ltr' id='par_1_17' title="bbox 201 1933 1065 1970">
     <span class='ocr_line' id='line_1_40' title="bbox 201 1933 1065 1970; baseline 0 -10"><span class='ocrx_word' id='word_1_404' title='bbox 201 1944 222 1960; x_wconf 89' lang='lat' dir='ltr'>c.</span> <span class='ocrx_word' id='word_1_405' title='bbox 244 1935 283 1960; x_wconf 87' lang='lat'>16.</span> <span class='ocrx_word' id='word_1_406' title='bbox 305 1934 336 1960; x_wconf 87' lang='lat' dir='ltr'>de</span> <span class='ocrx_word' id='word_1_407' title='bbox 356 1933 444 1970; x_wconf 80' lang='lat' dir='ltr'>praed.</span> <span class='ocrx_word' id='word_1_408' title='bbox 466 1939 492 1959; x_wconf 76' lang='lat' dir='ltr'>et</span> <span class='ocrx_word' id='word_1_409' title='bbox 511 1933 542 1959; x_wconf 83' lang='lat' dir='ltr'>al.</span> <span class='ocrx_word' id='word_1_410' title='bbox 563 1934 617 1960; x_wconf 73' lang='lat' dir='ltr'>reb.</span> <span class='ocrx_word' id='word_1_411' title='bbox 637 1935 698 1960; x_wconf 88' lang='lat' dir='ltr'>min.</span> <span class='ocrx_word' id='word_1_412' title='bbox 718 1936 742 1960; x_wconf 92' lang='lat'>5.</span> <span class='ocrx_word' id='word_1_413' title='bbox 764 1936 803 1960; x_wconf 89' lang='lat'>71.</span> <span class='ocrx_word' id='word_1_414' title='bbox 825 1934 855 1961; x_wconf 79' lang='lat' dir='ltr'>cf.</span> <span class='ocrx_word' id='word_1_415' title='bbox 877 1934 926 1961; x_wconf 85' lang='lat' dir='ltr'>Th.</span> <span class='ocrx_word' id='word_1_416' title='bbox 941 1934 972 1961; x_wconf 89' lang='lat' dir='ltr'>C.</span> <span class='ocrx_word' id='word_1_417' title='bbox 986 1934 1042 1961; x_wconf 75' lang='lat' dir='ltr'>XII.</span> <span class='ocrx_word' id='word_1_418' title='bbox 1064 1937 1065 1940; x_wconf 78' lang='grc'>’</span> 
     </span>
    </p>
   </div>
   <div class='ocr_carea' id='block_1_18' title="bbox 200 1976 1043 2098">
    <p class='ocr_par' dir='ltr' id='par_1_18' title="bbox 200 1976 1043 2098">
     <span class='ocr_line' id='line_1_41' title="bbox 200 1976 815 2013; baseline 0.002 -11"><span class='ocrx_word' id='word_1_419' title='bbox 200 1980 224 2003; x_wconf 75' lang='grc'>3.</span> <span class='ocrx_word' id='word_1_420' title='bbox 246 1988 266 2003; x_wconf 82' lang='lat' dir='ltr'>c.</span> <span class='ocrx_word' id='word_1_421' title='bbox 286 1979 309 2003; x_wconf 86' lang='lat'>2.</span> <span class='ocrx_word' id='word_1_422' title='bbox 330 1977 351 2010; x_wconf 62' lang='grc' dir='ltr'>ξ.</span> <span class='ocrx_word' id='word_1_423' title='bbox 374 1978 396 2003; x_wconf 92' lang='lat'>1.</span> <span class='ocrx_word' id='word_1_424' title='bbox 419 1976 451 2003; x_wconf 85' lang='lat' dir='ltr'>de</span> <span class='ocrx_word' id='word_1_425' title='bbox 471 1976 559 2013; x_wconf 76' lang='lat' dir='ltr'>praed.</span> <span class='ocrx_word' id='word_1_426' title='bbox 580 1982 605 2002; x_wconf 79' lang='lat' dir='ltr'>ct</span> <span class='ocrx_word' id='word_1_427' title='bbox 624 1987 705 2003; x_wconf 82' lang='lat' dir='ltr'>manc.</span> <span class='ocrx_word' id='word_1_428' title='bbox 726 1977 815 2003; x_wconf 82' lang='lat' dir='ltr'>curial.</span> 
     </span>
     <span class='ocr_line' id='line_1_42' title="bbox 236 2019 1043 2055; baseline 0 -9"><span class='ocrx_word' id='word_1_429' title='bbox 236 2019 464 2047; x_wconf 60' lang='lat' dir='ltr'>Rleliorafio.</span> <span class='ocrx_word' id='word_1_430' title='bbox 490 2021 639 2055; x_wconf 79' lang='lat' dir='ltr'>Refectio</span> <span class='ocrx_word' id='word_1_431' title='bbox 658 2023 689 2046; x_wconf 83' lang='lat' dir='ltr'>in</span> <span class='ocrx_word' id='word_1_432' title='bbox 710 2022 831 2046; x_wconf 80' lang='lat' dir='ltr'>melias.</span> <span class='ocrx_word' id='word_1_433' title='bbox 855 2019 897 2045; x_wconf 71' lang='lat'>111.</span> <span class='ocrx_word' id='word_1_434' title='bbox 913 2021 979 2047; x_wconf 78' lang='lat' dir='ltr'>Gn.</span> <span class='ocrx_word' id='word_1_435' title='bbox 992 2019 1043 2046; x_wconf 76' lang='lat' dir='ltr'>Me-</span> 
     </span>
     <span class='ocr_line' id='line_1_43' title="bbox 202 2062 1043 2098; baseline -0.001 -9"><span class='ocrx_word' id='word_1_436' title='bbox 202 2063 363 2089; x_wconf 79' lang='lat' dir='ltr'>liorationeS.</span> <span class='ocrx_word' id='word_1_437' title='bbox 378 2072 444 2098; x_wconf 81' lang='lat' dir='ltr'>quae</span> <span class='ocrx_word' id='word_1_438' title='bbox 458 2072 549 2097; x_wconf 73' lang='lat' dir='ltr'>graeco</span> <span class='ocrx_word' id='word_1_439' title='bbox 568 2062 711 2089; x_wconf 84' lang='lat' dir='ltr'>vocabulo:</span> <span class='ocrx_word' id='word_1_440' title='bbox 731 2065 898 2098; x_wconf 61' lang='grc' dir='ltr'>ἐμπονιῃιαιιι</span> <span class='ocrx_word' id='word_1_441' title='bbox 913 2062 1043 2089; x_wconf 86' lang='lat' dir='ltr'>dicuntur.</span> 
     </span>
    </p>
   </div>
   <div class='ocr_carea' id='block_1_19' title="bbox 205 2095 1068 2185">
    <p class='ocr_par' dir='ltr' id='par_1_19' title="bbox 205 2095 1068 2185">
     <span class='ocr_line' id='line_1_44' title="bbox 205 2095 1067 2143; baseline -0.001 -11"><span class='ocrx_word' id='word_1_442' title='bbox 205 2116 225 2132; x_wconf 89' lang='lat' dir='ltr'>c.</span> <span class='ocrx_word' id='word_1_443' title='bbox 244 2108 267 2132; x_wconf 88' lang='grc'>3.</span> <span class='ocrx_word' id='word_1_444' title='bbox 288 2105 319 2132; x_wconf 73' lang='lat' dir='ltr'>es.</span> <span class='ocrx_word' id='word_1_445' title='bbox 345 2116 365 2131; x_wconf 92' lang='lat' dir='ltr'>c.</span> <span class='ocrx_word' id='word_1_446' title='bbox 385 2107 409 2131; x_wconf 90' lang='lat'>2.</span> <span class='ocrx_word' id='word_1_447' title='bbox 434 2104 466 2132; x_wconf 81' lang='lat' dir='ltr'>de</span> <span class='ocrx_word' id='word_1_448' title='bbox 490 2106 546 2132; x_wconf 88' lang='lat' dir='ltr'>iure</span> <span class='ocrx_word' id='word_1_449' title='bbox 566 2105 651 2143; x_wconf 82' lang='lat' dir='ltr'>emph.</span> <span class='ocrx_word' id='word_1_450' title='bbox 671 2108 695 2132; x_wconf 79' lang='lat'>4.</span> <span class='ocrx_word' id='word_1_451' title='bbox 715 2107 756 2132; x_wconf 89' lang='lat'>66.</span> <span class='ocrx_word' id='word_1_452' title='bbox 794 2105 937 2132; x_wconf 81' lang='lat' dir='ltr'>Restitutio</span> <span class='ocrx_word' id='word_1_453' title='bbox 956 2106 1043 2143; x_wconf 78' lang='lat' dir='ltr'>pretii,</span> <span class='ocrx_word' id='word_1_454' title='bbox 1065 2095 1067 2102; x_wconf 37' lang='grc' dir='ltr'>ι</span> 
     </span>
     <span class='ocr_line' id='line_1_45' title="bbox 205 2141 1068 2185; baseline 0 -11"><span class='ocrx_word' id='word_1_455' title='bbox 205 2158 288 2184; x_wconf 88' lang='lat' dir='ltr'>neque</span> <span class='ocrx_word' id='word_1_456' title='bbox 307 2148 403 2185; x_wconf 82' lang='lat' dir='ltr'>duplae</span> <span class='ocrx_word' id='word_1_457' title='bbox 427 2148 576 2185; x_wconf 71' lang='lat' dir='ltr'>stipulatio,</span> <span class='ocrx_word' id='word_1_458' title='bbox 600 2158 685 2185; x_wconf 83' lang='lat' dir='ltr'>neque</span> <span class='ocrx_word' id='word_1_459' title='bbox 708 2148 863 2175; x_wconf 80' lang='lat' dir='ltr'>melioratio.</span> <span class='ocrx_word' id='word_1_460' title='bbox 888 2159 908 2174; x_wconf 84' lang='lat' dir='ltr'>c.</span> <span class='ocrx_word' id='word_1_461' title='bbox 929 2150 952 2175; x_wconf 87' lang='lat'>3.</span> <span class='ocrx_word' id='word_1_462' title='bbox 978 2149 1000 2182; x_wconf 62' lang='grc' dir='ltr'>ξ.</span> <span class='ocrx_word' id='word_1_463' title='bbox 1020 2150 1043 2174; x_wconf 95' lang='lat'>4.</span> <span class='ocrx_word' id='word_1_464' title='bbox 1065 2141 1068 2150; x_wconf 53' lang='lat'><strong><em>⁹</em></strong></span> 
     </span>
    </p>
   </div>
   <div class='ocr_carea' id='block_1_20' title="bbox 206 2190 1047 2528">
    <p class='ocr_par' dir='ltr' id='par_1_20' title="bbox 206 2190 549 2227">
     <span class='ocr_line' id='line_1_46' title="bbox 206 2190 549 2227; baseline 0.006 -11"><span class='ocrx_word' id='word_1_465' title='bbox 206 2200 296 2217; x_wconf 81' lang='lat' dir='ltr'>comm.</span> <span class='ocrx_word' id='word_1_466' title='bbox 316 2190 349 2217; x_wconf 86' lang='lat' dir='ltr'>de</span> <span class='ocrx_word' id='word_1_467' title='bbox 367 2190 443 2227; x_wconf 76' lang='lat' dir='ltr'>legat.</span> <span class='ocrx_word' id='word_1_468' title='bbox 464 2193 487 2218; x_wconf 88' lang='grc'>6.</span> <span class='ocrx_word' id='word_1_469' title='bbox 507 2194 549 2218; x_wconf 68' lang='lat'>43.</span> 
     </span>
    </p>

    <p class='ocr_par' dir='ltr' id='par_1_21' title="bbox 207 2234 1046 2355">
     <span class='ocr_line' id='line_1_47' title="bbox 241 2234 1044 2270; baseline 0 -11"><span class='ocrx_word' id='word_1_470' title='bbox 241 2234 600 2267; x_wconf 78' lang='lat' dir='ltr'>Melloproximatus.</span> <span class='ocrx_word' id='word_1_471' title='bbox 622 2236 782 2270; x_wconf 67' lang='lat' dir='ltr'>Dignitax</span> <span class='ocrx_word' id='word_1_472' title='bbox 796 2236 1044 2268; x_wconf 74' lang='lat' dir='ltr'>melloproximi.</span> 
     </span>
     <span class='ocr_line' id='line_1_48' title="bbox 207 2275 1046 2313; baseline 0.001 -12"><span class='ocrx_word' id='word_1_473' title='bbox 207 2275 249 2302; x_wconf 87' lang='lat'>111.</span> <span class='ocrx_word' id='word_1_474' title='bbox 270 2276 336 2302; x_wconf 72' lang='lat' dir='ltr'>Cn-</span> <span class='ocrx_word' id='word_1_475' title='bbox 363 2276 391 2302; x_wconf 88' lang='lat' dir='ltr'>In</span> <span class='ocrx_word' id='word_1_476' title='bbox 415 2277 559 2303; x_wconf 78' lang='lat' dir='ltr'>secundum</span> <span class='ocrx_word' id='word_1_477' title='bbox 579 2277 686 2313; x_wconf 79' lang='lat' dir='ltr'>gradum</span> <span class='ocrx_word' id='word_1_478' title='bbox 704 2277 886 2309; x_wconf 70' lang='lat' dir='ltr'>venientibus,</span> <span class='ocrx_word' id='word_1_479' title='bbox 912 2281 938 2303; x_wconf 82' lang='lat' dir='ltr'>et</span> <span class='ocrx_word' id='word_1_480' title='bbox 956 2275 1046 2302; x_wconf 89' lang='lat' dir='ltr'>mello-</span> 
     </span>
     <span class='ocr_line' id='line_1_49' title="bbox 207 2318 847 2355; baseline 0.005 -12"><span class='ocrx_word' id='word_1_481' title='bbox 207 2319 382 2355; x_wconf 74' lang='lat' dir='ltr'>proximatum</span> <span class='ocrx_word' id='word_1_482' title='bbox 400 2319 615 2355; x_wconf 80' lang='lat' dir='ltr'>ingredientibus.</span> <span class='ocrx_word' id='word_1_483' title='bbox 635 2318 702 2345; x_wconf 50' lang='grc' dir='ltr'>δον.</span> <span class='ocrx_word' id='word_1_484' title='bbox 721 2321 762 2346; x_wconf 83' lang='lat'>35.</span> <span class='ocrx_word' id='word_1_485' title='bbox 783 2330 802 2347; x_wconf 85' lang='lat' dir='ltr'>c.</span> <span class='ocrx_word' id='word_1_486' title='bbox 826 2322 847 2346; x_wconf 92' lang='lat' dir='ltr'>l.</span> 
     </span>
    </p>

    <p class='ocr_par' dir='ltr' id='par_1_22' title="bbox 209 2362 1047 2528">
     <span class='ocr_line' id='line_1_50' title="bbox 243 2362 1045 2397; baseline 0.001 -10"><span class='ocrx_word' id='word_1_487' title='bbox 243 2362 560 2393; x_wconf 80' lang='lat' dir='ltr'>Melloproximus.</span> <span class='ocrx_word' id='word_1_488' title='bbox 611 2363 776 2389; x_wconf 75' lang='lat' dir='ltr'>Secundus</span> <span class='ocrx_word' id='word_1_489' title='bbox 806 2365 846 2389; x_wconf 86' lang='lat' dir='ltr'>ad</span> <span class='ocrx_word' id='word_1_490' title='bbox 876 2364 1045 2397; x_wconf 73' lang='lat' dir='ltr'>proxima-</span> 
     </span>
     <span class='ocr_line' id='line_1_51' title="bbox 209 2404 1046 2441; baseline 0 -11"><span class='ocrx_word' id='word_1_491' title='bbox 209 2411 273 2430; x_wconf 72' lang='lat' dir='ltr'>rum</span> <span class='ocrx_word' id='word_1_492' title='bbox 298 2405 503 2431; x_wconf 78' lang='lat' dir='ltr'>scriniorum.</span> <span class='ocrx_word' id='word_1_493' title='bbox 540 2405 612 2441; x_wconf 81' lang='lat' dir='ltr'>(Qui</span> <span class='ocrx_word' id='word_1_494' title='bbox 637 2404 743 2431; x_wconf 86' lang='lat' dir='ltr'>biennio</span> <span class='ocrx_word' id='word_1_495' title='bbox 767 2406 888 2432; x_wconf 79' lang='lat' dir='ltr'>veniente</span> <span class='ocrx_word' id='word_1_496' title='bbox 907 2404 1046 2431; x_wconf 74' lang='lat' dir='ltr'>Proximus</span> 
     </span>
     <span class='ocr_line' id='line_1_52' title="bbox 210 2446 1047 2483; baseline 0.001 -11"><span class='ocrx_word' id='word_1_497' title='bbox 210 2448 268 2483; x_wconf 86' lang='lat' dir='ltr'>ipse</span> <span class='ocrx_word' id='word_1_498' title='bbox 286 2446 388 2472; x_wconf 76' lang='lat' dir='ltr'>futurus</span> <span class='ocrx_word' id='word_1_499' title='bbox 403 2446 464 2478; x_wconf 73' lang='lat' dir='ltr'>cst.)</span> <span class='ocrx_word' id='word_1_500' title='bbox 493 2447 523 2473; x_wconf 86' lang='grc' dir='ltr'>ΙΙ.</span> <span class='ocrx_word' id='word_1_501' title='bbox 538 2450 605 2482; x_wconf 77' lang='lat' dir='ltr'>Op.</span> <span class='ocrx_word' id='word_1_502' title='bbox 625 2447 748 2475; x_wconf 83' lang='lat' dir='ltr'>Proximi.</span> <span class='ocrx_word' id='word_1_503' title='bbox 769 2458 789 2474; x_wconf 86' lang='lat' dir='ltr'>s.</span> <span class='ocrx_word' id='word_1_504' title='bbox 807 2448 860 2483; x_wconf 86' lang='lat' dir='ltr'>Qui</span> <span class='ocrx_word' id='word_1_505' title='bbox 878 2449 916 2480; x_wconf 90' lang='lat' dir='ltr'>(in</span> <span class='ocrx_word' id='word_1_506' title='bbox 930 2448 1047 2480; x_wconf 85' lang='lat' dir='ltr'>scriniis)</span> 
     </span>
     <span class='ocr_line' id='line_1_53' title="bbox 211 2488 1046 2528; baseline 0.004 -15"><span class='ocrx_word' id='word_1_507' title='bbox 211 2489 243 2515; x_wconf 70' lang='lat' dir='ltr'>ad</span> <span class='ocrx_word' id='word_1_508' title='bbox 262 2488 370 2525; x_wconf 74' lang='lat' dir='ltr'>gradum</span> <span class='ocrx_word' id='word_1_509' title='bbox 393 2490 560 2525; x_wconf 78' lang='lat' dir='ltr'>pervenerint</span> <span class='ocrx_word' id='word_1_510' title='bbox 582 2493 768 2528; x_wconf 76' lang='lat' dir='ltr'>proximorum.</span> <span class='ocrx_word' id='word_1_511' title='bbox 788 2507 821 2511; x_wconf 85' lang='lat'>-—</span> <span class='ocrx_word' id='word_1_512' title='bbox 845 2490 1046 2527; x_wconf 78' lang='lat' dir='ltr'>Melloproximi.</span> 
     </span>
    </p>
   </div>
   <div class='ocr_carea' id='block_1_21' title="bbox 211 2530 1046 2610">
    <p class='ocr_par' dir='ltr' id='par_1_23' title="bbox 211 2530 1046 2610">
     <span class='ocr_line' id='line_1_54' title="bbox 212 2530 1046 2568; baseline 0.002 -10"><span class='ocrx_word' id='word_1_513' title='bbox 212 2542 233 2558; x_wconf 83' lang='lat' dir='ltr'>c.</span> <span class='ocrx_word' id='word_1_514' title='bbox 253 2533 275 2557; x_wconf 94' lang='lat'>7.</span> <span class='ocrx_word' id='word_1_515' title='bbox 297 2541 317 2557; x_wconf 90' lang='lat' dir='ltr'>c.</span> <span class='ocrx_word' id='word_1_516' title='bbox 338 2533 378 2557; x_wconf 91' lang='lat'>14.</span> <span class='ocrx_word' id='word_1_517' title='bbox 397 2531 419 2565; x_wconf 61' lang='grc' dir='ltr'>ς’.</span> <span class='ocrx_word' id='word_1_518' title='bbox 440 2532 462 2556; x_wconf 92' lang='lat'>1.</span> <span class='ocrx_word' id='word_1_519' title='bbox 483 2530 515 2557; x_wconf 88' lang='lat' dir='ltr'>de</span> <span class='ocrx_word' id='word_1_520' title='bbox 533 2541 606 2568; x_wconf 81' lang='lat' dir='ltr'>prox.</span> <span class='ocrx_word' id='word_1_521' title='bbox 627 2534 654 2560; x_wconf 93' lang='lat' dir='ltr'>S.</span> <span class='ocrx_word' id='word_1_522' title='bbox 674 2535 751 2561; x_wconf 88' lang='lat' dir='ltr'>scrin.</span> <span class='ocrx_word' id='word_1_523' title='bbox 773 2535 866 2560; x_wconf 82' lang='lat'>1219.</span> <span class='ocrx_word' id='word_1_524' title='bbox 889 2533 938 2560; x_wconf 88' lang='grc' dir='ltr'>Τ11.</span> <span class='ocrx_word' id='word_1_525' title='bbox 959 2532 989 2560; x_wconf 89' lang='lat' dir='ltr'>C.</span> <span class='ocrx_word' id='word_1_526' title='bbox 1004 2532 1046 2560; x_wconf 70' lang='lat' dir='ltr'>VI.</span> 
     </span>
     <span class='ocr_line' id='line_1_55' title="bbox 211 2573 668 2610; baseline 0.004 -9"><span class='ocrx_word' id='word_1_527' title='bbox 211 2575 253 2601; x_wconf 83' lang='lat'>26.</span> <span class='ocrx_word' id='word_1_528' title='bbox 275 2584 294 2600; x_wconf 85' lang='lat' dir='ltr'>c.</span> <span class='ocrx_word' id='word_1_529' title='bbox 317 2575 355 2599; x_wconf 85' lang='lat'>16.</span> <span class='ocrx_word' id='word_1_530' title='bbox 376 2583 415 2610; x_wconf 84' lang='lat' dir='ltr'>sq.</span> <span class='ocrx_word' id='word_1_531' title='bbox 436 2573 468 2599; x_wconf 81' lang='lat' dir='ltr'>de</span> <span class='ocrx_word' id='word_1_532' title='bbox 487 2583 561 2610; x_wconf 78' lang='lat' dir='ltr'>prox.</span> <span class='ocrx_word' id='word_1_533' title='bbox 582 2578 668 2603; x_wconf 84' lang='lat' dir='ltr'>comit.</span> 
     </span>
    </p>
   </div>
   <div class='ocr_carea' id='block_1_22' title="bbox 212 2617 1050 2868">
    <p class='ocr_par' dir='ltr' id='par_1_24' title="bbox 212 2617 1050 2868">
     <span class='ocr_line' id='line_1_56' title="bbox 248 2617 1049 2655; baseline 0.001 -11"><span class='ocrx_word' id='word_1_534' title='bbox 248 2618 483 2644; x_wconf 61' lang='lat' dir='ltr'>Membrana.</span> <span class='ocrx_word' id='word_1_535' title='bbox 526 2617 556 2649; x_wconf 66' lang='grc' dir='ltr'>ξ.</span> <span class='ocrx_word' id='word_1_536' title='bbox 584 2619 619 2644; x_wconf 88' lang='lat' dir='ltr'>l.</span> <span class='ocrx_word' id='word_1_537' title='bbox 650 2621 852 2655; x_wconf 80' lang='lat' dir='ltr'>Pergamena</span> <span class='ocrx_word' id='word_1_538' title='bbox 881 2622 1009 2649; x_wconf 73' lang='lat' dir='ltr'>charta,</span> <span class='ocrx_word' id='word_1_539' title='bbox 1036 2629 1049 2645; x_wconf 88' lang='lat' dir='ltr'>e</span> 
     </span>
     <span class='ocr_line' id='line_1_57' title="bbox 212 2661 1049 2696; baseline 0.001 -9"><span class='ocrx_word' id='word_1_540' title='bbox 212 2662 351 2695; x_wconf 72' lang='lat' dir='ltr'>pellibus</span> <span class='ocrx_word' id='word_1_541' title='bbox 370 2661 563 2686; x_wconf 78' lang='lat' dir='ltr'>animalium</span> <span class='ocrx_word' id='word_1_542' title='bbox 576 2662 683 2696; x_wconf 79' lang='lat' dir='ltr'>facta.</span> <span class='ocrx_word' id='word_1_543' title='bbox 719 2662 762 2689; x_wconf 88' lang='grc'>111.</span> <span class='ocrx_word' id='word_1_544' title='bbox 778 2664 844 2691; x_wconf 77' lang='lat' dir='ltr'>Cn.</span> <span class='ocrx_word' id='word_1_545' title='bbox 864 2662 987 2694; x_wconf 75' lang='lat' dir='ltr'>Chartae,</span> <span class='ocrx_word' id='word_1_546' title='bbox 1005 2671 1049 2688; x_wconf 84' lang='lat' dir='ltr'>vo-</span> 
     </span>
     <span class='ocr_line' id='line_1_58' title="bbox 214 2701 1048 2740; baseline 0.002 -10"><span class='ocrx_word' id='word_1_547' title='bbox 214 2704 323 2733; x_wconf 78' lang='lat' dir='ltr'>lumina,</span> <span class='ocrx_word' id='word_1_548' title='bbox 348 2701 391 2728; x_wconf 76' lang='lat' dir='ltr'>vel</span> <span class='ocrx_word' id='word_1_549' title='bbox 415 2703 578 2729; x_wconf 85' lang='lat' dir='ltr'>membranae</span> <span class='ocrx_word' id='word_1_550' title='bbox 602 2707 627 2729; x_wconf 87' lang='lat' dir='ltr'>et</span> <span class='ocrx_word' id='word_1_551' title='bbox 650 2703 781 2740; x_wconf 64' lang='lat' dir='ltr'>philurae,</span> <span class='ocrx_word' id='word_1_552' title='bbox 805 2707 972 2732; x_wconf 82' lang='lat' dir='ltr'>continentur</span> <span class='ocrx_word' id='word_1_553' title='bbox 996 2704 1048 2738; x_wconf 92' lang='lat' dir='ltr'>(sc.</span> 
     </span>
     <span class='ocr_line' id='line_1_59' title="bbox 215 2744 1049 2786; baseline 0.004 -14"><span class='ocrx_word' id='word_1_554' title='bbox 215 2746 290 2773; x_wconf 87' lang='lat' dir='ltr'>libris</span> <span class='ocrx_word' id='word_1_555' title='bbox 310 2745 427 2781; x_wconf 65' lang='lat' dir='ltr'>legatis)</span> <span class='ocrx_word' id='word_1_556' title='bbox 452 2744 523 2772; x_wconf 88' lang='lat' dir='ltr'>Paul.</span> <span class='ocrx_word' id='word_1_557' title='bbox 541 2745 583 2772; x_wconf 87' lang='lat' dir='ltr'>III.</span> <span class='ocrx_word' id='word_1_558' title='bbox 604 2746 627 2771; x_wconf 86' lang='grc'>6.</span> <span class='ocrx_word' id='word_1_559' title='bbox 652 2746 674 2779; x_wconf 83' lang='lat'>§.</span> <span class='ocrx_word' id='word_1_560' title='bbox 693 2747 733 2773; x_wconf 82' lang='lat'>87.</span> <span class='ocrx_word' id='word_1_561' title='bbox 753 2747 783 2774; x_wconf 86' lang='lat' dir='ltr'>fr.</span> <span class='ocrx_word' id='word_1_562' title='bbox 802 2750 843 2775; x_wconf 89' lang='lat'>52.</span> <span class='ocrx_word' id='word_1_563' title='bbox 863 2759 901 2786; x_wconf 87' lang='lat' dir='ltr'>pr.</span> <span class='ocrx_word' id='word_1_564' title='bbox 922 2748 955 2774; x_wconf 86' lang='lat' dir='ltr'>de</span> <span class='ocrx_word' id='word_1_565' title='bbox 973 2747 1049 2785; x_wconf 81' lang='lat' dir='ltr'>legat.</span> 
     </span>
     <span class='ocr_line' id='line_1_60' title="bbox 215 2787 1050 2824; baseline 0.004 -9"><span class='ocrx_word' id='word_1_566' title='bbox 215 2789 258 2815; x_wconf 89' lang='lat'>111.</span> <span class='ocrx_word' id='word_1_567' title='bbox 278 2789 345 2823; x_wconf 86' lang='lat'>(32.)</span> <span class='ocrx_word' id='word_1_568' title='bbox 382 2787 444 2814; x_wconf 84' lang='lat' dir='ltr'>Sive</span> <span class='ocrx_word' id='word_1_569' title='bbox 469 2787 584 2821; x_wconf 78' lang='lat' dir='ltr'>chartae,</span> <span class='ocrx_word' id='word_1_570' title='bbox 609 2789 665 2815; x_wconf 80' lang='lat' dir='ltr'>sive</span> <span class='ocrx_word' id='word_1_571' title='bbox 688 2789 850 2817; x_wconf 77' lang='lat' dir='ltr'>membranae</span> <span class='ocrx_word' id='word_1_572' title='bbox 873 2793 938 2824; x_wconf 73' lang='lat' dir='ltr'>sint,</span> <span class='ocrx_word' id='word_1_573' title='bbox 962 2791 1004 2818; x_wconf 71' lang='lat' dir='ltr'>vel</span> <span class='ocrx_word' id='word_1_574' title='bbox 1028 2792 1050 2818; x_wconf 91' lang='lat' dir='ltr'>si</span> 
     </span>
     <span class='ocr_line' id='line_1_61' title="bbox 218 2831 1050 2868; baseline 0.004 -11"><span class='ocrx_word' id='word_1_575' title='bbox 218 2843 230 2857; x_wconf 78' lang='lat' dir='ltr'>e</span> <span class='ocrx_word' id='word_1_576' title='bbox 250 2833 322 2858; x_wconf 84' lang='lat' dir='ltr'>corio</span> <span class='ocrx_word' id='word_1_577' title='bbox 341 2831 450 2857; x_wconf 83' lang='lat' dir='ltr'>alicuius</span> <span class='ocrx_word' id='word_1_578' title='bbox 475 2831 599 2859; x_wconf 85' lang='lat' dir='ltr'>animalis.</span> <span class='ocrx_word' id='word_1_579' title='bbox 624 2831 653 2858; x_wconf 83' lang='lat' dir='ltr'>fr.</span> <span class='ocrx_word' id='word_1_580' title='bbox 676 2833 697 2858; x_wconf 92' lang='lat' dir='ltr'>l.</span> <span class='ocrx_word' id='word_1_581' title='bbox 721 2842 760 2868; x_wconf 86' lang='lat' dir='ltr'>pr.</span> <span class='ocrx_word' id='word_1_582' title='bbox 784 2833 816 2859; x_wconf 86' lang='lat' dir='ltr'>de</span> <span class='ocrx_word' id='word_1_583' title='bbox 834 2833 864 2860; x_wconf 90' lang='lat' dir='ltr'>B.</span> <span class='ocrx_word' id='word_1_584' title='bbox 884 2833 912 2860; x_wconf 88' lang='lat' dir='ltr'>P.</span> <span class='ocrx_word' id='word_1_585' title='bbox 932 2844 952 2860; x_wconf 93' lang='lat' dir='ltr'>s.</span> <span class='ocrx_word' id='word_1_586' title='bbox 972 2839 990 2860; x_wconf 85' lang='lat' dir='ltr'>t.</span> <span class='ocrx_word' id='word_1_587' title='bbox 1009 2835 1050 2861; x_wconf 83' lang='lat'>37.</span> 
     </span>
    </p>
   </div>
   <div class='ocr_carea' id='block_1_23' title="bbox 1050 385 1052 416">
    <p class='ocr_par' dir='ltr' id='par_1_25' title="bbox 1050 385 1052 416">
     <span class='ocr_line' id='line_1_62' title="bbox 1050 385 1051 394; baseline 0 0"><span class='ocrx_word' id='word_1_588' title='bbox 1050 385 1051 394; x_wconf 61' lang='grc'>1</span> 
     </span>
     <span class='ocr_line' id='line_1_63' title="bbox 1050 399 1052 416; baseline 0 0"><span class='ocrx_word' id='word_1_589' title='bbox 1050 399 1052 416; x_wconf 75' lang='lat' dir='ltr'>t</span> 
     </span>
    </p>
   </div>
   <div class='ocr_carea' id='block_1_24' title="bbox 1050 303 1075 2878">
    <p class='ocr_par' dir='ltr' id='par_1_26' title="bbox 1050 303 1075 2878">
     <span class='ocr_line' id='line_1_64' title="bbox 1050 303 1075 2878; baseline 0 0"><span class='ocrx_word' id='word_1_590' title='bbox 1050 303 1075 2878; x_wconf 95' lang='lat' dir='ltr'> </span> 
     </span>
    </p>
   </div>
   <div class='ocr_carea' id='block_1_25' title="bbox 1049 307 1915 347">
    <p class='ocr_par' dir='ltr' id='par_1_27' title="bbox 1049 307 1915 347">
     <span class='ocr_line' id='line_1_65' title="bbox 1049 307 1915 347; baseline 0.005 -15"><span class='ocrx_word' id='word_1_591' title='bbox 1049 342 1051 346; x_wconf 82' lang='lat'>.</span> <span class='ocrx_word' id='word_1_592' title='bbox 1073 312 1194 343; x_wconf 83' lang='lat' dir='ltr'>totasque</span> <span class='ocrx_word' id='word_1_593' title='bbox 1218 307 1381 333; x_wconf 78' lang='lat' dir='ltr'>membranas</span> <span class='ocrx_word' id='word_1_594' title='bbox 1406 308 1583 344; x_wconf 86' lang='lat' dir='ltr'>(inspiciendi</span> <span class='ocrx_word' id='word_1_595' title='bbox 1602 308 1823 345; x_wconf 87' lang='lat' dir='ltr'>describendique</span> <span class='ocrx_word' id='word_1_596' title='bbox 1842 316 1915 347; x_wconf 79' lang='lat' dir='ltr'>pote-</span> 
     </span>
    </p>
   </div>
   <div class='ocr_carea' id='block_1_26' title="bbox 1073 349 1915 385">
    <p class='ocr_par' dir='ltr' id='par_1_28' title="bbox 1073 349 1915 385">
     <span class='ocr_line' id='line_1_66' title="bbox 1073 349 1915 385; baseline 0.005 -10"><span class='ocrx_word' id='word_1_597' title='bbox 1073 351 1154 382; x_wconf 67' lang='lat' dir='ltr'>stas.)</span> <span class='ocrx_word' id='word_1_598' title='bbox 1179 349 1209 376; x_wconf 85' lang='lat' dir='ltr'>fr.</span> <span class='ocrx_word' id='word_1_599' title='bbox 1232 352 1270 376; x_wconf 90' lang='lat'>10.</span> <span class='ocrx_word' id='word_1_600' title='bbox 1295 350 1317 383; x_wconf 54' lang='grc' dir='ltr'>ᾗ.</span> <span class='ocrx_word' id='word_1_601' title='bbox 1336 352 1360 376; x_wconf 83' lang='grc'>2.</span> <span class='ocrx_word' id='word_1_602' title='bbox 1381 350 1413 377; x_wconf 86' lang='lat' dir='ltr'>de</span> <span class='ocrx_word' id='word_1_603' title='bbox 1433 350 1525 377; x_wconf 78' lang='lat' dir='ltr'>edend.</span> <span class='ocrx_word' id='word_1_604' title='bbox 1545 353 1569 377; x_wconf 83' lang='lat'>2.</span> <span class='ocrx_word' id='word_1_605' title='bbox 1591 352 1631 377; x_wconf 82' lang='lat'>13.</span> <span class='ocrx_word' id='word_1_606' title='bbox 1651 367 1683 371; x_wconf 95' lang='lat'>—</span> <span class='ocrx_word' id='word_1_607' title='bbox 1708 352 1739 385; x_wconf 62' lang='grc' dir='ltr'>δ.</span> <span class='ocrx_word' id='word_1_608' title='bbox 1759 353 1794 379; x_wconf 71' lang='lat'>2.</span> <span class='ocrx_word' id='word_1_609' title='bbox 1820 354 1915 379; x_wconf 86' lang='lat' dir='ltr'>Mem-</span> 
     </span>
    </p>
   </div>
   <div class='ocr_carea' id='block_1_27' title="bbox 185 395 1915 473">
    <p class='ocr_par' dir='ltr' id='par_1_29' title="bbox 185 395 1915 473">
     <span class='ocr_line' id='line_1_67' title="bbox 695 395 1915 432; baseline 0.004 -15"><span class='ocrx_word' id='word_1_610' title='bbox 695 427 699 430; x_wconf 38' lang='lat'><em>.</em></span> <span class='ocrx_word' id='word_1_611' title='bbox 1050 421 1052 432; x_wconf 42' lang='grc' dir='ltr'><strong><em>Κ</em></strong></span> <span class='ocrx_word' id='word_1_612' title='bbox 1073 395 1203 425; x_wconf 79' lang='lat' dir='ltr'>branae,</span> <span class='ocrx_word' id='word_1_613' title='bbox 1224 395 1240 419; x_wconf 80' lang='lat' dir='ltr'>i.</span> <span class='ocrx_word' id='word_1_614' title='bbox 1253 403 1272 420; x_wconf 90' lang='lat' dir='ltr'>e.</span> <span class='ocrx_word' id='word_1_615' title='bbox 1297 395 1458 428; x_wconf 79' lang='lat' dir='ltr'>Singulae</span> <span class='ocrx_word' id='word_1_616' title='bbox 1475 396 1629 429; x_wconf 67' lang='lat' dir='ltr'>pagellae</span> <span class='ocrx_word' id='word_1_617' title='bbox 1646 396 1815 421; x_wconf 76' lang='lat' dir='ltr'>cniusdam</span> <span class='ocrx_word' id='word_1_618' title='bbox 1835 398 1915 422; x_wconf 78' lang='lat' dir='ltr'>scri-</span> 
     </span>
     <span class='ocr_line' id='line_1_68' title="bbox 185 433 1052 473; baseline -0.003 -10"><span class='ocrx_word' id='word_1_619' title='bbox 185 436 308 468; x_wconf 68' lang='lat' dir='ltr'>seminae.</span> <span class='ocrx_word' id='word_1_620' title='bbox 335 447 411 473; x_wconf 86' lang='lat' dir='ltr'>qnam</span> <span class='ocrx_word' id='word_1_621' title='bbox 435 435 552 462; x_wconf 86' lang='lat' dir='ltr'>masculi.</span> <span class='ocrx_word' id='word_1_622' title='bbox 587 435 644 462; x_wconf 86' lang='lat' dir='ltr'>Gai.</span> <span class='ocrx_word' id='word_1_623' title='bbox 668 434 698 461; x_wconf 92' lang='lat'>11.</span> <span class='ocrx_word' id='word_1_624' title='bbox 720 436 776 461; x_wconf 85' lang='lat'>113.</span> <span class='ocrx_word' id='word_1_625' title='bbox 817 433 855 460; x_wconf 62' lang='lat' dir='ltr'>Vt</span> <span class='ocrx_word' id='word_1_626' title='bbox 877 434 1030 471; x_wconf 82' lang='lat' dir='ltr'>perficiatur</span> <span class='ocrx_word' id='word_1_627' title='bbox 1050 433 1052 445; x_wconf 88' lang='lat'><strong>¹</strong></span> 
     </span>
    </p>
   </div>
   <div class='ocr_carea' id='block_1_28' title="bbox 1073 435 1918 732">
    <p class='ocr_par' dir='ltr' id='par_1_30' title="bbox 1073 435 1918 732">
     <span class='ocr_line' id='line_1_69' title="bbox 1073 435 1914 469; baseline 0.005 -8"><span class='ocrx_word' id='word_1_628' title='bbox 1073 442 1197 469; x_wconf 78' lang='lat' dir='ltr'>pturae.</span> <span class='ocrx_word' id='word_1_629' title='bbox 1235 435 1277 462; x_wconf 88' lang='grc' dir='ltr'>ΙΙΙ.</span> <span class='ocrx_word' id='word_1_630' title='bbox 1298 437 1364 463; x_wconf 77' lang='lat' dir='ltr'>Cn.</span> <span class='ocrx_word' id='word_1_631' title='bbox 1393 435 1493 462; x_wconf 71' lang='lat' dir='ltr'>Neratii</span> <span class='ocrx_word' id='word_1_632' title='bbox 1513 435 1597 462; x_wconf 85' lang='lat' dir='ltr'>Prisci</span> <span class='ocrx_word' id='word_1_633' title='bbox 1620 436 1682 463; x_wconf 88' lang='lat' dir='ltr'>libri</span> <span class='ocrx_word' id='word_1_634' title='bbox 1700 437 1914 465; x_wconf 80' lang='lat' dir='ltr'>membranarum.</span> 
     </span>
     <span class='ocr_line' id='line_1_70' title="bbox 1075 477 1617 516; baseline 0.002 -13"><span class='ocrx_word' id='word_1_635' title='bbox 1075 477 1117 504; x_wconf 83' lang='lat' dir='ltr'>Cf.</span> <span class='ocrx_word' id='word_1_636' title='bbox 1136 477 1276 505; x_wconf 90' lang='lat' dir='ltr'>llommelii</span> <span class='ocrx_word' id='word_1_637' title='bbox 1296 478 1426 516; x_wconf 75' lang='lat' dir='ltr'>palingen.</span> <span class='ocrx_word' id='word_1_638' title='bbox 1446 478 1464 504; x_wconf 91' lang='grc' dir='ltr'>Ι.</span> <span class='ocrx_word' id='word_1_639' title='bbox 1484 480 1542 504; x_wconf 86' lang='lat'>501.</span> <span class='ocrx_word' id='word_1_640' title='bbox 1559 488 1617 515; x_wconf 85' lang='lat' dir='ltr'>sqq.</span> 
     </span>
     <span class='ocr_line' id='line_1_71' title="bbox 1110 521 1915 553; baseline 0.005 -7"><span class='ocrx_word' id='word_1_641' title='bbox 1110 522 1393 548; x_wconf 70' lang='lat' dir='ltr'>membraneus.</span> <span class='ocrx_word' id='word_1_642' title='bbox 1408 521 1537 553; x_wconf 69' lang='lat' dir='ltr'>(Adiect.)</span> <span class='ocrx_word' id='word_1_643' title='bbox 1554 523 1738 549; x_wconf 77' lang='lat' dir='ltr'>Membrana</span> <span class='ocrx_word' id='word_1_644' title='bbox 1756 530 1915 550; x_wconf 69' lang='lat' dir='ltr'>constans.</span> 
     </span>
     <span class='ocr_line' id='line_1_72' title="bbox 1075 563 1917 598; baseline 0.005 -9"><span class='ocrx_word' id='word_1_645' title='bbox 1075 563 1117 589; x_wconf 87' lang='grc'>111.</span> <span class='ocrx_word' id='word_1_646' title='bbox 1136 565 1201 591; x_wconf 74' lang='lat' dir='ltr'>Cn.</span> <span class='ocrx_word' id='word_1_647' title='bbox 1222 564 1250 590; x_wconf 91' lang='lat' dir='ltr'>ln</span> <span class='ocrx_word' id='word_1_648' title='bbox 1271 564 1406 591; x_wconf 84' lang='lat' dir='ltr'>codicibus</span> <span class='ocrx_word' id='word_1_649' title='bbox 1425 564 1612 595; x_wconf 70' lang='lat' dir='ltr'>membraneis,</span> <span class='ocrx_word' id='word_1_650' title='bbox 1637 564 1679 591; x_wconf 87' lang='lat' dir='ltr'>vel</span> <span class='ocrx_word' id='word_1_651' title='bbox 1699 565 1856 598; x_wconf 81' lang='lat' dir='ltr'>chartaceis.</span> <span class='ocrx_word' id='word_1_652' title='bbox 1874 567 1917 593; x_wconf 75' lang='lat' dir='ltr'>vel</span> 
     </span>
     <span class='ocr_line' id='line_1_73' title="bbox 1077 606 1813 644; baseline 0.004 -13"><span class='ocrx_word' id='word_1_653' title='bbox 1077 606 1153 632; x_wconf 83' lang='lat' dir='ltr'>etiam</span> <span class='ocrx_word' id='word_1_654' title='bbox 1173 606 1277 633; x_wconf 72' lang='lat' dir='ltr'>eboreis</span> <span class='ocrx_word' id='word_1_655' title='bbox 1298 613 1346 633; x_wconf 84' lang='lat' dir='ltr'>etc.</span> <span class='ocrx_word' id='word_1_656' title='bbox 1366 607 1396 634; x_wconf 87' lang='lat' dir='ltr'>sr.</span> <span class='ocrx_word' id='word_1_657' title='bbox 1416 609 1458 633; x_wconf 84' lang='lat'>52.</span> <span class='ocrx_word' id='word_1_658' title='bbox 1478 617 1517 644; x_wconf 91' lang='lat' dir='ltr'>pr.</span> <span class='ocrx_word' id='word_1_659' title='bbox 1538 607 1570 633; x_wconf 87' lang='lat' dir='ltr'>de</span> <span class='ocrx_word' id='word_1_660' title='bbox 1588 606 1663 643; x_wconf 75' lang='lat' dir='ltr'>legat.</span> <span class='ocrx_word' id='word_1_661' title='bbox 1684 607 1728 634; x_wconf 86' lang='grc' dir='ltr'>ΙΙΙ.</span> <span class='ocrx_word' id='word_1_662' title='bbox 1745 609 1813 642; x_wconf 87' lang='lat'>(32.)</span> 
     </span>
     <span class='ocr_line' id='line_1_74' title="bbox 1112 650 1918 687; baseline 0.005 -13"><span class='ocrx_word' id='word_1_663' title='bbox 1112 650 1390 677; x_wconf 67' lang='lat' dir='ltr'>membranula.</span> <span class='ocrx_word' id='word_1_664' title='bbox 1411 651 1606 677; x_wconf 78' lang='lat' dir='ltr'>Membrana.</span> <span class='ocrx_word' id='word_1_665' title='bbox 1626 650 1742 678; x_wconf 73' lang='lat' dir='ltr'>mvn.</span> <span class='ocrx_word' id='word_1_666' title='bbox 1756 651 1831 687; x_wconf 85' lang='lat' dir='ltr'>Quae</span> <span class='ocrx_word' id='word_1_667' title='bbox 1841 662 1918 679; x_wconf 89' lang='lat' dir='ltr'>mem-</span> 
     </span>
     <span class='ocr_line' id='line_1_75' title="bbox 1077 691 1917 732; baseline 0.005 -15"><span class='ocrx_word' id='word_1_668' title='bbox 1077 691 1194 718; x_wconf 85' lang='lat' dir='ltr'>branulis</span> <span class='ocrx_word' id='word_1_669' title='bbox 1215 703 1269 719; x_wconf 84' lang='lat' dir='ltr'>mea</span> <span class='ocrx_word' id='word_1_670' title='bbox 1290 702 1367 719; x_wconf 88' lang='lat' dir='ltr'>manu</span> <span class='ocrx_word' id='word_1_671' title='bbox 1386 693 1493 730; x_wconf 88' lang='lat' dir='ltr'>scriptis</span> <span class='ocrx_word' id='word_1_672' title='bbox 1516 692 1727 720; x_wconf 85' lang='lat' dir='ltr'>continebuntur.</span> <span class='ocrx_word' id='word_1_673' title='bbox 1751 694 1781 720; x_wconf 88' lang='lat' dir='ltr'>fr.</span> <span class='ocrx_word' id='word_1_674' title='bbox 1804 696 1860 721; x_wconf 88' lang='lat'>102.</span> <span class='ocrx_word' id='word_1_675' title='bbox 1878 705 1917 732; x_wconf 91' lang='lat' dir='ltr'>pr.</span> 
     </span>
    </p>
   </div>
   <div class='ocr_carea' id='block_1_29' title="bbox 1053 733 1199 767">
    <p class='ocr_par' dir='ltr' id='par_1_31' title="bbox 1053 733 1199 767">
     <span class='ocr_line' id='line_1_76' title="bbox 1053 733 1199 767; baseline -0.014 -5"><span class='ocrx_word' id='word_1_676' title='bbox 1053 743 1055 762; x_wconf 65' lang='grc' dir='ltr'><em>ε</em></span> <span class='ocrx_word' id='word_1_677' title='bbox 1077 733 1110 759; x_wconf 85' lang='lat' dir='ltr'>ib.</span> <span class='ocrx_word' id='word_1_678' title='bbox 1131 735 1199 767; x_wconf 68' lang='lat'>(32.)</span> 
     </span>
    </p>
   </div>
   <div class='ocr_carea' id='block_1_30' title="bbox 1077 778 1921 1029">
    <p class='ocr_par' dir='ltr' id='par_1_32' title="bbox 1077 778 1921 1029">
     <span class='ocr_line' id='line_1_77' title="bbox 1113 778 1918 814; baseline 0.004 -10"><span class='ocrx_word' id='word_1_679' title='bbox 1113 778 1338 804; x_wconf 50' lang='lat' dir='ltr'>Membruln.</span> <span class='ocrx_word' id='word_1_680' title='bbox 1376 778 1407 810; x_wconf 83' lang='lat'>§.</span> <span class='ocrx_word' id='word_1_681' title='bbox 1428 779 1463 804; x_wconf 93' lang='lat' dir='ltr'>l.</span> <span class='ocrx_word' id='word_1_682' title='bbox 1484 778 1641 812; x_wconf 80' lang='lat' dir='ltr'>Corporis</span> <span class='ocrx_word' id='word_1_683' title='bbox 1660 780 1816 806; x_wconf 80' lang='lat' dir='ltr'>animalis</span> <span class='ocrx_word' id='word_1_684' title='bbox 1832 790 1918 814; x_wconf 67' lang='lat' dir='ltr'>pars.</span> 
     </span>
     <span class='ocr_line' id='line_1_78' title="bbox 1077 819 1920 858; baseline 0.004 -12"><span class='ocrx_word' id='word_1_685' title='bbox 1077 819 1121 845; x_wconf 85' lang='lat' dir='ltr'>lll.</span> <span class='ocrx_word' id='word_1_686' title='bbox 1142 821 1207 847; x_wconf 76' lang='lat' dir='ltr'>Cn.</span> <span class='ocrx_word' id='word_1_687' title='bbox 1240 820 1345 856; x_wconf 77' lang='lat' dir='ltr'>Quodsi</span> <span class='ocrx_word' id='word_1_688' title='bbox 1365 830 1396 847; x_wconf 84' lang='lat' dir='ltr'>ex</span> <span class='ocrx_word' id='word_1_689' title='bbox 1415 820 1466 847; x_wconf 86' lang='lat' dir='ltr'>hoc</span> <span class='ocrx_word' id='word_1_690' title='bbox 1486 821 1590 858; x_wconf 85' lang='lat' dir='ltr'>corpori</span> <span class='ocrx_word' id='word_1_691' title='bbox 1610 820 1729 853; x_wconf 78' lang='lat' dir='ltr'>alieuius,</span> <span class='ocrx_word' id='word_1_692' title='bbox 1748 823 1824 848; x_wconf 78' lang='lat' dir='ltr'>vitae.</span> <span class='ocrx_word' id='word_1_693' title='bbox 1843 832 1920 850; x_wconf 85' lang='lat' dir='ltr'>mem-</span> 
     </span>
     <span class='ocr_line' id='line_1_79' title="bbox 1079 862 1920 901; baseline 0.005 -13"><span class='ocrx_word' id='word_1_694' title='bbox 1079 862 1168 889; x_wconf 77' lang='lat' dir='ltr'>brisve</span> <span class='ocrx_word' id='word_1_695' title='bbox 1192 868 1322 889; x_wconf 80' lang='lat' dir='ltr'>noceatur.</span> <span class='ocrx_word' id='word_1_696' title='bbox 1348 862 1421 889; x_wconf 89' lang='lat' dir='ltr'>Paul.</span> <span class='ocrx_word' id='word_1_697' title='bbox 1441 862 1473 889; x_wconf 89' lang='lat' dir='ltr'>V.</span> <span class='ocrx_word' id='word_1_698' title='bbox 1496 864 1521 890; x_wconf 90' lang='lat'>3.</span> <span class='ocrx_word' id='word_1_699' title='bbox 1545 864 1566 897; x_wconf 56' lang='grc' dir='ltr'>ᾗ.</span> <span class='ocrx_word' id='word_1_700' title='bbox 1588 865 1610 890; x_wconf 92' lang='lat'>1.</span> <span class='ocrx_word' id='word_1_701' title='bbox 1647 863 1756 896; x_wconf 73' lang='lat' dir='ltr'>Partus,</span> <span class='ocrx_word' id='word_1_702' title='bbox 1781 866 1824 901; x_wconf 88' lang='lat' dir='ltr'>qni</span> <span class='ocrx_word' id='word_1_703' title='bbox 1844 876 1920 892; x_wconf 90' lang='lat' dir='ltr'>mem-</span> 
     </span>
     <span class='ocr_line' id='line_1_80' title="bbox 1079 905 1920 943; baseline 0.005 -12"><span class='ocrx_word' id='word_1_704' title='bbox 1079 905 1186 932; x_wconf 86' lang='lat' dir='ltr'>brorum</span> <span class='ocrx_word' id='word_1_705' title='bbox 1210 906 1381 932; x_wconf 85' lang='lat' dir='ltr'>humanorum</span> <span class='ocrx_word' id='word_1_706' title='bbox 1406 905 1493 932; x_wconf 80' lang='lat' dir='ltr'>officia</span> <span class='ocrx_word' id='word_1_707' title='bbox 1518 906 1659 943; x_wconf 84' lang='lat' dir='ltr'>ampliavit.</span> <span class='ocrx_word' id='word_1_708' title='bbox 1684 907 1714 934; x_wconf 83' lang='lat' dir='ltr'>fr.</span> <span class='ocrx_word' id='word_1_709' title='bbox 1736 909 1775 934; x_wconf 71' lang='lat'>14.</span> <span class='ocrx_word' id='word_1_710' title='bbox 1800 907 1832 934; x_wconf 86' lang='lat' dir='ltr'>de</span> <span class='ocrx_word' id='word_1_711' title='bbox 1852 914 1920 935; x_wconf 84' lang='lat' dir='ltr'>statu</span> 
     </span>
     <span class='ocr_line' id='line_1_81' title="bbox 1079 947 1920 988; baseline 0.006 -15"><span class='ocrx_word' id='word_1_712' title='bbox 1079 948 1148 974; x_wconf 85' lang='lat' dir='ltr'>hom.</span> <span class='ocrx_word' id='word_1_713' title='bbox 1174 951 1195 974; x_wconf 98' lang='lat'>1.</span> <span class='ocrx_word' id='word_1_714' title='bbox 1222 950 1246 974; x_wconf 91' lang='lat'>5.</span> <span class='ocrx_word' id='word_1_715' title='bbox 1288 947 1399 985; x_wconf 83' lang='lat' dir='ltr'>Propter</span> <span class='ocrx_word' id='word_1_716' title='bbox 1426 948 1570 975; x_wconf 77' lang='lat' dir='ltr'>membrum</span> <span class='ocrx_word' id='word_1_717' title='bbox 1595 949 1702 986; x_wconf 84' lang='lat' dir='ltr'>quidem</span> <span class='ocrx_word' id='word_1_718' title='bbox 1728 955 1834 988; x_wconf 80' lang='lat' dir='ltr'>ruptum</span> <span class='ocrx_word' id='word_1_719' title='bbox 1857 951 1920 978; x_wconf 88' lang='lat' dir='ltr'>talio</span> 
     </span>
     <span class='ocr_line' id='line_1_82' title="bbox 1080 992 1921 1029; baseline 0.006 -13"><span class='ocrx_word' id='word_1_720' title='bbox 1080 996 1135 1017; x_wconf 70' lang='lat' dir='ltr'>erat</span> <span class='ocrx_word' id='word_1_721' title='bbox 1160 992 1213 1023; x_wconf 80' lang='lat' dir='ltr'>(sc.</span> <span class='ocrx_word' id='word_1_722' title='bbox 1234 1000 1318 1027; x_wconf 86' lang='lat' dir='ltr'>poena</span> <span class='ocrx_word' id='word_1_723' title='bbox 1338 992 1520 1023; x_wconf 85' lang='lat' dir='ltr'>iniuriarum.)</span> <span class='ocrx_word' id='word_1_724' title='bbox 1546 997 1656 1029; x_wconf 86' lang='lat' dir='ltr'>propter</span> <span class='ocrx_word' id='word_1_725' title='bbox 1681 1002 1711 1019; x_wconf 88' lang='lat' dir='ltr'>os</span> <span class='ocrx_word' id='word_1_726' title='bbox 1730 1003 1792 1020; x_wconf 89' lang='lat' dir='ltr'>vero</span> <span class='ocrx_word' id='word_1_727' title='bbox 1812 993 1921 1021; x_wconf 82' lang='lat' dir='ltr'>fractum</span> 
     </span>
    </p>
   </div>
   <div class='ocr_carea' id='block_1_31' title="bbox 192 1033 1921 1114">
    <p class='ocr_par' dir='ltr' id='par_1_33' title="bbox 192 1033 1921 1114">
     <span class='ocr_line' id='line_1_83' title="bbox 1057 1033 1921 1071; baseline 0.005 -12"><span class='ocrx_word' id='word_1_728' title='bbox 1057 1065 1058 1069; x_wconf 17' lang='grc' dir='ltr'><strong>Ἰ</strong></span> <span class='ocrx_word' id='word_1_729' title='bbox 1081 1038 1125 1060; x_wconf 82' lang='lat' dir='ltr'>aut</span> <span class='ocrx_word' id='word_1_730' title='bbox 1149 1033 1271 1060; x_wconf 87' lang='lat' dir='ltr'>collisum</span> <span class='ocrx_word' id='word_1_731' title='bbox 1297 1039 1345 1060; x_wconf 79' lang='lat' dir='ltr'>etc.</span> <span class='ocrx_word' id='word_1_732' title='bbox 1375 1033 1431 1060; x_wconf 89' lang='lat' dir='ltr'>Gai.</span> <span class='ocrx_word' id='word_1_733' title='bbox 1456 1033 1498 1060; x_wconf 82' lang='lat' dir='ltr'>III.</span> <span class='ocrx_word' id='word_1_734' title='bbox 1521 1036 1580 1061; x_wconf 86' lang='lat'>223.</span> <span class='ocrx_word' id='word_1_735' title='bbox 1607 1034 1679 1061; x_wconf 88' lang='lat' dir='ltr'>Paul.</span> <span class='ocrx_word' id='word_1_736' title='bbox 1699 1035 1730 1062; x_wconf 84' lang='lat' dir='ltr'>V.</span> <span class='ocrx_word' id='word_1_737' title='bbox 1751 1037 1774 1063; x_wconf 88' lang='lat'>4.</span> <span class='ocrx_word' id='word_1_738' title='bbox 1799 1037 1821 1071; x_wconf 85' lang='lat'>§.</span> <span class='ocrx_word' id='word_1_739' title='bbox 1844 1038 1868 1063; x_wconf 91' lang='lat'>6.</span> <span class='ocrx_word' id='word_1_740' title='bbox 1890 1054 1921 1057; x_wconf 97' lang='lat'><strong>—</strong></span> 
     </span>
     <span class='ocr_line' id='line_1_84' title="bbox 192 1072 1059 1114; baseline -0.001 -11"><span class='ocrx_word' id='word_1_741' title='bbox 192 1077 239 1103; x_wconf 88' lang='lat' dir='ltr'>sed</span> <span class='ocrx_word' id='word_1_742' title='bbox 259 1082 285 1103; x_wconf 82' lang='lat' dir='ltr'>et</span> <span class='ocrx_word' id='word_1_743' title='bbox 305 1088 363 1104; x_wconf 86' lang='lat' dir='ltr'>cum</span> <span class='ocrx_word' id='word_1_744' title='bbox 382 1088 463 1105; x_wconf 80' lang='lat' dir='ltr'>uxore</span> <span class='ocrx_word' id='word_1_745' title='bbox 486 1081 582 1114; x_wconf 90' lang='lat' dir='ltr'>potest.</span> <span class='ocrx_word' id='word_1_746' title='bbox 608 1076 638 1103; x_wconf 85' lang='lat' dir='ltr'>sr.</span> <span class='ocrx_word' id='word_1_747' title='bbox 658 1078 682 1102; x_wconf 84' lang='lat'>4.</span> <span class='ocrx_word' id='word_1_748' title='bbox 707 1076 729 1109; x_wconf 66' lang='grc' dir='ltr'>ξ.</span> <span class='ocrx_word' id='word_1_749' title='bbox 749 1078 774 1102; x_wconf 82' lang='grc'>2,</span> <span class='ocrx_word' id='word_1_750' title='bbox 799 1075 832 1102; x_wconf 90' lang='lat' dir='ltr'>de</span> <span class='ocrx_word' id='word_1_751' title='bbox 852 1076 894 1102; x_wconf 77' lang='lat' dir='ltr'>off.</span> <span class='ocrx_word' id='word_1_752' title='bbox 915 1075 990 1102; x_wconf 88' lang='lat' dir='ltr'>Proc.</span> <span class='ocrx_word' id='word_1_753' title='bbox 1012 1081 1037 1102; x_wconf 88' lang='lat' dir='ltr'>et</span> <span class='ocrx_word' id='word_1_754' title='bbox 1057 1072 1059 1102; x_wconf 66' lang='grc' dir='ltr'>ἶ</span> 
     </span>
    </p>
   </div>
   <div class='ocr_carea' id='block_1_32' title="bbox 1081 1077 1927 1969">
    <p class='ocr_par' dir='ltr' id='par_1_34' title="bbox 1081 1077 1927 1969">
     <span class='ocr_line' id='line_1_85' title="bbox 1081 1077 1922 1112; baseline 0.006 -10"><span class='ocrx_word' id='word_1_755' title='bbox 1081 1077 1111 1109; x_wconf 81' lang='lat'>§.</span> <span class='ocrx_word' id='word_1_756' title='bbox 1127 1078 1164 1102; x_wconf 69' lang='lat'>2.</span> <span class='ocrx_word' id='word_1_757' title='bbox 1184 1079 1361 1103; x_wconf 68' lang='lat' dir='ltr'>Particum</span> <span class='ocrx_word' id='word_1_758' title='bbox 1381 1078 1551 1112; x_wconf 82' lang='lat' dir='ltr'>aedificii,</span> <span class='ocrx_word' id='word_1_759' title='bbox 1571 1080 1618 1103; x_wconf 78' lang='lat' dir='ltr'>vel</span> <span class='ocrx_word' id='word_1_760' title='bbox 1633 1080 1786 1111; x_wconf 79' lang='lat' dir='ltr'>parietis.</span> <span class='ocrx_word' id='word_1_761' title='bbox 1806 1079 1922 1107; x_wconf 74' lang='lat' dir='ltr'>HLOn.</span> 
     </span>
     <span class='ocr_line' id='line_1_86' title="bbox 1082 1118 1921 1156; baseline 0.005 -11"><span class='ocrx_word' id='word_1_762' title='bbox 1082 1119 1109 1145; x_wconf 88' lang='lat' dir='ltr'>Si</span> <span class='ocrx_word' id='word_1_763' title='bbox 1130 1119 1211 1145; x_wconf 81' lang='lat' dir='ltr'>fabris</span> <span class='ocrx_word' id='word_1_764' title='bbox 1237 1119 1355 1150; x_wconf 73' lang='lat' dir='ltr'>duobus,</span> <span class='ocrx_word' id='word_1_765' title='bbox 1380 1118 1422 1145; x_wconf 82' lang='lat' dir='ltr'>vel</span> <span class='ocrx_word' id='word_1_766' title='bbox 1446 1119 1606 1156; x_wconf 73' lang='lat' dir='ltr'>pictoribus.</span> <span class='ocrx_word' id='word_1_767' title='bbox 1634 1120 1686 1152; x_wconf 74' lang='lat' dir='ltr'>..Si</span> <span class='ocrx_word' id='word_1_768' title='bbox 1709 1121 1853 1149; x_wconf 82' lang='lat' dir='ltr'>membrum</span> <span class='ocrx_word' id='word_1_769' title='bbox 1873 1123 1921 1156; x_wconf 90' lang='lat' dir='ltr'>[al.</span> 
     </span>
     <span class='ocr_line' id='line_1_87' title="bbox 1082 1162 1923 1202; baseline 0.005 -14"><span class='ocrx_word' id='word_1_770' title='bbox 1082 1162 1223 1199; x_wconf 81' lang='lat' dir='ltr'>templum]</span> <span class='ocrx_word' id='word_1_771' title='bbox 1244 1162 1441 1199; x_wconf 70' lang='lat' dir='ltr'>depinxissent,</span> <span class='ocrx_word' id='word_1_772' title='bbox 1462 1162 1504 1188; x_wconf 76' lang='lat' dir='ltr'>vel</span> <span class='ocrx_word' id='word_1_773' title='bbox 1523 1162 1695 1189; x_wconf 80' lang='lat' dir='ltr'>fabricassent</span> <span class='ocrx_word' id='word_1_774' title='bbox 1714 1166 1842 1197; x_wconf 77' lang='lat' dir='ltr'>navem,“</span> <span class='ocrx_word' id='word_1_775' title='bbox 1860 1165 1923 1202; x_wconf 85' lang='lat' dir='ltr'>quid</span> 
     </span>
     <span class='ocr_line' id='line_1_88' title="bbox 1082 1204 1923 1242; baseline 0.005 -11"><span class='ocrx_word' id='word_1_776' title='bbox 1082 1205 1243 1242; x_wconf 83' lang='lat' dir='ltr'>adscriptum</span> <span class='ocrx_word' id='word_1_777' title='bbox 1263 1207 1305 1231; x_wconf 89' lang='lat' dir='ltr'>sit.</span> <span class='ocrx_word' id='word_1_778' title='bbox 1326 1204 1357 1231; x_wconf 76' lang='lat' dir='ltr'>fr.</span> <span class='ocrx_word' id='word_1_779' title='bbox 1372 1207 1412 1231; x_wconf 86' lang='lat'>13.</span> <span class='ocrx_word' id='word_1_780' title='bbox 1432 1205 1454 1238; x_wconf 66' lang='grc' dir='ltr'>ξ.</span> <span class='ocrx_word' id='word_1_781' title='bbox 1470 1206 1491 1231; x_wconf 92' lang='lat' dir='ltr'>l.</span> <span class='ocrx_word' id='word_1_782' title='bbox 1512 1205 1544 1231; x_wconf 89' lang='lat' dir='ltr'>de</span> <span class='ocrx_word' id='word_1_783' title='bbox 1563 1216 1629 1231; x_wconf 73' lang='lat' dir='ltr'>man.</span> <span class='ocrx_word' id='word_1_784' title='bbox 1648 1211 1750 1233; x_wconf 83' lang='lat' dir='ltr'>testam.</span> <span class='ocrx_word' id='word_1_785' title='bbox 1763 1209 1804 1234; x_wconf 93' lang='lat'>40.</span> <span class='ocrx_word' id='word_1_786' title='bbox 1818 1211 1842 1234; x_wconf 78' lang='lat'>4.</span> <span class='ocrx_word' id='word_1_787' title='bbox 1870 1208 1923 1235; x_wconf 87' lang='lat' dir='ltr'>Ad-</span> 
     </span>
     <span class='ocr_line' id='line_1_89' title="bbox 1081 1247 1922 1285; baseline 0.004 -11"><span class='ocrx_word' id='word_1_788' title='bbox 1081 1248 1214 1274; x_wconf 82' lang='lat' dir='ltr'>haerentia</span> <span class='ocrx_word' id='word_1_789' title='bbox 1235 1258 1294 1274; x_wconf 87' lang='lat' dir='ltr'>esse</span> <span class='ocrx_word' id='word_1_790' title='bbox 1312 1247 1428 1274; x_wconf 89' lang='lat' dir='ltr'>membro</span> <span class='ocrx_word' id='word_1_791' title='bbox 1449 1249 1565 1280; x_wconf 79' lang='lat' dir='ltr'>armaria,</span> <span class='ocrx_word' id='word_1_792' title='bbox 1585 1248 1627 1274; x_wconf 87' lang='lat' dir='ltr'>vel</span> <span class='ocrx_word' id='word_1_793' title='bbox 1647 1248 1740 1276; x_wconf 76' lang='lat' dir='ltr'>adfixa.</span> <span class='ocrx_word' id='word_1_794' title='bbox 1760 1250 1790 1277; x_wconf 87' lang='lat' dir='ltr'>fr.</span> <span class='ocrx_word' id='word_1_795' title='bbox 1805 1252 1845 1276; x_wconf 87' lang='lat'>52.</span> <span class='ocrx_word' id='word_1_796' title='bbox 1866 1251 1922 1285; x_wconf 60' lang='lat'>§.7</span> 
     </span>
     <span class='ocr_line' id='line_1_90' title="bbox 1082 1290 1924 1329; baseline 0.004 -12"><span class='ocrx_word' id='word_1_797' title='bbox 1082 1291 1114 1317; x_wconf 87' lang='lat' dir='ltr'>de</span> <span class='ocrx_word' id='word_1_798' title='bbox 1134 1290 1208 1327; x_wconf 76' lang='lat' dir='ltr'>legat.</span> <span class='ocrx_word' id='word_1_799' title='bbox 1229 1290 1271 1317; x_wconf 85' lang='lat' dir='ltr'>Ill.</span> <span class='ocrx_word' id='word_1_800' title='bbox 1292 1291 1367 1324; x_wconf 85' lang='lat'>(32.)</span> <span class='ocrx_word' id='word_1_801' title='bbox 1387 1305 1420 1310; x_wconf 93' lang='lat'>—</span> <span class='ocrx_word' id='word_1_802' title='bbox 1446 1291 1476 1324; x_wconf 85' lang='lat'>§·</span> <span class='ocrx_word' id='word_1_803' title='bbox 1494 1293 1531 1318; x_wconf 80' lang='lat'>3.</span> <span class='ocrx_word' id='word_1_804' title='bbox 1558 1294 1692 1327; x_wconf 82' lang='lat' dir='ltr'>Singuli</span> <span class='ocrx_word' id='word_1_805' title='bbox 1715 1303 1751 1319; x_wconf 80' lang='lat' dir='ltr'>ex</span> <span class='ocrx_word' id='word_1_806' title='bbox 1769 1296 1924 1329; x_wconf 81' lang='lat' dir='ltr'>collegio,</span> 
     </span>
     <span class='ocr_line' id='line_1_91' title="bbox 1083 1333 1924 1373; baseline 0.004 -13"><span class='ocrx_word' id='word_1_807' title='bbox 1083 1337 1129 1361; x_wconf 83' lang='lat' dir='ltr'>rel</span> <span class='ocrx_word' id='word_1_808' title='bbox 1147 1336 1292 1361; x_wconf 72' lang='lat' dir='ltr'>civitate.</span> <span class='ocrx_word' id='word_1_809' title='bbox 1321 1333 1364 1360; x_wconf 86' lang='grc' dir='ltr'>ΙΙΙ.</span> <span class='ocrx_word' id='word_1_810' title='bbox 1379 1335 1445 1361; x_wconf 69' lang='lat' dir='ltr'>Gn.</span> <span class='ocrx_word' id='word_1_811' title='bbox 1465 1333 1564 1361; x_wconf 87' lang='lat' dir='ltr'>CCCC</span> <span class='ocrx_word' id='word_1_812' title='bbox 1584 1334 1617 1361; x_wconf 87' lang='lat' dir='ltr'>de</span> <span class='ocrx_word' id='word_1_813' title='bbox 1634 1335 1675 1361; x_wconf 92' lang='lat' dir='ltr'>his</span> <span class='ocrx_word' id='word_1_814' title='bbox 1695 1335 1837 1365; x_wconf 80' lang='lat' dir='ltr'>dumtaxat.</span> <span class='ocrx_word' id='word_1_815' title='bbox 1857 1347 1924 1373; x_wconf 89' lang='lat' dir='ltr'>quos</span> 
     </span>
     <span class='ocr_line' id='line_1_92' title="bbox 1082 1376 1923 1414; baseline 0.004 -11"><span class='ocrx_word' id='word_1_816' title='bbox 1082 1379 1146 1414; x_wconf 77' lang='lat' dir='ltr'>reip.</span> <span class='ocrx_word' id='word_1_817' title='bbox 1171 1376 1287 1403; x_wconf 69' lang='lat' dir='ltr'>membra</span> <span class='ocrx_word' id='word_1_818' title='bbox 1311 1386 1363 1402; x_wconf 88' lang='lat' dir='ltr'>non</span> <span class='ocrx_word' id='word_1_819' title='bbox 1388 1382 1531 1413; x_wconf 84' lang='lat' dir='ltr'>querentur</span> <span class='ocrx_word' id='word_1_820' title='bbox 1553 1377 1605 1403; x_wconf 86' lang='lat' dir='ltr'>sibi</span> <span class='ocrx_word' id='word_1_821' title='bbox 1629 1387 1688 1404; x_wconf 86' lang='lat' dir='ltr'>esse</span> <span class='ocrx_word' id='word_1_822' title='bbox 1707 1378 1848 1406; x_wconf 83' lang='lat' dir='ltr'>detractos.</span> <span class='ocrx_word' id='word_1_823' title='bbox 1875 1379 1923 1406; x_wconf 86' lang='lat' dir='ltr'>Th.</span> 
     </span>
     <span class='ocr_line' id='line_1_93' title="bbox 1084 1418 1763 1458; baseline 0.003 -12"><span class='ocrx_word' id='word_1_824' title='bbox 1084 1420 1114 1447; x_wconf 89' lang='lat' dir='ltr'>C.</span> <span class='ocrx_word' id='word_1_825' title='bbox 1135 1420 1153 1446; x_wconf 92' lang='grc' dir='ltr'>Ι.</span> <span class='ocrx_word' id='word_1_826' title='bbox 1175 1422 1214 1446; x_wconf 83' lang='lat'>12.</span> <span class='ocrx_word' id='word_1_827' title='bbox 1235 1430 1256 1446; x_wconf 83' lang='lat' dir='ltr'>c.</span> <span class='ocrx_word' id='word_1_828' title='bbox 1276 1420 1299 1445; x_wconf 84' lang='lat' dir='ltr'>ss.</span> <span class='ocrx_word' id='word_1_829' title='bbox 1320 1418 1426 1453; x_wconf 82' lang='lat' dir='ltr'>(ch.)</span> <span class='ocrx_word' id='word_1_830' title='bbox 1446 1419 1478 1446; x_wconf 89' lang='lat' dir='ltr'>de</span> <span class='ocrx_word' id='word_1_831' title='bbox 1498 1420 1541 1446; x_wconf 78' lang='lat' dir='ltr'>off.</span> <span class='ocrx_word' id='word_1_832' title='bbox 1562 1419 1636 1447; x_wconf 86' lang='lat' dir='ltr'>Proc.</span> <span class='ocrx_word' id='word_1_833' title='bbox 1658 1426 1683 1448; x_wconf 86' lang='lat' dir='ltr'>et</span> <span class='ocrx_word' id='word_1_834' title='bbox 1700 1421 1763 1458; x_wconf 79' lang='lat' dir='ltr'>Leg.</span> 
     </span>
     <span class='ocr_line' id='line_1_94' title="bbox 1120 1462 1925 1499; baseline 0.002 -9"><span class='ocrx_word' id='word_1_835' title='bbox 1120 1462 1350 1490; x_wconf 76' lang='lat' dir='ltr'>Meminisse.</span> <span class='ocrx_word' id='word_1_836' title='bbox 1388 1463 1419 1496; x_wconf 85' lang='lat'>§.</span> <span class='ocrx_word' id='word_1_837' title='bbox 1433 1464 1468 1489; x_wconf 85' lang='lat'>1.</span> <span class='ocrx_word' id='word_1_838' title='bbox 1488 1465 1674 1490; x_wconf 78' lang='lat' dir='ltr'>Recordari.</span> <span class='ocrx_word' id='word_1_839' title='bbox 1710 1464 1729 1491; x_wconf 90' lang='lat' dir='ltr'>I.</span> <span class='ocrx_word' id='word_1_840' title='bbox 1750 1465 1811 1499; x_wconf 75' lang='lat' dir='ltr'>Sy.</span> <span class='ocrx_word' id='word_1_841' title='bbox 1831 1464 1925 1492; x_wconf 82' lang='lat' dir='ltr'>Memo-</span> 
     </span>
     <span class='ocr_line' id='line_1_95' title="bbox 1085 1504 1926 1545; baseline 0.004 -13"><span class='ocrx_word' id='word_1_842' title='bbox 1085 1507 1121 1533; x_wconf 88' lang='lat' dir='ltr'>ria</span> <span class='ocrx_word' id='word_1_843' title='bbox 1142 1511 1239 1532; x_wconf 79' lang='lat' dir='ltr'>tenere.</span> <span class='ocrx_word' id='word_1_844' title='bbox 1259 1504 1289 1531; x_wconf 86' lang='lat' dir='ltr'>sr.</span> <span class='ocrx_word' id='word_1_845' title='bbox 1308 1506 1350 1531; x_wconf 78' lang='lat'>28.</span> <span class='ocrx_word' id='word_1_846' title='bbox 1372 1504 1404 1531; x_wconf 90' lang='lat' dir='ltr'>de</span> <span class='ocrx_word' id='word_1_847' title='bbox 1423 1505 1526 1542; x_wconf 88' lang='lat' dir='ltr'>probat.</span> <span class='ocrx_word' id='word_1_848' title='bbox 1545 1507 1588 1532; x_wconf 88' lang='lat'>22.</span> <span class='ocrx_word' id='word_1_849' title='bbox 1600 1507 1625 1532; x_wconf 87' lang='lat'>3.</span> <span class='ocrx_word' id='word_1_850' title='bbox 1645 1506 1675 1533; x_wconf 87' lang='lat' dir='ltr'>fr.</span> <span class='ocrx_word' id='word_1_851' title='bbox 1689 1508 1713 1533; x_wconf 91' lang='lat'>2.</span> <span class='ocrx_word' id='word_1_852' title='bbox 1734 1507 1755 1540; x_wconf 83' lang='lat'>§.</span> <span class='ocrx_word' id='word_1_853' title='bbox 1770 1509 1793 1534; x_wconf 87' lang='lat'>8.</span> <span class='ocrx_word' id='word_1_854' title='bbox 1815 1507 1847 1534; x_wconf 87' lang='lat' dir='ltr'>de</span> <span class='ocrx_word' id='word_1_855' title='bbox 1860 1518 1926 1545; x_wconf 84' lang='lat' dir='ltr'>aqua</span> 
     </span>
     <span class='ocr_line' id='line_1_96' title="bbox 1086 1547 1926 1585; baseline 0.004 -10"><span class='ocrx_word' id='word_1_856' title='bbox 1086 1554 1109 1575; x_wconf 86' lang='lat' dir='ltr'>et</span> <span class='ocrx_word' id='word_1_857' title='bbox 1130 1559 1188 1585; x_wconf 85' lang='lat' dir='ltr'>aqu.</span> <span class='ocrx_word' id='word_1_858' title='bbox 1208 1547 1243 1585; x_wconf 72' lang='lat' dir='ltr'>pl.</span> <span class='ocrx_word' id='word_1_859' title='bbox 1263 1549 1304 1574; x_wconf 81' lang='lat'>39.</span> <span class='ocrx_word' id='word_1_860' title='bbox 1323 1547 1426 1573; x_wconf 87' lang='lat'>3.111.</span> <span class='ocrx_word' id='word_1_861' title='bbox 1449 1549 1515 1576; x_wconf 67' lang='grc' dir='ltr'>(ΥΠ.</span> <span class='ocrx_word' id='word_1_862' title='bbox 1540 1547 1596 1575; x_wconf 73' lang='lat' dir='ltr'>Nee</span> <span class='ocrx_word' id='word_1_863' title='bbox 1619 1550 1710 1585; x_wconf 87' lang='lat' dir='ltr'>utique</span> <span class='ocrx_word' id='word_1_864' title='bbox 1728 1560 1838 1578; x_wconf 86' lang='lat' dir='ltr'>necesse</span> <span class='ocrx_word' id='word_1_865' title='bbox 1858 1561 1926 1583; x_wconf 81' lang='lat' dir='ltr'>esse,</span> 
     </span>
     <span class='ocr_line' id='line_1_97' title="bbox 1085 1591 1927 1629; baseline 0.002 -11"><span class='ocrx_word' id='word_1_866' title='bbox 1085 1601 1227 1629; x_wconf 77' lang='lat' dir='ltr'>superesse</span> <span class='ocrx_word' id='word_1_867' title='bbox 1251 1592 1295 1627; x_wconf 86' lang='lat' dir='ltr'>qui</span> <span class='ocrx_word' id='word_1_868' title='bbox 1319 1591 1497 1621; x_wconf 80' lang='lat' dir='ltr'>meminerint.</span> <span class='ocrx_word' id='word_1_869' title='bbox 1520 1601 1610 1618; x_wconf 78' lang='lat' dir='ltr'>verum</span> <span class='ocrx_word' id='word_1_870' title='bbox 1635 1593 1712 1618; x_wconf 86' lang='lat' dir='ltr'>etiam</span> <span class='ocrx_word' id='word_1_871' title='bbox 1736 1593 1758 1618; x_wconf 89' lang='lat' dir='ltr'>si</span> <span class='ocrx_word' id='word_1_872' title='bbox 1778 1594 1822 1629; x_wconf 86' lang='lat' dir='ltr'>qui</span> <span class='ocrx_word' id='word_1_873' title='bbox 1841 1593 1927 1620; x_wconf 86' lang='lat' dir='ltr'>audie-</span> 
     </span>
     <span class='ocr_line' id='line_1_98' title="bbox 1085 1634 1925 1670; baseline 0.002 -9"><span class='ocrx_word' id='word_1_874' title='bbox 1085 1636 1138 1661; x_wconf 87' lang='lat' dir='ltr'>rint</span> <span class='ocrx_word' id='word_1_875' title='bbox 1161 1644 1220 1663; x_wconf 69' lang='lat' dir='ltr'>eos,</span> <span class='ocrx_word' id='word_1_876' title='bbox 1245 1634 1290 1670; x_wconf 91' lang='lat' dir='ltr'>qui</span> <span class='ocrx_word' id='word_1_877' title='bbox 1309 1634 1433 1659; x_wconf 87' lang='lat' dir='ltr'>memoria</span> <span class='ocrx_word' id='word_1_878' title='bbox 1454 1635 1592 1660; x_wconf 84' lang='lat' dir='ltr'>tenuerint.</span> <span class='ocrx_word' id='word_1_879' title='bbox 1616 1634 1647 1661; x_wconf 87' lang='lat' dir='ltr'>sr.</span> <span class='ocrx_word' id='word_1_880' title='bbox 1667 1636 1691 1661; x_wconf 89' lang='lat'>2.</span> <span class='ocrx_word' id='word_1_881' title='bbox 1715 1635 1736 1668; x_wconf 68' lang='grc' dir='ltr'>ξ.</span> <span class='ocrx_word' id='word_1_882' title='bbox 1757 1636 1780 1661; x_wconf 84' lang='grc'>8.</span> <span class='ocrx_word' id='word_1_883' title='bbox 1804 1635 1822 1662; x_wconf 96' lang='lat'>1.</span> <span class='ocrx_word' id='word_1_884' title='bbox 1840 1637 1882 1663; x_wconf 89' lang='grc'>39.</span> <span class='ocrx_word' id='word_1_885' title='bbox 1901 1638 1925 1663; x_wconf 73' lang='lat'>3.</span> 
     </span>
     <span class='ocr_line' id='line_1_99' title="bbox 1085 1675 1925 1712; baseline 0.001 -8"><span class='ocrx_word' id='word_1_886' title='bbox 1085 1677 1191 1704; x_wconf 81' lang='lat' dir='ltr'>Memini</span> <span class='ocrx_word' id='word_1_887' title='bbox 1210 1677 1311 1712; x_wconf 77' lang='lat' dir='ltr'>itaque,</span> <span class='ocrx_word' id='word_1_888' title='bbox 1331 1686 1372 1702; x_wconf 88' lang='lat' dir='ltr'>me</span> <span class='ocrx_word' id='word_1_889' title='bbox 1391 1675 1519 1703; x_wconf 84' lang='lat' dir='ltr'>suadente</span> <span class='ocrx_word' id='word_1_890' title='bbox 1539 1682 1588 1703; x_wconf 88' lang='lat' dir='ltr'>etc.</span> <span class='ocrx_word' id='word_1_891' title='bbox 1613 1676 1696 1704; x_wconf 83' lang='lat' dir='ltr'>Vatic.</span> <span class='ocrx_word' id='word_1_892' title='bbox 1721 1678 1743 1711; x_wconf 87' lang='lat'>§.</span> <span class='ocrx_word' id='word_1_893' title='bbox 1762 1679 1821 1704; x_wconf 84' lang='lat'>220.</span> <span class='ocrx_word' id='word_1_894' title='bbox 1858 1678 1925 1705; x_wconf 84' lang='lat' dir='ltr'>Illud</span> 
     </span>
     <span class='ocr_line' id='line_1_100' title="bbox 1085 1718 1926 1757; baseline 0.001 -10"><span class='ocrx_word' id='word_1_895' title='bbox 1085 1721 1236 1747; x_wconf 78' lang='lat' dir='ltr'>meminisse</span> <span class='ocrx_word' id='word_1_896' title='bbox 1256 1718 1356 1745; x_wconf 82' lang='lat' dir='ltr'>iudices</span> <span class='ocrx_word' id='word_1_897' title='bbox 1381 1724 1487 1756; x_wconf 79' lang='lat' dir='ltr'>oportet</span> <span class='ocrx_word' id='word_1_898' title='bbox 1505 1724 1554 1746; x_wconf 89' lang='lat' dir='ltr'>etc.</span> <span class='ocrx_word' id='word_1_899' title='bbox 1578 1719 1609 1746; x_wconf 82' lang='lat' dir='ltr'>fr.</span> <span class='ocrx_word' id='word_1_900' title='bbox 1631 1721 1670 1746; x_wconf 84' lang='lat'>16.</span> <span class='ocrx_word' id='word_1_901' title='bbox 1694 1730 1734 1757; x_wconf 86' lang='lat' dir='ltr'>pr.</span> <span class='ocrx_word' id='word_1_902' title='bbox 1759 1720 1791 1747; x_wconf 89' lang='lat' dir='ltr'>de</span> <span class='ocrx_word' id='word_1_903' title='bbox 1814 1731 1926 1748; x_wconf 89' lang='lat' dir='ltr'>manum.</span> 
     </span>
     <span class='ocr_line' id='line_1_101' title="bbox 1085 1760 1925 1799; baseline 0.004 -11"><span class='ocrx_word' id='word_1_904' title='bbox 1085 1762 1157 1789; x_wconf 77' lang='lat' dir='ltr'>vind.</span> <span class='ocrx_word' id='word_1_905' title='bbox 1176 1765 1217 1789; x_wconf 87' lang='grc'>40.</span> <span class='ocrx_word' id='word_1_906' title='bbox 1237 1763 1260 1787; x_wconf 92' lang='grc'>2.</span> <span class='ocrx_word' id='word_1_907' title='bbox 1281 1760 1313 1787; x_wconf 74' lang='lat' dir='ltr'>cf.</span> <span class='ocrx_word' id='word_1_908' title='bbox 1332 1761 1363 1787; x_wconf 85' lang='lat' dir='ltr'>fr.</span> <span class='ocrx_word' id='word_1_909' title='bbox 1385 1763 1424 1787; x_wconf 87' lang='lat'>10.</span> <span class='ocrx_word' id='word_1_910' title='bbox 1444 1771 1482 1798; x_wconf 87' lang='lat' dir='ltr'>pr.</span> <span class='ocrx_word' id='word_1_911' title='bbox 1507 1761 1539 1788; x_wconf 85' lang='lat' dir='ltr'>de</span> <span class='ocrx_word' id='word_1_912' title='bbox 1558 1762 1602 1788; x_wconf 83' lang='lat' dir='ltr'>off.</span> <span class='ocrx_word' id='word_1_913' title='bbox 1622 1761 1696 1789; x_wconf 84' lang='lat' dir='ltr'>Proc.</span> <span class='ocrx_word' id='word_1_914' title='bbox 1718 1767 1743 1789; x_wconf 87' lang='lat' dir='ltr'>et</span> <span class='ocrx_word' id='word_1_915' title='bbox 1761 1762 1822 1799; x_wconf 76' lang='lat' dir='ltr'>Leg.</span> <span class='ocrx_word' id='word_1_916' title='bbox 1843 1766 1865 1790; x_wconf 97' lang='lat' dir='ltr'>l.</span> <span class='ocrx_word' id='word_1_917' title='bbox 1886 1765 1925 1791; x_wconf 86' lang='lat'>16.</span> 
     </span>
     <span class='ocr_line' id='line_1_102' title="bbox 1086 1804 1925 1844; baseline 0.001 -12"><span class='ocrx_word' id='word_1_918' title='bbox 1086 1805 1154 1832; x_wconf 89' lang='lat' dir='ltr'>Illud</span> <span class='ocrx_word' id='word_1_919' title='bbox 1173 1805 1376 1834; x_wconf 78' lang='lat' dir='ltr'>meminerimus.</span> <span class='ocrx_word' id='word_1_920' title='bbox 1397 1805 1418 1830; x_wconf 88' lang='lat' dir='ltr'>si</span> <span class='ocrx_word' id='word_1_921' title='bbox 1433 1808 1481 1830; x_wconf 85' lang='lat' dir='ltr'>etc.</span> <span class='ocrx_word' id='word_1_922' title='bbox 1502 1804 1533 1831; x_wconf 89' lang='lat' dir='ltr'>sr.</span> <span class='ocrx_word' id='word_1_923' title='bbox 1549 1806 1570 1830; x_wconf 96' lang='lat' dir='ltr'>l.</span> <span class='ocrx_word' id='word_1_924' title='bbox 1584 1815 1624 1842; x_wconf 85' lang='lat' dir='ltr'>pr.</span> <span class='ocrx_word' id='word_1_925' title='bbox 1645 1804 1696 1840; x_wconf 83' lang='lat' dir='ltr'>Qu.</span> <span class='ocrx_word' id='word_1_926' title='bbox 1710 1811 1777 1832; x_wconf 88' lang='lat' dir='ltr'>seut.</span> <span class='ocrx_word' id='word_1_927' title='bbox 1792 1807 1849 1833; x_wconf 88' lang='lat' dir='ltr'>sine</span> <span class='ocrx_word' id='word_1_928' title='bbox 1868 1817 1925 1844; x_wconf 87' lang='lat' dir='ltr'>app.</span> 
     </span>
     <span class='ocr_line' id='line_1_103' title="bbox 1087 1847 1926 1882; baseline 0.002 -8"><span class='ocrx_word' id='word_1_929' title='bbox 1087 1850 1127 1874; x_wconf 72' lang='lat'>49.</span> <span class='ocrx_word' id='word_1_930' title='bbox 1148 1849 1171 1874; x_wconf 69' lang='lat' dir='ltr'>S.</span> <span class='ocrx_word' id='word_1_931' title='bbox 1210 1847 1373 1878; x_wconf 74' lang='lat' dir='ltr'>Dummodo.</span> <span class='ocrx_word' id='word_1_932' title='bbox 1398 1857 1418 1873; x_wconf 93' lang='lat' dir='ltr'>s.</span> <span class='ocrx_word' id='word_1_933' title='bbox 1438 1847 1517 1874; x_wconf 83' lang='lat' dir='ltr'>Modo</span> <span class='ocrx_word' id='word_1_934' title='bbox 1541 1852 1570 1874; x_wconf 79' lang='lat' dir='ltr'>ut</span> <span class='ocrx_word' id='word_1_935' title='bbox 1589 1848 1828 1882; x_wconf 84' lang='lat' dir='ltr'>(meminerimus.)</span> <span class='ocrx_word' id='word_1_936' title='bbox 1852 1848 1883 1876; x_wconf 82' lang='lat' dir='ltr'>sr.</span> <span class='ocrx_word' id='word_1_937' title='bbox 1904 1852 1926 1876; x_wconf 94' lang='grc'>1.</span> 
     </span>
     <span class='ocr_line' id='line_1_104' title="bbox 1087 1890 1926 1929; baseline 0.002 -12"><span class='ocrx_word' id='word_1_938' title='bbox 1087 1892 1108 1925; x_wconf 62' lang='grc' dir='ltr'>ξ.</span> <span class='ocrx_word' id='word_1_939' title='bbox 1128 1892 1152 1917; x_wconf 78' lang='grc'>8.</span> <span class='ocrx_word' id='word_1_940' title='bbox 1177 1890 1209 1917; x_wconf 89' lang='lat' dir='ltr'>de</span> <span class='ocrx_word' id='word_1_941' title='bbox 1228 1890 1312 1916; x_wconf 82' lang='lat' dir='ltr'>Aedil.</span> <span class='ocrx_word' id='word_1_942' title='bbox 1338 1890 1415 1916; x_wconf 80' lang='lat' dir='ltr'>edict.</span> <span class='ocrx_word' id='word_1_943' title='bbox 1435 1892 1476 1916; x_wconf 88' lang='grc'>21.</span> <span class='ocrx_word' id='word_1_944' title='bbox 1498 1892 1520 1916; x_wconf 92' lang='lat' dir='ltr'>l.</span> <span class='ocrx_word' id='word_1_945' title='bbox 1547 1890 1576 1917; x_wconf 85' lang='lat' dir='ltr'>fr.</span> <span class='ocrx_word' id='word_1_946' title='bbox 1597 1892 1620 1916; x_wconf 89' lang='lat'>1.</span> <span class='ocrx_word' id='word_1_947' title='bbox 1646 1891 1668 1924; x_wconf 86' lang='lat'>§.</span> <span class='ocrx_word' id='word_1_948' title='bbox 1687 1893 1710 1917; x_wconf 88' lang='lat'>5.</span> <span class='ocrx_word' id='word_1_949' title='bbox 1735 1890 1768 1917; x_wconf 81' lang='lat' dir='ltr'>de</span> <span class='ocrx_word' id='word_1_950' title='bbox 1787 1901 1860 1929; x_wconf 87' lang='lat' dir='ltr'>susp.</span> <span class='ocrx_word' id='word_1_951' title='bbox 1880 1897 1926 1919; x_wconf 88' lang='lat' dir='ltr'>tut.</span> 
     </span>
     <span class='ocr_line' id='line_1_105' title="bbox 1086 1934 1926 1969; baseline 0.002 -9"><span class='ocrx_word' id='word_1_952' title='bbox 1086 1935 1128 1960; x_wconf 85' lang='grc'>26.</span> <span class='ocrx_word' id='word_1_953' title='bbox 1154 1936 1193 1960; x_wconf 88' lang='grc'>10.</span> <span class='ocrx_word' id='word_1_954' title='bbox 1220 1949 1251 1952; x_wconf 89' lang='grc'>-</span> <span class='ocrx_word' id='word_1_955' title='bbox 1277 1934 1308 1966; x_wconf 66' lang='grc' dir='ltr'>ξ.</span> <span class='ocrx_word' id='word_1_956' title='bbox 1334 1935 1369 1960; x_wconf 72' lang='lat'>2.</span> <span class='ocrx_word' id='word_1_957' title='bbox 1399 1934 1595 1960; x_wconf 80' lang='lat' dir='ltr'>Mentiouem</span> <span class='ocrx_word' id='word_1_958' title='bbox 1614 1935 1742 1969; x_wconf 82' lang='lat' dir='ltr'>facere,</span> <span class='ocrx_word' id='word_1_959' title='bbox 1767 1936 1926 1962; x_wconf 80' lang='lat' dir='ltr'>Laudare.</span> 
     </span>
    </p>
   </div>
   <div class='ocr_carea' id='block_1_33' title="bbox 1064 1975 1926 2011">
    <p class='ocr_par' dir='ltr' id='par_1_35' title="bbox 1064 1975 1926 2011">
     <span class='ocr_line' id='line_1_106' title="bbox 1064 1975 1926 2011; baseline 0.001 -8"><span class='ocrx_word' id='word_1_960' title='bbox 1064 1978 1066 1983; x_wconf 93' lang='lat'>&#39;</span> <span class='ocrx_word' id='word_1_961' title='bbox 1088 1977 1129 2003; x_wconf 93' lang='grc'>111.</span> <span class='ocrx_word' id='word_1_962' title='bbox 1154 1978 1220 2004; x_wconf 77' lang='lat' dir='ltr'>Cn.</span> <span class='ocrx_word' id='word_1_963' title='bbox 1249 1976 1370 2011; x_wconf 83' lang='lat' dir='ltr'>Quorum</span> <span class='ocrx_word' id='word_1_964' title='bbox 1389 1976 1466 2002; x_wconf 84' lang='lat' dir='ltr'>etiam</span> <span class='ocrx_word' id='word_1_965' title='bbox 1484 1977 1602 2002; x_wconf 86' lang='lat' dir='ltr'>meminit</span> <span class='ocrx_word' id='word_1_966' title='bbox 1620 1975 1662 2002; x_wconf 79' lang='lat' dir='ltr'>lex</span> <span class='ocrx_word' id='word_1_967' title='bbox 1679 1975 1730 2003; x_wconf 84' lang='lat' dir='ltr'>XII</span> <span class='ocrx_word' id='word_1_968' title='bbox 1749 1975 1833 2004; x_wconf 84' lang='lat' dir='ltr'>Tabb.</span> <span class='ocrx_word' id='word_1_969' title='bbox 1852 1977 1882 2004; x_wconf 81' lang='lat' dir='ltr'>fr.</span> <span class='ocrx_word' id='word_1_970' title='bbox 1902 1980 1926 2004; x_wconf 88' lang='lat'>2.</span> 
     </span>
    </p>
   </div>
   <div class='ocr_carea' id='block_1_34' title="bbox 1088 2018 1928 2608">
    <p class='ocr_par' dir='ltr' id='par_1_36' title="bbox 1088 2018 1402 2053">
     <span class='ocr_line' id='line_1_107' title="bbox 1088 2018 1402 2053; baseline -0.003 -8"><span class='ocrx_word' id='word_1_971' title='bbox 1088 2020 1109 2053; x_wconf 68' lang='grc' dir='ltr'>ξ.</span> <span class='ocrx_word' id='word_1_972' title='bbox 1130 2020 1171 2045; x_wconf 76' lang='grc'>23.</span> <span class='ocrx_word' id='word_1_973' title='bbox 1192 2018 1224 2044; x_wconf 84' lang='lat' dir='ltr'>de</span> <span class='ocrx_word' id='word_1_974' title='bbox 1244 2018 1277 2044; x_wconf 85' lang='lat' dir='ltr'>O.</span> <span class='ocrx_word' id='word_1_975' title='bbox 1297 2018 1315 2044; x_wconf 90' lang='lat'>1.</span> <span class='ocrx_word' id='word_1_976' title='bbox 1337 2020 1358 2045; x_wconf 96' lang='lat' dir='ltr'>l.</span> <span class='ocrx_word' id='word_1_977' title='bbox 1377 2020 1402 2044; x_wconf 88' lang='lat'>2.</span> 
     </span>
    </p>

    <p class='ocr_par' dir='ltr' id='par_1_37' title="bbox 1089 2061 1928 2184">
     <span class='ocr_line' id='line_1_108' title="bbox 1123 2061 1928 2094; baseline 0.002 -7"><span class='ocrx_word' id='word_1_978' title='bbox 1123 2063 1279 2088; x_wconf 67' lang='lat' dir='ltr'>Mentor.</span> <span class='ocrx_word' id='word_1_979' title='bbox 1299 2061 1428 2094; x_wconf 85' lang='lat' dir='ltr'>(Adiect.)</span> <span class='ocrx_word' id='word_1_980' title='bbox 1449 2063 1516 2088; x_wconf 81' lang='lat' dir='ltr'>Non</span> <span class='ocrx_word' id='word_1_981' title='bbox 1535 2063 1663 2089; x_wconf 83' lang='lat' dir='ltr'>oblitus.</span> <span class='ocrx_word' id='word_1_982' title='bbox 1686 2061 1809 2090; x_wconf 63' lang='lat' dir='ltr'>111an.</span> <span class='ocrx_word' id='word_1_983' title='bbox 1828 2062 1928 2090; x_wconf 82' lang='lat' dir='ltr'>Memor</span> 
     </span>
     <span class='ocr_line' id='line_1_109' title="bbox 1089 2103 1928 2141; baseline 0.004 -11"><span class='ocrx_word' id='word_1_984' title='bbox 1089 2115 1147 2131; x_wconf 76' lang='lat' dir='ltr'>suin</span> <span class='ocrx_word' id='word_1_985' title='bbox 1170 2105 1244 2137; x_wconf 86' lang='lat' dir='ltr'>(eius</span> <span class='ocrx_word' id='word_1_986' title='bbox 1268 2105 1426 2136; x_wconf 71' lang='lat' dir='ltr'>sententiae.</span> <span class='ocrx_word' id='word_1_987' title='bbox 1453 2105 1497 2141; x_wconf 89' lang='lat' dir='ltr'>qui</span> <span class='ocrx_word' id='word_1_988' title='bbox 1521 2103 1620 2131; x_wconf 77' lang='lat' dir='ltr'>dixisse</span> <span class='ocrx_word' id='word_1_989' title='bbox 1643 2104 1751 2137; x_wconf 87' lang='lat' dir='ltr'>fertur.)</span> <span class='ocrx_word' id='word_1_990' title='bbox 1774 2105 1805 2131; x_wconf 85' lang='lat' dir='ltr'>fr.</span> <span class='ocrx_word' id='word_1_991' title='bbox 1828 2107 1869 2133; x_wconf 89' lang='lat'>20.</span> <span class='ocrx_word' id='word_1_992' title='bbox 1895 2106 1928 2133; x_wconf 89' lang='lat' dir='ltr'>de</span> 
     </span>
     <span class='ocr_line' id='line_1_110' title="bbox 1089 2147 1916 2184; baseline 0 -9"><span class='ocrx_word' id='word_1_993' title='bbox 1089 2148 1174 2175; x_wconf 85' lang='lat' dir='ltr'>fideic.</span> <span class='ocrx_word' id='word_1_994' title='bbox 1193 2147 1257 2173; x_wconf 73' lang='lat' dir='ltr'>libb.</span> <span class='ocrx_word' id='word_1_995' title='bbox 1270 2148 1311 2173; x_wconf 80' lang='lat'>40.</span> <span class='ocrx_word' id='word_1_996' title='bbox 1331 2149 1354 2173; x_wconf 89' lang='lat'>5.</span> <span class='ocrx_word' id='word_1_997' title='bbox 1375 2147 1406 2174; x_wconf 82' lang='lat' dir='ltr'>cs.</span> <span class='ocrx_word' id='word_1_998' title='bbox 1426 2147 1456 2173; x_wconf 89' lang='lat' dir='ltr'>sr.</span> <span class='ocrx_word' id='word_1_999' title='bbox 1476 2148 1517 2174; x_wconf 87' lang='grc'>31.</span> <span class='ocrx_word' id='word_1_1000' title='bbox 1536 2157 1576 2184; x_wconf 91' lang='lat' dir='ltr'>pr.</span> <span class='ocrx_word' id='word_1_1001' title='bbox 1596 2147 1628 2174; x_wconf 89' lang='lat' dir='ltr'>de</span> <span class='ocrx_word' id='word_1_1002' title='bbox 1641 2147 1717 2174; x_wconf 86' lang='lat' dir='ltr'>adim.</span> <span class='ocrx_word' id='word_1_1003' title='bbox 1735 2147 1810 2184; x_wconf 80' lang='lat' dir='ltr'>legat.</span> <span class='ocrx_word' id='word_1_1004' title='bbox 1830 2150 1872 2176; x_wconf 82' lang='lat'>34.</span> <span class='ocrx_word' id='word_1_1005' title='bbox 1892 2151 1916 2175; x_wconf 92' lang='lat'>4.</span> 
     </span>
    </p>

    <p class='ocr_par' dir='ltr' id='par_1_38' title="bbox 1090 2190 1926 2309">
     <span class='ocr_line' id='line_1_111' title="bbox 1124 2190 1926 2225; baseline 0.002 -8"><span class='ocrx_word' id='word_1_1006' title='bbox 1124 2190 1393 2218; x_wconf 77' lang='lat' dir='ltr'>Memorabilis.</span> <span class='ocrx_word' id='word_1_1007' title='bbox 1432 2191 1612 2217; x_wconf 68' lang='lat' dir='ltr'>Memorato</span> <span class='ocrx_word' id='word_1_1008' title='bbox 1631 2192 1756 2225; x_wconf 78' lang='lat' dir='ltr'>dignus.</span> <span class='ocrx_word' id='word_1_1009' title='bbox 1797 2191 1840 2218; x_wconf 85' lang='grc' dir='ltr'>ΠΙ.</span> <span class='ocrx_word' id='word_1_1010' title='bbox 1860 2193 1926 2219; x_wconf 72' lang='lat' dir='ltr'>Gn·</span> 
     </span>
     <span class='ocr_line' id='line_1_112' title="bbox 1090 2232 1926 2270; baseline -0.001 -9"><span class='ocrx_word' id='word_1_1011' title='bbox 1090 2234 1174 2261; x_wconf 89' lang='lat' dir='ltr'>Cuius</span> <span class='ocrx_word' id='word_1_1012' title='bbox 1193 2234 1321 2270; x_wconf 85' lang='lat' dir='ltr'>scriptum</span> <span class='ocrx_word' id='word_1_1013' title='bbox 1340 2233 1440 2260; x_wconf 90' lang='lat' dir='ltr'>nullum</span> <span class='ocrx_word' id='word_1_1014' title='bbox 1460 2237 1557 2263; x_wconf 74' lang='lat' dir='ltr'>exstat,</span> <span class='ocrx_word' id='word_1_1015' title='bbox 1581 2232 1628 2258; x_wconf 89' lang='lat' dir='ltr'>sed</span> <span class='ocrx_word' id='word_1_1016' title='bbox 1646 2242 1774 2270; x_wconf 86' lang='lat' dir='ltr'>responsa</span> <span class='ocrx_word' id='word_1_1017' title='bbox 1794 2233 1926 2270; x_wconf 81' lang='lat' dir='ltr'>complura</span> 
     </span>
     <span class='ocr_line' id='line_1_113' title="bbox 1090 2275 1908 2309; baseline -0.004 -5"><span class='ocrx_word' id='word_1_1018' title='bbox 1090 2283 1116 2304; x_wconf 85' lang='lat' dir='ltr'>et</span> <span class='ocrx_word' id='word_1_1019' title='bbox 1134 2276 1312 2303; x_wconf 85' lang='lat' dir='ltr'>memorabilia</span> <span class='ocrx_word' id='word_1_1020' title='bbox 1332 2277 1387 2303; x_wconf 89' lang='lat' dir='ltr'>eius</span> <span class='ocrx_word' id='word_1_1021' title='bbox 1406 2276 1517 2302; x_wconf 87' lang='lat' dir='ltr'>fuerunt.</span> <span class='ocrx_word' id='word_1_1022' title='bbox 1537 2275 1567 2302; x_wconf 72' lang='lat' dir='ltr'>fr.</span> <span class='ocrx_word' id='word_1_1023' title='bbox 1581 2277 1605 2302; x_wconf 90' lang='lat'>2.</span> <span class='ocrx_word' id='word_1_1024' title='bbox 1626 2276 1647 2309; x_wconf 86' lang='lat'>§.</span> <span class='ocrx_word' id='word_1_1025' title='bbox 1661 2276 1703 2302; x_wconf 85' lang='lat'>38.</span> <span class='ocrx_word' id='word_1_1026' title='bbox 1724 2275 1756 2303; x_wconf 91' lang='lat' dir='ltr'>de</span> <span class='ocrx_word' id='word_1_1027' title='bbox 1770 2276 1803 2302; x_wconf 92' lang='grc' dir='ltr'>Ο.</span> <span class='ocrx_word' id='word_1_1028' title='bbox 1816 2276 1834 2302; x_wconf 94' lang='grc' dir='ltr'>Ι.</span> <span class='ocrx_word' id='word_1_1029' title='bbox 1849 2278 1870 2301; x_wconf 96' lang='lat'>1.</span> <span class='ocrx_word' id='word_1_1030' title='bbox 1884 2278 1908 2302; x_wconf 82' lang='lat'>2.</span> 
     </span>
    </p>

    <p class='ocr_par' dir='ltr' id='par_1_39' title="bbox 1090 2319 1927 2482">
     <span class='ocr_line' id='line_1_114' title="bbox 1124 2319 1925 2355; baseline -0.004 -8"><span class='ocrx_word' id='word_1_1031' title='bbox 1124 2322 1351 2347; x_wconf 78' lang='lat' dir='ltr'>Memorare.</span> <span class='ocrx_word' id='word_1_1032' title='bbox 1391 2320 1584 2346; x_wconf 76' lang='lat' dir='ltr'>mentionem</span> <span class='ocrx_word' id='word_1_1033' title='bbox 1603 2320 1731 2355; x_wconf 83' lang='lat' dir='ltr'>facere,</span> <span class='ocrx_word' id='word_1_1034' title='bbox 1751 2319 1925 2353; x_wconf 80' lang='lat' dir='ltr'>Profiteri.</span> 
     </span>
     <span class='ocr_line' id='line_1_115' title="bbox 1090 2360 1926 2397; baseline -0.005 -7"><span class='ocrx_word' id='word_1_1035' title='bbox 1090 2363 1108 2390; x_wconf 95' lang='grc' dir='ltr'>Ι.</span> <span class='ocrx_word' id='word_1_1036' title='bbox 1129 2364 1191 2397; x_wconf 74' lang='lat' dir='ltr'>Sy.</span> <span class='ocrx_word' id='word_1_1037' title='bbox 1211 2361 1429 2388; x_wconf 74' lang='lat' dir='ltr'>commemorare.</span> <span class='ocrx_word' id='word_1_1038' title='bbox 1454 2360 1494 2387; x_wconf 77' lang='lat' dir='ltr'>Cf.</span> <span class='ocrx_word' id='word_1_1039' title='bbox 1514 2360 1540 2386; x_wconf 91' lang='lat' dir='ltr'>h.</span> <span class='ocrx_word' id='word_1_1040' title='bbox 1559 2371 1582 2386; x_wconf 86' lang='lat' dir='ltr'>v.</span> <span class='ocrx_word' id='word_1_1041' title='bbox 1619 2361 1662 2387; x_wconf 90' lang='lat'>111.</span> <span class='ocrx_word' id='word_1_1042' title='bbox 1683 2362 1747 2389; x_wconf 72' lang='lat' dir='ltr'>Cn.</span> <span class='ocrx_word' id='word_1_1043' title='bbox 1772 2360 1857 2395; x_wconf 82' lang='lat' dir='ltr'>Quam</span> <span class='ocrx_word' id='word_1_1044' title='bbox 1875 2360 1926 2387; x_wconf 90' lang='lat' dir='ltr'>sibi</span> 
     </span>
     <span class='ocr_line' id='line_1_116' title="bbox 1091 2402 1927 2441; baseline -0.004 -8"><span class='ocrx_word' id='word_1_1045' title='bbox 1091 2415 1199 2433; x_wconf 80' lang='lat' dir='ltr'>uxorem</span> <span class='ocrx_word' id='word_1_1046' title='bbox 1223 2404 1390 2441; x_wconf 79' lang='lat' dir='ltr'>copulaverat</span> <span class='ocrx_word' id='word_1_1047' title='bbox 1413 2403 1529 2434; x_wconf 69' lang='lat' dir='ltr'>adfectu,</span> <span class='ocrx_word' id='word_1_1048' title='bbox 1554 2408 1579 2429; x_wconf 87' lang='lat' dir='ltr'>et</span> <span class='ocrx_word' id='word_1_1049' title='bbox 1602 2404 1628 2430; x_wconf 86' lang='lat' dir='ltr'>in</span> <span class='ocrx_word' id='word_1_1050' title='bbox 1652 2405 1740 2440; x_wconf 87' lang='lat' dir='ltr'>priore</span> <span class='ocrx_word' id='word_1_1051' title='bbox 1763 2402 1816 2429; x_wconf 87' lang='lat' dir='ltr'>lare</span> <span class='ocrx_word' id='word_1_1052' title='bbox 1835 2402 1927 2430; x_wconf 82' lang='lat' dir='ltr'>dereli-</span> 
     </span>
     <span class='ocr_line' id='line_1_117' title="bbox 1092 2444 1878 2482; baseline -0.004 -7"><span class='ocrx_word' id='word_1_1053' title='bbox 1092 2455 1159 2476; x_wconf 84' lang='lat' dir='ltr'>ctam</span> <span class='ocrx_word' id='word_1_1054' title='bbox 1177 2448 1334 2474; x_wconf 87' lang='lat' dir='ltr'>memorarit.</span> <span class='ocrx_word' id='word_1_1055' title='bbox 1355 2446 1403 2473; x_wconf 90' lang='lat' dir='ltr'>Th.</span> <span class='ocrx_word' id='word_1_1056' title='bbox 1424 2446 1454 2473; x_wconf 89' lang='lat' dir='ltr'>C.</span> <span class='ocrx_word' id='word_1_1057' title='bbox 1474 2445 1530 2472; x_wconf 86' lang='lat' dir='ltr'>Vll.</span> <span class='ocrx_word' id='word_1_1058' title='bbox 1551 2447 1590 2472; x_wconf 86' lang='lat'>13.</span> <span class='ocrx_word' id='word_1_1059' title='bbox 1611 2456 1631 2472; x_wconf 86' lang='lat' dir='ltr'>c.</span> <span class='ocrx_word' id='word_1_1060' title='bbox 1651 2447 1674 2471; x_wconf 85' lang='lat'>6.</span> <span class='ocrx_word' id='word_1_1061' title='bbox 1694 2455 1732 2482; x_wconf 86' lang='lat' dir='ltr'>pr.</span> <span class='ocrx_word' id='word_1_1062' title='bbox 1752 2444 1784 2471; x_wconf 89' lang='lat' dir='ltr'>de</span> <span class='ocrx_word' id='word_1_1063' title='bbox 1802 2446 1878 2472; x_wconf 86' lang='lat' dir='ltr'>tiron.</span> 
     </span>
    </p>

    <p class='ocr_par' dir='ltr' id='par_1_40' title="bbox 1091 2488 1926 2608">
     <span class='ocr_line' id='line_1_118' title="bbox 1126 2488 1926 2522; baseline -0.001 -4"><span class='ocrx_word' id='word_1_1064' title='bbox 1126 2491 1369 2518; x_wconf 77' lang='lat' dir='ltr'>Memoratus.</span> <span class='ocrx_word' id='word_1_1065' title='bbox 1397 2488 1517 2522; x_wconf 78' lang='lat' dir='ltr'>(Partic.)</span> <span class='ocrx_word' id='word_1_1066' title='bbox 1555 2490 1731 2520; x_wconf 72' lang='lat' dir='ltr'>Narratus,</span> <span class='ocrx_word' id='word_1_1067' title='bbox 1750 2489 1926 2517; x_wconf 76' lang='lat' dir='ltr'>Laudatus.</span> 
     </span>
     <span class='ocr_line' id='line_1_119' title="bbox 1091 2530 1926 2569; baseline -0.004 -8"><span class='ocrx_word' id='word_1_1068' title='bbox 1091 2535 1110 2561; x_wconf 93' lang='lat' dir='ltr'>I.</span> <span class='ocrx_word' id='word_1_1069' title='bbox 1130 2536 1191 2569; x_wconf 78' lang='lat' dir='ltr'>Sy.</span> <span class='ocrx_word' id='word_1_1070' title='bbox 1211 2533 1292 2564; x_wconf 76' lang='lat' dir='ltr'>Dicti.</span> <span class='ocrx_word' id='word_1_1071' title='bbox 1312 2532 1449 2563; x_wconf 86' lang='lat' dir='ltr'>Praedicti,</span> <span class='ocrx_word' id='word_1_1072' title='bbox 1469 2532 1545 2568; x_wconf 79' lang='lat' dir='ltr'>Quos</span> <span class='ocrx_word' id='word_1_1073' title='bbox 1564 2531 1644 2557; x_wconf 87' lang='lat' dir='ltr'>locuti</span> <span class='ocrx_word' id='word_1_1074' title='bbox 1663 2540 1761 2562; x_wconf 82' lang='lat' dir='ltr'>sumus⁷</span> <span class='ocrx_word' id='word_1_1075' title='bbox 1783 2530 1926 2558; x_wconf 79' lang='lat' dir='ltr'>Memorati.</span> 
     </span>
     <span class='ocr_line' id='line_1_120' title="bbox 1093 2572 1925 2608; baseline -0.004 -4"><span class='ocrx_word' id='word_1_1076' title='bbox 1093 2577 1143 2604; x_wconf 82' lang='lat' dir='ltr'>Th.</span> <span class='ocrx_word' id='word_1_1077' title='bbox 1164 2577 1194 2604; x_wconf 74' lang='lat' dir='ltr'>C.</span> <span class='ocrx_word' id='word_1_1078' title='bbox 1215 2575 1269 2602; x_wconf 79' lang='grc' dir='ltr'>ΠΙ.</span> <span class='ocrx_word' id='word_1_1079' title='bbox 1290 2578 1312 2601; x_wconf 80' lang='lat'>4.</span> <span class='ocrx_word' id='word_1_1080' title='bbox 1339 2586 1360 2602; x_wconf 88' lang='lat' dir='ltr'>c.</span> <span class='ocrx_word' id='word_1_1081' title='bbox 1381 2577 1403 2602; x_wconf 86' lang='lat'>1.</span> <span class='ocrx_word' id='word_1_1082' title='bbox 1428 2585 1449 2601; x_wconf 88' lang='lat' dir='ltr'>c.</span> <span class='ocrx_word' id='word_1_1083' title='bbox 1469 2577 1510 2601; x_wconf 75' lang='lat'>24.</span> <span class='ocrx_word' id='word_1_1084' title='bbox 1535 2573 1567 2600; x_wconf 83' lang='lat' dir='ltr'>de</span> <span class='ocrx_word' id='word_1_1085' title='bbox 1586 2582 1654 2608; x_wconf 79' lang='lat' dir='ltr'>erog.</span> <span class='ocrx_word' id='word_1_1086' title='bbox 1674 2572 1727 2599; x_wconf 88' lang='lat' dir='ltr'>mil.</span> <span class='ocrx_word' id='word_1_1087' title='bbox 1747 2583 1839 2600; x_wconf 87' lang='lat' dir='ltr'>annon.</span> <span class='ocrx_word' id='word_1_1088' title='bbox 1859 2573 1925 2601; x_wconf 84' lang='lat' dir='ltr'>VIII.</span> 
     </span>
    </p>
   </div>
   <div class='ocr_carea' id='block_1_35' title="bbox 1069 2615 1925 2656">
    <p class='ocr_par' dir='ltr' id='par_1_41' title="bbox 1069 2615 1925 2656">
     <span class='ocr_line' id='line_1_121' title="bbox 1069 2615 1925 2656; baseline -0.002 -10"><span class='ocrx_word' id='word_1_1089' title='bbox 1069 2651 1071 2656; x_wconf 27' lang='grc' dir='ltr'><strong><em>Α</em></strong></span> <span class='ocrx_word' id='word_1_1090' title='bbox 1095 2623 1133 2647; x_wconf 76' lang='lat'>15.</span> <span class='ocrx_word' id='word_1_1091' title='bbox 1158 2630 1178 2646; x_wconf 92' lang='lat' dir='ltr'>c.</span> <span class='ocrx_word' id='word_1_1092' title='bbox 1197 2620 1221 2645; x_wconf 83' lang='lat'>3.</span> <span class='ocrx_word' id='word_1_1093' title='bbox 1246 2619 1268 2652; x_wconf 54' lang='grc' dir='ltr'>ᾗ.</span> <span class='ocrx_word' id='word_1_1094' title='bbox 1290 2620 1311 2645; x_wconf 98' lang='lat' dir='ltr'>l.</span> <span class='ocrx_word' id='word_1_1095' title='bbox 1337 2618 1369 2645; x_wconf 84' lang='lat' dir='ltr'>de</span> <span class='ocrx_word' id='word_1_1096' title='bbox 1392 2619 1425 2645; x_wconf 89' lang='lat' dir='ltr'>iis</span> <span class='ocrx_word' id='word_1_1097' title='bbox 1450 2628 1492 2654; x_wconf 86' lang='lat' dir='ltr'>qu.</span> <span class='ocrx_word' id='word_1_1098' title='bbox 1516 2616 1608 2642; x_wconf 85' lang='lat' dir='ltr'>admin.</span> <span class='ocrx_word' id='word_1_1099' title='bbox 1628 2615 1673 2641; x_wconf 85' lang='lat' dir='ltr'>IX.</span> <span class='ocrx_word' id='word_1_1100' title='bbox 1700 2618 1738 2643; x_wconf 91' lang='lat'>14.</span> <span class='ocrx_word' id='word_1_1101' title='bbox 1763 2626 1784 2643; x_wconf 84' lang='lat' dir='ltr'>e.</span> <span class='ocrx_word' id='word_1_1102' title='bbox 1803 2618 1827 2643; x_wconf 89' lang='lat'>3.</span> <span class='ocrx_word' id='word_1_1103' title='bbox 1846 2618 1883 2651; x_wconf 55' lang='grc' dir='ltr'>ἓξ.</span> <span class='ocrx_word' id='word_1_1104' title='bbox 1902 2619 1925 2644; x_wconf 91' lang='lat'>3.</span> 
     </span>
    </p>
   </div>
   <div class='ocr_carea' id='block_1_36' title="bbox 1094 2658 1927 2902">
    <p class='ocr_par' dir='ltr' id='par_1_42' title="bbox 1094 2658 1927 2902">
     <span class='ocr_line' id='line_1_122' title="bbox 1094 2658 1927 2699; baseline -0.004 -10"><span class='ocrx_word' id='word_1_1105' title='bbox 1094 2673 1151 2699; x_wconf 88' lang='lat' dir='ltr'>sqq.</span> <span class='ocrx_word' id='word_1_1106' title='bbox 1176 2661 1209 2688; x_wconf 90' lang='lat' dir='ltr'>ad</span> <span class='ocrx_word' id='word_1_1107' title='bbox 1226 2660 1256 2688; x_wconf 90' lang='lat' dir='ltr'>L.</span> <span class='ocrx_word' id='word_1_1108' title='bbox 1277 2660 1357 2688; x_wconf 89' lang='lat' dir='ltr'>Corn.</span> <span class='ocrx_word' id='word_1_1109' title='bbox 1383 2661 1415 2688; x_wconf 92' lang='lat' dir='ltr'>de</span> <span class='ocrx_word' id='word_1_1110' title='bbox 1438 2661 1512 2686; x_wconf 86' lang='lat' dir='ltr'>sicar.</span> <span class='ocrx_word' id='word_1_1111' title='bbox 1553 2658 1594 2684; x_wconf 89' lang='lat'>111.</span> <span class='ocrx_word' id='word_1_1112' title='bbox 1620 2659 1686 2685; x_wconf 76' lang='lat' dir='ltr'>Cn·</span> <span class='ocrx_word' id='word_1_1113' title='bbox 1711 2658 1816 2694; x_wconf 85' lang='lat' dir='ltr'>Quodsi</span> <span class='ocrx_word' id='word_1_1114' title='bbox 1836 2660 1927 2697; x_wconf 91' lang='lat' dir='ltr'>plures</span> 
     </span>
     <span class='ocr_line' id='line_1_123' title="bbox 1094 2700 1926 2742; baseline -0.005 -10"><span class='ocrx_word' id='word_1_1115' title='bbox 1094 2716 1125 2732; x_wconf 79' lang='lat' dir='ltr'>ex</span> <span class='ocrx_word' id='word_1_1116' title='bbox 1143 2705 1292 2732; x_wconf 84' lang='lat' dir='ltr'>memoratis</span> <span class='ocrx_word' id='word_1_1117' title='bbox 1311 2704 1433 2742; x_wconf 84' lang='lat' dir='ltr'>personis</span> <span class='ocrx_word' id='word_1_1118' title='bbox 1453 2703 1588 2729; x_wconf 74' lang='lat' dir='ltr'>exsistant.</span> <span class='ocrx_word' id='word_1_1119' title='bbox 1608 2700 1639 2728; x_wconf 84' lang='lat' dir='ltr'>fr.</span> <span class='ocrx_word' id='word_1_1120' title='bbox 1652 2703 1676 2728; x_wconf 86' lang='lat'>5.</span> <span class='ocrx_word' id='word_1_1121' title='bbox 1696 2701 1717 2735; x_wconf 82' lang='lat'>§.</span> <span class='ocrx_word' id='word_1_1122' title='bbox 1732 2704 1755 2728; x_wconf 86' lang='lat' dir='ltr'>l.</span> <span class='ocrx_word' id='word_1_1123' title='bbox 1775 2701 1808 2729; x_wconf 84' lang='lat' dir='ltr'>de</span> <span class='ocrx_word' id='word_1_1124' title='bbox 1824 2702 1926 2730; x_wconf 84' lang='lat' dir='ltr'>liberali</span> 
     </span>
     <span class='ocr_line' id='line_1_124' title="bbox 1216 2751 1232 2767; baseline 0 -6"><span class='ocrx_word' id='word_1_1125' title='bbox 1216 2751 1232 2767; x_wconf 78' lang='lat' dir='ltr'>c)</span> 
     </span>
     <span class='ocr_line' id='line_1_125' title="bbox 1094 2750 1926 2823; baseline -0.007 -4"><span class='ocrx_word' id='word_1_1126' title='bbox 1094 2750 1325 2819; x_wconf 29' lang='lat' dir='ltr'>elffessoria.</span> <span class='ocrx_word' id='word_1_1127' title='bbox 1363 2790 1393 2823; x_wconf 67' lang='grc' dir='ltr'>ξ.</span> <span class='ocrx_word' id='word_1_1128' title='bbox 1413 2790 1447 2815; x_wconf 89' lang='grc'>1.</span> <span class='ocrx_word' id='word_1_1129' title='bbox 1472 2789 1676 2815; x_wconf 81' lang='lat' dir='ltr'>Recordatio.</span> <span class='ocrx_word' id='word_1_1130' title='bbox 1712 2787 1743 2814; x_wconf 84' lang='lat'>11.</span> <span class='ocrx_word' id='word_1_1131' title='bbox 1765 2789 1832 2822; x_wconf 72' lang='lat' dir='ltr'>Op.</span> <span class='ocrx_word' id='word_1_1132' title='bbox 1854 2787 1926 2823; x_wconf 80' lang='lat' dir='ltr'>Igno-</span> 
     </span>
     <span class='ocr_line' id='line_1_126' title="bbox 1095 2829 1923 2867; baseline -0.006 -6"><span class='ocrx_word' id='word_1_1133' title='bbox 1095 2835 1171 2862; x_wconf 81' lang='lat' dir='ltr'>ratio.</span> <span class='ocrx_word' id='word_1_1134' title='bbox 1191 2839 1233 2861; x_wconf 84' lang='lat' dir='ltr'>aut</span> <span class='ocrx_word' id='word_1_1135' title='bbox 1253 2832 1358 2860; x_wconf 84' lang='lat' dir='ltr'>oblivio.</span> <span class='ocrx_word' id='word_1_1136' title='bbox 1382 2831 1423 2858; x_wconf 81' lang='lat' dir='ltr'>Cf.</span> <span class='ocrx_word' id='word_1_1137' title='bbox 1442 2841 1465 2857; x_wconf 88' lang='lat' dir='ltr'>v.</span> <span class='ocrx_word' id='word_1_1138' title='bbox 1485 2830 1624 2867; x_wconf 81' lang='lat' dir='ltr'>Ignoratio.</span> <span class='ocrx_word' id='word_1_1139' title='bbox 1648 2830 1817 2858; x_wconf 79' lang='lat' dir='ltr'>Immemoria.</span> <span class='ocrx_word' id='word_1_1140' title='bbox 1836 2829 1866 2856; x_wconf 84' lang='lat' dir='ltr'>fr.</span> <span class='ocrx_word' id='word_1_1141' title='bbox 1883 2831 1923 2855; x_wconf 62' lang='lat'>44.</span> 
     </span>
     <span class='ocr_line' id='line_1_127' title="bbox 1454 2877 1487 2902; baseline 0.03 -1"><span class='ocrx_word' id='word_1_1142' title='bbox 1454 2877 1487 2902; x_wconf 81' lang='lat'>73</span> 
     </span>
    </p>
   </div>
  </div>
 </body>
</html>
