2197 3121
942 158 1036 188 REM
1051 177 1089 182 —
1103 159 1203 191 REN.

200 243 256 269 Lat.
282 242 327 269 lib.
352 242 407 269 toll.
429 244 451 269 7.
472 244 495 269 6.
532 242 562 268 Il.
583 243 649 275 Op.
676 240 782 266 Redire.
807 239 856 266 Th.
877 239 908 266 C.
929 239 996 266 VIII.
1016 241 1040 266 8.
1063 242 1064 264 l

201 296 222 312 6.
242 288 265 312 9.
286 286 318 312 de
338 290 452 312 exsecut.
479 285 524 311 lul.
546 295 585 321 ep.
606 294 664 310 nov.
685 294 706 310 c.
723 286 779 310 124.
800 284 820 317 9
833 284 891 309 562.

237 329 425 355 Remotio.
463 329 605 357 Amano,
624 329 789 353 Exclusit).
827 325 845 352 I.
865 327 927 359 Sy.
948 325 1041 352 Remo-

201 371 279 397 veudi
299 375 347 403 (sc.
368 371 484 402 tutoris.)
504 370 677 399 lienlotiouis.
698 380 782 396 eausa.
806 369 835 395 sr.
855 370 878 394 4.
899 369 936 402 99.
958 370 980 394 1.
1001 378 1038 404 sq.

201 413 234 440 de
253 424 325 451 susp.
340 419 387 440 tut.
401 415 442 440 26.
458 415 497 439 10.
534 412 574 439 lIl.
591 414 657 440 Cn.
678 412 782 448 Quibus
802 411 911 438 debetur
929 421 961 437 ex
981 421 1040 447 qua·
1060 436 1062 444 ¹

201 467 303 492 cunque
322 458 438 487 actione,
460 472 489 476 -—
511 457 567 481 siue
586 455 638 481 ulla
658 456 821 492 exceptionis
840 459 982 491 perpetuae
1002 464 1040 480 re·
1060 466 1062 478 ι

201 501 323 526 motione.
345 499 374 525 l'r.
396 501 435 525 10.
456 498 487 524 de
507 497 538 524 V.
559 497 586 524 S.
606 500 645 524 50.
669 500 707 524 16.

237 543 432 569 Reulotus.
454 541 574 573 (Partic.)
595 541 625 573 §-
642 542 676 567 1.
697 542 806 575 Longe
822 541 959 574 positus.
982 540 1039 565 Di-

200 591 292 611 stans
320 584 349 610 Π.
366 586 432 618 01).
451 584 480 610 In
495 584 618 615 evidenti.
634 600 663 603 ——
684 583 713 609 In
728 587 827 609 remoto
841 583 935 615 (Ioco.)
956 582 1039 608 l'r.11.

200 628 222 660 9.
241 628 265 653 3.
286 626 317 653 de
337 628 418 653 instit.
439 632 487 653 act.
510 629 548 652 14.
568 629 591 652 3.
629 626 672 652 111.
693 628 758 654 Cn.
785 625 908 651 Extranei
928 624 1038 650 heredes

200 674 371 706 patronorum
394 669 472 705 longe
496 670 659 695 remotiores.
685 668 740 695 Gai.
764 667 807 694 III.
831 669 872 694 48.
915 667 1039 694 lle-motas

200 723 304 749 quoque.
327 717 452 750 peragant
481 713 617 738 stationes.
650 711 699 738 Th.
725 710 754 737 C.
780 710 822 737 11.
847 713 888 737 29.
914 722 934 737 6.
955 712 978 737 6.
1008 710 1039 736 de

201 756 296 781 curios.
317 771 349 774 —
370 755 400 788 ξ.
420 756 455 781 2.
476 757 615 781 Amanus.
643 754 684 780 Cf.
704 764 727 780 v.
747 753 900 780 Removere.
921 754 942 787 9.
964 756 985 780 1.
1008 770 1037 773 —

199 798 231 831 §0
246 799 282 824 3.
304 800 500 829 Abhorreus,
521 800 665 824 Alienus.
703 796 743 822 Ill.
765 798 830 824 (7η.
854 797 877 823 A
897 797 953 822 iure
972 806 1040 822 com-

199 841 280 872 muni,
300 851 323 867 v.
343 841 367 867 A
387 851 414 866 re
434 842 543 877 privata.
563 844 690 866 remotum
710 840 847 876 (pactum.)
868 840 898 866 l'r.
919 841 941 865 7.
961 840 1038 872 916.

199 882 230 909 fr.
249 884 291 909 27.
311 884 332 916 9.
353 885 376 909 4.
389 894 409 909 a.
435 883 467 909 de
492 888 559 920 pact..
578 885 602 908 2.
624 884 663 908 14.
689 898 719 902 —
747 883 778 916 §.
801 884 840 908 4.
864 884 1039 914 Exclusus,

199 927 402 952 Prohibitus.
427 925 467 952 Cf.
488 936 511 952 v.
531 925 683 951 Removere.
704 925 726 958 9.
745 926 769 951 3.

236 969 466 996 Removere.
503 969 533 1002 §.
552 969 586 994 l.
615 970 698 994 Loco
723 978 856 999 movere,
880 969 1038 994 Amovere.

200 1010 218 1036 I.
239 1012 300 1045 Sy.
324 1011 478 1037 Detrahere.
504 1010 544 1037 (ΞΓ.
569 1010 592 1036 11.
618 1021 640 1036 v.
665 1011 686 1044 9
710 1013 730 1036 l.
767 1009 797 1036 II.
820 1011 887 1044 Op.
912 1009 1039 1036 Oct-ulmo

200 1058 225 1079 et
239 1059 360 1085 remotae,
376 1070 407 1074 ·—-
426 1053 545 1080 Prolatae
564 1053 701 1087 (tabulae.)
722 1052 750 1079 fr.
767 1054 805 1079 ll.
826 1054 846 1086 9
861 1054 883 1079 8.
905 1053 937 1079 de
950 1054 1039 1079 interr.
1061 1066 1062 1092 1

199 1097 225 1122 in
245 1097 308 1122 iure.
329 1098 368 1122 11.
390 1098 412 1122 1.
449 1095 490 1122 Ill.
509 1097 574 1124 Gn.
595 1095 685 1122 Scalas
705 1106 785 1133 posse
804 1106 844 1122 me
863 1096 895 1122 ad
914 1097 1040 1133 parietem

200 1149 361 1166 communem
376 1139 479 1170 habere.v
496 1154 526 1158 —
541 1140 598 1175 quia
613 1140 741 1165 removeri
756 1139 802 1165 hae
815 1144 934 1175 possunt.
955 1139 984 1164 l'r.
1000 1140 1038 1165 19.

198 1182 219 1215 9.
239 1184 262 1208 2.
283 1182 314 1208 de
334 1181 361 1208 S.
382 1181 408 1208 P.
428 1181 458 1208 V.
474 1185 497 1208 S.
512 1185 534 1208 2.
551 1198 580 1202 —
603 1182 632 1214 §-
648 1183 682 1208 2.
704 1184 823 1209 Procul
841 1192 906 1208 esse
925 1184 1038 1214 iubere,
1061 1178 1062 1196 I

199 1226 388 1251 Excludere.
427 1224 444 1250 l.
460 1226 522 1259 Sy.
542 1224 680 1250 Amovere.
701 1224 741 1250 Cf.
757 1224 780 1250 h.
795 1235 818 1250 v.
839 1225 859 1258 9.
874 1226 898 1250 2.

197 1309 221 1336 h.
241 1320 264 1336 v.
285 1310 306 1343 9.
326 1312 350 1336 2.
387 1310 520 1341 Retinere.
540 1309 688 1346 Repellere.
715 1310 755 1336 Cf.
776 1321 801 1336 v.
822 1310 947 1336 Reiicere.
972 1311 993 1344 9.
1014 1312 1037 1337 4.

197 1351 238 1379 Ill.
262 1354 328 1380 Cn.
352 1352 472 1378 Remotis
498 1352 632 1384 omuibus.
657 1363 714 1379 culn
734 1352 907 1379 deliberasset
926 1353 1037 1387 (Caes.)

197 1394 227 1421 fr.
246 1396 269 1421 3.
295 1395 327 1421 (16
351 1395 376 1421 11.
396 1406 438 1432 qu.
464 1396 490 1421 111
514 1400 616 1422 testam.
635 1397 677 1422 28.
696 1397 720 1421 4.
758 1396 833 1431 Quos
858 1407 941 1434 poena
966 1400 1038 1423 coer-

197 1438 259 1469 cuit,
279 1443 322 1463 aut
341 1438 372 1464 ab
392 1438 492 1464 honore
506 1438 672 1465 ministrandi
688 1455 717 1458 —
733 1440 852 1465 removit.
872 1439 900 1465 fr.
915 1441 956 1466 51.
977 1440 998 1473 9.
1015 1442 1036 1466 1.

197 1480 229 1507 de
248 1491 313 1507 man.
334 1485 435 1507 testam.
456 1483 496 1507 40.
516 1483 540 1507 4.
561 1480 591 1507 ef.
613 1481 643 1507 fr.
657 1483 697 1507 51.
718 1480 751 1507 de
770 1481 848 1507 solut.
863 1483 903 1508 46.
917 1484 941 1508 3.
970 1482 1037 1508 Cum

196 1523 325 1550 dementis
340 1528 486 1550 curatorem
500 1540 529 1544 —-
547 1523 655 1550 Procos.
670 1526 810 1550 removerit
823 1536 835 1550 a
849 1524 934 1556 1101115Ί
948 1524 1037 1551 alium-
1059 1515 1060 1526 I

196 1576 246 1602 que
271 1566 330 1592 loco
356 1567 411 1592 eius
436 1566 603 1592 substituerit
628 1572 780 1593 curatorem.
810 1566 840 1593 fr.
865 1569 887 1593 7.
911 1568 932 1601 9.
956 1570 980 1594 2.
1005 1568 1037 1594 de

196 1619 249 1635 cur.
269 1608 359 1635 furios.
379 1611 420 1635 27.
444 1611 482 1635 10.
521 1609 564 1641 U,
585 1611 607 1636 si
628 1615 699 1636 tutor
714 1625 745 1629 —
763 1615 903 1646 suspectus
923 1621 935 1636 a
956 1610 1036 1637 tutela

196 1657 311 1678 remotus
336 1654 385 1683 sit.
411 1653 466 1677 sive
486 1662 518 1679 ex
537 1653 604 1678 iusta
625 1662 700 1679 causa
721 1658 875 1685 excusatus,
900 1654 926 1680 iu
950 1653 1036 1680 locum

197 1695 253 1720 eius
275 1694 340 1721 alius
365 1699 437 1721 tutor
456 1694 539 1721 detur.
569 1694 625 1720 Gai.
646 1695 664 1720 Ι.
686 1697 742 1721 1152.
763 1695 794 1721 cf.
820 1695 849 1722 l'r.
867 1697 891 1722 3.
915 1697 936 1730 9.
957 1698 980 1722 8.
1005 1696 1036 1723 de
1057 1701 1059 1733 ς’

196 1746 269 1774 susp.
289 1742 335 1764 tut.
355 1739 396 1764 26.
419 1739 456 1763 10.
495 1737 547 1773 Qui
568 1737 599 1763 ab
620 1739 690 1764 omni
709 1748 737 1763 se
757 1738 872 1764 civilium
887 1756 916 1759 --
936 1739 1036 1765 officio·
1057 1749 1059 1773 1

197 1789 253 1805 rum
272 1781 417 1806 ministerio
442 1785 617 1806 removerunt.
643 1780 692 1806 Th.
713 1780 743 1807 C.
765 1781 831 1807 illl.
852 1784 874 1807 5.
896 1792 916 1808 6.
935 1784 977 1808 23.
997 1792 1035 1819 pr.
1057 1779 1059 1787 ⁴

196 1821 229 1848 de.
248 1832 326 1848 cursu
345 1823 406 1859 pub.
431 1839 462 1842 ——
489 1823 519 1856 §0
540 1825 577 1849 3.
602 1825 732 1855 Arcere,
752 1826 940 1856 Prohibere,
964 1826 1035 1851 Tol-

195 1867 266 1891 lere.
304 1864 322 1891 I.
337 1866 398 1899 ›Sy-
417 1865 573 1892 Excludere.
593 1866 623 1892 sr.
647 1868 685 1892 14.
705 1876 744 1903 pr.
765 1868 801 1900 99
824 1869 845 1893 l.
865 1877 904 1903 sq.
924 1867 956 1893 de
975 1867 1034 1894 bon.
1057 1863 1058 1883 I

196 1907 282 1934 libert.
301 1909 342 1934 38.
362 1910 385 1934 2.
423 1907 571 1944 Repellere.
592 1909 621 1935 t'r.
643 1911 682 1935 12.
702 1910 725 1942 9.
745 1911 768 1935 2.
790 1909 819 1935 l'r.
839 1911 880 1936 31.
900 1920 938 1946 pr.
960 1910 996 1944 99.
1011 1912 1034 1936 3.

196 1960 235 1986 sq.
255 1950 285 1976 sr.
299 1953 340 1976 32.
361 1950 393 1976 de
414 1951 486 1976 iuoll'.
502 1956 602 1977 testam.
617 1954 639 1977 5.
652 1954 676 1977 2.
702 1951 853 1978 Prohibere.
874 1952 903 1979 fr.
916 1956 940 1978 ·3.
961 1954 998 1986 99.
1012 1955 1035 1980 9.

195 2002 235 2029 sq.
255 1993 287 2019 de
306 1993 374 2019 hom.
397 1993 438 2019 lib.
454 1993 540 2019 exhib.
556 1996 595 2019 43.
610 1996 651 2020 29.
681 1994 851 2021 Submovere.
873 1995 902 2021 fr.
916 1997 939 2021 3.
960 1996 997 2029 99.
1012 1997 1035 2022 4.

196 2045 234 2071 sq.
255 2035 286 2061 de
307 2035 350 2061 lib.
371 2041 396 2061 et
415 2036 503 2073 posth.
522 2039 563 2062 28.
583 2039 607 2062 2.
628 2037 657 2063 [Γ.
680 2039 719 2063 13.
740 2037 768 2063 fr.
792 2039 847 2064 115.
868 2038 888 2071 9.
912 2040 933 2064 l.
954 2038 986 2064 de
1004 2038 1035 2065 1’1.

196 2077 214 2104 1.
233 2080 274 2104 50.
296 2079 335 2104 17.
372 2078 412 2104 Ill.
433 2080 498 2106 Cn.
519 2079 629 2111 Habere⁷
649 2090 669 2106 s.
690 2080 832 2106 Habiturus
852 2091 919 2111 esse.
939 2091 963 2107 v.
977 2081 1037 2108 Per-

196 2121 286 2153 tinere,
306 2131 330 2147 v.
343 2121 475 2158 Amplecti
496 2121 648 2157 (legitimam
668 2123 846 2156 hereditatem,
866 2134 889 2149 v.
904 2124 1036 2151 fideicom-

197 2163 334 2195 missum.)
360 2165 468 2190 remotis
489 2164 602 2197 (tabulis
622 2166 745 2192 secundis
765 2167 833 2199 etc.)
859 2166 915 2194 Gai.
934 2167 975 2193 ΙΙΙ.
994 2169 1034 2194 84.

197 2204 228 2231 fr.
250 2207 288 2231 12.
313 2205 344 2232 de
363 2206 432 2242 vulg.
454 2212 478 2233 et
498 2217 559 2244 pup.
579 2209 620 2233 28.
640 2210 664 2234 6.
689 2209 718 2235 1”1·.
738 2210 779 2235 40.
804 2209 836 2236 de
855 2209 887 2236 A.
906 2220 930 2236 v.
951 2210 983 2236 O.
1003 2210 1034 2237 H.

197 2249 238 2273 29.
257 2250 282 2274 2.
302 2247 332 2274 rr.
352 2250 391 2275 77,
412 2250 432 2282 ᾗ.
456 2252 493 2276 10.
515 2250 546 2276 d·-
566 2250 639 2286 leg-a.
661 2251 690 2277 11.
711 2252 788 2285 (31.)
809 2252 838 2278 fr.
859 2254 899 2280 77.
919 2254 940 2287 ξ.
959 2255 983 2279 2.
1003 2253 1035 2279 de
1056 2245 1058 2275 ἒ

199 2289 273 2316 cond.
295 2295 320 2315 et
339 2290 403 2316 dem.
422 2294 464 2318 35.
487 2295 507 2319 l.
545 2293 755 2320 Exheredatione
780 2296 861 2321 notati
886 2300 911 2321 et
934 2297 1034 2322 remoti.

199 2332 228 2358 t'r.
249 2336 272 2358 ὅ.
298 2343 336 2370 pr.
361 2332 390 2359 fr.
413 2336 450 2360 18.
475 2344 514 2372 pr.
540 2335 572 2362 de
592 2336 621 2362 B.
642 2336 670 2362 P.
695 2347 715 2363 c.
740 2342 758 2362 t.
781 2339 822 2363 37.
842 2339 866 2364 4.
904 2338 970 2365 Cum
994 2340 1034 2365 ius

198 2377 319 2411 petitoris
339 2382 508 2409 removeatur,
528 2378 616 2405 soluto
636 2380 751 2416 pignore.
773 2380 802 2406 fr.
825 2383 864 2406 12.
889 2382 952 2414 9.1.
982 2381 1033 2417 Qu.
1056 2383 1057 2408 ζ

198 2418 265 2444 mod.
291 2419 360 2455 pigu.
384 2421 425 2444 20.
450 2420 473 2445 6.
515 2421 567 2455 Qui
591 2432 639 2458 per
662 2424 843 2459 exceptionem
871 2434 883 2449 a
908 2425 1034 2460 petitione

198 2466 353 2487 removetur.
373 2461 403 2486 sr.
420 2463 458 2487 13.
479 2461 511 2487 de
528 2462 558 2489 R.
572 2464 589 2490 I.
604 2466 644 2491 50.
661 2467 700 2491 17.
739 2465 964 2493 Constitutionum
985 2478 1034 2494 am-

198 2503 302 2539 biguum
316 2505 474 2530 removistis.
504 2504 584 2531 Gesta
602 2508 627 2533 in
642 2507 702 2534 Sen.
718 2508 750 2534 de
764 2519 813 2535 rec.
835 2508 883 2535 Th.
899 2509 928 2536 C.
943 2510 1032 2543 (ch.

197 2557 221 2583 p.
242 2548 278 2579 5.)
315 2545 433 2572 Remotis
453 2562 482 2565 ——
505 2549 588 2579 notis⁷
610 2548 745 2586 Papiniani
766 2551 853 2588 placet
872 2553 958 2579 valere
977 2564 1033 2580 sen-

198 2590 311 2615 tentiam.
344 2588 393 2615 Th.
419 2589 449 2615 C.
474 2589 518 2615 IX.
543 2592 583 2616 43.
609 2601 629 2617 c.
656 2594 676 2618 l.
701 2604 739 2630 pr.
765 2594 797 2620 de
821 2600 886 2621 sent.
912 2606 980 2632 pass.
1000 2613 1032 2616 —

198 2632 228 2665 ξ.
245 2633 282 2657 ⁴.
298 2633 493 2667 Infirmnre,
508 2634 676 2660 Renovare.
712 2636 730 2662 I.
746 2638 807 2671 Sy.
827 2637 1032 2672 1167061116(ἆο-

198 2676 342 2706 nationes.)
368 2685 388 2700 6.
408 2677 431 2701 4.
456 2686 475 2701 c.
498 2677 520 2701 7.
550 2675 581 2702 (1(-
606 2677 677 2702 inoff.
697 2677 783 2705 donat.
803 2682 826 2707 3.
846 2683 886 2707 29.
907 2681 936 2708 L.
955 2681 1030 2709 Rom.

197 2717 275 2753 Burg.
296 2717 347 2743 Tit.
370 2720 390 2743 l.
426 2717 456 2744 lI.
478 2720 545 2752 011.
566 2718 667 2745 Valere.
688 2735 719 2738 ——
738 2720 884 2750 Removeri.
906 2724 936 2750 fr.
957 2726 979 2751 7.
999 2725 1031 2752 de

198 2770 229 2787 m.
250 2771 270 2787 6.
291 2761 350 2787 don.
370 2762 411 2787 39.
431 2762 455 2787 6.

232 2805 497 2832 Remunerare
504 2822 514 2835 2
545 2814 566 2830 s.
594 2805 861 2835 Remunerari.

899 2812 1030 2846 Benefi-

1864 163 1903 192 §43
1913 163 1921 191 l

1084 243 1167 268 cium
1190 243 1331 275 referre,
1364 244 1478 269 Munus
1503 253 1627 269 munere
1646 253 1856 277 colnpensnre.
1893 243 1924 269 ll.

1086 285 1152 318 Op.
1176 283 1359 321 Principaliter
1379 285 1483 311 donare.
1514 286 1583 312 Mora
1606 286 1720 312 donatio.
1741 300 1773 304 —-
1799 286 1925 312 llemune-

1085 327 1158 354 randi
1178 337 1253 354 causa
1273 329 1438 360 (remittere.)
1472 328 1596 355 Officium
1611 329 1718 355 alterius
1732 328 1841 365 quadam
1861 338 1925 354 nier-

1085 370 1148 396 cede
1167 371 1331 397 remunerari.
1353 370 1382 397 fr.
1405 373 1444 397 10.
1464 372 1543 405 913.
1566 372 1594 398 fr.
1617 374 1655 398 12.
1676 382 1714 408 pr.
1734 371 1818 397 mand.
1841 373 1880 397 17.
1902 373 1922 396 l.

1084 413 1113 439 l'r.
1133 415 1174 439 27.
1201 413 1233 439 de
1258 413 1405 440 (10110139.
1425 415 1448 440 5.
1486 414 1528 440 III.
1551 416 1616 442 (711.
1641 415 1694 449 Qui
1719 414 1791 440 dedit
1815 424 1843 439 ea
1868 424 1923 450 spe.

1085 456 1154 492 quod
1175 466 1203 482 se
1223 456 1254 482 ab
1274 466 1318 485 eo,
1344 457 1387 492 qui
1408 459 1552 494 acceperit.
1576 459 1735 483 remurwrari
1755 458 1923 483 existimaret.

1084 499 1113 525 sr.
1132 502 1156 526 3.
1176 500 1198 533 9.
1220 501 1242 526 7.
1263 499 1294 525 de.
1314 497 1390 525 cond.
1411 509 1431 525 6.
1452 499 1502 526 dat.
1525 502 1564 526 12.
1585 502 1609 526 4.
1646 500 1687 528 ld.
1708 500 1777 536 quod
1798 499 1881 529 datur.
1901 500 1924 525 ei

1084 542 1115 568 ad
1134 541 1351 568 remunerandum
1370 541 1438 574 dari,
1464 548 1489 568 et
1512 543 1573 569 inde.
1597 543 1763 569 honorarium
1789 542 1923 579 adpellari.

1084 585 1113 611 [Γ.
1136 587 1157 611 1.
1182 595 1220 622 pr.
1245 586 1267 611 si
1292 594 1372 610 mens.
1399 586 1438 610 11.
1458 586 1481 611 6.
1523 586 1547 611 A
1572 586 1674 612 libertis
1699 586 1852 612 durissimas
1881 595 1923 610 res

1084 629 1194 663 exigere.
1215 627 1270 654 scil.
1291 627 1322 653 ad
1343 628 1559 654 remunerandum
1579 633 1629 654 tam
1649 628 1745 664 grande
1759 628 1923 653 beneficium.

1085 670 1114 696 l'r.
1135 672 1157 696 1.
1182 680 1220 706 pr.
1246 670 1278 696 de
1302 670 1362 696 hon.
1387 670 1473 697 libert.
1496 672 1538 697 3⁸.
1558 674 1581 697 2.
1620 671 1694 707 Quae
1718 671 1862 702 tutoribus,
1886 680 1923 696 re-

1083 712 1257 739 nutnerandae
1277 713 1338 739 fidei
1364 723 1453 746 causa,
1474 731 1503 734 —
1529 714 1718 751 relinquuntur.
1744 714 1773 740 l‘r.
1793 715 1834 739 28.
1858 714 1879 747 9.
1901 715 1923 738 l.

1084 756 1116 782 de
1135 761 1250 782 excusat.
1270 758 1312 781 27.
1334 757 1355 781 1.

1119 799 1408 825 Relnuneratio.
1438 799 1468 832 ἓ.
1480 801 1514 826 1.
1535 802 1733 831 Praemium,
1754 801 1922 826 Solarium.

1084 841 1100 867 I.
1123 842 1185 876 Sy.
1204 842 1379 872 Beneficium,
1398 841 1552 869 Praemium.
1577 854 1597 869 c.
1618 844 1640 869 6.
1663 843 1685 876 9.
1705 845 1728 868 3.
1750 842 1781 869 de
1800 842 1860 868 bon.
1881 852 1921 877 qu.

1083 884 1127 910 lih.
1148 887 1171 910 6.
1192 886 1232 910 61.
1270 884 1313 910 Ill.
1333 886 1399 911 Cn.
1418 884 1612 911 Liberalitatem
1632 886 1767 912 testatoris
1786 901 1815 905 —-
1836 884 1923 910 debita

1084 928 1292 953 remuneratione
1311 927 1472 954 defraudare.
1500 938 1520 954 6.
1541 931 1564 954 5.
1590 929 1610 962 9
1630 931 1654 955 2.
1679 928 1711 954 de
1735 938 1790 954 nec.
1811 937 1878 953 serv.
1899 928 1922 952 6.

1083 971 1124 995 27.
1162 969 1330 995 vacationem
1350 986 1377 989 —
1408 980 1455 1007 pro
1480 973 1689 998 remuneratione
1713 971 1794 997 tuisse
1818 980 1923 996 eonces-

1084 1022 1146 1039 sam.
1172 1012 1221 1038 Th.
1242 1011 1272 1038 C.
1293 1012 1349 1038 th.
1371 1014 1392 1038 1.
1413 1023 1434 1039 6.
1456 1015 1512 1039 184.
1533 1013 1565 1039 de
1585 1014 1717 1040 decurion.
1755 1013 1924 1040 Verecundae.

1084 1060 1109 1081 et
1140 1056 1233 1081 tacitae
1264 1056 1439 1081 conscientiae
1469 1059 1678 1083 remuneratione
1709 1061 1855 1083 contentus.
1886 1056 1921 1082 lb.

1061 1100 1062 1104 ’
1084 1109 1105 1124 c.
1127 1100 1183 1124 177.
1208 1108 1247 1134 pr.
1268 1097 1284 1124 l.
1305 1098 1321 1124 l.
1347 1114 1379 1117 —
1404 1100 1434 1131 §·
1454 1100 1538 1126 1.Α.
1564 1101 1755 1126 Restitutio.
1792 1099 1835 1125 Ill.
1856 1100 1922 1126 Cn.

1084 1141 1329 1167 Remunerationem
1353 1142 1431 1178 pretii
1456 1152 1606 1178 exposcere.
1634 1142 1671 1168 lb.
1692 1142 1731 1168 Ill.
1751 1144 1775 1168 3.
1801 1153 1820 1168 6.
1843 1144 1865 1168 1.
1890 1141 1922 1168 de

1061 1197 1062 1214 1
1084 1189 1149 1221 patr.
1169 1194 1210 1220 qu.
1231 1183 1267 1209 fil.
1289 1200 1318 1204 -—
1340 1185 1371 1217 §.
1387 1185 1421 1210 2.
1442 1187 1746 1215 Remunerationes,
1766 1187 1782 1211 i.
1802 1196 1821 1211 e.
1842 1187 1922 1211 Lar-

1032 1241 1040 1245 ,
1060 1224 1062 1239 t

198 1277 259 1293 vere
276 1269 303 1299 (a
325 1267 425 1299 tutela.)
447 1267 503 1293 Gai.
525 1267 541 1293 l.
565 1269 620 1293 152.
641 1266 700 1304 le.
718 1267 762 1293 XI.
782 1269 823 1293 23.
860 1224 1037 1294 Novi-EIJHCOR
1060 1247 1062 1276 I

1080 1229 1227 1261 1εῑιίἰοιιεε
1247 1228 1425 1261 Principis.
1462 1227 1480 1253 1.
1496 1229 1558 1262 Sy.
1578 1227 1763 1264 Largitionum.
1794 1228 1922 1254 Remune-

1083 1271 1211 1296 rationum
1231 1272 1384 1302 (sacrarum,
1404 1275 1429 1296 et
1448 1271 1617 1306 privatarum,
1637 1281 1672 1297 se.
1694 1272 1816 1301 comites,
1836 1281 1858 1296 v.
1880 1281 1922 1308 pa-

1083 1312 1180 1345 latini.)
1207 1312 1242 1338 lb.
1263 1311 1308 1338 VI.
1328 1314 1370 1338 30.
1393 1322 1414 1339 c.
1437 1314 1477 1339 lss.
1502 1324 1523 1339 e.
1543 1316 1584 1340 20.
1605 1324 1643 1350 sq.
1669 1314 1701 1339 de
1720 1313 1773 1340 Pal.
1794 1314 1820 1340 S.
1842 1313 1920 1349 largg.

1083 1355 1137 1381 Vll.
1154 1357 1193 1381 12.
1214 1366 1235 1381 e.
1248 1357 1272 1381 2.
1293 1355 1325 1381 (16
1345 1361 1478 1382 commeat.
1517 1356 1558 1382 Ill.
1573 1358 1639 1384 fn.
1658 1356 1922 1383 Remunerationibus

1083 1397 1224 1436 deputandi
1245 1398 1361 1430 (milleni
1380 1398 1485 1432 solidi.)
1513 1399 1580 1426 Nov.
1600 1400 1689 1426 Maior.
1714 1399 1746 1426 de
1771 1399 1858 1426 curial.
1878 1398 1921 1425 IV.

1083 1443 1105 1468 7.
1126 1452 1146 1468 6.
1169 1443 1190 1468 1.
1211 1442 1231 1475 9
1254 1442 1293 1467 16.

1117 1484 1296 1511 Relnasci.
1326 1484 1357 1517 §.
1373 1485 1407 1510 l·
1428 1486 1549 1511 lterum
1569 1488 1666 1512 nasci.
1704 1485 1746 1512 III.
1761 1487 1826 1513 Gn.
1848 1485 1922 1520 Quae

1081 1528 1135 1560 (sc.
1155 1527 1238 1559 silva)
1263 1528 1377 1557 succisa.
1402 1537 1493 1554 rursus
1518 1538 1550 1554 ex
1574 1528 1702 1565 stirpibus
1727 1533 1770 1554 aut
1789 1528 1922 1554 radicibus

1081 1571 1234 1597 renascitur.
1255 1569 1284 1595 sr.
1304 1571 1345 1595 30.
1366 1579 1404 1606 pr.
1425 1569 1457 1596 de
1477 1570 1508 1597 V.
1529 1571 1556 1597 S.
1577 1573 1617 1597 50.
1640 1573 1678 1597 16.
1700 1571 1729 1597 cf.
1751 1571 1780 1597 fr.
1802 1573 1823 1597 7.
1844 1571 1865 1603 9.
1881 1573 1920 1597 13.

1058 1633 1059 1639 .
1081 1613 1129 1639 sol.
1150 1613 1259 1639 matrim.
1279 1614 1320 1638 24.
1339 1613 1410 1638 3.-
1431 1614 1462 1646 ξ.
1475 1615 1509 1640 2.
1530 1616 1742 1646 Restanrari,
1764 1616 1919 1641 Restitui.

1081 1655 1110 1682 II.
1123 1658 1190 1690 Op.
1209 1655 1348 1691 Exstingui
1368 1656 1530 1689 (actionem.)
1550 1657 1580 1683 fr.
1600 1659 1623 1683 6.
1644 1668 1681 1695 pr.
1702 1658 1724 1683 si
1744 1658 1832 1683 servit.
1853 1660 1876 1683 8.
1897 1659 1919 1682 5.

1081 1699 1110 1725 l'r.
1130 1700 1171 1725 41.
1192 1699 1213 1732 9.
1233 1700 1257 1725 3.
1278 1698 1310 1725 (16
1330 1698 1389 1725 furt.
1409 1700 1450 1725 47.
1463 1701 1488 1725 2.
1685 1697 1687 1700 ⁸

1116 1741 1260 1768 ueniti.
1281 1744 1458 1773 Resistere,
1479 1744 1659 1769 Reluctari.
1689 1742 1730 1769 III.
1751 1744 1816 1770 Gn.
1836 1743 1919 1769 Etiam

1080 1785 1223 1810 renitentes
1247 1794 1276 1809 ac
1301 1789 1484 1821 repugnantes.
1517 1785 1567 1811 Th.
1587 1785 1618 1812 C.
1638 1785 1694 1811 ΧΠ.
1718 1788 1738 1812 1.
1764 1797 1785 1812 6.
1808 1788 1863 1812 113.
1889 1786 1920 1812 de

1081 1827 1213 1853 decurion.
1250 1825 1349 1853 Favere
1368 1832 1430 1853 voto
1455 1829 1591 1859 convenit;
1615 1830 1658 1865 qui
1682 1830 1704 1855 si
1725 1831 1851 1856 renitatur
1871 1834 1918 1855 ete.

1081 1880 1101 1896 c.
1124 1872 1162 1896 16.
1183 1869 1215 1895 de
1234 1873 1307 1906 nupt.
1327 1871 1350 1895 5.
1371 1870 1394 1895 4.

1115 1914 1332 1939 Renovare.
1369 1913 1400 1946 §.
1417 1914 1451 1939 1.
1472 1915 1680 1945 Instaurare,
1701 1917 1861 1948 Repeeere.
1900 1913 1918 1939 l.

1081 1956 1141 1989 Sy.
1165 1954 1268 1981 Novaro
1292 1955 1453 1992 (tempora.)
1483 1955 1524 1982 Cf.
1549 1956 1573 1982 h.
1598 1967 1622 1983 v.
1647 1958 1712 1991 9.1.
1749 1957 1918 1983 Resuscitare

1081 1998 1279 2034 (obligationem
1299 1999 1359 2029 ete.)
1380 1997 1408 2024 fr.
1422 2000 1464 2024 27.
1484 1999 1506 2032 9.
1519 2001 1543 2025 3.
1564 1999 1596 2025 de
1615 2005 1681 2037 pact.
1700 2002 1723 2026 2.
1741 2002 1779 2026 14.
1816 1999 1918 2025 Rursus

1081 2042 1199 2075 (emere.)
1218 2040 1318 2067 Renov.
1338 2042 1533 2075 (contractum.)
1557 2042 1586 2069 sr.
1609 2045 1629 2069 l.
1650 2043 1680 2070 l'r.
1701 2045 1722 2069 7.
1743 2053 1782 2079 pr.
1802 2043 1823 2075 9.
1846 2044 1866 2067 l.
1887 2041 1918 2067 de

1081 2094 1146 2110 resc.
1170 2083 1244 2109 vend.
1273 2084 1312 2109 18.
1336 2085 1359 2109 5.
1397 2083 1592 2112 Reconducere.
1617 2085 1657 2112 Cf.
1683 2086 1707 2113 h.
1728 2096 1750 2111 v,
1788 2084 1830 2111 III.
1852 2085 1917 2112 (711.

1080 2127 1109 2153 Si
1128 2131 1217 2164 potest
1236 2131 1289 2152 tota
1309 2136 1351 2153 res
1371 2127 1443 2158 tolli.
1462 2138 1508 2154 cur
1527 2138 1579 2154 non
1599 2133 1623 2153 et
1643 2129 1790 2159 reformari,
1810 2133 1838 2154 ut
1857 2138 1918 2164 quo-

1080 2169 1216 2195 dammodo
1241 2171 1319 2206 quasi'
1339 2175 1480 2196 renovatus
1509 2176 1658 2197 contractus
1682 2171 1817 2197 videatur?
1844 2171 1873 2197 fr.
1894 2172 1915 2196 7.

1079 2213 1100 2246 9.
1121 2214 1144 2238 6.
1165 2212 1197 2238 de
1215 2218 1282 2249 pact.
1301 2215 1326 2239 2.
1348 2214 1387 2238 14.
1425 2213 1453 2239 Si
1478 2218 1590 2239 mutatae
1613 2213 1756 2239 voluntatis
1780 2224 1837 2240 eum
1857 2223 1917 2250 poe-

1056 2282 1057 2296 }
1079 2256 1189 2281 nituisse
1204 2256 1367 2292 probabitur,
1387 2260 1539 2281 renovatum
1553 2261 1735 2282 testamentum
1750 2257 1915 2292 intelligetur.

1080 2298 1110 2324 sr.
1132 2300 1170 2324 15.
1196 2299 1261 2332 9.1.
1286 2298 1318 2324 de
1343 2298 1418 2324 milit.
1442 2303 1542 2324 testam.
1568 2300 1609 2325 ⁸29.
1632 2301 1653 2324 1.
1674 2299 1704 2325 ef.
1732 2299 1787 2326 Gai.
1808 2299 1836 2325 ll.
1859 2300 1914 2325 143.

1056 2366 1057 2373 ,
1079 2341 1121 2367 Α(1
1140 2341 1250 2367 eundem
1270 2351 1371 2367 rursum
1392 2351 1510 2370 reversa,
1535 2352 1586 2367 nou
1606 2347 1731 2368 renovato
1751 2347 1841 2378 paeto.
1866 2351 1915 2367 ma-

1079 2389 1156 2410 nente
1180 2384 1241 2410 dote
1265 2383 1380 2409 divortit.
1406 2383 1488 2410 Vatic.
1514 2385 1612 2418 §.1031
1633 2386 1664 2411 cl'.
1689 2385 1718 2411 sr.
1738 2387 1778 2410 40.
1805 2384 1837 2410 de
1860 2385 1915 2410 iure

1079 2427 1130 2453 dot.
1151 2429 1192 2452 23.
1211 2429 1233 2452 3.
1255 2442 1286 2445 --
1307 2427 1337 2459 ξ.
1353 2428 1388 2453 2.
1410 2430 1607 2463 Subrogare,
1629 2429 1839 2454 Substituere.
1871 2426 1913 2453 III.

1079 2471 1144 2496 Cn.
1168 2469 1221 2495 Aut
1247 2469 1359 2495 dimittet
1383 2474 1453 2501 tuas.
1473 2475 1517 2496 aut
1541 2470 1603 2496 alias
1628 2471 1684 2507 ipse
1704 2470 1839 2496 renovabit
1859 2471 1912 2502 (sc.

1078 2512 1223 2544 Vicat-ius.)
1245 2511 1293 2538 Th.
1309 2512 1339 2538 C.
1354 2511 1421 2538 VIII.
1436 2515 1459 2539 5.
1480 2523 1501 2539 c.
1515 2515 1555 2539 33.
1576 2523 1614 2549 pr.
1635 2513 1667 2539 de
1687 2523 1763 2538 cursu
1782 2512 1844 2549 pul).

1113 2555 1339 2582 Renovafio.
1363 2557 1554 2589 Reparatio,
1579 2557 1796 2581 Instauratio.
1822 2555 1913 2590 [sy.

1076 2597 1216 2635 Reparatio
1241 2598 1402 2630 (veterum.)
1428 2598 1477 2624 Th.
1498 2597 1528 2624 C.
1552 2597 1603 2623 Vll.
1626 2600 1664 2624 17.
1690 2608 1712 2624 6.
1736 2600 1756 2624 l.
1781 2598 1813 2624 de
1832 2598 1912 2625 lusor.

1077 2640 1179 2666 Danub.

1111 2684 1302 2709 Retinere·
1327 2685 1508 2718 Abnegare,
1529 2685 1696 2708 Recnsare.
1724 2683 1766 2710 III.
1782 2685 1848 2712 011.
1870 2684 1912 2710 Ob

1075 2725 1191 2751 debitum
1204 2725 1374 2755 renuendum,
1394 2725 1435 2751 vel
1450 2735 1554 2751 munera
1571 2725 1726 2762 respuenda.
1746 2727 1911 2764 (adpellare.)

1075 2767 1123 2793 Th.
1144 2767 1174 2794 C.
1194 2767 1238 2794 XI.
1258 2769 1299 2794 36.
1324 2778 1344 2794 c.
1364 2769 1388 2794 6.
1421 2768 1503 2803 Quor.
1528 2767 1585 2804 adp.
1610 2778 1633 2794 n.
1660 2778 1710 2795 rec.
1736 2769 1776 2796 Cf.
1798 2770 1858 2796 lust.
1880 2769 1909 2795 C.

1074 2820 1094 2837 6.
1114 2812 1137 2837 5.
1158 2810 1190 2838 de
1209 2810 1261 2837 fide
1280 2811 1398 2837 instrum.
1418 2811 1440 2835 4.
1460 2812 1501 2836 21.
