2197 3121
945 153 1015 184 EXI
1040 172 1078 177 —
1104 152 1202 184 Exo.

212 242 286 278 gerit.
306 240 337 267 fr.
356 242 397 267 33.
417 241 439 274 5.
458 242 481 265 2.
502 239 534 265 de
554 247 643 274 usurp.
659 237 700 262 41.
714 237 738 262 3.
776 235 805 262 Si
826 252 856 256 —
877 235 924 262 tibi
944 234 1052 267 dedero,
1075 237 1077 246 '

212 283 280 310 salso
301 284 454 310 existimans
474 292 514 308 me
534 291 592 308 eum
611 280 658 306 tibi
679 278 836 305 debere.=fr.
860 281 900 305 12.
920 278 949 305 fr.
971 281 1011 305 15.
1031 279 1052 312 5.

213 329 235 353 l.
256 326 288 352 de
307 326 384 352 cond.
404 326 490 352 indeb.
519 327 558 350 12.
578 325 602 350 6.
648 322 677 348 Si
696 323 791 349 iustam
811 332 914 349 causam
932 322 1053 348 habuerit

212 369 379 396 existimandi
414 369 443 395 fr,
463 369 505 394 33.
529 368 551 401 5.
573 368 595 392 l.
616 365 648 392 de
672 375 762 402 usurp.
782 366 823 391 41.
842 367 865 391 3.
903 364 933 391 Si
952 365 1054 391 dissen-

212 413 286 443 tiant.
307 411 377 438 aliud
396 411 446 438 alio
468 411 642 437 existimante.
662 408 691 434 i'r.
711 409 752 434 57.
772 407 805 434 de
824 406 856 433 Ο.
877 411 903 433 et
922 407 953 433 A.
973 409 1014 433 44.
1030 409 1052 433 7.

213 454 372 492 Complures
397 454 573 489 distinguunt„
597 457 623 478 et
647 452 797 477 existimant
821 454 869 476 etc.
895 449 950 476 Gai.
974 449 992 477 Ι,
1011 451 1051 476 90,

213 507 252 534 sq.
290 497 388 528 Placet.
408 513 440 516 -
461 496 525 522 adeo
545 500 573 521 ut
593 494 697 531 quidam
718 493 868 520 existiment
887 497 934 519 etc.
954 491 991 518 lb.
1010 491 1052 518 III.

214 542 272 567 166.
310 540 377 567 Cum
402 540 592 567 meminissem„
617 542 642 563 et
666 536 793 563 Iulianum
816 536 843 562 in
867 545 895 561 ea
923 535 1053 561 sententia

214 593 287 615 esse,
310 588 339 609 ut
363 583 524 609 existimaret
550 586 599 607 etc.
624 580 653 607 fr.
680 582 721 606 43.
745 578 778 605 de
800 578 833 605 A.
856 578 886 605 E.
906 578 936 604 V.
964 579 1002 604 19.
1031 580 1052 603 1.

215 626 325 653 Cassius
345 629 429 661 negat,
450 624 565 650 Iulianus
586 628 676 650 contra
696 623 841 651 existiman
866 631 932 658 quac
951 625 1054 647 senten·
1075 635 1076 640 =

214 670 249 696 tia
268 670 356 696 verior
374 668 492 694 habetur.
518 667 547 693 l'r.
568 669 591 692 2.
612 667 677 700 5.1.
698 665 730 692 de
749 663 864 690 statulib.
885 666 926 690 40.
947 665 970 690 7.
1006 663 1054 690 La·

215 712 264 739 beo
285 711 389 748 quidem
413 711 559 741 existimat.
580 725 611 729 -—
631 710 728 735 utimur
751 712 836 734 autem
859 707 909 734 hoc
932 708 1001 739 iure,
1026 711 1054 733 ut

215 760 265 782 etc.
285 755 340 781 Gai.
360 754 378 780 I.
400 755 458 780 135.
494 754 613 789 Aequius
634 761 693 778 esse
709 751 838 777 existimo.
859 750 889 777 fr.
909 752 932 776 7.
952 750 984 776 de
1004 760 1054 776 ma-

215 799 274 834 gist.
299 807 374 824 conv.
398 799 439 823 27.
465 797 488 822 8.
526 796 670 826 Existimo,
694 804 747 820 non
771 793 884 820 absurde
907 803 988 830 posse
1012 792 1055 819 de-

215 840 285 867 fendi
307 845 355 866 etc.
375 840 405 866 fr.
427 841 452 866 6.
472 839 504 865 (le
524 838 610 865 collat..
630 837 690 863 bon.
709 838 750 863 37.
766 838 790 863 6.
810 836 840 863 I'r.
859 838 901 862 98.
920 846 959 873 pr.
979 835 1011 862 de
1023 835 1054 861 V.
1077 839 1078 842 ’

216 883 252 910 Ο.
270 885 312 910 45.
334 885 356 909 1.
377 898 409 902 —-
430 882 460 915 ξ.
481 883 516 908 2.
537 882 734 911 Aestimare,
754 881 941 906 Dec-eruere.
961 878 979 905 I.
994 880 1055 913 Sy.

215 925 316 953 Videri.
342 925 372 952 fr.
396 926 437 951 69.
463 925 484 958 5.
509 927 533 950 2.
559 923 591 950 de
616 923 692 949 evict.
715 924 757 949 21.
777 924 801 949 2.
838 922 882 949 111.
903 924 968 950 Gn.
989 921 1055 948 Cum
1078 915 1079 919 ¹

215 970 336 1006 proxime
356 968 462 994 decreto
476 972 589 993 tutorem
607 976 648 992 me
662 965 775 992 dandum
789 966 988 992 existimaveris.
1008 964 1057 990 Va·
1078 967 1079 992 i

215 1013 259 1038 tic.
289 1012 310 1045 5.
336 1012 393 1037 166.
430 1010 561 1046 Dispicite
580 1008 607 1036 P.
628 1008 659 1035 C.
684 1008 810 1045 numquid
834 1010 869 1035 sit
888 1008 1004 1044 aequius,
1024 1023 1056 1027 —

217 1055 277 1091 qnia
296 1058 385 1091 potest
405 1053 548 1079 existimari
573 1056 621 1078 etc.
641 1052 672 1078 fr.
691 1054 733 1078 22.
758 1051 790 1077 de
809 1051 897 1078 hermi.
917 1055 975 1088 pet.⁴
989 1052 1013 1077 5.
1032 1051 1056 1076 3.
1078 1042 1080 1058 ³

218 1097 399 1134 Rescriptum,
423 1105 447 1121 v.
468 1094 663 1126 Constitutum.
690 1095 834 1121 existimari
853 1099 901 1121 etc.
922 1094 952 1120 fr.
973 1095 995 1120 7.
1015 1102 1056 1130 pr.

217 1139 250 1166 de
268 1139 286 1166 I.
306 1139 324 1165 I.
344 1138 375 1165 R.
395 1140 418 1164 4.
440 1140 462 1164 l.
487 1138 517 1164 fr.
537 1140 560 1164 3.
591 1138 612 1171 5.
634 1139 656 1164 1.
682 1137 714 1164 de
738 1139 795 1164 iure
820 1138 884 1164 fisci.
904 1138 946 1163 49.
967 1138 1006 1163 14.
1026 1135 1056 1162 fr.

216 1183 275 1208 203.
301 1181 333 1208 de
357 1180 388 1207 V.
413 1180 440 1207 S.
464 1182 505 1207 50.
532 1181 570 1206 16.
612 1180 721 1207 Pietatis
747 1181 878 1206 existimat
903 1179 945 1213 [al.
966 1179 1057 1214 exigit]
1079 1177 1080 1204 l

217 1225 284 1251 ratio
304 1229 352 1251 etc.
373 1224 402 1250 fr.
423 1226 447 1250 5.
466 1224 549 1257 §.15.
570 1223 602 1250 de
622 1234 677 1260 agn.
698 1228 724 1250 et
743 1223 827 1249 alend.
846 1224 931 1249 ‘za-3.

252 1267 507 1303 Existimatio.
527 1268 558 1300 §.
570 1268 604 1293 1.
627 1268 762 1301 Opinio,
783 1268 960 1298 Iudicium,
984 1267 1058 1292 Sen-

217 1312 331 1337 tentia.
369 1309 387 1336 I.
400 1311 462 1344 Sy.
482 1309 637 1336 Destinatus
658 1310 767 1341 animus,
787 1309 954 1335 Existimatio
974 1308 1058 1334 animi.

217 1353 248 1380 fr.
268 1355 309 1379 27.
330 1353 351 1386 5.
371 1355 395 1378 2.
416 1352 448 1378 ad
467 1353 562 1379 munic.
576 1355 617 1378 50.
634 1354 655 1379 1.
691 1352 781 1383 Error,
801 1352 969 1378 Existimatio
986 1350 1058 1377 salsa.

217 1396 248 1423 sr.
267 1397 309 1422 36.
329 1406 368 1433 pr.
388 1396 409 1429 5.
431 1397 453 1422 l.
474 1395 506 1422 de
527 1405 615 1432 usurp.
641 1396 682 1421 41.
702 1397 726 1421 3.
751 1394 781 1422 fr.
801 1397 824 1422 5.
845 1395 866 1429 5.
889 1397 910 1421 1.
934 1404 982 1432 pro
1002 1404 1058 1420 suo.
1081 1389 1082 1392 ¹

217 1440 259 1465 41.
281 1441 320 1465 10.
358 1438 401 1464 ΙΙΙ.
420 1439 485 1466 Cn.
506 1437 541 1464 Vt
560 1438 620 1475 plus
640 1439 675 1464 sit
693 1439 720 1464 in
739 1448 774 1469 re.
795 1448 871 1475 quam
884 1439 911 1464 in
930 1438 1060 1464 existima-

218 1483 291 1508 tione
310 1482 439 1515 (mentis.)
465 1480 494 1507 fr.
514 1483 537 1508 2.
564 1482 646 1515 §.15.
671 1491 719 1518 pro
740 1486 798 1507 emt.
818 1483 860 1507 41.
880 1482 904 1507 4.
924 1480 956 1507 cs.
976 1480 1059 1506 Vatic.

218 1526 241 1559 5.
260 1526 318 1551 260.
362 1524 462 1561 Opinio
488 1525 562 1550 cuius
586 1529 613 1550 et
636 1525 760 1561 resupina
785 1525 952 1551 existimatio.
977 1522 1007 1549 fr.
1035 1524 1059 1548 4.

220 1568 271 1604 Qu.
296 1568 323 1594 vi
348 1572 392 1593 ant
415 1566 447 1593 cl.
473 1568 512 1593 43.
538 1569 580 1594 24.
618 1566 647 1593 Si
674 1568 742 1603 quis,
761 1566 848 1603 aliqua
867 1566 1061 1593 existimatione

221 1611 357 1648 deceptus.
378 1610 521 1637 crediderit
550 1610 580 1637 fr.
600 1611 641 1636 36.
662 1609 729 1642 5.1.
749 1610 781 1636 (18
801 1620 890 1648 usurp.
903 1611 945 1636 41.
958 1611 981 1635 3.
1001 1608 1062 1635 Flu—

222 1663 280 1680 men
304 1665 316 1679 a
341 1654 397 1679 rivo
418 1653 595 1689 magnitudine
615 1653 817 1679 discernendum
837 1657 890 1684 est,
910 1657 954 1679 aut
973 1653 1062 1679 existi-

222 1697 334 1722 matione
354 1695 605 1722 circumcolentium.
626 1696 655 1723 fr.
671 1698 694 1723 l.
715 1696 774 1730 5.1.
795 1695 828 1722 de
846 1695 944 1722 flumin.
964 1696 1060 1721 4312.

224 1738 352 1765 Vniversa
371 1740 469 1774 integra
490 1740 516 1764 in
535 1738 634 1765 liberos
648 1755 680 1759 —-
694 1739 795 1765 arbitrii
814 1740 855 1765 sui
869 1739 1062 1764 existimatione

224 1781 388 1807 transcribat.
413 1780 461 1807 Th.
488 1780 518 1807 C.
538 1781 608 1808 XVI.
629 1784 652 1809 2.
678 1793 698 1808 c.
718 1783 760 1807 27.
784 1791 824 1818 pr.
845 1781 877 1807 de.
898 1782 978 1818 episc.
998 1780 1061 1806 eccl.
1083 1787 1085 1819 ¹,

225 1840 256 1843 —
276 1824 306 1857 ἓ.
333 1825 368 1850 2.
401 1825 507 1850 Fama.
544 1824 562 1850 l.
587 1826 649 1859 Sy.
674 1825 816 1860 Dignitatis
840 1823 946 1850 illaesae
969 1828 1062 1849 status.
1083 1821 1085 1832 ¹

223 1867 254 1893 11.
266 1869 290 1893 5.
310 1867 368 1900 5.1.
389 1865 421 1891 dc
441 1870 506 1891 extr.
526 1876 599 1902 cogn.
619 1869 660 1892 50.
683 1869 720 1893 13.
758 1866 843 1897 Fama,
864 1866 971 1903 Opinio.
991 1865 1022 1892 fr.
1038 1867 1062 1891 4.

225 1920 262 1946 pr.
283 1910 363 1943 551.
384 1918 422 1944 sq.
443 1907 475 1934 de
495 1918 567 1945 susp.
588 1914 636 1936 tut.
649 1911 690 1935 26.
708 1912 746 1936 lO.
772 1909 821 1936 Th.
835 1909 865 1936 C.
885 1909 915 1936 11.
938 1911 976 1935 10.
997 1919 1018 1935 c.
1038 1910 1062 1935 3.
1084 1908 1086 1923 ⁸

226 1963 246 1979 c.
267 1954 289 1977 5.
312 1951 424 1983 (ch.)
449 1951 481 1977 de
501 1952 598 1988 postul.
624 1952 720 1978 Pudor.
746 1952 776 1979 fr.
796 1956 838 1979 48.
858 1963 897 1990 pr.
917 1952 1002 1978 mand.
1023 1953 1063 1978 17.
1083 1948 1087 1967 ⁴¹

227 1997 249 2022 1.
286 1994 329 2021 111.
344 1995 410 2022 Cn.
430 1993 459 2020 Si
479 1999 560 2020 testes
574 2005 665 2021 omncs
678 1995 794 2022 eiusdem
808 1996 954 2022 honestatis
973 2000 999 2021 et
1013 1996 1065 2021 exi-

226 2038 384 2065 stimationis
404 2038 463 2063 siut.
489 2037 519 2063 [ι’.
539 2039 580 2063 21.
608 2038 629 2071 5.
649 2040 673 2064 3.
694 2038 726 2064 cf.
747 2038 776 2065 ir.
796 2040 820 2065 3.
840 2039 861 2072 5.
882 2041 904 2065 1.
925 2038 957 2065 de
976 2038 1063 2064 testib.

225 2084 266 2108 22.
287 2083 309 2107 5.
330 2080 359 2106 fr.
381 2081 420 2106 17.
441 2080 461 2113 5
481 2082 506 2106 2.
530 2080 563 2107 de
586 2085 688 2107 testam.
714 2086 761 2108 tut.
780 2083 822 2108 26.
842 2084 866 2108 2.
904 2082 979 2117 Quae
998 2081 1064 2107 sacta

227 2124 332 2150 laedunt
344 2124 475 2160 pietatem.
495 2124 722 2153 existimationem.
738 2124 921 2151 verecundiam
940 2130 1064 2151 nostram.

229 2167 258 2192 i‘r.
280 2168 317 2192 15.
337 2166 370 2192 de
389 2165 464 2192 cond.
485 2167 545 2192 inst.
564 2168 606 2192 28.
622 2169 643 2193 7.
682 2167 762 2199 Sciat,
783 2167 815 2194 ad
833 2167 957 2194 invidiam
977 2168 1066 2194 existi-

229 2210 419 2245 mationemque
443 2218 515 2234 suum
538 2210 678 2246 pertinere.
702 2210 732 2237 fr.
758 2212 780 2236 1.
803 2220 842 2247 pr.
867 2210 899 2236 de
918 2211 985 2247 insp.
1005 2220 1066 2236 vcn-

230 2256 276 2276 trc.
295 2252 336 2275 25.
355 2253 379 2277 4.
415 2250 475 2277 Non
499 2251 578 2278 debet
600 2254 687 2289 vagari
712 2263 769 2279 cum
794 2253 944 2279 discrimine
967 2252 1065 2279 alienae
1085 2251 1087 2267 ²

231 2294 437 2319 existimationis.
457 2294 488 2320 fr.
507 2297 529 2321 7.
551 2305 588 2332 pr.
610 2295 642 2321 de
661 2296 737 2322 iniur.
756 2298 797 2322 47.
815 2298 853 2323 10.
891 2296 954 2322 Eius
975 2297 1063 2322 existi·
1085 2299 1087 2329 j

232 2337 379 2366 mationem.
399 2342 474 2372 eaput
494 2342 571 2374 atque
595 2338 715 2365 fortunas
735 2340 873 2376 petiturus.
898 2338 948 2365 Th.
968 2339 998 2365 C.
1020 2338 1062 2364 IX.
1085 2333 1087 2353 ³*

232 2380 255 2404 6.
276 2389 296 2404 r.
316 2380 340 2404 3.
361 2388 393 2404 ne
412 2388 450 2414 pr.
469 2381 539 2406 crim.
559 2382 616 2407 mai.
659 2381 726 2408 Cum
750 2387 837 2408 notata
856 2382 909 2408 fide
933 2387 958 2408 et
977 2382 1065 2408 existi-

233 2422 345 2448 matione
364 2423 504 2453 remove-¹⁸¹1.
523 2439 555 2443 --
574 2424 675 2461 Integra
699 2426 892 2451 existimatione
916 2424 986 2450 abire
1011 2425 1065 2457 (tu-

234 2464 293 2491 tela.
314 2474 337 2490 v.
358 2465 439 2496 cura.)
458 2464 488 2490 fr.
508 2467 531 2491 4.
549 2477 588 2503 pr.
608 2467 638 2494 fr.
658 2470 682 2494 9.
703 2467 735 2494 de
754 2478 826 2505 susp.
847 2473 894 2494 tut.
908 2469 950 2494 26.
966 2469 1005 2493 10.
1036 2466 1065 2493 Si
1087 2497 1088 2501 Ἰ

235 2507 261 2533 id
281 2506 370 2533 illaesa
394 2507 585 2535 existimatione
606 2519 653 2537 sua
676 2511 728 2537 fiat.
753 2511 783 2537 sr.
807 2513 848 2537 25.
869 2510 901 2537 de
919 2520 1023 2548 procur.
1042 2512 1066 2536 3.

235 2553 258 2577 3-
297 2549 390 2580 Minui,
410 2565 441 2568 -
461 2549 601 2583 Consumi‚
625 2554 852 2580 existimationem.
879 2553 909 2580 fr.
934 2555 957 2579 5.
982 2553 1019 2587 55.
1044 2555 1066 2579 1.
1088 2568 1090 2589 3

237 2602 295 2629 sqq.
316 2592 349 2618 (18
368 2596 433 2618 extr.
453 2602 525 2629 cogn.
545 2595 585 2620 50.
612 2596 651 2621 13.
688 2596 792 2623 Nullam
812 2597 1012 2623 existimationis
1032 2597 1069 2622 in·
1088 2595 1090 2609 ¹

237 2635 338 2662 samiam
358 2651 389 2654 ——
409 2636 582 2671 pertimescat.
603 2646 623 2663 c.
645 2639 684 2664 14.
704 2649 736 2665 ex
755 2649 797 2675 qu.
818 2650 838 2665 c.
857 2639 943 2666 insam.
962 2641 986 2665 2.
1008 2640 1048 2665 12.

272 2678 452 2705 Exitium.
506 2680 681 2711 luceriensi,
708 2683 885 2709 Pernicies.
931 2681 974 2708 HI.
1003 2682 1068 2709 Gn.

238 2721 365 2757 Quamvis
384 2731 463 2757 saepe
482 2731 529 2758 per
547 2732 590 2748 eas
610 2722 659 2755 (sc.
679 2723 769 2749 civiles
788 2724 981 2757 dissensiones)
999 2735 1069 2762 resp.
1091 2732 1092 2754 1

239 2763 368 2795 laedatur,
392 2774 444 2789 non
471 2768 555 2790 tamen
579 2766 605 2791 in
631 2766 739 2791 exitium
761 2768 824 2803 reip.
845 2767 1020 2794 contenditur.
1040 2768 1069 2794 t'r.

239 2808 280 2832 21.
300 2808 364 2841 5.1.
385 2807 418 2833 de
438 2808 530 2844 captiv.
550 2809 590 2834 49.
612 2810 650 2834 15.
689 2807 822 2835 Custodes
843 2809 950 2837 furiosis
969 2820 1021 2837 non
1040 2810 1072 2837 ad
1092 2824 1093 2827 ¹

1873 153 1935 183 347

1098 235 1149 262 hoc
1168 234 1253 262 solum
1273 233 1442 262 adhibentur.
1463 244 1495 260 ne
1515 233 1578 270 quid
1596 234 1770 270 perniciosius
1790 234 1841 269 ipsi
1861 234 1886 259 in
1906 244 1934 261 se

1098 278 1252 309 moliantur,
1277 277 1325 303 sed
1350 288 1381 303 ne
1405 277 1463 304 aliis
1488 287 1593 313 quoque
1612 276 1691 303 exitio
1711 277 1771 302 sint.
1792 276 1820 302 l'r.
1843 278 1882 303 14.
1903 277 1935 303 de

1097 321 1140 347 off.
1162 320 1249 347 Praes.
1271 322 1292 346 l.
1315 321 1353 346 18.
1392 320 1505 357 Capitali
1525 330 1617 356 poena,
1636 318 1679 345 vel
1693 320 1832 354 exquisitis
1845 320 1935 356 potius

1098 365 1184 390 exitiis
1209 363 1401 400 suppliciisque
1426 363 1564 400 plectatur.
1593 362 1642 389 Th.
1663 361 1693 388 C.
1713 361 1732 387 1.
1754 363 1791 387 10.
1818 372 1838 388 c.
1860 363 1882 388 1.
1902 362 1935 388 de

1098 407 1141 433 off.
1162 407 1214 433 iud.
1234 416 1302 433 omn.
1322 405 1354 432 cl'.
1374 405 1442 432 VIII.
1462 408 1485 432 5.
1506 416 1526 431 c.
1547 407 1578 431 47
1607 415 1646 442 pr.
1667 404 1699 431 de
1719 414 1797 430 cursu
1816 405 1878 441 pub.

1132 450 1278 476 Exstus.
1316 449 1347 482 §-
1369 449 1404 475 l.
1424 450 1595 483 Egressus.
1632 447 1674 474 111.
1690 448 1755 475 Gn.
1786 446 1850 473 Viae
1870 448 1935 475 mili-

1098 497 1167 519 tares
1193 493 1291 519 exitum
1311 491 1342 518 ad
1361 501 1444 522 mare,
1469 495 1512 517 aut
1536 492 1562 516 in
1587 490 1665 517 urbes
1685 506 1717 510 —-
1736 490 1839 517 habent.
1860 490 1890 517 fr.
1909 493 1934 517 3.

1074 557 1076 564 ,
1098 536 1162 569 5.1.
1184 534 1216 561 de
1235 535 1285 561 loc.
1310 539 1335 561 et
1358 535 1414 560 itin.
1434 534 1494 570 pub.
1520 535 1562 559 43.
1583 535 1605 559 7.
1643 533 1671 559 Si
1692 534 1750 569 quis
1771 533 1835 559 velit
1856 533 1936 560 talem

1099 578 1213 605 cloacam
1238 577 1335 609 facere,
1364 582 1393 603 ut
1421 578 1517 603 exitum
1546 576 1639 602 habeat
1663 577 1688 601 iu
1711 575 1843 612 publicam
1867 576 1936 603 cloa-

1099 632 1161 648 cam.
1182 621 1212 648 I'r.
1234 623 1257 647 1.
1285 621 1306 654 5.
1327 622 1350 647 9.
1371 620 1403 646 de
1423 619 1502 646 cloac.
1522 620 1563 645 43.
1588 620 1630 644 23.
1652 634 1685 637 —
1707 619 1737 651 ξ.
1761 621 1796 646 2.
1833 621 1935 646 Even-

1098 670 1163 696 tus,
1185 666 1288 690 Finis.
1308 663 1326 690 1.
1339 665 1400 697 Sy.
1421 662 1536 689 Factum.
1556 661 1585 688 fr.
1606 663 1629 687 7.
1649 661 1679 687 fr.
1701 663 1739 687 14.
1759 661 1792 688 ad
1810 661 1839 688 L.
1855 662 1936 689 Corn.

1099 706 1131 733 de
1150 707 1225 732 sicar.
1244 707 1285 732 48.
1305 708 1328 732 8.
1366 706 1397 733 11.
1424 708 1491 739 011.
1511 704 1668 735 Consilium.
1687 703 1825 730 Voluntas.
1845 704 1874 731 fr.
1897 706 1937 731 14.

1099 749 1115 776 l.
1137 751 1177 776 48.
1197 751 1221 775 8.
1246 749 1275 776 i'r.
1295 751 1319 776 3.
1344 750 1408 784 5.1.
1433 748 1465 775 de
1488 748 1544 774 iure
1569 748 1635 774 fisci.
1660 748 1700 773 49.
1727 748 1766 773 14.
1802 746 1844 773 ΙΙΙ.
1872 749 1937 775 Gn.

1100 792 1175 818 Ordo
1196 797 1221 818 et
1240 793 1326 819 exitus
1346 791 1581 825 (interdictorum.)
1601 790 1657 817 Gai.
1672 789 1715 816 IV.
1733 791 1788 816 161.
1821 790 1888 816 Cum
1901 791 1939 816 in-

1100 834 1242 871 telligeret,
1267 834 1423 861 iudiciorum
1448 835 1545 860 exitum
1571 833 1702 860 interdum
1726 832 1857 859 duriorem
1881 834 1939 865 (no-

1100 878 1159 910 bis)
1184 878 1317 904 constitui.
1342 876 1372 903 fr.
1398 878 1418 903 1.
1443 887 1483 913 pr.
1509 876 1541 903 de
1566 876 1645 902 alien.
1670 875 1723 902 iud.
1748 880 1810 901 mut.
1831 886 1851 901 c.
1871 877 1894 901 4.
1915 877 1938 901 7.

1102 921 1216 957 Quaero,
1239 921 1298 957 quis
1319 921 1404 949 exitus
1424 920 1585 955 quaestionis
1606 919 1656 945 sit?
1680 919 1710 945 fr.
1735 920 1775 945 14.
1800 928 1838 956 pr.
1859 917 1891 944 de
1909 918 1939 944 L.

1102 964 1183 990 Corn.
1207 963 1239 989 de
1264 962 1321 989 fals.
1347 964 1388 987 43.
1414 963 1452 987 10.
1490 962 1608 989 Incertus
1633 962 1719 988 exitus
1744 961 1898 994 (fortunae.)
1918 971 1939 988 c.

1078 1021 1080 1032 r
1101 1008 1142 1033 34.
1168 1007 1189 1040 5.
1214 1008 1238 1032 4.
1265 1005 1298 1032 (18
1321 1004 1409 1031 donat.
1432 1005 1455 1030 S.
1481 1006 1523 1031 54.
1561 1005 1628 1040 Quia
1653 1015 1695 1031 res
1721 1004 1774 1031 fere
1794 1005 1850 1030 sine
1869 1005 1940 1031 exitu

1103 1050 1187 1076 futura
1213 1054 1266 1080 est..
1290 1052 1400 1085 propter
1423 1052 1472 1074 ete.
1497 1048 1526 1074 fr.
1549 1050 1588 1074 17.
1613 1048 1633 1081 5.
1653 1049 1676 1074 6.
1702 1047 1734 1073 (18
1753 1058 1803 1074 rec.
1824 1058 1866 1084 qu.
1886 1047 1940 1074 arb.

1079 1099 1080 1105 ¹
1102 1095 1126 1119 4.
1146 1096 1170 1119 ὅ.
1190 1092 1221 1119 fr.
1243 1094 1281 1118 15.
1302 1092 1384 1125 5.12.
1405 1090 1438 1117 (le
1457 1090 1541 1116 damn.
1562 1090 1606 1116 inf.
1620 1092 1661 1116 39.
1674 1092 1698 1116 2.
1736 1089 1803 1116 Cum
1822 1090 1941 1127 periculo

1102 1146 1144 1163 res
1164 1135 1197 1162 ad
1221 1136 1319 1162 exitum
1342 1133 1502 1171 perducitur.
1528 1132 1584 1159 Gai.
1609 1132 1652 1159 IV.
1678 1134 1735 1159 165.
1772 1132 1881 1159 Publice
1899 1143 1942 1159 ex-

1103 1179 1184 1217 pedit,
1204 1188 1325 1216 suprema
1352 1177 1486 1203 hominum
1509 1175 1605 1202 iudicia
1628 1177 1725 1202 exitum
1745 1176 1848 1202 habere.
1868 1176 1897 1202 fr.
1917 1178 1940 1202 5.

1103 1227 1204 1249 testam.
1225 1220 1370 1258 quemadm.
1395 1229 1464 1256 aper.
1488 1220 1529 1245 29.
1553 1220 1577 1245 3.
1615 1218 1694 1245 Redit
1713 1228 1755 1245 res
1775 1218 1808 1245 ad
1826 1219 1943 1245 intestati

1104 1267 1210 1292 exitum.
1231 1265 1261 1291 I'r.
1281 1266 1322 1290 20.
1342 1273 1381 1300 pr.
1402 1262 1434 1289 de
1453 1262 1483 1288 B.
1503 1261 1531 1288 P.
1552 1272 1573 1288 c.
1593 1267 1610 1288 t.
1629 1263 1672 1288 37.
1692 1262 1715 1287 4.
1736 1278 1768 1281 —
1788 1262 1818 1294 ξ.
1839 1263 1876 1288 3.
1896 1263 1942 1288 In-

1103 1311 1241 1340 teritus,
1263 1308 1385 1334 Obitus.
1423 1305 1440 1332 I.
1462 1306 1524 1339 Sy.
1561 1305 1702 1331 Excessus.
1728 1303 1768 1331 Cf.
1789 1304 1814 1330 h.
1834 1314 1857 1330 v.
1877 1304 1899 1338 5.
1920 1306 1943 1330 l.

1081 1375 1082 1386 ,
1103 1351 1146 1378 ΙΙΙ.
1169 1352 1235 1379 011.
1256 1350 1322 1385 Qui,
1346 1348 1418 1386 quod
1442 1348 1474 1375 ad
1493 1348 1561 1374 bona
1581 1349 1699 1385 ipsorum
1718 1348 1846 1384 pertinet,
1866 1347 1944 1374 furio-

1104 1404 1161 1422 sum
1180 1394 1279 1420 faciunt
1298 1393 1402 1419 exitum.
1428 1391 1458 1418 fr.
1480 1393 1519 1417 12.
1546 1391 1568 1424 5.
1587 1393 1611 1417 2.
1637 1390 1669 1417 de
1693 1395 1740 1417 tut.
1765 1395 1791 1417 et
1815 1400 1867 1417 cur.
1893 1390 1943 1417 dat.

1081 1455 1082 1460 .
1104 1439 1145 1464 26.
1165 1439 1188 1463 5.
1226 1436 1317 1472 Vsque
1337 1435 1368 1461 ad
1387 1435 1456 1460 vitae
1475 1444 1626 1471 supremum
1646 1434 1751 1460 exitum.
1772 1433 1802 1460 fr.
1821 1435 1864 1460 32.
1884 1434 1905 1468 5.
1919 1435 1943 1460 3.

1105 1480 1137 1507 de
1156 1480 1217 1506 don.
1237 1480 1283 1505 int.
1306 1478 1335 1505 V.
1355 1479 1396 1504 24.
1418 1479 1440 1504 l.
1460 1476 1489 1503 fr.
1510 1479 1533 1503 4.
1554 1476 1587 1503 de
1606 1476 1681 1503 adim.
1702 1476 1777 1512 legat.
1797 1478 1839 1502 34.
1857 1478 1881 1503 4.

1139 1525 1316 1553 Exulem-e,
1340 1532 1360 1547 s.
1380 1522 1621 1547 Exoleseere.
1654 1520 1826 1555 Deficere,
1847 1521 1945 1546 Inter-

1105 1569 1159 1594 ire.
1196 1565 1226 1592 11.
1254 1567 1322 1599 Op.
1359 1564 1387 1590 Si
1414 1563 1552 1599 largiretur
1577 1572 1667 1588 annus.
1691 1576 1725 1581 --
1749 1561 1777 1588 Si
1801 1572 1867 1588 anno
1887 1561 1945 1588 utili

1108 1609 1254 1637 exoleverit
1273 1608 1401 1639 (iniuria.)
1420 1606 1449 1632 l'r.
1473 1607 1511 1631 14.
1532 1606 1553 1639 5.
1572 1607 1596 1631 2.
1618 1605 1669 1640 Qu.
1689 1610 1749 1630 met.
1769 1615 1790 1631 c.
1811 1607 1835 1631 4.
1854 1606 1878 1630 2.
1903 1604 1944 1631 111.

1108 1654 1174 1681 Gn.
1193 1653 1300 1679 Exactis
1321 1650 1416 1677 deinde
1436 1649 1540 1685 regibus
1560 1648 1617 1684 lege
1636 1647 1783 1678 tribunicia.
1802 1657 1893 1674 omnes
1911 1647 1945 1674 le—

1105 1706 1151 1732 ges
1172 1695 1219 1721 hae
1240 1693 1419 1720 exoleverunt.
1440 1692 1470 1718 [r.
1489 1694 1513 1717 2.
1533 1691 1554 1724 5.
1574 1692 1598 1717 3.
1619 1690 1651 1717 de
1671 1690 1704 1716 O.
1725 1690 1743 1716 I.
1764 1692 1786 1716 1.
1805 1692 1829 1717 2.

1140 1740 1381 1764 Exonerare.
1419 1736 1450 1768 ς’.
1466 1735 1499 1760 1.
1520 1735 1709 1767 Eat-portare
1727 1743 1812 1760 onus.
1833 1733 1863 1760 Π.
1878 1735 1946 1767 op.

1107 1780 1227 1807 Oncrare.
1246 1780 1371 1811 (navem.)
1392 1777 1421 1804 sr.
1443 1779 1465 1802 1.
1485 1786 1524 1813 pr.
1545 1780 1573 1802 ut
1592 1777 1618 1802 in
1638 1775 1707 1802 ssum.
1728 1775 1790 1812 pub.
1808 1777 1945 1802 4314.-

1107 1824 1138 1856 §0
1163 1824 1198 1848 2.
1220 1824 1360 1853 Levare,
1380 1822 1543 1847 Liberat-e.
1580 1818 1598 1844 1.
1613 1820 1674 1853 Sy.
1693 1818 1852 1850 Extenuare,
1871 1818 1946 1845 Rele-

1107 1876 1175 1892 vare.
1197 1876 1217 1891 c.
1237 1866 1261 1891 3.
1282 1863 1314 1890 de
1334 1874 1424 1890 comm.
1445 1864 1468 1890 4.
1489 1865 1530 1888 23.
1557 1872 1577 1888 c.
1597 1863 1620 1887 2.
1641 1871 1680 1897 sq.
1706 1861 1738 1888 de
1764 1862 1833 1898 pign.
1855 1866 1902 1887 act.
1922 1863 1945 1888 4.

1107 1911 1148 1935 24.
1186 1908 1230 1934 III.
1249 1909 1315 1935 Gn.
1334 1906 1376 1938 Id,
1401 1905 1473 1942 quod
1499 1904 1565 1931 ult-er
1584 1914 1674 1930 eorum
1692 1903 1811 1936 solverit,
1830 1903 1896 1930 nihil
1915 1904 1947 1931 ad

1108 1950 1303 1978 exonerandum
1322 1949 1432 1976 alterum
1456 1947 1606 1986 pertinebit.
1632 1947 1662 1974 fr.
1682 1949 1722 1973 21.
1744 1946 1775 1974 cf.
1796 1946 1826 1973 fr.
1845 1949 1886 1974 29.
1906 1957 1946 1984 pr.

1109 1995 1141 2021 de
1161 1992 1264 2020 liberali
1283 2003 1304 2018 c.
1323 1994 1364 2018 40.
1387 1994 1425 2018 12.
1464 1991 1493 2018 Si
1512 2000 1650 2017 onerosam
1663 1990 1822 2017 crediderint
1842 1990 1890 2023 (sc.
1905 1990 1947 2016 he-

1109 2037 1268 2069 reditatem.)
1294 2036 1414 2062 restituta
1439 2044 1467 2060 ea
1487 2038 1663 2061 exonerentur
1681 2033 1828 2059 actionibus
1847 2032 1947 2059 heredi-

1108 2082 1190 2107 tariis.
1216 2080 1245 2106 l'r.
1271 2080 1311 2104 71.
1337 2078 1368 2104 cf.
1392 2076 1422 2104 sr.
1450 2078 1489 2103 16.
1514 2078 1535 2111 5.
1559 2079 1583 2103 4.
1608 2077 1640 2103 ad
1665 2076 1691 2102 S.
1712 2076 1742 2102 C.
1764 2075 1842 2102 Treb.
1861 2077 1903 2102 36.
1924 2077 1946 2101 l.

1086 2154 1087 2159 ¹
1109 2124 1139 2151 fr.
1159 2126 1200 2149 50.
1220 2123 1242 2156 5.
1261 2124 1285 2148 2.
1305 2121 1338 2148 de
1357 2121 1432 2157 legat.
1453 2120 1470 2146 1.
1492 2120 1572 2153 (30.)
1610 2120 1664 2155 Qui
1683 2119 1716 2145 ob
1735 2129 1847 2156 poenam
1866 2118 1947 2145 credi-

1109 2173 1195 2193 torum
1215 2166 1317 2192 actione
1335 2164 1495 2194 liberantur.
1519 2173 1571 2188 non
1595 2163 1717 2198 quoniam
1739 2172 1882 2188 exonerare
1902 2171 1946 2187 eos

1086 2203 1087 2212 ¹
1109 2210 1152 2237 lex
1170 2209 1263 2236 voluit.
1288 2208 1318 2234 fr.
1338 2209 1361 2234 9.
1387 2207 1409 2240 5.
1429 2208 1452 2232 4.
1478 2205 1510 2232 ad
1529 2205 1556 2231 S.
1577 2204 1608 2231 C.
1628 2204 1727 2231 Maced.
1753 2206 1792 2231 14.
1812 2206 1835 2230 6.
1873 2203 1946 2230 Prae-

1108 2257 1216 2290 postere
1234 2253 1307 2278 visus
1328 2255 1368 2277 est
1386 2254 1478 2287 petere
1492 2249 1629 2275 exonerari
1642 2249 1729 2285 priore
1742 2257 1857 2277 munere,
1871 2247 1946 2273 utris-

1109 2306 1160 2333 que
1181 2297 1231 2322 iam
1250 2293 1401 2331 implicitus.
1422 2292 1452 2318 fr.
1473 2293 1494 2317 1.
1515 2292 1579 2325 5.1.
1600 2291 1633 2317 de
1652 2301 1712 2328 opp.
1732 2290 1794 2328 pub.
1814 2292 1855 2315 50.
1875 2290 1905 2315 9»

1142 2336 1387 2365 Exonerafio.
1402 2337 1586 2366 Relevatio,
1606 2330 1946 2365 Liberatio.1.Sy.Re-

1109 2382 1200 2408 missio
1220 2380 1377 2417 (pensioni5‚
1398 2388 1418 2404 S.
1432 2377 1582 2410 mercedis.)
1601 2377 1632 2404 fr.
1645 2379 1684 2403 15.
1699 2377 1719 2410 5
1734 2378 1755 2402 7.
1769 2375 1843 2401 locat.
1860 2375 1898 2400 19.
1909 2376 1933 2400 2.

1144 2426 1329 2451 Exorare.
1365 2421 1396 2454 ἕ.
1412 2422 1447 2447 1.
1467 2422 1572 2447 Enixe
1591 2430 1699 2450 orare,
1720 2419 1899 2444 obsecrare.
1927 2416 1937 2443 1

1114 2469 1174 2502 Sy.
1198 2466 1262 2492 Vota
1283 2465 1373 2491 facere.
1398 2463 1444 2490 Iul.
1469 2474 1509 2501 ep.
1534 2473 1593 2490 nov.
1620 2474 1641 2489 c.
1661 2463 1701 2488 61.
1727 2461 1748 2493 5.
1767 2461 1825 2485 205.
1846 2469 1867 2485 c.
1888 2461 1945 2486 119.

1111 2511 1133 2544 5.
1152 2511 1211 2536 512.
1249 2508 1291 2534 IH.
1312 2508 1378 2535 Gn·
1402 2506 1459 2533 Hoc
1479 2507 1555 2533 etiam
1574 2506 1743 2543 deprecantes
1762 2511 1900 2528 exoramus
1918 2502 1945 2529 S.

1112 2569 1143 2572 —
1163 2552 1258 2578 Mariae
1276 2550 1408 2587 precibus
1434 2560 1455 2576 c.
1476 2552 1498 2576 1.
1523 2560 1561 2587 pr.
1586 2549 1617 2574 (18
1641 2547 1683 2573 off.
1709 2544 1760 2572 Prf.
1785 2544 1827 2571 Pr.
1847 2545 1901 2572 Afr.
1923 2547 1944 2572 1,

1111 2597 1153 2621 27.
1173 2610 1205 2614 —
1226 2595 1256 2627 ξ.
1276 2595 1310 2620 2.
1333 2594 1461 2620 Orando
1487 2594 1641 2620 obtinere,
1667 2600 1685 2615 s·
1705 2590 1893 2622 impetrare.
1927 2588 1944 2614 Ι.

1113 2640 1174 2672 Sy.
1194 2637 1361 2667 promerere,
1386 2635 1493 2662 Mei-ere.
1517 2634 1565 2660 Th.
1586 2632 1616 2658 C.
1636 2631 1680 2658 XI.
1704 2633 1745 2657 20.
1771 2641 1792 2657 c.
1811 2633 1834 2657 5.
1854 2641 1893 2668 pr.
1914 2631 1946 2657 de

1113 2680 1200 2707 collat.
1221 2680 1308 2706 donat.
1344 2678 1387 2705 III.
1414 2679 1478 2705 Cn.
1504 2676 1532 2702 Si
1555 2680 1630 2712 pater
1652 2675 1771 2700 iniuriam
1789 2683 1869 2702 suam.
1889 2684 1945 2711 pre-

1115 2724 1189 2751 cibus
1209 2727 1341 2753 exoratus,
1360 2720 1496 2748 remiserit.
1520 2717 1550 2744 fr.
1570 2720 1594 2743 5.
1619 2718 1640 2751 5.
1659 2719 1683 2743 2.
1703 2716 1735 2743 ad
1753 2716 1782 2743 L.
1802 2716 1850 2744 Iul.
1869 2716 1901 2743 de
1920 2717 1945 2741 vi

1092 2791 1093 2795 ,
1114 2766 1176 2804 pub.
1196 2767 1237 2792 48.
1257 2767 1280 2792 6.
1318 2764 1431 2791 Puerum
1455 2762 1528 2790 emit.
1548 2777 1580 2780 —
1599 2765 1692 2797 postea
1715 2765 1851 2787 exoratus.
1875 2769 1945 2785 aece-

1115 2815 1161 2847 pto
1181 2809 1212 2835 ab
1231 2818 1262 2835 eo
1276 2808 1369 2844 pretio.
1390 2814 1447 2832 eum
1466 2804 1622 2830 manumisit.
1642 2803 1671 2831 sr.
1685 2805 1709 2830 3.
1730 2803 1762 2829 de
1781 2803 1889 2837 obsequ.
1902 2811 1943 2837 pa-

1450 2848 1482 2872 44
1493 2848 1506 2857 *
