2197 3121
954 154 1034 186 SAT
1050 173 1088 179 —
1102 155 1193 187 SCA.

206 239 276 266 dare.
296 238 337 265 Cf.
357 238 381 265 h.
401 249 425 265 v.
445 239 466 272 §.
485 239 509 264 2.
541 237 570 264 Si
590 236 734 263 creditores
753 237 898 274 pecuniam,
917 242 961 263 aut
980 238 1044 263 satis
1065 238 1068 274 ᾗ

206 282 379 319 accepissent,
397 281 482 308 aliove
501 290 553 317 quo
573 279 651 306 modo
671 279 721 305 sibi
737 281 876 306 cavissent.
913 279 1044 311 Solutum,

206 324 416 351 creditoribusve
435 323 604 350 satisfactum.
625 322 655 348 fr.
675 324 716 348 39.
736 323 757 356 §.
774 325 794 349 1.
815 322 848 349 de
866 322 982 348 statulib.
1003 324 1044 348 40.

206 368 230 393 7.
250 367 271 401 ξ.
291 369 331 393 41.
352 367 370 393 I.
391 366 423 393 de
442 366 472 393 R.
492 366 527 393 D.
545 368 568 392 2.
591 367 612 391 1.
650 364 692 391 111.
708 366 773 392 Cn.
797 364 922 393 Solvere.
947 365 989 391 vel
1013 374 1044 391 eo

206 411 311 436 nomine
329 409 488 436 satisfacere.
508 409 538 436 fr.
557 410 599 435 39.
619 408 640 442 §
663 409 684 434 l.
705 408 735 434 fr.
752 409 793 434 40.
813 408 834 441 §.
848 409 872 434 8.
892 407 908 433 l.
929 407 944 433 l.
965 409 1006 434 40.
1021 409 1044 433 7.

206 452 238 479 cf.
258 452 288 479 fr.
308 454 349 479 40.
369 452 402 479 de
420 452 450 478 R.
472 452 501 478 C.
524 453 563 477 12.
585 453 606 477 1.
628 450 656 477 fr.
678 452 717 477 19.
737 450 770 476 de
789 455 871 477 contr.
892 455 950 476 emt.
968 451 1006 476 18.
1023 452 1044 476 1.

205 494 237 522 fr.
258 497 298 521 ll.
317 496 339 529 ξ.
358 497 382 521 2.
403 494 435 522 de
455 494 487 521 de
506 494 537 520 A.
557 494 586 520 E.
607 493 638 520 V.
660 495 698 520 19.
721 495 741 520 l.
765 493 795 519 fr.
815 495 838 519 6.
863 493 884 526 ξ.
907 495 927 518 1.
953 492 982 519 fr.
1005 494 1044 518 14.
1066 492 1068 501 ¹

206 537 258 574 Qu.
277 537 346 564 mod.
366 538 435 574 pign.
454 539 496 563 20.
516 538 539 563 6.
561 537 590 563 fr.
610 538 651 563 41.
671 537 692 570 ξ.
708 538 730 562 l.
750 535 782 562 de
801 545 866 561 man.
888 539 988 561 testam.
1003 536 1044 561 40.

205 581 229 606 4.
248 579 278 607 L.
299 579 367 607 Gall.
388 579 508 616 Cis-Alp.
528 579 557 606 11.
577 582 601 606 5.
622 589 661 616 sq.
699 578 819 605 Reddere
838 577 960 610 (dotem.)
980 588 1044 604 eove

205 616 310 649 nomine
328 622 487 649 satisfacere.
512 622 542 649 fr.
562 624 603 649 41.
623 622 644 656 ξ.
665 623 688 648 7.
708 621 740 647 de
760 620 834 656 legat.
854 620 896 646 111.
916 621 992 653 (32.)
1013 620 1043 647 cf.

205 664 235 691 fr.
255 666 279 691 8.
299 675 337 702 pr.
358 675 408 692 rer.
428 670 535 692 amotar.
554 667 595 691 25.
614 667 638 691 2.
675 664 744 690 Aere
761 662 858 694 solute.
878 663 920 690 vel
940 663 1045 690 fideius-

204 717 265 734 sore
284 707 360 739 dato,
379 707 422 735 vel
441 707 505 734 alias
525 707 668 735 satisfacto.
696 706 725 732 fr.
745 708 769 732 5.
793 707 814 740 ᾗ.
837 708 877 733 18.
901 706 933 732 de.
952 707 1044 733 tribut.

204 755 253 777 aet.
274 752 314 777 14.
334 753 358 777 4.
379 750 410 777 cf.
436 751 466 778 fr.
486 752 509 777 9.
534 751 556 785 §.
575 752 599 776 3.
624 750 653 776 fr.
675 751 714 775 10.
739 748 771 775 dc
795 749 864 786 pign.
888 754 936 776 act.
960 751 999 776 13.
1021 751 1043 775 7.

205 792 234 819 fr.
254 794 296 820 53.
316 792 349 819 de
369 798 452 820 contr.
473 798 532 820 emt.
555 794 594 819 18.
615 794 637 819 l.

237 844 470 871 satisfactio.
507 845 538 878 ξ.
556 845 590 870 l.
610 843 806 870 Resarcitio.
842 841 884 867 Ill.
905 842 970 869 Cn.
992 841 1044 876 Qui

203 887 305 923 accepit
330 886 552 917 satisfactionem,
580 886 699 912 iniuriam
723 894 795 911 suam
820 884 927 910 remisit.
953 883 982 909 fr.
1005 885 1043 909 17.

203 929 225 962 §.
244 930 268 955 6.
289 929 320 956 cf.
341 930 363 963 ξ.
383 931 406 955 4.
427 929 459 956 de
478 931 553 956 iniur.
573 930 614 954 47.
636 930 674 954 10.
697 944 725 947 -
748 927 778 959 ξ.
795 928 830 953 ².
851 928 1044 953 Praesentia

202 974 251 998 rei
279 974 414 999 debitae.
452 972 471 999 I.
493 973 554 1006 Sy.
582 970 695 997 Solutio.
726 969 776 996 Th.
797 969 827 996 C.
847 969 891 995 XI.
912 971 934 995 1.
960 980 983 995 c.
1005 970 1044 994 16.
1066 999 1067 1006 ἵ

203 1024 224 1040 c.
242 1015 280 1040 18.
301 1014 333 1041 de
352 1025 410 1041 ann.
431 1019 456 1041 et
470 1015 558 1041 tribut.
579 1014 619 1040 Cf.
637 1014 666 1040 sr.
681 1015 703 1039 5.
725 1013 761 1046 §§.
778 1014 815 1038 16.
831 1022 869 1048 sq.
891 1013 958 1038 utin
973 1022 1044 1049 poss.
1066 1008 1067 1050 ]

203 1056 280 1093 legat.
300 1058 342 1083 36.
362 1059 386 1083 4.
408 1072 438 1076 —
459 1057 489 1090 ξ.
505 1058 541 1083 3.
565 1059 654 1090 Quod
673 1058 738 1082 vice
756 1057 933 1082 solutionis
950 1065 1044 1089 prae·
1066 1054 1067 1077 l

202 1106 325 1131 statur,
345 1099 389 1133 (ad
409 1109 529 1125 securum
549 1099 696 1126 faciendum
716 1098 894 1130 creditorem.)
931 1097 961 1124 11.
977 1099 1044 1131 011.
1066 1131 1067 1136 1

202 1141 315 1169 Solutio.
343 1142 371 1168 fr.
391 1144 432 1168 21.
452 1143 474 1176 §.
495 1145 518 1169 2.
539 1141 571 1168 de
591 1146 674 1168 const.
694 1151 751 1178 pec.
774 1142 811 1167 13.
831 1143 854 1166 5.
880 1140 909 1167 fr.
930 1141 953 1167 6.
978 1141 1000 1174 ξ.
1021 1142 1043 1166 1.
1066 1156 1067 1171 ;

202 1184 255 1220 Qu.
279 1184 347 1211 mod.
372 1185 443 1221 pign.
462 1186 503 1210 20.
524 1186 548 1210 6.
585 1184 625 1211 111.
643 1186 708 1212 Gn.
733 1183 883 1210 satisfactio
909 1193 955 1220 pro
976 1183 1045 1209 solu-

201 1229 273 1254 tione
292 1232 340 1253 est.
360 1227 389 1253 fr.
410 1229 451 1253 52.
471 1227 503 1254 de
523 1227 601 1253 solut.
622 1228 661 1253 46.
681 1228 704 1253 3.
725 1226 755 1253 fr.
777 1228 833 1253 176.
854 1226 886 1253 de
904 1225 936 1253 V.
955 1226 982 1253 S.
1003 1228 1043 1254 50.

201 1271 241 1296 16.
270 1269 362 1297 Fidem
381 1269 477 1296 habere
497 1271 598 1303 emtori,
618 1271 675 1296 sine
688 1269 740 1297 ulla
755 1269 940 1296 satisfactione.
961 1269 990 1295 fr.
1003 1271 1042 1296 19.

200 1312 233 1339 de
252 1317 335 1339 contr.
356 1317 416 1339 emt.
438 1313 477 1339 18.
499 1314 521 1339 l.

235 1355 531 1383 Satis-obferre.
573 1358 832 1382 Satisdationem
852 1357 986 1391 obferre.
1024 1355 1043 1382 1.

200 1399 263 1433 sy.
283 1398 395 1430 cavere,
415 1397 620 1425 satisdationem
641 1398 752 1425 obferre.
773 1399 802 1426 fr.
823 1400 863 1425 21.
884 1399 920 1432 §§.
938 1400 959 1425 l.
972 1401 996 1424 5.
1011 1398 1043 1425 de

200 1440 234 1467 Ο.
256 1440 288 1467 N.
307 1440 339 1467 N.
359 1443 400 1468 39.
422 1443 444 1467 1.
468 1440 498 1467 fr.
517 1443 542 1467 2.
569 1442 589 1475 §.
612 1443 634 1468 l.
660 1442 711 1477 Qu.
732 1441 839 1477 legator.
859 1443 900 1468 43.
919 1443 944 1468 3.
969 1442 998 1468 fr.
1019 1444 1041 1468 7.

200 1493 255 1510 rem
274 1493 336 1521 pup.
357 1483 421 1510 salv.
442 1486 483 1511 46.
503 1485 526 1510 6.
563 1484 605 1511 Ill.
625 1485 690 1512 Cn.
710 1485 763 1520 Qui
783 1485 846 1510 satis
866 1484 981 1516 dederit.
1001 1485 1042 1511 vel

199 1536 269 1553 nunc
297 1525 406 1553 obserat.
436 1526 466 1553 fr.
486 1529 510 1553 5.
536 1526 568 1553 de
593 1537 664 1564 susp.
689 1532 736 1554 tut..
759 1528 800 1553 26.
822 1529 860 1554 10.
898 1527 992 1560 Adire,
1018 1533 1043 1554 et

199 1569 319 1596 satisobf.
339 1569 368 1596 fr.
390 1571 412 1596 1.
437 1570 458 1604 §.
479 1571 502 1595 4.
523 1569 555 1596 de
574 1571 670 1606 requir.
691 1571 751 1596 reis.
772 1571 812 1596 48.
834 1572 873 1597 17.
911 1570 940 1597 Si
964 1571 1042 1597 modo

200 1613 263 1638 satis
283 1612 394 1643 obferat,
414 1617 439 1638 et
458 1612 600 1639 defendere
619 1618 725 1650 paratus
746 1618 793 1639 est.
815 1613 844 1639 sr.
864 1615 888 1639 3.
908 1614 930 1647 ξ.
945 1616 969 1640 5.
990 1614 1042 1650 Qu.

198 1655 226 1681 vi
245 1659 289 1681 aut
309 1654 340 1681 cl.
360 1657 401 1681 43.
421 1656 462 1681 24.

235 1698 505 1731 Satis-petere.
542 1701 729 1726 Provocare
748 1701 788 1725 ad
805 1701 1041 1726 satisdandum.

202 1739 221 1766 1.
236 1741 298 1774 sy.
318 1740 477 1767 Desiderato
497 1742 589 1768 caveri.
620 1741 871 1768 Satis-desiderare.
893 1742 922 1768 fr.
944 1744 965 1768 l.
985 1743 1006 1776 ᾗ.
1021 1744 1041 1768 l.

199 1782 230 1808 fr.
249 1784 274 1808 3.
293 1793 332 1820 pr.
357 1783 393 1817 §§.
414 1793 471 1820 sqq.
497 1788 524 1810 ut
548 1785 573 1809 in
597 1794 670 1820 poss.
695 1784 770 1820 legat.
790 1785 831 1811 36.
852 1787 875 1811 4.
914 1784 955 1811 111.
977 1787 1042 1812 Cn.

199 1824 228 1851 Si
249 1835 301 1851 non
320 1825 552 1852 fideicommissum
572 1831 676 1863 petatur
695 1837 725 1852 eo
751 1826 815 1857 Ioci,
840 1827 886 1854 sed
910 1828 1043 1854 fideicom-

198 1869 280 1894 misso
305 1868 354 1901 [al.
379 1867 411 1894 de
434 1868 652 1901 fideicommisso,
678 1879 703 1895 v.
728 1869 942 1904 fideicommissi]
968 1872 1040 1897 satis.

199 1910 230 1936 fr.
250 1912 290 1936 52.
311 1910 333 1944 ᾗ.
354 1912 377 1937 4.
398 1911 430 1937 de.
449 1910 526 1937 iudic.
547 1913 570 1937 5.
592 1913 613 1937 1.
634 1912 663 1938 fr.
686 1914 707 1938 1.
728 1913 749 1946 §.
772 1915 809 1939 11.
831 1912 860 1939 fr.
875 1915 897 1940 7.
918 1918 946 1940 ut
965 1913 1040 1950 legat.

199 1962 267 1979 serv.
288 1963 310 1979 c.
324 1955 402 1980 46.3.
433 1953 460 1980 Si
481 1956 567 1991 potuit
586 1959 612 1981 et
631 1954 721 1981 debuit
739 1961 891 1993 suspectum
905 1956 1040 1983 facere.—

198 1995 228 2022 Si
248 1995 339 2022 debuit
358 1997 422 2022 satis
442 2002 539 2034 petere.
561 1996 589 2023 fr.
606 1999 644 2023 14.
666 1998 698 2024 de
717 1998 782 2024 adm.
803 2004 828 2025 et
847 2009 900 2035 per.
921 2000 962 2025 26.
983 2001 1006 2025 7.

232 2051 566 2083 Satis-postulare.
591 2051 671 2078 Idem.
708 2052 729 2078 Ι.
752 2054 814 2087 Sy.
835 2053 1040 2080 Satisdationem

199 2095 310 2130 exigere.
331 2093 360 2120 fr.
374 2095 415 2119 21.
436 2099 482 2123 rat.
503 2104 556 2120 rem
576 2094 634 2121 hab.
655 2096 696 2121 46.
719 2096 743 2121 S.

233 2144 559 2177 Satis-praestare.
583 2147 1039 2181 Satisdaeionempraestare.

199 2185 218 2212 1.
238 2187 299 2220 sy.
318 2186 460 2213 satisdare.
481 2186 511 2213 fr.
530 2189 554 2213 8.
575 2187 607 2214 de
627 2188 707 2215 usufr.
728 2200 778 2216 ear.
799 2200 848 2216 rer.
869 2192 891 2217 7.
912 2193 936 2217 5.

234 2237 371 2264 satius.
397 2237 555 2274 (Compar.)
588 2240 725 2270 Vtilius,
748 2242 989 2268 Praestantins.
1021 2241 1039 2268 I.
1061 2269 1063 2277 y

200 2279 262 2312 sy.
282 2278 391 2312 Vtilius.
410 2281 512 2307 Melius.
540 2281 569 2307 sr.
590 2284 613 2307 5.
639 2282 660 2315 ξ.
683 2284 704 2308 1.
724 2282 756 2308 de
776 2293 837 2319 opp.
857 2283 917 2320 pub.
937 2286 978 2310 50.
1000 2286 1039 2310 10.
1061 2313 1062 2324 ¹

201 2331 221 2347 c.
242 2323 265 2346 5.
286 2322 312 2347 in
332 2331 373 2357 qu.
393 2332 412 2348 c.
433 2323 450 2349 I.
470 2323 488 2350 I.
507 2323 538 2350 R.
553 2327 576 2350 2.
591 2326 632 2350 41.
671 2324 712 2350 111.
727 2326 792 2352 Cn.
814 2325 937 2362 Oportet.
957 2329 1039 2354 satius

201 2369 241 2390 est
260 2365 328 2390 enim
347 2369 395 2390 etc.
414 2365 443 2391 fr.
459 2368 498 2392 14.
518 2368 538 2400 §.
562 2369 582 2394 l.
603 2367 636 2394 de
656 2367 728 2403 relIg.
750 2369 788 2393 1l.
810 2369 832 2394 7.
870 2368 924 2395 Nec
944 2369 1039 2397 debere
1060 2367 1062 2381 ¹

202 2411 250 2433 etc.
273 2423 302 2426 —
324 2408 473 2443 rescripsit,
496 2411 577 2436 satius
601 2411 669 2436 euim
694 2420 752 2436 esse
777 2415 824 2437 etc.
851 2411 881 2437 fr.
901 2414 924 2438 5.
944 2423 983 2449 pr.
1007 2413 1039 2439 de
1060 2419 1062 2441 ῐ

202 2459 278 2485 poen.
298 2450 340 2475 48.
363 2451 401 2476 19.
421 2450 451 2476 fr.
472 2452 529 2477 111.
549 2452 581 2478 de
602 2452 630 2479 v.
652 2453 684 2479 O.
704 2455 744 2479 45.
768 2455 789 2479 1.
1060 2449 1061 2453 ’

234 2500 408 2532 satrapa.
449 2502 511 2533 Qui
533 2504 599 2529 vice
621 2506 710 2538 regis
733 2511 855 2531 certam
875 2507 1037 2539 regionem
1060 2495 1061 2525 l

199 2547 293 2568 tenet.
326 2541 369 2568 111.
385 2544 450 2570 Gn.
471 2542 619 2577 Gaddanae‚
637 2552 755 2583 satrapae
769 2546 922 2573 Sosanenae.
942 2547 991 2574 Th.
1007 2548 1037 2574 C.

199 2584 256 2611 XII.
278 2586 317 2610 13.
337 2595 359 2611 c.
373 2587 396 2611 6.
417 2586 521 2617 (inscr.)
543 2585 575 2612 de
594 2597 655 2614 auro
675 2599 762 2616 coron.
784 2590 824 2616 Cf.
840 2590 905 2616 Nov.
920 2589 982 2616 lust.
996 2592 1037 2618 31.

200 2636 221 2653 c.
242 2628 264 2653 l.
285 2627 305 2660 §.
324 2628 348 2653 3.
386 2627 485 2654 Omnes
505 2633 636 2665 satrapae,
659 2641 710 2669 pro
729 2633 870 2659 devotione
890 2643 955 2669 quae
974 2643 1036 2660 rom.
1058 2624 1060 2675 l

1870 160 1933 191 863

1090 241 1115 263 et
1133 238 1207 273 quasi
1227 247 1273 274 per
1292 242 1417 269 saturam.
1443 237 1590 265 collectum.
1620 237 1713 265 Const.
1735 238 1847 266 Omnem
1867 243 1931 278 reip.

1089 280 1110 314 ξ.
1132 282 1154 306 l.
1175 280 1206 306 cf.
1227 290 1246 306 c.
1268 281 1288 306 l.
1309 290 1347 317 pr.
1368 280 1400 306 de
1420 280 1475 307 Lat.
1496 281 1582 307 libert.
1603 281 1660 308 toll.
1680 283 1703 308 7.
1723 283 1747 308 6.

1123 322 1331 349 saturiani.
1373 325 1510 357 Populi,
1534 326 1729 351 latrociniis
1753 327 1930 359 studentes,

1090 365 1206 398 (Africae
1225 366 1375 402 provinciae
1396 367 1572 399 contermini.)
1609 367 1650 393 111.
1668 368 1733 394 Gn·
1758 367 1811 402 Qui
1832 378 1846 395 e
1866 368 1931 395 Sub-

1089 408 1261 439 Afrensibus,
1286 408 1330 444 qui
1350 409 1374 434 in
1395 408 1592 435 Saturianorum
1613 419 1641 435 se
1661 411 1866 438 coniurationem
1885 413 1931 438 mi-

1089 456 1220 478 scuerunt.
1242 450 1291 477 Th.
1307 450 1337 477 C.
1353 450 1406 477 Vll.
1424 453 1461 478 19.
1482 462 1502 478 c.
1521 454 1540 478 1.
1561 453 1581 486 §.
1600 454 1621 478 1.
1637 452 1668 478 cf.
1682 463 1722 490 pr.
1738 453 1770 479 de
1783 453 1912 480 Saturian.

1123 494 1363 521 Saturninus.
1401 494 1431 526 §.
1447 496 1480 521 1.
1502 496 1681 529 Cognomen
1702 497 1798 528 Leti,
1819 497 1876 533 (qui
1897 497 1930 523 D.

1089 536 1129 563 Pii
1149 541 1174 563 et
1192 537 1271 563 Marci
1290 536 1417 562 Antonini
1443 537 1606 574 temporibus
1625 538 1713 571 vixit.)
1750 538 1794 565 111.
1816 540 1882 567 Cn.
1907 541 1931 566 A

1090 579 1202 606 Claudio
1222 579 1363 606 Saturnino
1383 579 1506 606 Praetore
1527 597 1557 600 —
1582 580 1679 607 inferre
1703 582 1791 608 iussus
1811 587 1879 613 erat;
1900 598 1930 602 --

1090 621 1136 648 sed
1161 623 1308 648 rectissime
1328 622 1388 648 DD.
1409 622 1514 649 Fratres
1533 624 1735 660 rescripserunt.
1762 624 1792 651 fr.
1812 626 1835 652 6.
1863 625 1887 659 ξ.
1908 627 1930 652 7.

1089 664 1173 691 mand.
1195 667 1234 691 17.
1256 667 1277 691 1.
1299 664 1330 691 cf.
1358 664 1387 691 fr.
1406 667 1430 691 4.
1455 675 1494 702 pr.
1520 665 1552 691 dc
1576 665 1697 702 legationi.
1721 669 1763 693 50.
1784 669 1807 694 7.
1836 667 1930 695 Claud.

1089 707 1245 734 Saturninus
1267 707 1311 734 lib.
1331 707 1425 743 singul.
1447 708 1479 734 de
1499 710 1591 745 poenis
1611 719 1777 746 paganorum.
1797 710 1827 736 fr.
1844 712 1884 738 16.
1899 710 1931 737 de

1089 760 1165 786 poen.
1185 751 1226 776 43.
1248 752 1287 776 19.
1307 767 1339 770 —
1359 751 1389 784 §.
1405 752 1440 777 2.
1464 752 1643 786 Cognomen
1662 753 1820 785 Venuleii,
1840 755 1930 780 Leti.

1088 792 1130 818 111.
1145 794 1210 821 Gn.
1231 792 1374 819 Venuleius
1394 793 1552 820 Saturninus
1572 793 1617 820 lib.
1633 796 1655 820 l.
1673 793 1705 820 de
1724 794 1812 822 officio
1823 795 1930 823 Procos.

1090 834 1119 861 fr.
1135 837 1173 861 15.
1195 835 1229 862 ib.
1244 837 1284 862 48.
1302 838 1340 862 19.
1362 836 1412 872 Qu.
1428 835 1586 862 Saturninus
1605 836 1651 863 lib.
1666 836 1698 863 X.
1718 837 1750 864 ad
1770 837 1848 865 edict.
1868 840 1931 866 scri-

1089 877 1135 903 bit.
1155 878 1185 904 fr.
1207 880 1245 904 19.
1266 879 1287 912 ξ.
1309 880 1331 905 7.
1352 878 1384 905 de
1403 889 1466 905 auro
1486 889 1537 915 arg.
1557 880 1599 905 34.
1618 881 1642 905 2.
1663 879 1695 906 cf.
1714 879 1745 907 fr.
1762 882 1802 907 13.
1821 881 1843 915 ξ.
1857 883 1882 908 5.
1896 881 1929 907 de

1089 921 1194 946 iureiur.
1216 923 1254 947 12.
1274 924 1298 947 2.

1123 964 1246 990 satus.
1266 964 1387 997 (Partic.)
1408 964 1449 991 Cf.
1469 975 1493 991 v.
1513 958 1621 991 Serere.¹

1123 1006 1271 1040 satyra.
1314 1008 1447 1034 Carmen
1475 1010 1674 1035 maledicum.
1715 1007 1759 1035 III.
1782 1009 1849 1036 Gn.
1878 1010 1931 1044 Qui

1089 1053 1202 1084 satyram
1217 1054 1241 1075 et
1256 1050 1438 1086 epigraminata
1453 1067 1483 1071 -
1498 1052 1640 1087 componit.
1660 1050 1732 1078 Paul.
1746 1051 1778 1078 V.
1793 1053 1815 1077 4.
1836 1052 1857 1086 §.
1873 1053 1913 1078 15.

1123 1093 1318 1119 Sauciare.
1340 1094 1467 1125 Perire,
1488 1095 1636 1120 Laedere.
1674 1094 1716 1121 111.
1731 1095 1796 1122 Gn.
1810 1094 1839 1121 Si
1853 1105 1929 1132 quem

1090 1150 1122 1153 —
1135 1136 1238 1170 gravior
1258 1135 1439 1161 condemnatio
1457 1137 1620 1163 sauciaverit.
1641 1136 1690 1163 Th.
1706 1137 1736 1164 C.
1751 1137 1794 1164 Vl.
1809 1139 1834 1164 4.
1855 1148 1875 1165 c.
1888 1140 1929 1164 22.

1089 1177 1109 1209 §.
1130 1179 1153 1204 5.
1174 1177 1205 1204 de
1224 1177 1309 1204 Praet.
1329 1183 1355 1204 et
1374 1178 1426 1214 Qu.
1456 1179 1561 1205 Nullius
1581 1181 1755 1206 innocentiam
1775 1181 1930 1207 sanciamus.

1090 1219 1156 1246 Nov.
1177 1219 1233 1247 val.
1254 1220 1295 1248 111.
1316 1221 1348 1247 de
1368 1221 1467 1258 sepulc.
1488 1221 1549 1248 viol.
1570 1222 1599 1248 11.
1619 1225 1660 1249 23.
1681 1233 1702 1249 c.
1723 1225 1746 1250 l.
1766 1223 1788 1256 §.
1807 1225 1831 1249 5.

1121 1264 1293 1290 saucius.
1313 1264 1443 1297 (Adiect.)
1463 1266 1643 1301 Adflictas,
1658 1267 1786 1292 Laesus.
1806 1265 1929 1294 HLGn.

1087 1305 1137 1332 Per
1161 1306 1301 1333 infortunia
1325 1307 1404 1333 multa
1428 1308 1477 1333 iam
1504 1309 1620 1334 saucium
1639 1308 1782 1341 (Officium
1806 1308 1879 1336 sedis
1898 1323 1931 1328 ——

1088 1350 1168 1382 tuae.)
1188 1349 1255 1376 Nov.
1270 1349 1326 1376 Val.
1347 1349 1389 1376 111.
1409 1349 1442 1376 de
1461 1351 1505 1377 off.
1525 1356 1551 1377 et
1570 1361 1639 1377 num.
1659 1351 1690 1377 Il.
1709 1353 1750 1377 22.
1771 1361 1793 1377 c.
1815 1353 1836 1377 l.
1856 1361 1896 1389 pr.

1121 1393 1294 1419 saxosus.
1315 1392 1444 1426 (Adiect.)
1472 1395 1570 1420 Saxis
1590 1396 1764 1420 abundans.
1800 1393 1845 1421 III.
1866 1396 1931 1422 Cn.

1087 1434 1116 1461 Si
1135 1434 1231 1462 fundus
1251 1436 1286 1461 sit
1304 1435 1418 1468 sterilis,
1436 1435 1479 1462 vel
1499 1446 1620 1463 saxosus.
1641 1437 1671 1464 fr.
1692 1438 1732 1463 13.
1753 1436 1786 1464 de
1804 1437 1859 1464 reb.
1879 1448 1931 1464 eor.

1087 1488 1129 1514 qu.
1151 1488 1171 1504 s.
1192 1483 1239 1504 tut.
1259 1480 1301 1504 27.
1321 1480 1344 1504 9.

1121 1522 1273 1548 Saxum.
1302 1521 1332 1554 ξ.
1348 1522 1382 1548 1.
1403 1523 1519 1555 Lapis,
1534 1524 1639 1549 Petra.
1664 1521 1683 1548 Ι.
1698 1523 1760 1556 Sy.
1779 1521 1869 1560 Lapis
1890 1523 1930 1551 Cf.

1087 1563 1112 1589 h.
1132 1574 1155 1589 v.
1183 1564 1204 1597 ξ.
1227 1565 1248 1589 l.
1289 1563 1331 1590 111.
1356 1565 1422 1591 Cn.
1449 1563 1531 1593 Saxa.
1556 1564 1597 1591 vel
1622 1574 1763 1596 marmora,
1790 1582 1819 1585 —
1849 1565 1932 1592 aliave

1087 1616 1257 1642 quaecunque
1281 1607 1395 1632 materia.
1428 1606 1478 1633 Th.
1499 1607 1530 1633 C.
1553 1607 1598 1634 lx.
1620 1609 1658 1633 17.
1684 1617 1704 1633 c.
1724 1608 1747 1633 4.
1773 1607 1805 1634 de
1830 1608 1930 1645 sepulc.

1087 1649 1148 1675 viol.
1186 1649 1283 1676 Saxum
1304 1659 1335 1675 ex
1355 1649 1436 1675 fundo
1456 1651 1558 1682 eiicere,
1582 1649 1623 1676 vel
1643 1655 1747 1681 cretam,
1767 1650 1809 1677 vel
1828 1661 1931 1678 arenam

1063 1704 1065 1715 ι
1087 1692 1184 1718 fodere.
1204 1692 1235 1718 fr.
1254 1693 1296 1718 34.
1317 1692 1349 1718 de
1369 1692 1392 1718 d.
1413 1703 1446 1719 m.
1466 1695 1489 1718 4.
1509 1694 1533 1719 3.
1571 1693 1656 1725 Saxo,
1675 1692 1717 1719 vel
1737 1692 1815 1725 fuste,
1834 1693 1878 1720 vel
1897 1693 1931 1720 la-

1086 1735 1147 1772 pide
1167 1744 1320 1772 percuSSUS‚
1340 1734 1381 1761 vel
1402 1745 1453 1771 quo
1473 1735 1524 1761 alio
1544 1735 1597 1762 telo
1617 1740 1733 1762 necatus.
1755 1736 1785 1762 sr.
1804 1738 1826 1762 l.
1846 1737 1867 1770 §.
1889 1739 1928 1763 17.

1086 1777 1118 1804 de
1138 1777 1164 1804 S.
1177 1777 1207 1804 C.
1228 1777 1309 1804 Silan.
1329 1779 1370 1804 29.
1390 1780 1413 1804 5.
1435 1777 1484 1804 Th.
1505 1778 1535 1804 C.
1556 1777 1625 1804 xvl.
1646 1779 1669 1804 8.
1691 1789 1711 1805 c.
1734 1781 1755 1805 l.
1776 1778 1808 1805 de
1828 1779 1883 1806 lud.
1898 1796 1929 1799 —

1086 1821 1116 1853 ξ.
1136 1822 1171 1847 2.
1193 1822 1342 1847 Marmor.
1380 1820 1423 1846 111.
1444 1822 1509 1848 Gn.
1534 1820 1663 1847 saxorum
1684 1822 1821 1848 nitentium
1840 1832 1929 1849 venae.

1086 1861 1122 1888 lb.
1141 1862 1174 1888 X.
1199 1864 1235 1889 19.
1256 1873 1277 1889 c.
1297 1866 1320 1889 2.
1341 1873 1362 1889 c.
1384 1865 1424 1889 10.
1444 1863 1477 1890 de
1496 1864 1622 1890 metallar.
1643 1879 1675 1883 —
1702 1864 1733 1897 §.
1753 1866 1790 1891 3.
1815 1867 1930 1900 Rupes.

1062 1908 1064 1932 2
1085 1904 1128 1931 III.
1142 1907 1207 1933 Cn.
1228 1905 1360 1937 Damnari,
1382 1911 1409 1932 ut
1422 1905 1455 1932 de
1468 1916 1531 1933 saxo
1546 1908 1743 1944 praecipitetur.
1764 1907 1794 1934 fr.
1807 1910 1849 1935 25.
1869 1909 1890 1942 §.
1909 1911 1928 1935 1.

1086 1947 1118 1974 de
1137 1958 1214 1985 poen.
1229 1950 1270 1975 48.
1293 1951 1332 1976 19.

1119 1992 1315 2018 scabidus.
1335 1992 1464 2025 (Adiect.)
1485 1994 1599 2019 Scabie
1618 1995 1779 2020 laborans.
1806 1993 1927 2021 111021.

1086 2033 1235 2065 Caballum.
1263 2034 1368 2071 quodve
1391 2035 1462 2062 aliud
1485 2035 1579 2061 animal
1603 2035 1703 2062 habens
1727 2035 1871 2063 scabidum.
1897 2036 1927 2062 L.

1085 2076 1159 2104 Rom.
1179 2077 1257 2113 Burg.
1280 2079 1318 2104 13.

1118 2120 1329 2147 scabiosus.
1355 2120 1433 2147 Idem.
1471 2120 1514 2147 III.
1535 2121 1601 2148 Gn.
1621 2120 1792 2157 Pruriginosi,
1811 2121 1855 2148 vel
1874 2131 1927 2148 sca-

1085 2162 1161 2189 biosi.
1182 2163 1212 2189 fr.
1232 2164 1256 2189 3.
1276 2163 1308 2189 de
1328 2163 1412 2190 Aedil.
1435 2163 1511 2190 edict.
1531 2165 1573 2189 21.
1594 2165 1615 2189 l.

1118 2206 1279 2237 scaena,
1302 2216 1322 2232 s.
1342 2207 1477 2233 Scena-
1516 2208 1596 2232 Pars
1615 2207 1742 2232 theatri
1760 2209 1925 2240 superior,

1086 2249 1123 2281 (iu
1143 2259 1192 2285 qua
1213 2248 1355 2275 histriones
1376 2254 1400 2275 et
1421 2249 1490 2274 mimi
1516 2248 1697 2285 spectaculum
1718 2250 1759 2275 sui
1778 2249 1925 2286 praebent.)

1084 2291 1126 2317 111.
1141 2293 1206 2319 Cn.
1226 2291 1359 2318 Ludorum
1381 2302 1456 2317 causa
1477 2301 1608 2323 scaenam,
1628 2291 1767 2328 pulpitum,
1788 2297 1926 2328 ceteraque

1061 2350 1062 2365 3
1084 2344 1149 2371 quae
1168 2334 1200 2360 ad
1220 2344 1264 2360 eos
1285 2334 1362 2360 ludos
1383 2344 1449 2370 opus
1470 2339 1553 2366 erunt.
1574 2335 1600 2360 in
1619 2334 1678 2360 loco
1697 2334 1804 2371 publico
1817 2344 1924 2371 ponere,

1060 2397 1062 2414 Ι.
1084 2382 1206 2403 statuere.
1228 2376 1292 2402 Tab.
1312 2376 1413 2402 llerarl.
1434 2376 1450 2403 l.
1469 2380 1492 2403 3.
1514 2387 1570 2413 sqq.
1592 2387 1643 2402 aer.
1664 2376 1744 2414 Neap.
1766 2376 1796 2403 fr.
1815 2379 1838 2403 2.
1859 2378 1880 2411 §.
1900 2380 1924 2404 5.

1084 2419 1115 2446 de
1135 2419 1158 2446 h.
1180 2420 1222 2456 qui
1244 2424 1296 2445 not.
1317 2419 1361 2444 inf.
1377 2422 1401 2444 3.
1416 2421 1438 2445 2.
1477 2419 1561 2446 Scena
1582 2419 1725 2449 theatralis,
1745 2424 1788 2445 aut
1808 2421 1924 2447 circense

1060 2457 1061 2494 l
1084 2467 1221 2488 certamen.
1247 2472 1267 2487 c.
1291 2463 1328 2487 11.
1354 2462 1374 2495 ξ
1397 2464 1418 2488 l.
1440 2462 1471 2488 de
1491 2462 1571 2488 feriis.
1590 2464 1613 2488 3.
1636 2464 1675 2488 12.
1701 2461 1750 2488 Th.
1772 2462 1803 2488 C.
1822 2462 1880 2489 XV.
1901 2465 1923 2490 7.

1084 2515 1104 2531 c.
1126 2507 1147 2531 l.
1169 2514 1207 2540 sq.
1229 2514 1250 2530 c.
1265 2506 1289 2530 4.
1310 2504 1342 2530 de
1361 2506 1472 2531 scaenic.
1511 2505 1563 2540 Qui
1583 2506 1647 2531 artis
1667 2504 1791 2537 ludicrae.
1810 2515 1924 2542 pronun-

1084 2547 1201 2574 ciandive
1221 2556 1309 2578 causa.
1334 2548 1360 2573 in
1385 2558 1503 2574 scaenam
1529 2547 1664 2584 prodierit.
1689 2547 1718 2574 fr.
1740 2549 1762 2574 l.
1782 2547 1798 2574 1.
1819 2547 1836 2574 1.
1855 2551 1879 2575 3.
1898 2551 1922 2575 2.

1083 2590 1114 2616 cf.
1136 2590 1164 2616 fr.
1183 2591 1225 2615 24.
1245 2600 1284 2626 pr.
1305 2590 1336 2616 ad
1356 2589 1384 2616 L.
1406 2590 1452 2616 lul.
1473 2590 1505 2616 de
1525 2590 1604 2616 adult.
1625 2591 1666 2615 48.
1687 2592 1711 2616 5.

1115 2633 1332 2659 scaenicus.
1354 2632 1483 2665 (Adicct.)
1503 2635 1744 2666 Histrionalis‚
1762 2635 1922 2662 Theatra-

199 2669 310 2696 debetnr
328 2670 451 2706 imperio.
479 2681 600 2698 coronam
624 2682 656 2699 ex
678 2677 793 2712 propriis
817 2675 983 2702 facultatibus
1003 2676 1038 2703 fa—
1059 2694 1060 2697 κ
1081 2678 1131 2702 lis.
1169 2675 1188 2701 l.
1207 2676 1268 2710 Sy.
1292 2675 1430 2701 Ludicrus.
1459 2674 1508 2701 Th,
1530 2675 1561 2701 C.
1581 2674 1639 2702 XV.
1666 2678 1688 2702 7.
1714 2687 1735 2703 c.
1755 2678 1779 2703 4.
1805 2687 1825 2704 c.
1846 2679 1868 2704 9.
1889 2677 1921 2703 de

200 2713 276 2739 ciant.
297 2711 345 2739 Th.
367 2712 397 2739 C.
417 2712 464 2739 1.1.

234 2756 384 2783 satura.
410 2757 554 2791 Rogatio
574 2759 670 2783 mixti
688 2764 882 2793 argumenti.
911 2761 953 2788 III.
970 2763 1035 2789 Cn.

1081 2718 1190 2744 scaenic.
1211 2717 1367 2744 Thcatralis.
1388 2718 1423 2743 lb.
1444 2717 1487 2743 Vl.
1507 2719 1530 2743 4.
1552 2728 1573 2744 c.
1592 2720 1617 2744 2.

1637 2729 1657 2745 0.
1677 2720 1718 2745 29.
1739 2719 1771 2746 de
1790 2719 1874 2746 Praet.
1894 2724 1920 2745 et

1082 2761 1132 2796 Qu.
1152 2760 1210 2787 XV.
1231 2763 1253 2787 7.
1274 2771 1294 2787 c.
1316 2763 1338 2786 1.
1353 2770 1391 2797 sq.
1420 2760 1449 2786 II.
1466 2762 1533 2794 ΟΡ.
1554 2760 1698 2788 Circensis.
1719 2762 1761 2789 Cf.
1781 2763 1806 2789 h.
1825 2773 1848 2789 v.
1877 2762 1919 2788 III.

200 2796 230 2824 Si
249 2798 312 2834 quid
335 2799 362 2825 in
385 2802 498 2825 saturam
520 2799 624 2827 feretur.
643 2799 672 2826 L.
693 2799 786 2828 Servil.
807 2813 828 2830 c.
847 2806 889 2831 21.
925 2804 1035 2837 Passim,
1081 2805 1147 2832 Gn·
1172 2803 1297 2831 Scaenica
1320 2804 1415 2835 vestis,
1441 2804 1542 2830 etiamsi
1566 2805 1661 2841 tragica
1683 2810 1727 2832 aut
1746 2805 1920 2832 citharoedica
