2197 3121
1028 162 1131 194 CON.

218 253 390 286 obligatus.
432 250 474 276 III.
499 250 564 277 Cn.
592 247 644 274 Yix
669 247 725 273 fieri
749 251 850 283 potest.
876 250 903 272 ut
922 256 970 283 per
988 246 1052 272 haec

218 299 334 330 tempora
353 310 385 312 —
410 303 511 319 onmem
535 292 641 317 testium
666 291 851 316 conscientiam
875 298 946 315 mors
966 289 1053 315 coniu-
1073 306 1075 318 J

219 341 272 362 rata
292 337 427 373 subripiat.
456 336 492 362 lb.
514 334 556 361 IV.
577 335 600 359 4.
621 343 642 359 c.
662 334 686 358 6.
708 332 739 358 (10
759 337 860 358 testam.

254 379 409 405 Coniux.
453 380 567 405 Soa-ius
594 377 672 402 lecti
700 377 902 409 coniugalis.
945 374 964 400 l.
990 375 1052 407 Sy.

219 420 300 447 onr.
334 420 371 447 lb.
391 421 432 448 Ill.
459 423 498 447 16.
524 431 544 446 c.
566 421 588 445 l.
608 418 640 444 (10
660 418 750 455 repud.
787 418 816 444 II.
838 419 905 451 011.
935 417 1052 444 Maritus.

219 463 255 489 lb.
276 463 318 489 Ill.
339 465 378 490 12.
399 474 419 490 c.
439 465 462 490 4.
483 463 515 489 de
534 464 625 489 incest.
646 466 718 498 nupt.

256 507 506 533 Conlaudare.
545 504 586 531 Cf.
605 515 629 530 v.
650 503 815 530 Collaudare.

255 550 500 576 Connectere.
533 549 709 582 Copulare,
729 548 925 581 Adgregare.
958 545 976 571 1.
991 546 1052 579 Sy.

219 591 352 629 Copulare
371 591 580 627 (cognationes).
609 590 639 616 fr.
659 591 683 616 4.
703 590 724 624 ξ.
743 591 767 615 2.
788 588 820 614 (10
838 588 908 624 grad.
929 593 955 614 et.
974 588 1051 614 adssn.

218 637 260 661 35.
281 637 320 661 10.
363 634 540 669 Congregare.
564 633 726 668 Adiungere.
750 631 916 657 Adsciscere.
951 630 1000 657 Th.
1021 630 1052 657 C.

218 677 275 704 XII.
297 679 318 704 l.
339 688 360 704 c.
381 679 420 704 74.
440 687 479 714 pr.
500 677 537 710 ἓξ.
558 678 580 702 1.
600 677 623 702 3.
644 675 676 702 de
695 675 827 701 dorm-ion.
852 673 922 701 XVI.
943 676 967 700 2.
987 684 1008 700 c.
1028 675 1051 700 6.

220 720 252 747 (10
271 721 350 757 episc.
371 720 433 746 eccl.

256 764 466 790 connexus.
497 761 616 795 (Partic.)
649 761 679 793 ξ.
698 761 732 786 1.
759 761 952 791 cohaerens,
974 761 1053 786 Con-

219 808 341 841 tiguus.
378 805 397 832 I.
417 807 478 839 Sy.
506 805 621 831 Iunctus.
646 803 677 829 cf.
698 802 722 828 h.
742 813 765 828 v.
803 802 914 836 1101).
934 802 1053 828 Demtus.

218 848 249 875 fr.
269 850 310 875 59.
331 848 362 875 de
381 847 412 874 R.
433 847 464 874 1’.
484 849 508 874 6.
528 849 551 874 1.
587 846 630 872 III.
649 847 714 873 (⁷11.
743 847 817 880 Quae
837 845 890 877 (sc.
910 844 1026 871 aedilicia
1035 846 1053 877 )‚

218 896 263 918 aut
280 891 450 918 includuntur
469 889 604 916 moenibus
619 890 760 917 civitatum.
781 892 824 914 aut
837 889 980 924 pomoeriis
993 892 1052 913 sunt

219 944 344 961 connexa.
374 933 423 960 Th.
445 933 475 960 C.
495 933 527 959 X.
547 934 570 958 3.
597 943 618 958 c.
638 934 661 958 5.
687 932 719 957 de
739 931 788 957 loc.
809 930 880 957 suud.
900 932 947 957 iur.
968 930 1053 967 emph.

218 993 252 996 —
279 978 310 1011 ξ.
335 979 370 1004 2.
400 978 619 1007 Coniunctus,
649 976 908 1008 Comprelzensus.

219 1019 364 1056 Coniungi.
389 1030 409 1045 5.
434 1019 514 1054 Iungi.
553 1017 696 1044 Connexos
721 1027 778 1043 esse
805 1018 891 1049 (inter
914 1016 967 1048 se).
997 1015 1052 1042 Gai.

218 1062 261 1088 III.
283 1065 323 1089 10.
342 1064 383 1089 24.
407 1061 437 1088 sr.
459 1063 481 1087 1.
501 1062 523 1094 §.
543 1063 584 1086 10.
605 1060 636 1086 de
656 1061 711 1086 suis
731 1065 756 1086 et
774 1060 845 1096 legit.
864 1061 905 1086 38.
927 1061 966 1085 16.
1004 1058 1055 1085 Co-

219 1105 342 1137 haerere.
367 1105 520 1131 Connexam
538 1104 665 1129 rationem
685 1103 789 1129 hahere.
822 1103 851 1129 sr.
871 1104 912 1128 37.
933 1102 954 1135 ξ.
974 1103 997 1128 l.
1023 1101 1054 1128 de

219 1148 286 1174 adm.
307 1153 332 1174 et
351 1157 405 1185 per.
424 1148 466 1173 26.
482 1148 504 1172 7.
541 1145 583 1172 III.
600 1147 665 1173 Cn.
693 1146 727 1172 Et
747 1147 887 1172 servitutes
907 1144 989 1172 dividi
1002 1155 1054 1171 non

219 1196 348 1228 possunt;
378 1200 435 1216 nam
464 1199 553 1216 eorum
577 1199 640 1215 usus
665 1190 699 1214 ita
724 1199 857 1215 connexus
881 1193 933 1219 est.
958 1193 986 1214 ut
1005 1193 1053 1215 etc.

218 1233 261 1260 Fr.
282 1233 311 1260 S.
330 1233 470 1270 Pomponii
489 1231 567 1258 Isti.
588 1231 681 1268 (Corp.
701 1231 719 1258 Ι.
739 1231 770 1258 R.
789 1232 859 1258 Ante
868 1231 930 1257 Iust.
951 1241 976 1268 p.
996 1232 1054 1257 168.

216 1277 303 1303 Boun.
324 1278 398 1302 1835.
424 1276 465 1307 4.)
503 1274 531 1300 Si
556 1274 619 1310 quid
643 1284 789 1300 connexum
808 1275 869 1302 suit.
893 1279 921 1300 ut
940 1275 1054 1311 separari

218 1321 284 1346 ratio
305 1321 360 1346 eius
380 1335 412 1338 —
432 1328 484 1344 nou
503 1318 597 1354 possit..
622 1317 652 1343 fr.
673 1319 711 1343 17.
733 1317 764 1343 (10
783 1316 814 1343 N.
836 1317 867 1343 G.
886 1319 910 1343 3.
924 1319 948 1343 5.
980 1317 1054 1353 Quae

219 1372 336 1388 connexa
356 1366 425 1391 sunt.
447 1361 553 1393 (venire
572 1361 598 1386 iu
618 1360 714 1386 tutelae
734 1360 886 1393 actionem).
911 1360 941 1387 fr.
962 1362 1002 1387 13.
1023 1360 1054 1387 de

217 1405 292 1432 tutel.
313 1410 337 1431 et
357 1410 403 1431 rat.
423 1405 464 1430 27.
483 1405 506 1429 3.

255 1447 418 1475 Conniti.
460 1448 551 1473 l'ires
571 1448 751 1477 intendere,
772 1447 894 1473 Adniti.
932 1445 974 1472 III.
989 1447 1055 1474 Gn.

220 1490 325 1526 Quodsi
344 1490 428 1516 mulae
447 1491 560 1516 retinere
580 1499 646 1515 onus
666 1490 828 1525 nequissent,
849 1493 900 1519 aut,
920 1499 977 1515 011111
997 1500 1056 1516 con-

218 1534 373 1561 niterentur.
392 1532 481 1569 lapsae
501 1532 688 1558 concidissent.
713 1531 743 1557 fr.
758 1533 799 1557 52.
820 1532 841 1565 ς.
854 1533 879 1557 ’2.
898 1531 930 1558 ad
942 1531 972 1558 L.
986 1532 1054 1569 Aqu.

219 1577 242 1602 9.
262 1577 286 1601 2.

219 1628 272 1644 non
291 1628 411 1644 amovere
430 1627 473 1643 eas
493 1619 617 1643 connisus
638 1617 681 1651 [al.
702 1617 821 1651 adnisus]
842 1622 889 1644 est.
908 1617 938 1644 fr.
953 1619 976 1644 9.
996 1618 1018 1652 ξ.
1031 1620 1055 1644 3.

220 1660 253 1686 de
270 1662 325 1687 iure
344 1661 398 1688 dot.
416 1662 457 1687 23.
477 1662 501 1686 3.

260 1703 522 1730 Conniventia.

324 1575 353 1601 Si
372 1576 457 1601 animo
478 1576 622 1601 amoventis
642 1576 750 1601 maritus
770 1584 813 1600 eas
833 1575 950 1601 retincat.
974 1591 1007 1594 —
1027 1575 1055 1601 Si

884 1706 1055 1731 Patientia

223 1747 352 1772 (callide
371 1747 675 1778 t·irc·1t111verlienti8‚
695 1749 743 1773 vel
759 1748 866 1780 pretio
886 1749 1055 1781 corrupti).

221 1786 263 1813 III.
284 1789 349 1814 Cn.
377 1788 479 1815 Callida
499 1793 565 1819 arte,
591 1793 634 1814 aut
658 1789 787 1825 probrosa
806 1791 951 1826 cuiuspiam
970 1791 1057 1815 couni-

221 1831 317 1858 ventia.
336 1830 455 1863 (deferre
473 1830 593 1866 aliquid).
623 1831 672 1858 Th.
693 1832 724 1858 C.
742 1831 812 1857 XVI.
832 1834 856 1857 2.
876 1842 897 1858 c.
911 1834 952 1858 27.
966 1842 1004 1868 pr.
1025 1832 1057 1858 de

222 1874 302 1909 episc.
323 1873 385 1900 eccl.
423 1873 452 1899 Si
466 1872 596 1908 aliquibus
611 1872 727 1900 illicitam
741 1875 941 1904 conniventiam,
961 1879 986 1900 et
1006 1874 1058 1901 001-

221 1915 292 1942 ludia
312 1916 387 1942 foeda
411 1917 600 1953 praestiterint.
632 1915 668 1942 lb.
689 1916 706 1943 1.
724 1917 742 1943 1.
763 1927 783 1943 0.
802 1919 844 1943 39.
881 1917 1004 1953 Reliqua,
1025 1933 1056 1937 -—

221 1968 288 1994 quac
307 1969 388 1995 penes
408 1958 582 1984 conductores
601 1959 719 1995 ipsorum
738 1959 836 1986 desidia
857 1965 900 1986 aut
919 1962 1058 1987 conniven-

220 2002 256 2027 tia
276 2001 438 2028 resederunt.
466 2001 503 2027 lb.
524 2001 541 2027 l.
563 2003 602 2027 ll.
623 2012 643 2028 c.
660 2004 681 2028 1.
703 2002 806 2035 (ch.)
827 2002 858 2028 de
878 2003 1005 2029 offirma.
1020 2004 1057 2029 rei

221 2045 287 2080 priv.
308 2044 351 2071 11.
371 2047 412 2071 30.
438 2054 459 2070 c.
481 2046 520 2070 17.
545 2043 577 2070 (10
597 2043 677 2070 Palat.
703 2045 729 2071 S.
750 2045 827 2081 largg.
865 2045 968 2080 Quodsi
988 2047 1058 2082 quis-

222 2097 298 2123 quam
317 2092 379 2124 post
397 2087 521 2113 iudicium
540 2086 666 2113 vendibili
686 2089 851 2114 conniventia
865 2088 985 2115 licentiae
997 2089 1058 2115 huic

222 2131 383 2165 praestiterit
402 2129 549 2155 adsensum.
577 2129 614 2155 lh.
634 2129 678 2156 IX.
697 2132 738 2156 40.
760 2141 781 2157 c.
802 2133 842 2157 15.
868 2130 900 2157 (10
919 2142 996 2169 poen.
1026 2131 1057 2158 cf.

223 2172 268 2198 XI.
289 2174 328 2199 16.
349 2183 370 2199 c.
392 2174 431 2199 11.
452 2172 484 2198 (10
504 2177 569 2198 extr.
590 2182 609 2198 5.
630 2172 700 2199 sord.

261 2215 484 2242 connivere.
516 2216 634 2242 Oculos
653 2218 809 2248 claudere,
829 2218 1057 2244 Dissimulare.

225 2257 268 2283 111.
291 2259 356 2285 Gn.
386 2259 439 2293 Qui
459 2258 607 2284 huiusmodi
627 2258 688 2284 (1010
708 2261 821 2285 seientes
841 2262 989 2287 connivent.
1020 2260 1057 2286 lb.

226 2299 255 2325 11.
276 2301 316 2325 14.
336 2310 357 2326 e.
378 2302 399 2326 l.
429 2300 460 2327 de
480 2301 504 2327 h.
526 2312 568 2338 qu.
588 2307 688 2338 potent.
709 2303 748 2327 tit.
792 2301 885 2329 Celare
910 2303 989 2333 tales,
1015 2308 1059 2329 aut

226 2342 321 2368 talibus
342 2344 487 2370 connivere.
515 2344 582 2370 Nor.
602 2344 704 2370 Yalent.
725 2344 766 2370 III.
788 2344 819 2371 de
838 2345 947 2372 Manich.
967 2346 997 2372 11.
1018 2348 1058 2372 15.

227 2396 248 2411 c.
265 2387 287 2411 l.
309 2385 331 2418 ξ.
344 2386 368 2410 3.
388 2385 419 2411 cf.
439 2386 487 2412 Th.
503 2386 533 2413 C.
547 2387 606 2414 XV.
628 2390 649 2414 l.
670 2398 690 2414 c.
705 2389 746 2413 43.
767 2387 798 2414 de.
812 2398 872 2424 opp.
886 2389 948 2425 pub.
979 2389 1059 2425 Quod

228 2438 275 2453 nec
294 2427 335 2453 his
355 2427 449 2454 deterri
467 2440 514 2465 per
533 2431 648 2466 gratiam.
668 2436 710 2456 aut
731 2432 885 2457 connivente
904 2431 998 2463 iudice,
1016 2442 1059 2469 pa-

227 2471 313 2496 timur.
341 2470 378 2496 Ib.
397 2469 453 2496 XII.
474 2473 495 2497 l.
516 2482 536 2498 0.
557 2475 597 2499 77.
617 2473 648 2499 cs.
669 2484 690 2499 c.
710 2475 750 2499 71.
771 2473 802 2499 (10
822 2473 954 2500 decurion.
991 2474 1061 2501 Con-

228 2513 378 2539 niventibus
398 2512 481 2539 oculis
501 2515 635 2547 (credere.
659 2526 683 2542 v.
702 2516 863 2553 adspicere).
895 2517 924 2543 fr.
944 2519 968 2544 4.
993 2518 1014 2551 §.
1036 2519 1058 2544 l.

228 2555 261 2582 de
279 2566 389 2582 manum.
409 2557 450 2582 40.
466 2557 487 2581 1.
508 2566 529 2582 0.
542 2559 566 2584 2.
585 2559 606 2592 §.
620 2561 659 2585 11.
679 2558 711 2585 (le.
724 2564 775 2585 vet.
790 2561 845 2586 iure
859 2560 942 2586 enucl.
964 2562 986 2586 l.
1002 2562 1040 2586 17.

265 2598 514 2625 connubium·
552 2600 582 2633 §·
607 2602 642 2627 l.
670 2603 832 2629 Facultas
857 2605 1060 2630 matrimonii

229 2643 315 2668 iusti
338 2643 558 2668 contrahendi.
600 2642 618 2669 I.
638 2645 698 2678 Sy·
731 2644 828 2671 onris
853 2647 907 2672 iure
927 2645 1061 2672 ducendae

230 2683 348 2710 facultas
376 2683 437 2721 Wp.
457 2684 488 2710 V.
508 2686 532 2711 3.
553 2684 585 2711 cf.
605 2687 628 2711 6.
664 2686 769 2713 Nubere
786 2698 868 2724 posse
886 2688 963 2721 (alii).
992 2688 1061 2715 Con-

230 2726 339 2753 nubium
358 2726 453 2753 habere.
473 2731 547 2760 (cnm
566 2727 642 2760 alio).
666 2728 696 2755 fr.
715 2732 756 2756 45.
775 2741 815 2767 pr.
835 2731 872 2764 ςξ.
892 2733 916 2757 4.
935 2733 958 2758 6.
979 2731 1011 2758 dc
1029 2731 1060 2758 R.

230 2769 262 2796 N.
282 2771 323 2796 23.
343 2771 367 2795 2.
388 2769 418 2795 fr.
440 2771 478 2795 ll.
498 2780 536 2807 pr.
556 2771 578 2804 §.
597 2772 621 2796 2.
643 2770 674 2797 de
693 2771 786 2799 divort.
811 2775 853 2799 24.
871 2776 895 2800 2.
932 2774 975 2800 III.
996 2776 1061 2802 Gn.

579 1704 822 1730 Dissimulatio
835 1723 842 1736 ‚

949 973 1053 1007 15].

231 2812 345 2849 Nuptiae
365 2812 482 2839 contrahi
502 2823 553 2839 non
572 2818 692 2850 possunt.
711 2824 758 2841 nec
771 2817 839 2842 inter
851 2827 893 2843 eas
906 2817 1063 2844 connubium

498 2938 512 2947 ι.

1917 165 1936 195 3

1875 165 1914 195 19

1097 251 1145 272 est.
1175 245 1231 272 Gai.
1253 244 1271 271 I.
1296 247 1337 271 59.
1373 244 1434 282 le.
1459 245 1490 272 V.
1516 247 1540 271 2.
1582 244 1683 271 Vereor
1711 254 1743 271 nc
1770 245 1855 281 possit
1884 246 1933 272 ista

1097 288 1255 314 connubium
1275 287 1370 314 hahere
1390 288 1521 314 nubendo.
1548 287 1577 314 fr.
1592 289 1633 314 »15.
1653 289 1673 321 ξ.
1694 290 1717 314 6.
1738 287 1770 313 de
1789 287 1820 313 R.
1841 287 1872 314 N.
1890 290 1932 314 23.

1096 333 1111 348 o

1164 331 1243 357 Cives
1263 330 1294 356 R.
1316 331 1360 366 qui
1384 331 1440 356 sine
1465 331 1596 357 connubio
1621 331 1703 356 civem
1727 331 1888 367 peregrinam
1907 332 1932 357 iu

1096 374 1261 399 matrimonio
1285 372 1383 399 habuit.
1419 373 1487 399 soll.
1507 373 1559 400 LL.
1580 373 1613 400 Μ.
1638 372 1682 399 IV.
1703 375 1726 398 5.
1764 373 1933 400 Connubium

1097 416 1194 443 habent
1217 417 1288 442 cives
1307 415 1338 442 R.
1358 432 1390 435 -—
1415 426 1472 442 cum
1496 415 1597 442 Latinis
1621 420 1646 442 et
1664 417 1809 452 peregrinis
1833 417 1882 447 ita,
1910 417 1933 442 si

1097 469 1251 485 concessum
1275 459 1317 485 sit.
1345 458 1406 495 le.
1431 458 1463 485 V.
1488 460 1512 484 4.
1542 460 1597 485 Gai.
1623 458 1640 485 I.
1664 460 1705 485 56.
1726 468 1765 494 sq.
1785 461 1826 485 80.
1864 458 1934 485 Con-

1097 502 1176 528 uubio
1201 503 1402 533 interveniente,
1429 500 1505 527 liberi
1530 512 1632 538 semper
1655 506 1754 538 patrem
1779 507 1932 538 sequuntur.

1097 545 1158 582 1111,
1179 544 1210 571 V.
1231 548 1254 571 ὅ.
1275 554 1314 581 sq.
1344 544 1401 571 Gai.
1422 543 1438 569 l.
1458 543 1474 570 1.
1505 560 1537 563 —
1569 545 1599 577 ξ.
1619 546 1654 571 2,
1685 546 1933 571 Matrimonium

1097 589 1210 621 ipsum.
1249 588 1267 614 I.
1286 589 1347 621 Sy.
1375 586 1574 613 Matrimonium.
1604 586 1654 613 Th.
1669 586 1699 612 C.
1714 586 1757 613 IX.
1779 589 1801 613 7.
1823 598 1843 613 0.
1857 590 1880 613 2.
1901 587 1933 613 ad

1096 630 1126 657 L.
1147 630 1193 657 lul.
1214 630 1245 657 de
1265 630 1345 657 adult.
1381 629 1412 655 Il.
1434 631 1500 664 Op.
1534 630 1750 656 Coutuberuium.
1783 629 1820 656 lb.
1841 629 1884 655 IV.
1908 632 1932 656 6.

1098 684 1118 700 0.
1139 675 1162 700 6.
1184 673 1296 706 (ch.)
1317 673 1349 699 de
1368 678 1451 699 natur.
1472 672 1509 699 [il.
1541 689 1573 692 —
1605 673 1635 705 §0
1661 673 1697 698 3.
1730 673 1932 699 Consuetudo

1097 718 1290 751 coniugalis
1315 718 1483 751 quaelibet.
1520 715 1539 741 I.
1558 716 1619 749 Sy.
1644 714 1816 746 coniunctio,
1836 715 1935 742 Contu-

1098 760 1216 785 bernium
1236 758 1441 791 (servularum).
1469 758 1506 785 111.
1526 757 1570 784 111.
1591 759 1614 784 9.
1640 767 1661 783 0.
1683 759 1704 783 l.
1725 768 1746 783 c.
1766 759 1789 783 3.
1811 768 1832 784 e.
1852 759 1875 784 6.
1902 758 1934 784 ad

1099 802 1125 827 S.
1147 801 1240 827 Claud.
1260 801 1316 827 XII.
1338 804 1360 827 l.
1381 812 1402 828 c.
1421 802 1445 827 6.
1465 801 1497 827 de
1517 800 1649 827 dccuriou.

1134 844 1430 871 Connumerare.
1473 846 1706 874 Adnumerare,
1731 844 1933 877 Computare.

1099 887 1117 913 I.
1135 888 1196 921 Sy.
1225 886 1375 915 Contineri,
1396 887 1600 917 Counumerari⁷
1621 885 1738 919 (0(11010,
1757 895 1781 911 v.
1802 885 1884 921 Iege).
1903 886 1932 912 fr.

1100 932 1122 956 l.
1141 931 1163 964 ξ.
1183 932 1206 956 Β.
1231 929 1262 956 de
1281 928 1379 966 postul.
1399 930 1422 954 3.
1444 931 1466 955 l.
1496 928 1526 954 fr.
1546 930 1587 954 44.
1608 929 1629 962 ξ.
1649 931 1672 954 5.
1698 928 1730 954 de
1748 927 1779 955 R.
1800 927 1831 954 N.
1850 930 1891 954 23.
1909 931 1933 955 2.

1098 972 1127 999 II.
1150 974 1216 1006 ΟΡ.
1250 972 1355 998 Caeteri
1375 972 1472 1004 (cives)
1493 972 1549 997 sine
1568 976 1616 997 etc.
1636 987 1669 990 ——
1688 970 1820 1000 Vniversi.
1840 981 1935 997 connu-

1099 1017 1204 1042 meratis
1225 1016 1301 1041 etiam
1322 1014 1483 1051 (patriciis).
1518 1013 1574 1040 Gai.
1594 1013 1612 1040 I.
1636 1015 1661 1040 3.
1687 1014 1708 1047 ξ.
1728 1015 1751 1040 4.
1775 1013 1793 1040 1.
1813 1013 1845 1039 (le
1864 1013 1882 1040 I.
1902 1013 1934 1040 N.

1100 1060 1122 1084 l.
1141 1060 1165 1085 2.
1203 1057 1245 1084 III.
1266 1059 1331 1085 (⁷²1.
1362 1056 1431 1082 Intra
1451 1056 1507 1082 dies
1525 1056 1611 1082 XXX.
1632 1056 1857 1083 connumerandos
1874 1062 1936 1093 post

1099 1101 1248 1127 divortium.
1279 1100 1310 1127 fr.
1332 1102 1354 1126 l.
1374 1100 1396 1134 ξ.
1418 1101 1440 1125 1.
1465 1098 1496 1125 de
1516 1098 1591 1134 adgn.
1611 1103 1637 1124 et
1655 1098 1686 1124 al.
1710 1102 1751 1125 25.
1771 1101 1795 1125 3.
1820 1109 1840 1126 0.
1860 1101 1885 1125 3.
1912 1100 1935 1126 si

1098 1145 1180 1170 maior
1198 1144 1257 1170 fact.
1278 1143 1309 1169 al.
1329 1145 1353 1168 5.
1373 1143 1414 1168 74.

1134 1188 1409 1219 conquassare.
1442 1186 1662 1211 Contrectare.
1691 1184 1732 1210 111,
1750 1186 1815 1212 (Ὓιι.
1835 1184 1864 1211 Si
1883 1195 1935 1211 ser-

1098 1240 1160 1261 vus,
1184 1235 1228 1256 aut
1248 1229 1371 1260 colonus,
1396 1243 1428 1247 --
1453 1227 1635 1263 conquassatis
1659 1227 1736 1253 rebus
1762 1228 1839 1253 certis
1859 1232 1936 1264 atque

1100 1273 1255 1301 subtractis.
1276 1276 1319 1298 aut
1338 1281 1366 1297 sc
1386 1272 1472 1308 ipsum
1491 1269 1591 1296 furatus
1612 1274 1660 1296 ete.
1690 1280 1710 1296 e.
1730 1271 1754 1296 6.
1774 1270 1795 1304 §.
1815 1272 1839 1296 5.
1859 1270 1891 1297 de
1910 1270 1934 1297 h.

1099 1326 1141 1352 qu.
1162 1315 1194 1341 ad
1214 1314 1276 1341 eccl.
1297 1315 1319 1340 1.
1341 1315 1381 1340 12.

1134 1357 1336 1390 Conqueri-
1376 1358 1544 1389 Qnerelant
1561 1356 1718 1391 proferre.
1751 1355 1769 1381 I.
1790 1356 1850 1389 Sy.
1871 1355 1937 1382 Cau-

1099 1402 1158 1427 sari.
1188 1400 1237 1426 Th.
1256 1400 1286 1426 C.
1306 1399 1336 1426 II.
1358 1401 1397 1425 19.
1419 1409 1439 1425 0.
1453 1400 1477 1425 5.
1498 1398 1529 1424 (10
1549 1398 1621 1424 inoff.
1642 1402 1744 1424 testam.
1764 1397 1794 1424 II.
1814 1400 1855 1424 21.
1877 1409 1898 1425 c.
1913 1401 1935 1425 1.
1982 1400 1989 1403 ”

1100 1445 1131 1471 de
1150 1444 1222 1470 inoff.
1247 1442 1301 1469 «lot.
1339 1441 1565 1473 Commemorare,
1589 1440 1734 1472 Adsum-e,
1759 1440 1936 1468 Contendere.

1100 1499 1120 1514 c.
1140 1491 1163 1513 S.
1184 1486 1217 1513 de
1236 1485 1260 1512 d.
1279 1495 1311 1511 m.
1331 1487 1355 1511 2.
1375 1486 1417 1510 21.
1442 1494 1463 1510 c.
1482 1486 1498 1501 ’Ἰ
1528 1494 1567 1520 sq.
1588 1494 1609 1509 0.
1630 1484 1652 1509 6.
1673 1483 1705 1510 (10
1724 1483 1753 1510 L.
1767 1483 1836 1520 Aqu.
1856 1486 1880 1510 3.
1893 1486 1936 1511 35.

1484 1500 1506 1510 ,1.

1077 1555 1078 1559 ,
1100 1530 1141 1557 III.
1158 1531 1223 1557 Cn.
1251 1529 1280 1554 Si
1298 1538 1346 1565 per
1358 1527 1390 1554 Y.
1404 1528 1543 1553 continuos
1561 1536 1642 1553 anuos
1654 1526 1762 1552 —nihil
1777 1532 1937 1563 conquestus

1101 1584 1128 1599 es
1148 1582 1228 1610 super
1245 1571 1291 1597 tali
1310 1570 1474 1597 alienatione.
1499 1581 1519 1596 0.
1539 1571 1562 1596 3.
1583 1571 1606 1596 si
1626 1571 1708 1596 maior
1727 1569 1784 1596 fact.
1806 1569 1837 1596 al.
1857 1572 1880 1596 5.
1895 1571 1935 1596 74.

1101 1617 1233 1652 Quoniam
1246 1614 1304 1640 Afri
1324 1613 1435 1640 curiales
1456 1614 1594 1649 conquesti
1613 1617 1682 1644 sunt,
1702 1628 1734 1632 —-
1754 1612 1872 1639 iubemus
1886 1618 1935 1639 etc.

1101 1659 1151 1686 Th.
1174 1659 1205 1685 C.
1225 1657 1281 1684 XII.
1303 1659 1325 1683 1.
1346 1668 1366 1683 0.
1387 1659 1428 1683 21.
1448 1656 1481 1682 (10
1500 1656 1632 1682 decurion.

1136 1700 1376 1733 Conquestio.
1416 1700 1634 1732 Querimonia.
1672 1697 1714 1723 III.
1738 1699 1803 1725 On.
1832 1698 1937 1734 Quodsi

1100 1743 1246 1782 probabilis
1266 1742 1343 1768 fuerit
1362 1746 1387 1767 et
1405 1742 1473 1767 iusta
1492 1742 1655 1777 conquestio.
1684 1740 1721 1766 Ib.
1741 1739 1784 1766 VI.
1805 1742 1828 1767 4.
1854 1752 1874 1767 c.
1894 1743 1936 1767 22.

1100 1789 1121 1821 ξ.
1142 1789 1166 1813 5.
1186 1786 1218 1812 de
1236 1785 1321 1811 Praet.
1342 1789 1366 1810 et
1387 1784 1438 1819 Qu.

1136 1828 1426 1861 Conquiescere.
1451 1827 1481 1860 ξ.
1498 1828 1532 1853 1.
1555 1829 1739 1860 Quiescere,
1762 1826 1837 1853 Orio
1851 1827 1935 1862 frui.

1100 1873 1118 1899 l.
1130 1874 1192 1906 Sy.
1212 1871 1335 1897 Otiosum
1349 1879 1416 1895 esse.
1435 1869 1472 1896 Ib.
1487 1869 1530 1896 Vl.
1549 1871 1591 1896 26.
1612 1879 1632 1896 c.
1647 1870 1670 1895 6.
1685 1878 1724 1905 sq.
1739 1868 1771 1895 dc
1782 1879 1856 1905 prox.
1871 1879 1935 1896 com.

1102 1916 1170 1952 disp.
1201 1930 1234 1934 ——
1265 1914 1295 1946 ς’.
1317 1915 1352 1940 2.
1387 1915 1614 1947 Adquieseere,
1647 1914 1788 1938 Cessare.
1830 1911 1848 1938 l.
1874 1913 1937 1947 Sy.

1101 1959 1216 1985 Immune
1236 1966 1307 1987 csse.
1332 1956 1446 1982 Cessare
1469 1956 1500 1989 (a
1518 1955 1652 1983 molestia.
1672 1965 1696 1981 v.
1717 1954 1839 1981 censibus
1860 1956 1935 1988 etc.).

1100 2002 1137 2028 lb.
1156 2000 1227 2027 RYI.
1246 2002 1270 2026 2.
1291 2009 1311 2025 0.
1332 2000 1371 2025 14.
1391 2008 1429 2035 pr.
1450 1998 1487 2031 ἐξ.
1501 2000 1525 2024 2.
1546 2008 1603 2034 sqq.
1625 2009 1645 2024 c.
1662 1999 1701 2024 15.
1721 1997 1752 2023 de
1773 1998 1852 2034 episc.
1872 1997 1936 2024 eccl.

1101 2044 1144 2071 III.
1164 2045 1229 2071 Cn.
1262 2041 1380 2068 Sublatis
1406 2041 1619 2078 susceptoribus,
1644 2041 1816 2076 grassantium
1841 2040 1936 2077 cupido

1102 2086 1274 2123 conquiescit.
1302 2084 1375 2111 Paul.
1394 2083 1426 2110 V.
1450 2086 1473 2110 3.
1498 2084 1520 2117 §.
1539 2086 1563 2110 4.
1607 2083 1681 2119 Quae
1701 2082 1780 2108 multa
1800 2092 1852 2108 non
1871 2092 1937 2109 sem-

1102 2141 1150 2168 per
1169 2129 1324 2166 imponitur,
1349 2126 1395 2153 sed
1418 2128 1507 2164 potius
1527 2127 1697 2163 conquiescit.
1717 2127 1739 2151 si
1759 2130 1807 2151 etc.
1837 2125 1886 2151 Th.
1904 2125 1935 2152 C.

1101 2173 1145 2200 IV.
1165 2174 1189 2199 9.
1209 2182 1230 2198 0.
1251 2173 1273 2197 l.
1293 2170 1406 2204 (ch.)
1431 2169 1463 2196 de
1481 2171 1513 2196 iis
1533 2180 1576 2206 qu.
1596 2180 1609 2195 a
1629 2178 1681 2194 uon
1701 2167 1768 2194 dom.
1806 2167 1935 2204 Perpetuo

1103 2216 1207 2243 silentio
1227 2215 1404 2250 conquiescat.
1425 2213 1475 2238 nisi
1494 2217 1542 2238 etc.
1571 2212 1607 2238 Ib.
1627 2211 1657 2237 II.
1679 2213 1717 2237 15.
1739 2221 1759 2237 0.
1776 2212 1796 2237 1.
1818 2211 1849 2237 (10
1863 2210 1886 2237 d.
1902 2221 1933 2236 m.

1102 2260 1139 2286 Yt
1158 2263 1248 2286 coetus
1269 2257 1413 2283 haereticae
1433 2256 1611 2292 usurpationis
1631 2255 1860 2290 conquiescerent,
1884 2254 1934 2279 ius-

1103 2304 1192 2328 simus.
1221 2301 1257 2327 lb.
1277 2299 1347 2326 XYI.
1367 2302 1390 2325 5.
1411 2309 1431 2325 0.
1451 2300 1474 2324 4.
1494 2308 1533 2334 sq.
1553 2298 1585 2324 de
1604 2297 1726 2323 haeretic.

1139 2344 1384 2377 conquirere.
1422 2342 1452 2374 ξ.
1475 2343 1509 2368 l·
1543 2342 1722 2375 Colligere,
1753 2341 1878 2373 Cogere.
1914 2337 1933 2363 I.

1103 2390 1164 2422 Sy.
1195 2389 1340 2422 Quaerere,
1360 2385 1508 2420 Inquirerc,
1527 2383 1686 2419 Iuvestigarc
1705 2382 1844 2417 (fugitivos
1864 2380 1934 2413 etc.).

1103 2431 1133 2457 sr.
1153 2433 1177 2456 4.
1198 2430 1229 2456 de
1250 2429 1292 2455 off.
1313 2427 1365 2453 Prt'.
1382 2426 1456 2463 Yigg.
1477 2428 1499 2453 l.
1520 2428 1560 2452 15.
1580 2426 1610 2452 fr.
1628 2428 1652 2452 3.
1673 2425 1702 2452 fr.
1723 2426 1761 2449 13.
1781 2433 1819 2459 pr.
1839 2422 1871 2449 de
1890 2423 1933 2449 off.

1103 2474 1190 2500 Praes.
1212 2474 1233 2498 l.
1256 2474 1294 2497 1⁸.
1316 2470 1345 2496 fr.
1361 2472 1382 2496 1.
1404 2469 1426 2503 ξ.
1439 2472 1463 2496 2.
1478 2469 1507 2495 fr.
1521 2471 1545 2496 3.
1566 2469 1598 2495 (10
1617 2468 1687 2504 fugit.
1709 2468 1746 2491 11.
1762 2467 1784 2490 4.
1812 2465 1934 2493 111.th-

1104 2517 1157 2552 Qui
1171 2517 1197 2542 in
1211 2514 1326 2541 fraudem
1340 2513 1448 2539 alicuius
1461 2512 1565 2543 librum.
1580 2511 1621 2537 vel
1635 2509 1818 2539 testimonium.
1832 2507 1935 2534 aliudve

1106 2559 1169 2596 quid
1190 2558 1367 2593 conquisisse.
1391 2555 1433 2581 vel
1452 2556 1606 2592 scripsisse,
1630 2552 1671 2578 vel
1690 2553 1715 2577 iu
1735 2550 1857 2576 iudicium
1876 2561 1935 2587 pro-

1105 2602 1198 2628 tulisse
1222 2600 1351 2626 dicuntur.
1385 2598 1414 2624 sr.
1435 2600 1458 2624 6.
1483 2599 1504 2631 ᾗ.
1524 2599 1547 2623 4.
1573 2596 1604 2622 ad
1628 2595 1654 2621 S.
1675 2593 1705 2620 C.
1726 2593 1807 2630 Turp.
1832 2595 1872 2619 46.
1894 2594 1933 2619 16,

1105 2644 1271 2680 Conquisitis
1292 2642 1407 2678 undique
1426 2641 1519 2669 fabris.
1544 2644 1569 2665 et
1590 2637 1710 2675 plurimis
1729 2637 1816 2673 opcr1s
1836 2635 1934 2661 adhibi-

1106 2689 1148 2719 tis,
1167 2687 1298 2713 festinare.
1328 2685 1357 2711 sr.
1379 2687 1435 2711 137.
1456 2684 1477 2717 ᾗ.
1496 2685 1520 2708 3.
1544 2682 1576 2708 (10
1595 2680 1627 2707 V.
1647 2680 1679 2706 O.
1699 2680 1739 2705 45.
1761 2681 1782 2705 l.
1820 2678 1935 2714 Conqui-

1106 2741 1163 2757 rcre
1183 2729 1350 2764 (sacrilegos,
1370 2728 1484 2753 latrones
1504 2724 1569 2757 etc.)
1589 2728 1627 2755 et,
1646 2727 1724 2759 prout
1743 2723 1854 2758 quisque
1873 2720 1935 2747 deli-

1107 2774 1204 2810 querit.
1230 2774 1256 2798 in
1281 2782 1337 2798 eum
1363 2768 1574 2796 animadvertere.
1601 2765 1632 2792 fr.
1651 2767 1674 2792 4.
1699 2765 1721 2798 §.
1740 2767 1765 2791 2.
1791 2764 1822 2790 ad
1840 2761 1933 2789 L.1ul.

1107 2816 1192 2853 pecul.
1212 2817 1253 2841 48.
1275 2816 1313 2840 13.
1346 2829 1377 2833 —-
1409 2812 1439 2844 ξ.
1467 2811 1502 2836 2.
1535 2811 1729 2844 Exquirere.
1761 2808 1933 2840 Inquirere.

1462 2855 1496 2878 25
