2197 3121
1007 178 1096 208 PLE.

184 264 204 288 1.
226 263 248 289 9.
269 262 300 289 sr.
320 263 343 288 9.
364 262 385 295 5.
408 264 446 288 15,
467 262 496 288 fr.
519 263 558 287 10.
577 261 597 294 5.
617 262 642 286 2.
663 259 694 286 de
714 270 790 297 poen.
810 260 906 286 4819.
926 259 977 286 Th.
990 259 1019 286 C.

182 304 236 331 Vll.
259 307 297 331 13.
319 315 339 331 c.
361 307 383 331 7.
404 306 425 339 5.
444 307 468 331 2.
489 304 520 331 de
539 304 617 330 tiron.
654 302 784 334 potiores,
807 304 823 329 i.
843 313 863 328 e.
884 313 1022 339 possessu·
1042 311 1044 332 f

182 358 232 374 reS.
248 364 277 368 —
299 347 448 379 Inferiores.
468 347 510 374 vel
529 346 634 384 plebeii.
654 345 691 372 lb.
705 345 750 372 XI.
772 348 810 371 15.
831 355 850 372 e.
863 346 887 371 2.
909 344 940 371 de
959 345 1020 382 pub.

182 395 323 427 comparat.
342 390 385 417 ΠΙ.
401 392 467 418 Gn.
487 389 621 416 Tribunos
635 389 686 415 sibi
701 404 731 408 —-
748 389 846 415 creavit
859 389 906 420 (sc.
922 388 1020 425 plebs.)

183 435 228 470 qui
248 438 337 460 essent
356 433 452 470 plebeii
471 432 644 467 magistratus.
665 431 693 457 fr.
713 433 737 457 2.
758 431 779 464 5.
793 433 833 456 20.
854 430 886 457 de
907 430 939 457 O.
959 430 977 457 1.
998 433 1020 457 1.

181 478 204 503 2.
247 476 275 503 Si
301 477 326 502 in
352 486 458 502 numero
484 474 646 512 plebeiorum
673 473 743 500 filius
769 478 830 500 tuus
854 478 901 499 est.
932 473 959 499 fr.
982 475 1020 499 14.

182 519 204 552 5.
224 521 246 545 4.
268 518 300 545 de
319 529 387 544 mun.
408 523 433 544 et
453 517 513 543 bon.
533 519 575 542 50.
594 519 618 543 4.
656 516 756 543 Reiecti
780 517 807 542 in
831 516 948 542 ordinem
968 516 1022 553 ple·
1042 535 1044 547 ,

183 561 308 587 beiorum.
328 560 376 587 Th.
397 560 428 587 C.
448 560 493 586 IX.
513 561 553 586 45.
573 570 594 586 c.
614 561 638 585 5.
659 559 691 585 de
711 559 735 586 h.
756 568 797 595 qu.
818 558 850 584 ad
869 558 931 585 eccl.
964 558 1022 585 Ple.-

183 603 240 629 beia
259 605 342 640 stirpe
361 603 522 640 progenitus.
547 602 584 628 Ib.
604 602 620 628 I.
643 604 682 628 12.
704 613 724 628 c.
744 604 767 628 4.
788 600 905 634 (ch.)
925 600 957 627 de
977 601 1020 628 off.

183 646 256 672 Proc.
278 651 303 671 et
315 645 377 682 Leg.
402 646 505 672 Abiecti
526 646 551 671 in
571 645 667 671 faecem
686 645 865 680 vilitatemque
884 644 1021 681 plebeiam.

182 689 218 715 lb.
233 689 276 715 IX.
291 690 332 714 42.
353 699 373 714 c.
393 690 416 715 5.
437 688 469 714 de
488 688 548 714 bon.
568 698 669 725 proscr.
706 687 776 713 Inter
794 688 924 724 pessimos
945 696 1022 723 quos-
1042 687 1044 694 ’

183 742 233 768 que
253 736 278 757 et
296 731 416 768 plebeios
437 730 587 758 habeantur.
607 731 644 757 lb.
664 730 707 756 IX.
727 732 768 756 27.
790 740 811 756 c.
833 732 854 756 1.
875 730 906 756 ad
924 729 953 756 L.
974 729 1020 756 lul.
1042 731 1044 741 ¹

182 779 263 811 repet.

220 817 480 844 Plebiscituln.
518 818 595 848 Lex,
617 825 706 850 quam
724 818 811 849 plebs
829 818 860 843 R.
878 826 933 850 per
952 817 1021 851 suf·
1042 815 1043 821 ¹

176 862 299 896 fragia
319 862 425 886 iussit.
463 859 481 886 1.
497 860 558 893 Sy.
580 858 658 894 Quod
678 858 755 895 plebs
775 859 848 885 iubet
867 863 943 894 atque
963 868 1022 884 con-

181 904 275 929 stituit.
296 902 352 929 Gai.
372 902 389 928 I.
410 905 435 928 3.
456 902 485 928 l'r.
505 904 529 928 2.
549 902 569 935 5.
590 904 612 927 δ.
633 900 665 927 de
686 902 718 927 O.
739 901 756 928 1,
772 903 794 928 1.
807 904 832 928 2.
868 901 930 933 Lex,
946 911 1021 938 quam

182 946 303 972 tribunus
323 944 359 982 pl.
380 956 392 970 a
412 944 490 982 plebe
508 945 616 980 rogavit.
637 944 667 970 fr.
689 946 711 970 l.
730 945 752 978 5
774 946 794 970 l.
815 944 847 971 ad
866 943 895 970 L.
915 945 983 981 Aqu.
997 945 1020 970 9.

181 991 205 1014 2.
243 988 285 1014 111.
306 989 371 1015 Cn·
391 988 527 1014 Adversus
546 987 625 1023 leges,
644 987 797 1024 plebiscita,
818 987 917 1018 S.Cta,
937 987 1021 1013 edicta

182 1031 332 1068 Principum
352 1035 444 1068 (pacta
465 1035 592 1057 conventa
611 1030 702 1062 facta.)
725 1030 755 1056 fr.
776 1032 798 1057 7.
818 1031 839 1064 5.
861 1032 882 1056 7.
903 1030 935 1056 de
954 1035 1021 1067 pact.

180 1076 204 1100 2.
227 1076 265 1100 14.
287 1073 319 1099 cl'.
344 1073 373 1100 fr.
395 1076 416 1100 1.
441 1074 463 1107 5.
483 1074 506 1100 8.
531 1073 563 1100 de
587 1074 685 1110 postul.
704 1074 727 1099 3.
750 1075 770 1099 l.
809 1074 884 1109 Quae
907 1073 949 1100 lex
968 1073 1021 1110 ple-
1042 1068 1044 1091 i

182 1116 304 1143 biscitum
324 1121 371 1143 est.
391 1115 421 1142 fr.
444 1118 465 1142 l.
491 1117 512 1150 5.
534 1118 556 1142 1.
576 1116 608 1142 ad
627 1115 656 1142 L.
676 1116 744 1152 Aqu.
764 1118 787 1142 9.
807 1118 829 1142 2.
853 1116 884 1142 ct'.
902 1115 931 1142 L.
953 1116 1020 1142 Gall.
1042 1115 1044 1119 ’

182 1159 281 1196 Cisalp.
302 1159 319 1185 I.
337 1160 378 1185 29.
397 1160 439 1184 38.
460 1169 499 1195 sq.
536 1158 565 1185 L.
586 1159 726 1185 Hortensia
751 1159 800 1185 lata
821 1164 874 1191 est,
896 1169 945 1195 qua
965 1169 1022 1185 cau·
1042 1168 1044 1170 ·

182 1207 235 1228 tum
259 1207 311 1227 est:
342 1206 369 1228 ut
397 1201 535 1239 plebiscita
565 1203 715 1228 universum
743 1201 869 1239 populum
894 1206 1020 1228 tenerent.

182 1245 238 1271 Gai.
258 1244 276 1270 I.
296 1246 320 1270 3.

218 1289 344 1314 Plebs.
382 1288 412 1320 §-
428 1289 462 1314 l.
483 1289 611 1314 Civium
630 1290 661 1314 R.
678 1297 757 1321 pars
776 1289 850 1319 illa,
872 1298 950 1322 quae
970 1298 1020 1314 su-

180 1337 311 1364 pererat
330 1332 477 1356 deductis
493 1332 665 1364 patriciis.
704 1329 722 1356 1.
736 1331 798 1364 Sy.
819 1329 921 1356 Cat-teri
941 1331 1020 1361 cives.

181 1374 238 1400 sine
256 1374 382 1410 patriciis.
403 1372 459 1399 Gai.
478 1372 495 1398 1.
515 1374 539 1398 3.
560 1373 590 1399 εἴ.
611 1373 641 1399 sr.
660 1374 719 1399 238.
740 1383 778 1410 pr.
799 1373 830 1399 de
844 1372 910 1399 V.S.
924 1374 1020 1399 50.16.
1042 1389 1043 1411 ἢ

1041 1437 1043 1449 4
1066 1418 1127 1449 ete.)
1148 1417 1176 1443 [ι’.
1195 1420 1219 1443 2.
1239 1417 1260 1450 5
1282 1419 1303 1443 1.
1328 1415 1360 1442 ad
1380 1415 1444 1442 S.C.
1468 1415 1534 1442 Vell.
1556 1418 1596 1441 16.
1618 1417 1639 1442 l.
1664 1416 1694 1441 sr.
1716 1417 1754 1442 15.
1775 1415 1806 1442 de
1825 1426 1902 1453 poen.

181 1416 211 1443 11.
231 1418 298 1450 Op.
322 1415 448 1452 Populus.
473 1416 529 1441 Gai.
550 1415 567 1441 l.
586 1415 603 1442 l.
629 1415 658 1442 l'r.
677 1418 701 1442 2.
725 1416 746 1449 5.
767 1417 791 1442 9.
811 1415 842 1442 de
863 1416 895 1442 O.
915 1415 932 1442 I.
956 1418 976 1443 1.
996 1419 1019 1442 2.

181 1459 223 1486 111.
244 1461 309 1487 Cn.
339 1459 433 1485 Omnis
457 1458 533 1495 plebs
558 1458 662 1484 urbana.
688 1458 718 1485 fr.
737 1461 761 1485 2.
786 1459 807 1492 5.
826 1461 869 1484 24.
894 1458 928 1485 ib.
955 1461 976 1485 l.
996 1461 1020 1485 2.

182 1502 249 1529 Cum
268 1502 346 1539 plebs
365 1513 378 1528 a
398 1501 520 1527 Patribus
540 1503 705 1533 secessisset,
726 1517 755 1520 —
780 1501 899 1527 tribunos
919 1502 970 1528 sibi
990 1517 1021 1521 -

182 1546 287 1572 creavit.
317 1545 346 1571 fr.
366 1546 389 1570 2.
416 1545 453 1578 55.
473 1548 514 1570 20.
539 1554 578 1580 sq.
603 1544 637 1570 ib.
665 1546 685 1570 1.
708 1547 732 1570 2.
775 1544 849 1579 Quae
868 1543 896 1570 L.
917 1544 1021 1581 Aquilia

182 1588 350 1624 plebiscitum
370 1592 418 1619 est,
439 1597 496 1613 cum
516 1597 570 1613 eam
584 1587 706 1623 Aquilius
726 1587 846 1613 tribunus
867 1587 901 1624 pl.
918 1598 930 1613 a
944 1588 1021 1624 plebe

182 1632 319 1667 rogaverit.
339 1630 369 1656 fr.
394 1633 412 1656 1.
433 1631 498 1663 5.1.
518 1630 549 1656 ad
568 1629 597 1655 L.
619 1632 685 1666 Aqu.
706 1632 729 1656 9.
749 1632 773 1656 2.
789 1646 819 1649 —
840 1631 870 1663 ξ.
883 1632 917 1656 2.
943 1632 1018 1656 1ἰιί-
1042 1647 1043 1651 .

185 1675 323 1700 versitas
342 1675 523 1699 incolarum
544 1675 632 1699 urbis
653 1676 774 1700 Romae.
812 1673 829 1699 1.
850 1674 911 1707 Sy.
936 1673 1020 1710 Popu-
1042 1675 1043 1682 ¹

184 1714 234 1741 lus.
254 1715 323 1742 Coll.
343 1715 396 1742 LL.
416 1715 450 1742 Μ.
470 1715 501 1742 V.
520 1717 543 1742 3.
564 1715 614 1742 Th.
635 1715 666 1742 C.
686 1716 743 1743 XII.
764 1717 786 1742 l.
807 1726 827 1742 c.
843 1717 883 1742 74.
903 1716 924 1750 5.
944 1719 967 1742 3.
989 1716 1021 1742 de

184 1757 315 1784 decurion.
337 1774 369 1777 —
389 1759 420 1791 §.
441 1759 477 1784 3.
503 1761 704 1786 Plebeiorum
723 1769 838 1793 eorpus
858 1760 888 1785 in
907 1761 1020 1794 singu-

183 1802 225 1826 lis
249 1803 423 1835 quibusque
452 1803 652 1829 civitatibus
680 1804 813 1836 imperii
835 1803 865 1827 R.
902 1801 932 1827 11.
953 1803 1043 1835 ⁰1).¹

183 1843 358 1875 Decuriones,
377 1843 506 1870 Can-iales.
532 1844 569 1870 Ib.
590 1844 607 1870 I.
629 1846 668 1870 11.
695 1854 716 1870 c.
735 1847 759 1870 2.
780 1844 811 1870 de
831 1844 930 1870 defens.
950 1845 1020 1870 civit.

184 1885 251 1911 Νῦν.
267 1885 379 1912 Val.111.
400 1886 432 1912 de
452 1888 541 1913 tribut.
561 1887 617 1913 fisc.
637 1886 666 1912 11.
683 1888 721 1913 19.
742 1897 763 1913 c.
778 1889 799 1914 l.
819 1887 840 1921 5
855 1890 878 1913 9.
903 1887 942 1913 Ill.
956 1889 1020 1914 Cn.

183 1928 338 1965 Municipes,
357 1928 487 1960 honorati.
508 1929 659 1966 plebesque.
683 1929 850 1956 Nov.]1aior.
872 1930 903 1956 de
922 1929 1020 1956 defens.

185 1972 253 1998 civit.
272 1970 316 1997 lv.
336 1974 359 1997 2.
385 1982 405 1998 c.
427 1973 448 1998 1.
474 1971 560 1998 Valer.
584 1971 661 1998 Prob.
685 1972 717 1998 de
742 1978 796 1999 not.
814 1972 845 1999 R.
870 1983 893 1999 v.
918 1972 955 1999 Pl.
975 1972 1020 1999 Vr.

184 2014 218 2040 Et
242 2013 308 2039 Hon.
332 2013 365 2040 V.
407 2014 505 2040 Omnes
530 2014 644 2045 iudices,
674 2015 839 2051 urban-‘neque
862 2015 968 2052 plebes,
996 2021 1021 2042 ct

186 2061 336 2083 cunctarum
356 2058 448 2083 artium
468 2056 562 2083 ol'licia.
587 2068 608 2083 c.
627 2060 651 2084 3
671 2057 703 2084 de
723 2057 803 2084 seriis.
821 2060 906 2084 3.12.
942 2058 1021 2096 Apud

186 2100 349 2135 magistratus
374 2099 558 2137 municipales,
583 2100 625 2127 vel
650 2100 718 2138 apud
743 2100 907 2128 defensorem
927 2101 1020 2138 plebis.

187 2141 235 2167 Th.
256 2141 286 2168 C.
307 2141 374 2168 VIII.
396 2144 434 2169 12.
455 2153 476 2169 c.
496 2144 520 2169 8.
539 2144 560 2177 5.
582 2145 604 2169 1.
630 2143 662 2170 de
686 2143 773 2170 donat.
815 2144 871 2170 Sub
895 2144 1021 2182 adspectu

187 2183 280 2220 plebis.
300 2195 321 2211 c.
342 2187 364 2211 l.
389 2184 422 2211 de
445 2185 469 2211 h.
496 2196 538 2222 qu.
562 2181 672 2213 in'eccl.
693 2188 715 2213 1.
737 2189 776 2214 13.
801 2203 832 2206 —
856 2188 887 2220 §.
906 2189 944 2214 4.
965 2189 1021 2214 Co-

188 2229 255 2252 loni
282 2230 401 2254 rustici
426 2228 532 2264 (glebae
556 2229 706 2266 adscripti.)
744 2230 762 2256 I.
789 2231 851 2264 Sy.
875 2230 1020 2263 Rusticani,

188 2268 267 2295 Plebs
280 2270 417 2302 rusticana,
436 2271 563 2309 Mancipia
577 2272 716 2310 adscripta.
736 2272 785 2299 Th.
800 2272 830 2299 C.
844 2273 888 2299 XI.
904 2275 926 2299 1.
947 2284 967 2300 c.
978 2275 1019 2300 26.

189 2311 221 2337 de
241 2320 298 2336 ann.
318 2316 343 2337 et
361 2314 419 2340 trib.
438 2314 482 2341 XI.
501 2317 525 2342 3.
546 2325 567 2341 c.
586 2317 610 2341 2.
630 2316 686 2341 sine
705 2325 785 2341 censu
804 2325 827 2342 v.
846 2316 938 2353 reliqu.
951 2317 1019 2344 XIII.

190 2356 212 2379 1.
233 2364 253 2379 e.
276 2355 314 2379 10.
334 2353 366 2379 de
384 2354 458 2383 lustr.
478 2357 565 2384 collat.

226 2397 413 2423 Plectere-
441 2399 471 2432 ξ.
481 2401 515 2426 1.
536 2402 663 2432 Ferire,
684 2403 808 2428 Punire.
845 2401 864 2427 I.
884 2403 945 2436 Sy.
964 2402 1021 2429 Pati

190 2449 308 2476 poenam,
327 2437 426 2471 puniri,
445 2439 534 2469 Plecti.
554 2443 583 2470 I'r.
598 2445 637 2470 14.
657 2444 694 2478 55.
708 2445 731 2470 9.
754 2445 792 2469 ll.
813 2443 864 2479 Qu.
883 2449 943 2470 met.
963 2455 982 2471 e.
997 2447 1020 2471 4.

190 2484 213 2507 2.
234 2481 262 2507 [ι’.
284 2482 305 2507 1.
331 2481 367 2514 55
387 2482 410 2506 9.
430 2491 470 2518 sq.
490 2485 529 2510 13.
552 2486 584 2512 ad
603 2486 673 2513 S.C.
693 2486 774 2524 Turp.
794 2488 835 2514 48.
858 2488 896 2513 16.
920 2487 969 2513 Th.
989 2487 1020 2515 C.

190 2523 260 2550 XVI.
284 2526 307 2549 5.
332 2534 352 2549 c.
376 2524 418 2549 34.
441 2534 480 2561 pr.
504 2525 536 2551 de
558 2527 654 2556 haeret.
700 2529 809 2561 Teucri,
837 2529 1021 2563 Condemnari,

191 2567 323 2597 Danunari.
342 2566 433 2593 I‘leeti.
454 2566 484 2593 fr.
504 2569 527 2594 7.
547 2570 583 2603 55.
601 2573 627 2597 3.
649 2574 741 2599 10.14.
761 2572 794 2599 de
813 2572 879 2599 adm.
899 2578 924 2599 et
942 2575 1020 2610 peric.

190 2611 231 2636 26.
252 2611 274 2635 7.
295 2608 325 2635 fr.
344 2610 368 2635 4.
388 2609 420 2635 de
439 2615 504 2636 cust.
525 2616 550 2637 et
568 2612 653 2640 exhib.
666 2616 707 2641 48.
725 2617 749 2642 3.
785 2615 828 2642 III.
843 2617 908 2644 Gn.
927 2616 1023 2643 Evenit

192 2658 220 2679 ut
239 2651 327 2678 eadem
346 2651 444 2678 scelera
468 2654 494 2679 in
514 2654 667 2690 quibusdam
685 2659 828 2694 provinciis
847 2660 950 2695 gravius
969 2659 1022 2696 ple-

193 2700 302 2721 ctantur.
324 2694 352 2720 fr.
374 2696 413 2721 16.
433 2696 454 2729 5.
474 2698 497 2722 9.
521 2696 553 2723 de
576 2707 652 2734 poen.
671 2700 711 2726 48.
732 2703 771 2728 19.
807 2702 865 2728 Erit
888 2707 959 2729 extra
984 2713 1023 2729 or-

193 2738 279 2764 dinem
299 2737 461 2774 plectendus,
481 2739 581 2766 modica
597 2745 679 2766 tamen
692 2745 856 2771 coercitione.
876 2745 906 2771 fr.
920 2747 943 2772 S.
963 2746 984 2779 5.
998 2748 1022 2772 2.
1044 2738 1045 2743 ¹

398 2782 420 2806 τ,
441 2781 471 2807 cr.
497 2782 526 2808 fr.
545 2784 569 2809 3
594 2783 624 2809 ..d
645 2783 709 2809 sc.
729 2784 810 2823 Turp.
829 2789 870 2814 43.
892 2790 930 2815 16.
968 2788 1025 2815 cri-
1045 2774 1047 2814 ἓ

195 2780 226 2806 de
244 2780 316 2810 relig.
339 2782 377 2806 11.

196 2833 253 2849 men
271 2810 446 2860 plectendum.
467 2823 516 2851 Th.
531 2825 560 2852 C.
575 2826 607 2852 X.
623 2828 661 2853 10.
683 2836 702 2852 c.
717 2828 757 2853 15.
777 2828 809 2855 de
820 2832 893 2866 petit.
912 2837 938 2858 et
956 2831 1025 2859 ultro

1845 182 1904 211 721

1042 263 1044 286 i
1069 260 1119 287 dat.
1157 259 1252 297 Capite
1277 271 1334 287 eum
1359 261 1474 298 plectere
1499 271 1550 287 non
1575 261 1715 287 dubitabis.
1741 272 1760 287 cv
1782 263 1804 287 7.
1825 261 1857 288 ad
1875 261 1903 288 L.

1067 303 1127 329 Fal).
1147 302 1179 329 de
1197 302 1264 340 plag.
1284 305 1307 330 9.
1328 306 1369 330 20.
1408 303 1492 330 Poena
1514 305 1695 341 (pecuniaria)
1716 304 1803 341 plecti.
1831 304 1861 330 fr.
1880 306 1903 330 4.

1042 339 1044 375 f
1066 346 1099 372 de
1118 351 1184 373 cust.
1204 350 1229 372 et
1252 346 1339 372 exhib.
1358 349 1398 373 48.
1419 348 1442 373 3.
1480 346 1586 373 Infamia
1610 347 1697 384 plecti.
1723 347 1765 373 fr.
1787 347 1818 373 de
1838 347 1855 373 1.
1876 347 1902 373 F.

1042 387 1044 432 ὲ
1066 389 1087 422 5.
1109 390 1148 415 16.
1164 404 1196 408 -
1216 389 1247 422 ξ.
1261 390 1295 415 2.
1318 390 1595 423 Comprehendere.
1632 390 1650 416 I.
1664 391 1726 424 Sy.
1747 389 1903 427 Complecti.

1042 433 1044 440 '
1067 432 1107 458 Cf.
1128 432 1153 458 li.
1173 442 1197 458 v.
1218 432 1239 465 5.
1259 433 1283 457 2.

1104 474 1326 502 Plectibilis.
1352 473 1490 507 (Adiect.)
1519 475 1549 508 ἓ.
1571 476 1604 501 1.
1626 477 1824 502 plectendus.
1860 475 1902 501 Ill.

1067 519 1132 544 (711.
1153 516 1284 544 Plectibili
1303 518 1474 554 usurpatione
1494 519 1703 553 (praesumtum.)
1723 517 1773 544 Th.
1789 517 1903 544 CXIV.

1065 561 1088 586 3.
1109 571 1130 586 c..
1148 561 1185 586 16.
1206 559 1238 586 de
1252 560 1344 596 pistor.
1365 558 1396 585 cf.
1411 559 1480 585 XVI.
1495 561 1518 585 5.
1539 570 1560 586 c.
1574 562 1598 585 5.
1619 559 1649 585 de
1664 559 1759 588 haeret.
1774 577 1805 580 —
1825 561 1856 594 §.
1867 562 1903 587 2.

1066 605 1219 629 Plectens.
1261 602 1279 629 I.
1300 604 1361 636 Sy.
1389 601 1529 638 Congruae
1553 602 1742 629 emendationis
1767 613 1901 630 occursus.

1066 645 1196 672 Plectibili
1216 646 1357 672 severitate
1377 644 1543 671 obviandum.
1570 644 1606 670 Ib.
1627 644 1682 670 Ml.
1705 647 1725 671 l.
1752 656 1773 671 e.
1795 647 1851 672 161.
1871 645 1904 672 de

1066 688 1200 715 decurion.

1104 731 1318 758 Plenarius.
1351 730 1490 764 (Adiect.)
1531 732 1745 757 Vniz‘crsalis.
1781 731 1812 757 11.
1836 733 1903 766 ΟΡ.

1065 773 1247 805 particularis,
1267 790 1299 793 —
1323 773 1443 800 Plenaria
1463 774 1621 807 (securitas,
1646 783 1665 799 s.
1686 773 1809 810 apocha.)
1836 774 1903 801 Nov.

1067 818 1124 842 128.
1145 827 1165 843 c.
1185 819 1209 843 3.
1238 816 1284 843 Iul.
1311 827 1351 854 ep.
1371 826 1430 843 nov.
1457 826 1478 843 c.
1500 817 1556 842 124.
1582 816 1604 850 5.
1623 818 1682 842 543.
1704 816 1750 849 [el'.
1772 827 1794 842 v.
1815 816 1903 844 Plana-

1066 858 1144 893 rius.]
1226 863 1230 867 “

1103 903 1234 929 Plene.
1254 902 1366 935 (Advb.)
1386 903 1417 936 §-
1429 905 1463 929 1.
1485 904 1634 936 copiose,
1655 903 1744 928 Late.
1782 902 1823 928 111,
1838 904 1904 930 Cn.

1066 945 1151 971 Minus
1170 945 1248 981 plene
1267 945 1352 971 edere.
1374 961 1405 964 —
1425 944 1532 971 Plenius
1552 945 1698 971 restituere.
1719 944 1747 970 sr.
1770 946 1792 971 7.
1811 955 1850 981 pr.
1871 945 1904 972 de

1042 1010 1044 1022 ι
1066 987 1158 1014 edeud.
1177 990 1201 1013 2.
1224 989 1262 1013 13.
1284 987 1312 1014 sr.
1333 990 1355 1013 5.
1376 988 1397 1021 5
1420 990 1459 1013 15.
1480 987 1512 1013 de
1532 987 1592 1014 don.
1615 988 1660 1013 int.
1674 986 1705 1013 V.
1719 989 1760 1013 24.
1777 989 1798 1014 l.
1823 987 1904 1014 Plene

1042 1057 1043 1062 ,
1065 1032 1130 1057 actis
1150 1031 1237 1057 inseri.
1258 1029 1307 1056 Th.
1329 1030 1359 1056 C.
1379 1030 1422 1056 XI.
1441 1032 1482 1056 30.
1503 1040 1524 1057 c.
1544 1032 1566 1057 9.
1588 1030 1619 1056 de
1639 1040 1698 1067 app.
1719 1035 1745 1057 et
1763 1040 1839 1067 poen.
1868 1030 1905 1057 Vt

1064 1073 1189 1110 singulari
1209 1083 1270 1099 casu
1290 1073 1321 1099 de
1341 1072 1396 1099 filio
1411 1074 1535 1101 senserit.
1556 1073 1651 1099 deiude.
1665 1072 1767 1110 plenius
1782 1074 1904 1100 omnibus

1042 1123 1044 1157 Q
1065 1117 1155 1143 liberis
1178 1117 1350 1154 prospexisse
1374 1115 1495 1142 voluerit.
1520 1116 1548 1142 l'r.
1570 1118 1626 1142 122.
1652 1115 1683 1141 de
1703 1115 1733 1142 V.
1755 1116 1782 1142 S.
1801 1119 1841 1143 50.
1863 1118 1903 1143 16.

1066 1160 1171 1196 Quaero
1195 1170 1239 1192 an,
1261 1176 1290 1179 —-
1316 1164 1341 1185 et
1360 1158 1464 1196 plenius
1485 1168 1547 1194 rogo
1567 1164 1615 1184 etc.
1641 1158 1669 1184 fr.
1688 1160 1729 1184 25.
1750 1159 1781 1185 de
1800 1159 1901 1185 liberat.

1042 1207 1044 1222 V
1065 1202 1113 1239 leg.
1133 1204 1174 1229 34.
1193 1204 1217 1229 3.
1256 1201 1334 1238 Quod
1355 1207 1439 1228 autem
1460 1201 1582 1229 diximus.
1601 1201 1749 1238 —plenius
1770 1207 1903 1239 acceptum

1066 1251 1113 1273 est.
1134 1245 1163 1272 fr.
1183 1247 1224 1271 53.
1245 1245 1277 1271 de
1297 1250 1379 1271 contr.
1400 1249 1459 1270 emt.
1482 1245 1520 1270 18.
1542 1246 1564 1270 1.
1600 1245 1634 1271 Et
1653 1244 1711 1270 ideo
1732 1244 1834 1281 plenius
1854 1250 1903 1271 tra-

1042 1290 1043 1304 *
1066 1293 1118 1315 ctat
1138 1288 1299 1320 (Scaevola.)
1324 1287 1353 1314 sr.
1375 1289 1396 1313 l.
1422 1288 1442 1320 5.
1466 1289 1504 1312 10.
1530 1288 1552 1312 si
1572 1288 1593 1313 is
1614 1298 1655 1323 qu.
1677 1292 1776 1313 testam.
1798 1287 1841 1313 lib.
1862 1289 1901 1314 47.

1042 1351 1043 1356 .
1065 1334 1088 1357 4.
1126 1332 1211 1367 Quam
1231 1330 1384 1367 plenissime
1409 1330 1582 1366 interpretari.
1610 1330 1639 1356 fr.
1659 1332 1681 1356 3.
1707 1330 1738 1355 (le
1759 1335 1841 1356 const.
1862 1330 1902 1356 Pr.

1067 1376 1088 1400 1.
1113 1376 1137 1400 4.
1178 1373 1333 1400 Plenissime
1357 1372 1528 1399 subventum.
1558 1383 1580 1398 v.
1606 1378 1709 1399 cautum
1734 1378 1774 1398 est
1799 1373 1902 1405 (S.C'to

1042 549 1044 570 i

1042 573 1044 590 1

1065 1462 1166 1487 4919.
1192 1476 1223 1479 ——-
1249 1460 1278 1492 §-
1300 1461 1334 1486 2.
1360 1460 1524 1494 Perfecto,
1551 1461 1646 1485 Iuste.
1688 1458 1706 1485 1.
1729 1460 1790 1493 Sy.
1815 1459 1905 1485 Omni-

1065 1503 1151 1530 modo.
1173 1503 1202 1529 fr.
1223 1505 1245 1528 7.
1267 1502 1298 1528 de
1318 1501 1394 1527 adim.
1414 1501 1489 1537 legat.
1509 1503 1550 1527 534.
1570 1505 1593 1527 4.
1631 1501 1806 1528 Sufficienter.
1831 1502 1860 1528 sr.
1879 1504 1903 1529 9.

1066 1548 1086 1580 5.
1107 1549 1130 1572 4.
1151 1546 1182 1572 de
1203 1547 1291 1571 interr.
1312 1546 1336 1571 in
1357 1545 1420 1570 iure.
1442 1546 1480 1570 11.
1503 1546 1523 1570 1.
1551 1543 1580 1569 fr.
1602 1545 1640 1570 14.
1661 1554 1699 1581 pr.
1724 1544 1772 1570 sol.
1792 1546 1903 1571 matrim.

1065 1592 1106 1616 24.
1127 1591 1150 1615 3.
1188 1588 1222 1614 111
1252 1590 1316 1615 Cn.
1342 1587 1497 1613 Plenissime
1516 1588 1652 1612 instruere.
1674 1586 1702 1612 sr.
1723 1589 1746 1613 4.
1772 1587 1851 1622 Quib.
1871 1587 1903 1614 ad

1066 1632 1151 1659 libert.
1171 1634 1211 1657 40.
1234 1633 1272 1657 13.
1293 1630 1324 1657 cs.
1345 1630 1374 1656 l'r.
1397 1633 1435 1656 11.
1456 1631 1536 1664 512.
1558 1629 1590 1655 (1(·
1613 1631 1702 1656 interr.
1728 1631 1752 1655 in
1779 1631 1841 1656 iure.
1863 1632 1901 1657 11.

1067 1677 1088 1701 1.
1126 1675 1232 1701 Plenius
1252 1677 1381 1699 coercere.
1402 1673 1432 1699 sr.
1451 1673 1560 1706 '3.5.1.
1581 1671 1612 1697 de
1632 1672 1697 1708 abig.
1718 1674 1759 1699 47.
1782 1674 1820 1698 14.

1102 1720 1255 1745 Plenus.
1276 1716 1403 1749 (Adiect.)
1429 1716 1459 1749 ξ.
1475 1717 1508 1742 1.
1531 1717 1688 1748 [repletus.
1726 1715 1743 1741 Ι.
1759 1717 1820 1750 Sy.
1840 1716 1903 1742 Gra-

1064 1762 1104 1787 vis
1124 1761 1260 1793 (venter.)
1288 1759 1317 1785 i'r.
1338 1760 1378 1784 54.
1405 1758 1436 1784 de
1455 1758 1486 1784 A.
1507 1768 1530 1783 v.
1551 1757 1583 1783 Ο.
1604 1757 1634 1783 H.
1655 1759 1696 1783 29.
1716 1760 1739 1783 2.
1760 1758 1789 1784 sr.
1811 1760 1850 1784 11.
1870 1758 1903 1785 de

1065 1806 1120 1831 iure
1144 1803 1226 1829 codic.
1250 1804 1291 1828 29.
1313 1803 1336 1828 7.
1378 1801 1408 1827 11.
1425 1802 1492 1834 01).
1516 1800 1624 1826 Plenum
1650 1810 1721 1826 esse.
1743 1816 1774 1819 —
1794 1800 1901 1828 Vacare.

1066 1847 1093 1873 fr.
1114 1849 1138 1872 2.
1163 1856 1202 1883 pr.
1228 1844 1260 1871 de
1284 1844 1416 1870 decurion.
1440 1846 1480 1869 50.
1501 1846 1525 1869 2.
1562 1842 1604 1869 Ill.
1625 1844 1690 1870 Gn.
1718 1842 1903 1871 Plenissimum

1066 1890 1168 1916 llumen.
1190 1888 1220 1914 sr.
1235 1890 1258 1914 3.
1279 1888 1300 1921 5.
1318 1890 1337 1913 l.
1359 1887 1390 1913 de
1409 1887 1506 1912 flumin.
1522 1887 1561 1911 453.
1584 1887 1622 1911 12.
1661 1887 1713 1921 Qui
1734 1896 1762 1912 se
1781 1886 1830 1912 deo
1848 1886 1903 1923 ple-

1065 1943 1113 1959 nos
1133 1930 1297 1958 adsimulant.
1316 1930 1387 1956 Paul.
1408 1929 1438 1955 V.
1458 1931 1498 1955 21.
1519 1929 1533 1962 5
1564 1931 1584 1954 l.
1611 1944 1641 1948 —
1671 1929 1703 1961 §0
1722 1930 1758 1955 2.
1782 1931 1901 1963 Exple-

1065 1983 1129 2008 tus,
1151 1977 1337 2003 Absolutus.
1355 1975 1492 2008 Integer.
1529 1972 1546 1998 1.
1560 1972 1619 2005 Sy.
1640 1971 1765 2008 Impletus
1785 1973 1902 2004 (annus.)

1065 2019 1095 2045 fr.
1116 2020 1155 2044 74.
1176 2018 1240 2051 5.1.
1261 2016 1292 2043 ad
1312 2015 1379 2042 S.C.
1400 2014 1478 2041 Treb.
1495 2016 1536 2040 36.
1559 2016 1578 2040 l.
1616 2014 1725 2050 Integra,
1745 2014 1833 2045 Plena.
1853 2014 1901 2041 So-

1065 2062 1130 2094 lida,
1151 2060 1282 2093 (Falcidia
1303 2060 1368 2091 etc.)
1394 2058 1422 2084 l'r.
1446 2060 1467 2084 l.
1493 2058 1514 2091 5.
1534 2059 1575 2083 20.
1601 2056 1635 2083 ib.
1654 2058 1695 2083 36.
1717 2059 1738 2082 1.
1760 2057 1790 2083 cs.
1810 2058 1839 2083 ir.
1860 2059 1899 2084 14.

1041 2101 1043 2118 ÷
1064 2106 1086 2139 §.
1101 2107 1122 2132 1.
1141 2104 1171 2131 fr.
1185 2106 1224 2130 16.
1235 2113 1273 2140 pr.
1294 2102 1323 2128 fr.
1339 2103 1378 2127 17.
1391 2100 1422 2127 ad
1436 2100 1466 2127 Ι..
1480 2100 1548 2126 Falc.
1562 2101 1638 2126 352.
1662 2099 1693 2126 11.
1706 2100 1773 2132 op.
1793 2099 1899 2130 Adulta,

1067 2165 1096 2168 —
1116 2147 1202 2174 Minus
1221 2145 1297 2183 plena
1318 2145 1420 2178 (aetas.)
1441 2143 1490 2170 Th.
1510 2142 1539 2169 C.
1556 2142 1598 2168 VI.
1618 2144 1641 2168 4.
1663 2152 1683 2168 c.
1705 2143 1743 2168 17.
1764 2142 1796 2168 de
1814 2142 1898 2169 Praet.

1065 2195 1090 2216 et
1110 2190 1161 2226 Qu.
1198 2188 1241 2215 111.
1262 2189 1327 2215 (7η.
1354 2186 1503 2213 Dummodo
1523 2187 1610 2211 vivos.
1630 2190 1655 2210 et
1674 2184 1745 2221 pleni
1764 2187 1898 2222 temporis.

1064 2234 1173 2270 pariant.
1193 2230 1266 2258 Paul.
1285 2230 1328 2257 lV.
1347 2232 1372 2257 9.
1390 2231 1464 2264 551.
1483 2231 1507 2255 5.
1545 2228 1619 2263 Quae
1638 2227 1716 2264 pleno
1736 2238 1812 2264 grege
1831 2227 1898 2253 edita

1065 2281 1133 2303 sunt.
1157 2275 1187 2301 fr.
1208 2276 1248 2301 70.
1271 2274 1292 2308 5.
1312 2275 1335 2299 4.
1355 2273 1387 2299 de
1407 2272 1487 2299 usufr.
1508 2273 1530 2297 7.
1552 2272 1573 2296 1.
1610 2270 1678 2305 Quia
1698 2272 1827 2297 actionum
1847 2280 1898 2296 non

1065 2319 1159 2356 plenus
1179 2327 1301 2344 numerus
1321 2321 1399 2347 esset,
1418 2315 1477 2341 ideo
1498 2319 1545 2340 etc.
1565 2312 1595 2339 fr.
1613 2314 1653 2339 ll.
1673 2312 1705 2339 de.
1724 2323 1836 2350 praescr.
1855 2322 1897 2339 vv.

1067 2364 1105 2388 19.
1125 2363 1148 2387 5.
1186 2360 1208 2386 V
1232 2359 1326 2396 gradus
1350 2358 1421 2395 pleni
1445 2358 1547 2393 excepti
1571 2360 1646 2388 sunt,
1667 2361 1740 2382 etex
1763 2355 1827 2381 Vlto
1848 2365 1897 2381 una

1065 2414 1185 2442 persona.
1214 2402 1297 2429 vatic.
1322 2401 1343 2434 5.
1367 2402 1426 2427 299.
1451 2399 1481 2426 cf.
1505 2400 1543 2433 55.
1561 2400 1620 2425 298.
1640 2400 1697 2425 301.
1740 2397 1768 2423 Si
1792 2397 1897 2423 Homeri

1066 2456 1161 2484 corpus
1181 2447 1215 2472 sit
1233 2445 1354 2481 legatum.
1374 2448 1400 2469 et
1418 2453 1470 2469 non
1490 2443 1524 2468 sit
1542 2441 1655 2479 plenum.
1676 2440 1705 2467 sr.
1725 2442 1765 2465 52.
1785 2440 1806 2473 5.
1821 2441 1845 2465 2.
1865 2439 1897 2466 de

1065 2490 1113 2526 leg.
1127 2489 1169 2515 111.
1189 2490 1255 2521 (32.)
1293 2487 1367 2522 Quae
1386 2490 1447 2512 sunt
1465 2485 1582 2523 pleniora
1601 2488 1648 2515 (sc.
1663 2483 1809 2519 rescripta.)
1829 2482 1859 2508 fr.
1874 2484 1895 2508 l.

1065 2534 1079 2567 5
1100 2534 1140 2558 26.
1161 2531 1193 2558 de
1207 2531 1351 2567 quaestion.
1365 2531 1406 2556 48.
1422 2530 1460 2555 18.
1492 2529 1590 2555 Breves
1609 2526 1776 2563 plenis'simos
1796 2525 1896 2558 (mitti.)

1066 2575 1115 2602 Th.
1136 2574 1166 2601 C.
1186 2574 1218 2600 X.
1238 2574 1262 2599 8.
1283 2583 1303 2599 c.
1316 2575 1340 2599 2.
1361 2572 1392 2599 de
1412 2572 1471 2598 bon.
1491 2582 1544 2597 vac.
1582 2570 1639 2596 Non
1659 2568 1690 2594 ad
1708 2567 1813 2604 plenum
1832 2566 1897 2599 (dis-

1066 2618 1213 2644 cussionem
1233 2617 1337 2651 egisse.)
1357 2615 1393 2642 lb.
1413 2615 1430 2641 I.
1448 2617 1486 2640 15.
1506 2625 1527 2640 c.
1541 2615 1564 2639 6.
1580 2611 1682 2641 ‹W‘ekj
1702 2610 1734 2636 de
1753 2609 1796 2635 off.
1812 2609 1894 2636 Vicar.

1067 2661 1098 2687 cf.
1118 2659 1160 2686 IV.
1182 2661 1221 2685 17.
1245 2669 1266 2685 c.
1285 2660 1308 2685 3.
1335 2658 1367 2685 de
1391 2662 1456 2684 seut.
1481 2667 1512 2683 ex
1536 2656 1614 2693 peric.
1661 2653 1688 2679 ln
1712 2652 1818 2689 plenum
1836 2652 1896 2689 (pa-

1067 2703 1145 2735 rere.)
1170 2701 1252 2728 Vatic.
1272 2701 1294 2735 5.
1313 2703 1371 2727 205.
1392 2700 1423 2727 cf.
1453 2700 1481 2725 fr.
1501 2700 1541 2724 63.
1562 2698 1592 2724 de
1612 2696 1686 2723 cond.
1706 2695 1792 2722 indeb.
1813 2697 1852 2721 12.
1870 2696 1894 2721 6.

1068 2761 1099 2765 ——
1120 2745 1199 2777 §.3.
1219 2746 1402 2780 Perfectus,
1423 2745 1542 2769 Iustus.
1578 2740 1596 2766 1.
1617 2740 1677 2773 Sy.
1700 2738 1739 2764 Ex
1759 2739 1814 2764 iure
1833 2738 1895 2773 Qui-

1069 2789 1155 2815 ritium
1175 2788 1213 2820 (et
1232 2788 1257 2813 in
1276 2787 1375 2818 bonis‚)
1393 2786 1432 2811 Ex
1452 2789 1562 2819 utroque
1581 2784 1644 2815 iure,
1663 2781 1745 2808 Pleno
1759 2782 1813 2807 iure
1824 2781 1895 2813 (esse

1046 2820 1048 2842 ¹,
1071 2831 1200 2863 alicuius.)
1221 2829 1276 2856 Gai.
1291 2829 1308 2855 I.
1324 2831 1362 2855 15.
1384 2830 1421 2854 17.
1436 2828 1477 2853 54.
1497 2827 1526 2853 ll.
1541 2828 1581 2852 40.
1597 2836 1634 2862 sq.
1654 2824 1696 2851 111.
1709 2828 1749 2851 80,
1764 2824 1794 2849 εἴ,
1814 2823 1893 2848 [1173.

1427 2872 1457 2896 91
