2197 3121
277 172 342 203 690

280 264 304 280 v.
328 254 351 287 5.
372 255 394 279 1.
432 252 547 279 Crimen.
574 251 623 279 Th.
644 252 675 278 C.
695 251 740 278 IX.
765 253 807 277 40.
832 261 852 278 c.
872 253 896 278 9.
921 261 961 288 sq.
986 251 1019 278 de
1044 261 1120 289 poen.
1143 251 1146 270 ἶ

279 296 323 323 III.
344 297 410 324 (3¹11.
442 295 520 322 Vitiis
545 296 715 332 peccatisque
738 296 846 331 gravari.
875 294 911 321 lb.
932 294 974 320 111.
996 295 1035 320 16.
1056 304 1078 321 c.
1096 296 1121 321 2.

279 340 302 374 5.
323 341 345 366 1.
366 339 398 366 de
417 338 508 376 repud.
547 338 702 374 Obligamur
721 354 752 358 —
773 342 818 364 aut
836 339 1008 369 necessitate,
1028 342 1072 364 aut
1091 348 1123 364 ex

279 388 395 420 peccato.
422 382 452 408 sr.
472 383 513 407 52.
533 391 572 418 pr.
598 381 620 415 5.
641 382 664 407 8.
690 380 723 407 de
742 380 775 407 Ο.
796 386 822 407 et
840 381 870 407 A.
891 382 931 406 44.
953 382 976 407 7.
1012 379 1122 407 Peccata

280 426 429 452 nocentium
449 430 509 451 uota
529 434 597 457 esse,
617 425 655 457 (et
674 429 798 462 oportere
817 428 843 450 et
861 423 1007 461 expedire.)
1030 423 1060 450 fr.
1082 425 1121 450 18.

280 479 319 506 pr.
339 468 372 494 de
394 469 470 494 iniur.
490 469 531 494 47.
552 470 592 494 10.

317 512 474 538 Pecten.
512 512 621 537 Pixcis
640 512 786 537 marinus
805 516 978 537 testaceus.
998 508 1041 535 III.
1056 509 1122 536 Gn.

279 553 329 580 Vel
348 555 439 591 pisciS,
458 553 500 580 vel
520 554 652 591 pectinum
671 553 752 585 forte,
772 559 815 580 aut
834 552 921 579 echini
934 568 966 572 -
985 554 1123 589 (monopo-

282 597 345 623 lium
365 597 510 630 exercerc.)
531 607 552 623 c.
574 599 597 623 l.
617 596 650 623 de
668 596 802 633 monopol.
821 597 845 622 4.
865 597 907 622 59.

316 640 554 667 pectinatum.
586 639 716 673 (Par-tic.)
747 642 860 666 Pexus.
902 638 945 665 III.
962 639 1028 666 Gn..
1053 637 1122 665 Lana

278 681 375 719 legata,
396 684 452 709 sive
472 683 591 715 succida,
612 684 668 709 sive
688 682 740 709 lota
761 683 807 713 sit.
827 683 883 708 sive
903 683 1047 719 pectinata,
1065 682 1122 708 sive

278 725 458 758 versicoloria,
479 725 577 763 (legato
598 725 688 759 cedit.)
707 725 778 751 Paul.
799 725 840 751 111.
861 726 884 752 6.
905 725 925 758 5.
939 726 981 751 82.

316 770 468 796 Pectus.
506 771 691 803 Ingenium,
721 770 862 795 Animus.
904 768 946 795 Ill.
967 770 1033 796 Gn.
1058 767 1120 803 Qui,

278 812 467 849 participantes
487 813 589 848 augusti
609 812 725 849 pectoris
744 821 828 844 curas,
847 811 948 848 agendo
963 811 1120 838 claruerunt.

279 853 329 881 Th.
349 854 380 881 C.
401 855 455 882 HI.
476 858 499 881 8.
521 866 541 881 c.
561 856 585 881 3.
606 854 638 881 de
657 859 743 881 metat.

317 898 539 925 Pecuarius.
575 897 704 931 (Subst.)
749 899 812 931 Qui
845 900 1038 934 praefectus
1075 904 1145 926 est.

278 943 374 967 carui
397 942 538 973 (millae
561 948 590 968 et
615 943 822 972 vervecinae)
850 944 972 975 populo
997 943 1027 967 R.
1052 951 1120 967 ero-

276 994 319 1017 ga
328 986 414 1010 udae.
450 983 493 1010 ΙΙΙ.
509 985 576 1011 οη.
595 984 760 1016 Bam-iorum,
779 984 821 1010 vel
839 985 1022 1021 pecuariorum
1037 986 1122 1021 (prae-

1059 1027 1122 1053 Sua-
1143 1041 1145 1061 g

278 1027 379 1059 statio.)
399 1026 465 1052 Nov.
486 1026 543 1053 Val.
564 1026 605 1054 111.
626 1027 658 1053 (18
678 1037 746 1054 suar.
766 1027 794 1054 ll.
809 1028 851 1053 36.
871 1037 894 1053 c.
914 1029 935 1053 1.
956 1028 978 1061 5.
997 1030 1021 1054 2.

278 1070 325 1095 riis
344 1071 459 1106 pecuarii
479 1070 625 1106 iungantur.
646 1070 696 1097 Th.
711 1070 742 1097 C.
755 1069 825 1097 XIV.
845 1072 868 1096 4.
890 1080 910 1097 c.
932 1071 971 1096 10.
993 1080 1030 1107 pr.
1052 1070 1108 1096 eod.

316 1114 534 1140 Pet-ulmus·
562 1113 680 1147 (Snbst.)
709 1115 835 1140 Crimen
854 1115 936 1145 eius,
956 1115 1011 1147 qui
1027 1123 1122 1147 pecu-

278 1157 364 1182 niam
384 1166 526 1188 sacram,
547 1159 758 1192 religiosam,
777 1158 992 1191 publicumve,
1012 1158 1122 1182 ahstu-

278 1199 321 1224 Iit
340 1201 388 1225 rel
410 1201 599 1234 intercepit.
637 1200 655 1226 I.
680 1201 742 1234 Sy.
768 1199 897 1225 Pecuniae
920 1198 1054 1236 publicae.
1079 1203 1122 1225 aut

278 1250 380 1273 sacrae,
405 1241 510 1268 furtum.
539 1242 569 1269 fr.
589 1244 613 1269 9.
637 1243 675 1276 55.
694 1245 718 1269 2.
739 1253 778 1279 sq.
803 1242 836 1269 ad
854 1242 883 1268 L.
904 1242 950 1268 Iul.
975 1241 1060 1279 pecul.
1079 1244 1120 1268 48.

278 1285 320 1310 13.
352 1283 395 1310 Ill.
412 1286 478 1312 Cn.
499 1285 607 1312 Publica
626 1286 721 1312 iudicia
740 1286 886 1323 peculatusq
907 1290 933 1311 et
951 1285 984 1311 de
999 1284 1120 1317 residuis.

278 1331 304 1353 et
327 1327 544 1364 repetundarum.
571 1344 603 1348 —
628 1339 686 1355 cum
710 1330 735 1355 in
760 1329 800 1355 his
825 1329 944 1365 quaestio
967 1328 1121 1365 principalis

277 1369 379 1396 ablatae
404 1372 529 1407 pecuniae
553 1377 695 1399 moveatur.
721 1372 751 1399 sr.
772 1374 812 1398 14.
833 1372 867 1398 ib.
886 1373 928 1398 48.
950 1373 990 1397 13.
1029 1370 1121 1408 Neque
1142 1395 1143 1399 .

276 1412 354 1445 furti,
383 1423 468 1449 neque
492 1415 517 1440 vi
543 1414 673 1442 bonorum
698 1421 846 1452 raptorum.
875 1425 960 1450 neque
983 1414 1121 1452 peculatus
1142 1440 1143 1445 ,

277 1454 422 1482 damnatus.
444 1466 464 1482 c.
484 1458 508 1483 2.
529 1467 560 1484 ex
580 1468 623 1494 qu.
644 1469 664 1485 c.
685 1459 771 1485 int'am.
791 1461 814 1484 2.
835 1460 874 1484 12.
912 1457 982 1494 Lege
995 1457 1058 1484 Iulia
1077 1468 1121 1495 pe-

278 1498 380 1525 culatus
400 1504 520 1526 cavetur:
544 1500 584 1527 Ne
609 1502 668 1537 quis
694 1512 725 1528 ex
749 1502 859 1538 pecunia
879 1511 965 1533 sacra,
989 1500 1120 1537 religinsa.
1142 1531 1143 1536 ¹

277 1542 416 1578 publicave
436 1542 548 1575 auferat,
573 1553 639 1570 neve
658 1545 821 1582 intercipiat,
844 1554 910 1571 neve
930 1545 956 1570 in
974 1554 1029 1570 rem
1048 1554 1120 1570 suam

277 1590 370 1611 vertat.
392 1585 422 1611 sr.
444 1588 465 1612 1.
487 1586 518 1613 cs.
543 1586 572 1613 fr.
588 1590 612 1614 4.
633 1597 671 1624 pr.
696 1587 712 1614 l.
733 1587 749 1614 l.
769 1589 810 1614 48.
833 1589 871 1614 13.
908 1587 1016 1613 Furtum
1036 1587 1120 1624 publi-

278 1638 322 1654 cae
341 1633 460 1655 monetae
480 1628 584 1661 fecisse.
605 1630 676 1666 quod
695 1630 726 1656 ad
746 1630 882 1667 peculatus
896 1631 995 1656 crimen
1008 1630 1118 1656 accedit.

277 1670 307 1697 t'r.
328 1672 352 1697 6.
371 1672 393 1704 5.
416 1673 437 1697 l.
458 1671 489 1698 cl'.
510 1671 540 1698 fr.
562 1674 584 1698 l.
604 1673 638 1699 ib.
659 1674 700 1699 48.
723 1675 762 1699 13.
800 1673 912 1705 Iudices,
935 1675 979 1710 qui
997 1673 1119 1710 peculatu

276 1715 427 1751 provincias
447 1716 653 1751 quassavissent.
674 1715 724 1742 Th.
739 1715 770 1742 C.
786 1716 830 1742 lx.
849 1718 890 1743 23.
911 1727 931 1743 c.
952 1718 974 1742 1.
995 1716 1027 1742 (18
1047 1717 1118 1743 crim.

276 1757 362 1794 pecul.

315 1801 540 1828 PeculiarIS.
560 1801 689 1835 (Adiect.)
709 1804 927 1837 Adpeculium
940 1804 1117 1836 pertinens.
1141 1832 1142 1835 Ἴ

278 1842 296 1868 1.
316 1844 377 1877 Sy.
402 1843 501 1870 l'eculii
521 1846 642 1878 (causa.)
667 1844 696 1872 l'r.
717 1847 758 1872 44.
783 1846 804 1879 5.
825 1847 847 1871 7.
873 1845 905 1871 de
925 1855 1013 1882 usurp.
1034 1847 1074 1872 41.
1093 1847 1118 1872 3.
1140 1877 1142 1888 γ

276 1885 308 1912 sr.
330 1888 369 1913 19.
389 1886 421 1913 (18
440 1887 559 1914 fideiuss.
579 1889 620 1914 46.
642 1889 664 1914 l.
701 1888 731 1915 11.
752 1890 819 1922 011.
843 1888 963 1920 Domini,
988 1898 1009 1915 5.
1029 1888 1119 1915 Domi-

277 1929 351 1955 nicae
369 1931 486 1962 rationis.
507 1947 539 1950 —
558 1930 694 1957 Peculiare
714 1932 843 1964 (nomen.)
863 1931 892 1958 fr.
912 1933 935 1958 3.
955 1932 977 1966 5.
998 1934 1021 1958 5.
1041 1931 1074 1958 de
1093 1933 1118 1958 iu

277 1981 332 1998 rem
352 1982 420 1999 νει-5.
444 1975 482 2000 15.
501 1975 525 2000 3.
546 1973 576 2000 fr.
591 1976 631 2000 51.
646 1984 684 2011 pr.
705 1974 737 2000 de
750 1974 815 2001 Aed.
837 1974 914 2001 edict.
928 1977 968 2001 21.
985 1977 1007 2001 l.
1029 1974 1058 2001 fr.
1075 1977 1117 2001 31.

276 2015 299 2048 5.
318 2016 342 2041 3.
363 2014 396 2041 (18
414 2026 503 2053 usurp.
523 2018 565 2042 41.
584 2018 608 2043 3.
650 2016 693 2043 111.
713 2018 778 2044 οη.
804 2018 833 2044 Si
859 2019 918 2054 quis
942 2019 1117 2045 manumissus

278 2068 309 2084 cx
330 2068 406 2084 causa
431 2058 558 2096 peculiari
581 2059 675 2086 habeat
699 2070 765 2092 rem,
787 2070 838 2086 non
859 2071 985 2087 concesso
1005 2061 1056 2087 sibi
1075 2072 1118 2098 pe-

277 2100 355 2127 culio.
381 2100 411 2128 fr.
434 2104 472 2128 13.
502 2103 522 2136 5.
543 2103 567 2128 8.
592 2102 624 2129 dc
643 2102 674 2128 A.
694 2112 718 2128 v.
738 2103 769 2129 A.
790 2102 817 2129 P.
837 2106 878 2130 41.
897 2106 922 2130 2.
960 2104 1027 2131 Cum
1047 2104 1118 2130 filius

277 2153 405 2170 servusve
430 2146 456 2171 in
479 2145 605 2182 peculiari
625 2155 723 2177 merce⁷
747 2147 846 2173 sciente
870 2152 944 2184 patre
969 2147 1117 2176 dominove.

278 2189 432 2223 negotiatur.
453 2188 473 2221 5
493 2190 517 2215 3,
538 2188 555 2215 I.
576 2189 627 2224 Qu.
649 2198 670 2214 c.
690 2198 720 2214 eo
740 2198 782 2224 qu.
803 2189 828 2215 in
849 2189 880 2215 al.
900 2195 954 2226 pot.
968 2192 991 2216 4.
1007 2192 1029 2217 7.
1049 2191 1079 2217 fr.
1096 2193 1118 2217 l.

278 2230 300 2264 5.
319 2231 361 2256 20.
382 2230 414 2256 de
433 2241 517 2257 exerc.
538 2236 585 2257 act.
608 2233 646 2257 14.
669 2233 689 2257 1.
716 2230 744 2257 t'r.
767 2233 788 2257 1.
813 2232 833 2264 5.
853 2234 876 2257 2.
902 2232 931 2258 1“ι·.
953 2235 976 2259 7.
1000 2234 1022 2266 5.
1045 2235 1065 2260 l.
1086 2233 1118 2260 de

278 2272 368 2299 tribut.
388 2278 436 2299 act.
458 2275 496 2299 14.
517 2276 540 2300 4.
578 2274 607 2300 Si
631 2283 724 2300 servus
748 2274 906 2311 peculiarem
931 2275 1006 2301 iaciat
1030 2286 1118 2312 argcn-
1139 2280 1140 2304 ἶ

279 2317 377 2342 tariam.
398 2316 428 2342 l'r.
448 2317 471 2342 4.
492 2317 512 2350 5.
532 2318 556 2342 3.
577 2317 609 2343 de
629 2316 721 2343 edend.
735 2319 760 2343 2.
782 2319 820 2343 13.
858 2317 1054 2354 Obligationvm
1075 2329 1118 2356 pe—
1138 2351 1140 2365 4
1164 2361 1174 2384 l
1221 2359 1232 2385 s
1257 2359 1268 2385 f
1306 2360 1341 2384 30
1428 2359 1443 2385 d
1479 2359 1506 2385 Α
1530 2358 1551 2383 E
1580 2355 1603 2382 V
1632 2358 1664 2383 19
1694 2359 1705 2382 l

1181 2381 1184 2386 .
1205 2370 1236 2385 c.
1268 2369 1287 2385 r.
1343 2380 1348 2385 .
1369 2369 1407 2396 pr.
1447 2369 1460 2385 e
1555 2379 1559 2383 .
1605 2378 1610 2383 .
1667 2378 1672 2383 .
1711 2379 1715 2383 .

279 2358 402 2385 culiarem
422 2368 525 2385 novare.
547 2359 576 2385 t'r.
597 2361 637 2386 16.
662 2359 695 2386 dc
714 2364 800 2386 novat.
819 2361 860 2386 46.
880 2364 904 2387 2.
941 2362 964 2387 A
985 2361 1118 2388 credituri-

278 2401 328 2428 bus
355 2401 532 2439 peculiaribus
556 2404 698 2429 conveniri.
723 2402 752 2428 fr.
774 2403 813 2429 18.
838 2404 860 2436 5.
879 2406 902 2430 5.
929 2403 985 2430 fam.
1006 2415 1056 2430 erc.
1079 2407 1116 2431 10.
1138 2411 1140 2428 2

278 2447 302 2471 2.
342 2444 452 2470 Nomine
471 2444 597 2482 peculiari
617 2445 736 2476 (credere
755 2446 817 2478 etc.)
837 2445 920 2472 t'r.3·2.
939 2447 971 2473 du
984 2446 1062 2473 solut.
1077 2449 1116 2474 46.

277 2489 302 2514 3.
339 2487 406 2514 Eum
430 2487 576 2513 debitorem
601 2487 686 2513 facere
710 2488 873 2524 peculiarem.
898 2489 927 2516 fr.
949 2491 971 2516 7.
996 2491 1017 2524 5.
1040 2492 1061 2516 l.
1086 2491 1118 2517 (1(»,

278 2532 305 2556 in
324 2541 378 2557 rem
397 2540 483 2557 verso.
506 2532 544 2556 15.
558 2532 582 2556 3.
614 2530 762 2556 l'vculiares
782 2541 901 2558 nummos
921 2532 1003 2565 (dare.
1022 2544 1045 2559 v.
1066 2533 1117 2559 adi·
1138 2552 1139 2561 1

278 2584 348 2600 mere
367 2578 392 2599 et
411 2574 588 2605 consumere.)
608 2573 638 2600 t'r.
657 2575 680 2599 2.
701 2574 721 2606 5.
742 2576 766 2599 Δ1.
787 2574 818 2599 dc
838 2574 867 2600 lt.
889 2575 919 2601 C.
936 2577 1012 2601 12.1.
1033 2576 1116 2602 1ἰ·.30.
1138 2570 1139 2574 ¹

278 2627 317 2652 pr.
337 2616 369 2643 de
383 2616 413 2642 A.
428 2616 457 2642 E.
472 2615 503 2642 V.
519 2617 558 2642 19.
580 2618 602 2642 1.
640 2615 789 2643 Peculium-s
809 2622 833 2642 et
852 2627 944 2643 servos
964 2624 989 2644 ct
1007 2618 1117 2645 libertos

279 2660 379 2695 (potuit
398 2659 503 2690 habere,
523 2668 559 2685 sc.
573 2659 649 2685 miles
664 2658 808 2690 filiusfam.)
829 2659 860 2685 fr.
873 2662 896 2686 6.
917 2661 949 2687 (1(-
969 2667 1044 2688 castr.
1060 2672 1116 2698 pcc.
1139 2654 1140 2688 i

279 2702 375 2727 49.17.
405 2702 458 2736 Qui
477 2703 503 2728 in
523 2703 651 2728 servitute.
670 2702 810 2739 peculiaria
829 2704 956 2740 mancipia
977 2705 1117 2741 prostituta

280 2742 376 2769 habuit.
396 2744 426 2770 t'r.
440 2747 462 2771 4.
484 2746 504 2779 5.
518 2747 542 2772 3.
563 2744 595 2771 dc
615 2745 639 2771 ll.
661 2755 702 2781 qu.
723 2750 776 2771 not.
797 2744 882 2771 int'am.
902 2748 925 2771 3.
945 2750 969 2773 2.

317 2787 582 2815 recutiat-iter.
612 2787 734 2821 (Advb.)
764 2789 795 2822 ᾖ.
814 2789 847 2814 l.
868 2790 1007 2815 Ratione
1024 2799 1117 2823 pec-u-

281 2830 328 2856 lii.
371 2828 388 2855 l.
412 2830 473 2863 Sy.
502 2830 630 2857 Peculiari
655 2841 754 2863 merce,
778 2830 902 2863 Nomine,
930 2842 951 2858 s.
975 2832 1015 2859 Ex
1041 2842 1117 2859 causa

1107 167 1200 200 PEC.

1166 250 1293 288 peculiari
1313 251 1471 286 (negotiari,
1491 262 1515 279 v.
1536 252 1675 289 adquirere
1695 254 1764 287 etc.)
1793 254 1821 282 t'r.
1845 257 1866 282 1.
1886 265 1925 292 pr.
1945 256 1966 290 5.
1986 258 2010 282 2.

1167 293 1198 320 sr.
1218 296 1243 320 2.
1263 293 1293 320 fr.
1312 295 1337 319 3.
1356 294 1378 327 5.
1401 295 1421 320 l.
1442 294 1474 321 de
1493 295 1583 322 tribut.
1604 300 1654 323 act.
1675 298 1715 322 14.
1735 298 1759 323 4.
1780 296 1810 323 fr.
1831 299 1853 324 1.
1873 299 1911 332 55.
1931 301 1955 325 5.
1969 300 2011 325 22.

1144 335 1146 343 ⁸
1167 336 1198 363 fr.
1218 337 1242 362 3.
1262 336 1284 370 5.
1306 338 1346 362 12.
1366 336 1396 363 fr.
1417 339 1440 363 4.
1460 337 1493 364 de
1512 338 1544 365 A.
1563 348 1588 365 v.
1607 339 1638 365 A.
1659 338 1687 366 P.
1701 340 1742 365 41.
1761 341 1786 366 2.
1822 339 1865 367 111.
1880 343 1946 369 Gn.
1965 341 2012 368 Pe-

1167 378 1219 405 cul.
1238 380 1367 411 mutuari.
1392 389 1418 406 v.
1437 390 1530 408 emere.
1560 381 1590 408 t'r.
1609 383 1633 408 3.
1658 382 1679 415 5.
1703 384 1723 408 l.
1748 382 1781 408 (18
1805 383 1832 409 in
1851 393 1905 411 rem
1924 394 2010 411 verso.

1169 424 1209 448 15.
1228 424 1252 448 3.
1278 422 1308 448 l'r.
1330 424 1352 448 l.
1376 422 1398 456 5.
1418 425 1442 449 4.
1467 423 1500 449 de
1523 434 1579 451 cxc.
1603 425 1641 451 rei
1665 425 1741 451 vend.
1760 427 1802 452 21.
1821 427 1846 453 3.
1868 443 1898 447 —
1923 427 1956 460 δ.
1974 429 2010 455 Β.

1168 467 1357 500 Praecipue.
1395 465 1438 492 111.
1459 467 1526 494 Cn.
1549 466 1609 494 Pec.
1629 467 1770 501 destinari.
1789 479 1813 495 v.
1833 471 1940 496 servari.
1960 469 2010 497 Th.

1167 507 1199 534 C.
1219 507 1263 534 Vl.
1290 509 1328 534 14.
1358 518 1379 535 c.
1398 510 1423 535 3.
1448 508 1481 535 de
1505 511 1592 536 comit.
1616 511 1654 537 rei
1679 510 1732 537 mil.
1756 511 1800 538 VI.
1823 514 1863 539 35,
1890 523 1912 539 c.
1932 514 1955 539 7.
1979 512 2012 539 (18

1167 552 1234 588 priv.
1254 561 1307 577 eor.
1327 561 1370 588 qu.
1390 553 1417 578 iu
1436 551 1464 578 S.
1480 552 1531 590 pal.
1553 552 1607 586 (Cf.
1626 563 1650 580 v.
1671 553 1871 588 Pecuniariter.)

1204 595 1458 621 Peculiarius.
1479 595 1618 629 (Adiect.)
1646 598 1842 625 Peculiaris.
1880 598 1922 625 111.
1943 600 2010 627 Gn.

1167 636 1227 663 Non
1247 637 1310 664 alias
1330 638 1407 664 hores
1431 638 1564 675 peculium
1583 644 1718 677 praestare
1742 640 1833 673 debet,
1858 642 1910 668 nisi
1929 642 1952 668 ei
1971 651 2011 668 ca-

1143 686 1145 706 !
1166 685 1258 707 ventur
1277 679 1387 707 dcfensu
1411 682 1442 707 iri
1463 681 1590 708 adversus
1614 682 1759 710 creditores
1782 684 1941 721 peculiarius
1960 684 2010 717 [al.

1166 723 1335 760 peculiares]
1355 723 1386 750 fr.
1408 726 1447 750 18.
1469 724 1501 751 de
1520 724 1605 762 pecul.
1624 725 1673 762 leg.
1692 727 1733 752 33.
1752 728 1776 753 8.
1797 727 1829 754 cl'.
1849 727 1879 754 fr.
1898 728 1923 754 4.
1943 727 1965 761 5.
1985 729 2009 754 5.

1166 766 1198 793 de
1218 766 1303 804 pecul.
1319 769 1358 793 15.
1380 769 1402 793 1.
1440 767 1608 795 Deteriorem
1626 768 1804 796 conditionem
1824 770 1967 797 liberorum
1983 771 2010 797 in

1166 810 1245 836 rebus
1269 810 1420 847 peculiariis
1444 810 1536 838 faeere.
1565 811 1595 838 sr.
1619 813 1643 837 4.
1673 811 1695 845 5.
1719 813 1761 839 34.
1790 812 1822 839 de
1846 813 1871 840 d.
1894 823 1927 840 m.
1952 823 2009 840 exe.

1142 852 1144 859 ’
1165 854 1207 879 44.
1227 854 1251 879 4.

1204 897 1439 923 Peculiatus.
1477 896 1616 930 (Adiect.)
1654 900 1787 925 Peculio
1814 900 2008 926 instructus.

1143 942 1145 979 ζ
1166 939 1208 965 111.
1234 941 1299 967 Gn.
1327 939 1355 966 Si
1381 940 1440 976 quis
1465 940 1621 977 siinpliciter
1641 940 1751 973 dixerit,
1770 941 1930 978 peculiatnm
1949 952 2009 969 esse

1166 992 1284 1015 servum,
1309 982 1408 1009 sufficit
1432 983 1454 1008 si
1479 984 1501 1009 is
1525 983 1567 1010 vel
1591 985 1726 1011 minimum
1749 984 1844 1011 habeat
1867 984 2008 1022 peculium.

1167 1024 1197 1051 fr.
1220 1027 1258 1052 18.
1279 1026 1300 1059 5.
1320 1028 1344 1052 2.
1365 1025 1398 1052 (18
1416 1025 1502 1052 Aedil.
1522 1026 1600 1053 edict.
1619 1029 1661 1054 21.
1684 1029 1704 1053 1.
1725 1028 1756 1054 cl'.
1776 1027 1807 1054 fr.
1828 1029 1867 1054 13.
1891 1029 1913 1062 5.
1932 1029 1956 1054 4.
1977 1027 2009 1054 de

1143 1066 1145 1082 ¹
1166 1068 1197 1094 A.
1217 1068 1246 1094 E.
1267 1068 1299 1095 V.
1321 1070 1360 1095 19.
1382 1070 1404 1095 l.

1204 1112 1415 1138 Peculium.
1453 1111 1484 1144 §-
1498 1113 1532 1138 1.
1554 1114 1715 1140 Bonorum
1732 1124 1812 1147 pars
1831 1116 1908 1146 illa,
1928 1124 2009 1149 quae

1164 1157 1331 1188 praesidii
1349 1164 1447 1181 causa
1467 1157 1614 1188 reposita
1633 1163 1686 1183 est.
1724 1155 1742 1182 1.
1754 1158 1816 1190 sy.
1837 1156 1917 1192 Quod
1937 1167 2009 1194 prae-

1143 1193 1144 1196 *
1166 1197 1227 1224 sidii
1240 1207 1317 1223 causa
1331 1202 1512 1234 seponeretur.
1526 1196 1556 1223 sr.
1567 1199 1606 1224 79.
1620 1199 1677 1232 5.1.
1692 1198 1725 1225 de
1738 1199 1813 1235 legat.
1824 1199 1865 1225 111.
1878 1200 1945 1233 (32.)
1965 1199 2008 1226 111.

1142 1239 1144 1248 l
1167 1242 1232 1268 Cn.
1252 1240 1392 1267 Pecuniam
1411 1242 1469 1266 sine
1487 1240 1592 1277 peculio
1612 1240 1728 1277 fragilem
1747 1252 1814 1268 esse.
1834 1242 1864 1268 fr.
1886 1244 1925 1268 79.
1946 1243 2007 1276 5.1.

1166 1283 1182 1310 l.
1215 1284 1290 1319 Quae
1310 1283 1404 1310 Graeci
1424 1283 1586 1321 paraplierna
1606 1283 1709 1317 dicunt,
1734 1295 1854 1321 quaeque
1873 1284 1944 1312 Galli
1963 1295 2008 1322 pe-

1166 1326 1262 1353 culium
1282 1326 1422 1364 adpellant.
1443 1326 1474 1353 fr.
1493 1328 1517 1353 9.
1538 1326 1560 1360 5.
1579 1328 1602 1353 3.
1623 1326 1656 1353 de
1674 1328 1730 1354 iure
1749 1327 1802 1354 dot.
1815 1330 1856 1355 23.
1876 1330 1900 1354 3.
1920 1328 1950 1355 l'r.
1964 1330 2007 1355 31.

1165 1370 1186 1403 5.
1208 1371 1231 1396 l.
1251 1369 1283 1396 de
1302 1369 1390 1396 donat.
1409 1371 1450 1396 39.
1471 1371 1494 1396 5.
1511 1384 1544 1389 —-
1564 1371 1595 1403 §.
1610 1371 1646 1397 2.
1666 1372 1715 1402 Id,
1735 1373 1816 1405 quod
1831 1373 2006 1407 patet-fam.

1165 1415 1212 1439 vel
1239 1415 1403 1445 dotninus,
1430 1414 1517 1449 filio
1550 1423 1680 1440 servove
1708 1415 2006 1442 administrandum

1142 1452 1343 1488 *conces-sit,
1372 1459 1492 1490 quodve
1514 1458 1700 1492 filiusfam.
1727 1462 1821 1483 extra
1847 1459 2007 1491 patrimo-

1165 1500 1250 1525 nium
1268 1501 1381 1533 patris
1400 1501 1464 1525 sibi
1484 1501 1658 1533 quaesivit.
1694 1499 1787 1533 LSy.
1808 1499 1889 1535 Quod
1904 1509 2007 1532 servus,

1142 1538 1143 1546 ³
1165 1541 1264 1568 domini
1282 1543 1422 1579 permissu.
1442 1547 1590 1578 separatum
1610 1552 1623 1568 a
1643 1543 1788 1569 rationibus
1807 1542 1945 1569 dominicis
1964 1542 2008 1569 ha-

1165 1585 1216 1611 het.
1237 1585 1266 1611 l'r.
1286 1587 1310 1611 5.
1334 1585 1371 1619 55.
1391 1587 1415 1611 3.
1436 1594 1475 1620 sq.
1501 1584 1533 1611 de
1556 1585 1642 1622 pecul.
1663 1587 1704 1612 15.
1724 1588 1746 1613 1.
1771 1585 1800 1612 fr.
1817 1587 1859 1612 37.
1884 1586 1950 1619 5.1.
1975 1585 2008 1612 (18

1165 1628 1195 1654 Α.
1214 1628 1245 1654 R.
1265 1628 1299 1655 D.
1319 1630 1361 1654 41.
1382 1630 1404 1654 1.
1441 1627 1472 1654 Il.
1485 1629 1552 1662 Op.
1573 1627 1760 1655 Patrimonium
1781 1629 1865 1662 (eius,
1885 1629 1911 1654 in
1932 1629 2007 1655 cuius

1164 1676 1297 1708 potestate
1321 1671 1396 1703 erit.)
1439 1670 1577 1697 Dominica
1597 1681 1682 1697 causa.
1707 1671 1737 1697 l'r.
1757 1674 1781 1698 2.
1801 1681 1839 1708 pr.
1861 1671 1911 1706 Qu.
1933 1682 1954 1698 c.
1975 1681 2007 1698 eo

1165 1724 1207 1750 qu.
1228 1715 1255 1740 iu
1275 1713 1307 1740 al.
1332 1718 1386 1750 pot.
1409 1715 1448 1739 14.
1468 1716 1492 1740 5.
1517 1713 1546 1740 fr.
1569 1715 1608 1740 19.
1632 1713 1664 1740 (18
1688 1714 1806 1741 fideiuss.
1825 1715 1866 1740 46.
1889 1716 1911 1741 l.
1948 1714 2008 1741 Iure

1140 1769 1142 1775 ι
1164 1757 1270 1793 peculii,
1284 1773 1315 1777 --
1335 1756 1393 1782 lure
1412 1756 1566 1783 hereditatis
1585 1756 1704 1790 (deferri,
1719 1767 1739 1784 s.
1755 1758 1917 1791 transmitti.)
1937 1757 2006 1784 Νῦν.

1164 1799 1213 1826 Th.
1232 1799 1264 1826 11.
1284 1799 1317 1826 (18
1335 1803 1435 1836 patcrn.
1456 1809 1475 1826 5.
1496 1805 1603 1826 matern.
1623 1800 1682 1826 bon.
1703 1800 1722 1826 I.
1743 1802 1783 1826 14.
1804 1811 1824 1827 c.
1846 1802 1868 1827 1.
1888 1801 1910 1834 5.
1929 1802 1952 1828 8.
1974 1800 2006 1827 cf.

1164 1842 1194 1869 fr.
1213 1845 1238 1869 2.
1258 1842 1290 1869 (18
1310 1847 1386 1869 castr.
1406 1852 1462 1879 pec.
1482 1845 1523 1870 49.
1546 1845 1584 1869 17.
1605 1842 1661 1869 Gai.
1681 1843 1724 1869 111.
1743 1844 1785 1870 56.
1805 1845 1846 1870 58.
1883 1843 1925 1870 111.
1937 1845 2004 1872 Gn.

1140 1889 1142 1910 t
1164 1886 1247 1921 Quasi
1266 1887 1451 1922 patrimonium
1474 1885 1552 1912 liberi
1576 1886 1702 1917 hominis.
1727 1886 1860 1922 peculium
1879 1887 1950 1913 servi
1969 1887 2006 1913 in-

1163 1928 1297 1965 telligitur.
1321 1928 1352 1955 fr.
1372 1931 1413 1955 47.
1439 1930 1460 1963 5.
1480 1930 1505 1956 6.
1529 1929 1561 1955 (18
1580 1928 1665 1966 pecul.
1688 1930 1727 1955 15.
1749 1932 1770 1956 1.
1791 1929 1822 1956 cf.
1843 1929 1873 1956 fr.
1895 1930 1952 1956 182.
1972 1928 2005 1956 de

1163 1971 1194 1998 V.
1215 1971 1242 1998 S.
1262 1973 1303 1998 50.
1325 1974 1364 1998 16.
1401 1972 1431 1998 Si
1450 1977 1627 2003 constantem,
1649 1976 1692 1998 aut
1711 1971 1886 2004 laboriosum,
1906 1988 1938 1992 —
1958 1977 2003 1999 aut

1163 2025 1195 2041 ex
1217 2014 1365 2051 frugalitate
1388 2025 1433 2041 sua
1458 2015 1589 2052 peculium
1614 2014 1794 2051 adquirentem
1818 2015 2002 2042 adfirmaverit.

1163 2058 1192 2084 t'r.
1214 2059 1254 2084 18.
1274 2068 1312 2095 pr.
1333 2057 1366 2084 (le
1384 2057 1470 2084 Acdil.
1491 2058 1568 2084 edict.
1584 2059 1626 2084 21.
1648 2059 1670 2084 l.
1708 2058 1738 2084 Si
1758 2057 1821 2094 quid
1840 2057 1864 2084 d.
1884 2068 1916 2084 m.
1937 2058 2003 2090 eius,

1163 2102 1189 2127 in
1213 2102 1287 2127 cuius
1311 2105 1442 2138 potestate
1467 2106 1519 2133 cst,
1549 2100 1644 2127 factum
1671 2101 1720 2127 erit
1744 2101 1882 2137 quominus
1906 2100 2004 2137 peculii

1163 2149 1241 2170 esset.
1266 2144 1296 2170 sr.
1318 2145 1340 2170 1.
1364 2154 1402 2180 pr.
1429 2143 1479 2179 Qu.
1503 2144 1536 2170 de
1560 2142 1644 2181 pecul.
1670 2148 1719 2169 act.
1744 2145 1784 2169 15.
1805 2144 1828 2169 2.
1866 2142 1946 2178 Quod
1971 2153 2004 2170 ex

1162 2186 1266 2224 peculio
1286 2185 1318 2212 ad
1342 2197 1399 2213 cum
1424 2187 1581 2224 pervenerit.
1606 2186 1636 2212 fr.
1655 2187 1697 2212 24.
1717 2185 1749 2211 (18
1768 2185 1798 2211 Α.
1818 2195 1842 2211 v.
1862 2185 1893 2211 A.
1914 2184 1942 2212 P.
1961 2187 2003 2212 41.

1161 2232 1186 2256 2.
1224 2229 1289 2256 Tam
1309 2228 1381 2256 fundi
1401 2230 1610 2261 instrumentum.
1630 2238 1706 2265 quam
1723 2229 1793 2254 servi
1808 2228 1939 2265 peculium
1958 2228 2004 2261 (ad

1162 2273 1314 2309 legatarium
1333 2273 1468 2309 pertinet.)
1489 2272 1559 2299 Paul.
1574 2272 1615 2298 111.
1635 2273 1658 2298 6.
1678 2271 1700 2304 5.
1719 2272 1760 2297 34.
1799 2272 1828 2298 Si
1847 2281 1940 2298 servus
1960 2271 2004 2298 (18-

1163 2315 1241 2342 ducto
1265 2315 1370 2353 peculio
1394 2316 1517 2342 venditus
1537 2317 1579 2341 sit.
1606 2314 1636 2341 sr.
1656 2316 1696 2340 47.
1717 2315 1738 2348 5.
1759 2316 1783 2340 5.
1803 2314 1835 2340 de
1854 2314 1941 2352 pecul.
1962 2316 2002 2341 15.

1759 2357 1841 2384 filius
1865 2367 2002 2388 servusve,

1162 2403 1202 2428 cni
1227 2401 1418 2428 :niministratio
1441 2400 1537 2438 peculii
1562 2400 1688 2436 permissa
1716 2405 1763 2427 est.
1790 2400 1820 2427 sr.
1840 2402 1881 2427 34.
1907 2410 1945 2437 pr.
1970 2400 2003 2427 de

1162 2450 1248 2471 novat.
1268 2446 1309 2471 46.
1333 2446 1357 2471 2.
1383 2445 1414 2471 cf.
1444 2444 1474 2470 fr.
1492 2444 1534 2469 28.
1559 2443 1580 2475 5.
1601 2446 1624 2468 2.
1651 2442 1683 2469 de
1707 2448 1774 2479 pact.
1799 2445 1822 2469 2.
1844 2444 1884 2469 14.
1909 2442 1940 2469 fr.
1959 2444 2001 2469 46.

1139 2490 1140 2493 ’
1162 2488 1191 2515 l'r.
1212 2489 1252 2514 48.
1277 2487 1309 2514 (18
1334 2487 1417 2524 pecul.
1438 2488 1477 2512 15.
1500 2487 1521 2511 l.
1564 2485 1630 2511 Cum
1657 2490 1682 2511 et
1707 2486 1816 2512 tiliisam.
1841 2502 1872 2505 —
1895 2486 2002 2523 possint

1162 2531 1257 2557 habere
1277 2530 1416 2567 peculium.
1435 2527 1477 2554 το]
1498 2534 1638 2560 castrense,
1658 2528 1700 2555 vel
1721 2528 1791 2565 quod
1805 2533 1878 2565 patre
1894 2528 2001 2555 volente

1163 2573 1306 2610 possident.
1334 2583 1354 2599 c.
1376 2574 1398 2598 7.
1427 2571 1480 2606 Qui
1500 2571 1560 2598 bon.
1581 2572 1636 2599 ced.
1663 2581 1734 2609 poss.
1755 2573 1778 2597 7.
1800 2573 1839 2597 71.
1860 2571 1891 2598 cf.
1918 2581 1938 2597 c.
1959 2573 1998 2597 12.

1162 2616 1194 2642 (1(-
1214 2616 1300 2643 collat.
1320 2617 1343 2642 6.
1362 2617 1403 2641 20.
1441 2614 1592 2641 Castrcnsis
1612 2614 1708 2652 peculii
1728 2624 1780 2640 nou
1800 2613 1874 2646 sncit,
1899 2613 1946 2640 sed
1965 2612 1999 2639 al-

1163 2661 1243 2685 terius
1264 2657 1374 2696 peculii.
1394 2658 1503 2694 perinde
1523 2669 1551 2685 ac
1571 2660 1592 2684 si
1613 2658 1682 2684 tilius
1702 2667 1833 2693 nunquam
1852 2657 1997 2683 militasset.

1139 2699 1140 2741 i
1163 2702 1192 2728 t'r.
1209 2704 1247 2728 15.
1268 2711 1306 2738 pr.
1327 2700 1359 2726 dc
1378 2705 1453 2726 castr.
1474 2711 1530 2738 pec.
1548 2703 1588 2727 *19.
1611 2702 1650 2727 17.
1687 2699 1829 2726 filiusfam.
1850 2699 1933 2729 miles,
1953 2699 1997 2734 qui

1139 2743 1141 2763 ¹
1163 2744 1195 2770 dc
1215 2744 1340 2771 castrensi
1365 2744 1468 2780 peculio
1491 2743 1533 2770 vel
1554 2744 1628 2780 quasi
1647 2744 1774 2769 castrensi
1793 2743 1882 2769 testari
1900 2745 1996 2778 potest.

1139 2821 1140 2829 ἵ
1163 2787 1192 2813 l'r.
1214 2789 1236 2813 1.
1256 2787 1277 2820 5.
1297 2788 1320 2812 6.
1342 2786 1373 2812 ad
1393 2788 1419 2813 S.
1429 2787 1459 2813 C.
1479 2786 1557 2813 Treb.
1577 2788 1617 2813 36.
1638 2787 1659 2812 1.
1675 2785 1705 2812 cs.
1726 2796 1746 2812 c.
1760 2787 1801 2811 37.
1815 2795 1853 2822 pr.
1873 2783 1905 2810 de
1924 2784 1996 2810 inoff.

1138 2838 1140 2876 ἓ
1162 2835 1262 2857 testam.
1287 2830 1311 2855 3.
1336 2831 1377 2856 26.
1414 2831 1505 2862 Actio,
1535 2839 1583 2866 qua
1612 2830 1638 2855 in
1665 2828 1796 2865 peculium
1822 2826 1995 2854 filiorumfam.

1138 2884 1140 2895 A
