2197 3121
1040 149 1139 181 REC.

220 233 376 266 Recipere
394 241 438 264 se,
456 233 474 258 i.
493 242 513 259 e.
533 233 644 263 Abire,
666 232 826 258 Secedere.
864 230 882 257 I.
907 231 969 265 Sy.
997 230 1066 257 Abs-

221 273 335 301 condere
354 284 391 301 se.
419 274 561 302 Recedere.
582 273 632 300 Th.
647 272 678 300 C.
692 273 710 300 I.
726 274 766 300 16.
787 283 807 300 c.
823 275 846 300 6.
867 284 888 300 c.
902 275 941 299 10.
960 273 1064 306 (wok.)

220 316 253 343 de
278 317 322 343 off.
345 317 420 344 Rect.
445 317 487 344 Pr.
529 316 573 343 ΠΙ.
593 317 659 344 Gn·
683 315 712 342 In
736 326 794 342 eum
818 317 872 349 (sc.
897 317 1003 352 agrum)
1027 326 1064 347 se,

219 360 294 396 quasi
312 361 339 386 in
359 360 472 396 aliquam
490 359 593 391 sedem,
616 360 696 396 recip.
721 358 751 385 fr.
771 361 830 385 239.
851 359 872 393 9.
889 361 913 385 2.
933 358 965 384 de
986 358 1016 385 V.
1037 357 1063 385 S.

218 404 260 428 50.
282 404 322 429 16.
358 402 491 434 Evadere,
515 407 541 428 et
559 402 586 428 in
605 401 748 428 naturalem
767 401 915 428 libertatem
935 411 964 427 se
983 402 1062 438 recip.

219 444 276 472 Gai.
296 445 326 472 11.
346 446 388 472 67.
425 444 455 472 Si
475 444 591 471 conditio
611 444 691 471 horae
710 444 812 476 effecit,
831 448 860 471 ut
878 453 907 470 se
926 445 1062 481 reciperet.

218 488 249 514 fr.
270 490 292 514 1.
313 489 334 522 9.
354 489 378 514 8.
399 487 512 523 Quando
532 487 590 524 adp.
611 489 652 514 49.
672 489 696 514 4.
720 503 752 507 -—
776 487 808 521 §-
825 489 867 521 ,4.
894 489 1062 521 Recipere,

218 533 235 557 i.
255 541 275 557 e.
295 533 487 565 Receptare,
506 532 676 564 Excipere.
713 530 732 556 I.
753 531 815 564 Sy.
838 529 994 566 Receptare.
1020 529 1061 556 Cf.

217 572 242 599 h.
256 583 280 600 v.
299 573 437 609 Refugium
456 577 598 610 praestare.
618 572 649 599 fr.
665 574 687 599 l.
707 573 729 607 9.
742 574 766 598 2.
786 572 818 599 de
837 582 915 599 servo
935 583 1002 600 corr.
1022 575 1061 599 ll.

216 617 242 642 3.
279 615 429 653 Suscipere.
453 616 484 642 fr.
506 617 528 642 l.
552 626 590 653 pr.
616 616 637 649 9.
662 617 685 641 2.
711 615 728 642 l.
753 617 793 642 ll.
817 617 841 642 3.
867 615 898 642 cf.
923 615 953 642 fr.
973 618 997 642 3.
1022 626 1061 653 pr.

216 658 255 692 99.
276 660 298 685 l.
319 668 358 695 sq.
382 663 452 685 naut.
473 669 546 696 caup.
566 661 590 685 4.
610 660 634 685 9.
670 658 801 695 Excipere
821 658 1016 691 (stillicidium,
1036 669 1060 685 v.

217 702 336 738 aquam.)
361 701 391 728 fr.
414 703 452 728 17.
479 701 500 735 9.
520 704 544 727 3.
569 701 599 728 fr.
619 703 660 727 21.
685 700 717 727 de
740 700 766 727 S.
792 699 819 727 P.
842 700 873 727 L.
893 702 917 727 S.
936 703 960 727 2.
987 701 1016 728 sr.
1036 703 1060 728 2.

215 744 238 778 9.
257 744 298 770 28.
318 754 351 770 ne
370 754 412 781 qu.
432 745 458 770 in
478 743 537 770 loco
558 743 619 781 pub.
640 745 680 770 43.
700 744 724 769 8.
761 742 802 769 111.
820 745 886 771 Cn.
907 744 960 780 Qui
980 744 1062 770 hosti-

215 786 265 812 bus
285 785 406 817 deditus,
426 796 562 818 reversus,
583 796 631 813 nec
650 796 664 812 a
682 785 759 812 nobis
779 792 910 824 receptus.
935 787 964 813 fr.
985 789 1008 813 4.
1029 787 1061 813 de

216 829 311 866 captiv.
336 830 378 856 49.
404 831 443 855 15.
491 829 520 855 In
544 838 673 856 carcerem
702 829 852 865 recipienda
876 840 1003 867 persona,
1029 840 1060 855 an

213 871 291 898 militi
321 871 449 899 tradenda
474 877 522 899 etc.
552 871 582 898 sr.
607 873 629 897 l.
657 869 690 898 d'e
718 876 782 898 cust.
809 876 835 897 et
858 872 946 899 exhib.
971 874 1012 898 48.
1036 874 1059 898 3.

213 914 361 951 Hospitem,
381 925 405 941 v.
425 914 590 951 inquilinum,
609 915 727 951 recipere
746 923 835 951 posse.
855 914 886 941 fr.
906 917 930 941 2.
951 916 973 949 9.
990 917 1011 941 1.
1028 915 1061 941 de

214 967 263 984 usu
287 962 313 984 et
336 957 418 984 habit.
438 959 460 984 7.
481 958 505 984 8.
543 956 596 992 Qui
622 967 680 983 eum
699 972 731 976 -
758 959 902 994 receperit,
927 958 1059 990 celaverit,

214 1002 337 1027 tenuerit.
365 1000 438 1027 Paul.
459 999 489 1026 V.
509 1001 552 1026 23.
577 1000 599 1033 9.
619 1001 642 1026 6.
663 999 695 1026 cf.
720 999 749 1026 l'r.
772 1001 811 1026 11.
836 1001 858 1034 9
877 1003 902 1027 2.
927 1001 959 1027 de
982 1011 1059 1027 servo

214 1053 281 1070 corr.
303 1045 343 1070 11.
363 1044 388 1069 3.
413 1043 442 1069 fr.
462 1045 486 1069 3.
512 1043 534 1076 9.
554 1045 576 1068 4.
598 1042 629 1069 cs.
655 1043 676 1076 9.
696 1044 720 1068 3.
741 1042 773 1069 de
792 1043 896 1070 incend.
916 1045 997 1070 ruina.
1019 1046 1058 1070 47.
1081 1038 1083 1071 l

213 1088 236 1113 9.
258 1102 290 1106 -
319 1087 350 1120 §.
370 1087 407 1113 5.
437 1087 623 1119 Suscipere,
649 1087 814 1119 Accipere.
851 1086 870 1112 I.
891 1088 953 1121 Sy.
974 1086 1060 1113 Perci-

212 1139 275 1166 pere
294 1128 430 1162 (fructus.)
454 1127 483 1154 sr.
503 1130 544 1154 25.
564 1129 586 1162 9.
605 1131 630 1154 4.
650 1128 683 1155 de
702 1138 756 1155 cur.
776 1129 836 1155 bon.
857 1129 952 1155 dando.
973 1131 1013 1155 42.
1034 1131 1058 1156 8.

212 1172 355 1208 Suscipere
375 1170 592 1203 (hereditatem.)
617 1170 647 1197 fr.
668 1173 691 1198 9.
716 1172 737 1205 9.
757 1173 780 1198 4.
802 1171 834 1198 de
853 1177 920 1198 auct.
941 1177 966 1197 et
986 1182 1058 1199 cons.

211 1215 252 1241 26.
273 1216 297 1240 8.
316 1215 383 1248 9.1.
403 1213 421 1240 Ι.
442 1212 474 1239 de
498 1218 565 1239 auct.
591 1218 638 1240 tut.
660 1216 682 1240 l.
701 1216 743 1240 21.
780 1214 818 1247 Is,
845 1216 886 1241 cui
911 1216 1059 1242 restituitur
1079 1241 1080 1245 ,

211 1256 392 1290 (hereditas.)
430 1256 484 1291 Qui
503 1257 598 1293 recipit
617 1257 865 1289 (fideicommissum
886 1258 1058 1284 hereditatem
1079 1264 1080 1267 ’

210 1310 242 1326 ex
261 1298 328 1326 S.C.
349 1298 541 1331 Trebelliano.)
562 1298 618 1326 Gai.
638 1299 668 1325 Π.
687 1302 747 1326 251.
761 1310 818 1337 sqq.
839 1300 900 1338 Ylp.
914 1300 1000 1327 XXV.
1016 1303 1056 1328 14.

208 1351 267 1379 sqq.
287 1341 317 1368 fr.
333 1343 373 1368 17.
395 1341 427 1368 de
446 1346 570 1368 transact.
589 1344 614 1369 2.
635 1344 674 1369 15.
712 1342 756 1370 III.
769 1345 835 1371 Cn.
856 1344 941 1379 Quam
961 1345 987 1370 in
1007 1355 1057 1371 ma—

208 1395 278 1417 num,
299 1389 327 1410 ut
347 1394 464 1416 uxorem,
484 1385 670 1422 receperimus.
691 1385 748 1412 Gai.
762 1385 793 1412 II.
807 1388 848 1413 98.
878 1386 983 1422 Quodsi
1002 1397 1055 1413 rem

208 1427 257 1454 tibi
276 1426 347 1459 dedi,
366 1432 403 1459 ut,
425 1428 448 1454 si
467 1426 554 1454 Titius
573 1430 653 1460 (rem)
673 1438 725 1455 non
744 1430 903 1466 recepisset.
922 1435 951 1456 tu
970 1435 1057 1457 custo—

207 1470 286 1497 dires.
312 1469 343 1496 fr.
364 1472 386 1497 l.
414 1470 435 1504 9.
457 1472 496 1496 12.
522 1470 554 1497 cf.
579 1471 616 1504 99.
638 1473 677 1497 11.
699 1473 738 1498 13.
764 1471 855 1509 depos.
880 1473 919 1499 16.
938 1474 962 1499 3.
1000 1472 1056 1500 Nec

208 1523 256 1550 per
275 1513 374 1539 liberos
398 1522 462 1539 suos
487 1523 541 1539 rem
560 1523 633 1540 suam
651 1515 779 1541 maturius
799 1526 812 1540 a
833 1516 998 1543 curatoribus
1017 1527 1056 1543 re-

207 1557 295 1594 cipiat.
320 1556 350 1582 fr.
375 1558 399 1582 2.
427 1555 459 1582 de
484 1557 576 1582 minor.
600 1559 623 1583 4.
649 1558 672 1583 4.
715 1557 828 1594 Propter
850 1558 926 1585 aliam
950 1569 1054 1586 causam

207 1598 316 1626 alterius
336 1600 453 1625 criminis
473 1614 505 1618 -
524 1599 562 1625 rei
582 1609 635 1625 non
655 1601 825 1638 recipiuntur.
846 1601 876 1628 fr.
897 1604 919 1628 2.
940 1603 962 1636 9.
982 1605 1006 1629 2.
1021 1603 1054 1629 de

207 1646 274 1668 cust.
299 1646 326 1668 et
351 1641 440 1668 exhib.
464 1643 505 1668 48.
524 1644 549 1668 3.
591 1641 818 1676 Constitutiones,
843 1655 910 1681 quae
933 1645 965 1672 de
990 1647 1054 1672 reci-

206 1684 320 1721 piendis,
340 1694 388 1710 nec
407 1694 468 1716 non,
489 1684 711 1722 adpellationibus
731 1686 882 1723 loquuntur.
909 1687 939 1714 fr.
960 1689 1000 1714 16.
1020 1688 1053 1715 de
1074 1680 1076 1700 l

207 1726 304 1764 adpell.
325 1731 351 1752 et
370 1726 443 1753 relat.
464 1728 504 1754 49.
525 1729 547 1753 1.
568 1727 599 1754 cf.
621 1727 650 1754 sr.
671 1731 712 1755 57.
737 1730 759 1764 9.
781 1732 803 1756 l.
827 1730 859 1756 dc
879 1730 944 1757 adm.
966 1736 991 1757 et
1009 1741 1052 1768 pe-

206 1770 252 1795 ric.
271 1770 315 1796 26.
335 1771 357 1796 7.
379 1770 433 1803 (Cf.
453 1780 477 1796 v.
496 1769 638 1807 Receptus.
658 1772 679 1805 9.
699 1773 736 1805 2.)
757 1789 788 1792 -—
809 1774 840 1806 §-
862 1775 899 1800 6.
921 1776 1051 1806 Subire,

207 1814 387 1839 Sustinere.
424 1812 442 1839 I.
457 1814 519 1847 Sy.
538 1813 681 1851 Suscipere
701 1815 852 1849 (officium.)
877 1816 906 1843 fr.
926 1819 950 1843 3.
969 1818 1006 1851 99.
1029 1819 1050 1844 l.

205 1856 230 1881 3.
245 1854 278 1881 de
292 1864 342 1881 ree.
357 1865 399 1891 qu.
415 1855 469 1882 arb.
483 1858 506 1882 4.
520 1857 544 1882 8.
582 1856 755 1885 intercedere.
773 1858 946 1896 Interponere
960 1859 1050 1891 (fidem

205 1898 306 1929 suam.)
326 1897 357 1924 fr.
377 1900 400 1923 8.
427 1898 492 1931 9.1.
513 1898 545 1925 ad
564 1898 632 1926 S.C.
655 1899 720 1927 Vell.
741 1903 781 1928 16.
802 1904 823 1928 1.
844 1902 874 1928 fr.
895 1904 936 1929 46.
957 1903 989 1929 de
1008 1903 1051 1929 he-

205 1940 259 1967 red.
279 1941 340 1967 inst.
354 1942 396 1967 28.
410 1942 434 1967 5.
471 1940 515 1968 111.
530 1943 596 1969 Gn.
615 1942 761 1980 Recepisse
781 1945 917 1972 arbitrium
936 1946 1049 1978 videtur,

205 2000 237 2003 —
261 1985 306 2020 qui
330 1983 424 2010 iudicis
448 1989 536 2021 partes
560 1987 686 2023 suscepit.
712 1986 742 2013 sr.
764 1989 802 2014 13.
828 1988 849 2021 9.
870 1990 894 2014 2.
919 1988 950 2016 cf.
975 1989 1005 2015 fr.
1025 1991 1049 2016 3.

204 2027 226 2061 9.
247 2028 270 2053 l.
290 2026 323 2053 de
342 2036 393 2053 rec.
414 2036 457 2062 qu.
477 2027 533 2053 arb.
553 2030 577 2055 4.
597 2030 624 2056 8.
661 2029 753 2056 Tacite
777 2032 803 2057 in
822 2031 900 2057 fidem
920 2042 992 2058 suam
1012 2043 1050 2059 re—

204 2070 300 2107 cipere.
325 2069 356 2096 fr.
376 2071 417 2096 40.
442 2070 508 2103 9.1.
532 2070 565 2097 de
590 2073 646 2098 iure
668 2073 736 2099 fisci.
761 2076 803 2100 49.
827 2076 863 2101 14.
902 2073 1049 2102 Periculum

204 2113 231 2139 in
250 2122 279 2139 se
299 2113 380 2149 recip.
405 2112 435 2139 sr.
458 2114 497 2139 13.
521 2113 542 2147 9.
563 2116 586 2140 5.
610 2113 688 2142 locat.
709 2117 749 2142 19.
768 2118 792 2143 2.
818 2116 848 2143 sr.
867 2119 908 2144 21.
930 2118 962 2144 de
981 2118 1047 2145 adm.

205 2159 232 2180 et
249 2165 304 2191 per.
317 2156 359 2182 26.
380 2157 403 2182 7.
441 2154 576 2182 Familiam
595 2145 784 2196 psscuniamque
803 2164 872 2186 tuam
892 2160 959 2187 endo
979 2172 1049 2187 man·
1069 2186 1071 2192 ,

205 2196 291 2223 datam
314 2197 422 2224 tutelam
446 2199 662 2236 custodelamque
689 2211 772 2228 meam
800 2204 907 2240 recipio.
936 2203 993 2230 Gai.
1017 2204 1047 2231 ll.
1069 2197 1071 2202 ¹

206 2241 264 2265 104.
301 2239 344 2266 Ob
364 2251 406 2273 ea,
435 2251 502 2278 quae
520 2243 593 2268 salva
611 2245 755 2280 receperit,
782 2245 880 2281 obligat
903 2247 1047 2283 (patrem.)
1070 2259 1071 2279 1

205 2281 278 2308 Paul.
298 2281 328 2308 ll.
348 2284 372 2308 6.
391 2284 412 2317 9.
434 2287 456 2311 1.
477 2284 506 2311 fr.
528 2287 550 2310 1.
570 2295 609 2322 pr.
630 2285 651 2319 9.
667 2289 691 2312 8.
711 2292 781 2313 naut.
801 2298 875 2325 caup.
889 2290 912 2314 4.
926 2291 949 2315 9.
979 2289 1048 2316 Con-

205 2324 293 2351 silium
313 2326 430 2361 recipere
448 2327 594 2354 fraudandi.
614 2328 644 2355 fr.
663 2331 705 2355 25.
725 2329 757 2355 de
776 2329 831 2356 reb.
852 2337 919 2358 auct.
939 2333 991 2359 iud.
1006 2335 1047 2360 42.

204 2369 228 2393 5.
250 2383 281 2386 -
302 2367 332 2399 §·
346 2369 378 2394 7.
399 2371 590 2403 Admittere,
610 2373 760 2398 Probare.
780 2372 840 2406 (Cf.
861 2384 884 2400 v.
905 2374 1046 2413 Receptus.

204 2410 226 2444 9.
249 2412 284 2442 l.)
321 2409 339 2436 I.
361 2411 422 2444 Sy·
442 2410 536 2439 Ratum
554 2414 659 2441 hahere.
684 2415 714 2441 fr.
734 2417 776 2441 28.
796 2425 834 2452 pr.
855 2417 936 2450 99.1.
956 2428 995 2454 sq.
1015 2419 1047 2446 de

204 2458 272 2489 pact.
291 2455 315 2478 2.
338 2455 377 2479 14.
415 2453 457 2479 ΙΙΙ.
474 2455 540 2481 Gn·
560 2456 635 2491 Quae
654 2459 784 2484 sententia
806 2460 886 2496 recipi
907 2466 1004 2497 potest,
1024 2463 1047 2488 si

205 2500 253 2522 etc.
274 2495 304 2522 fr.
326 2497 347 2521 l.
371 2496 391 2529 9.
412 2498 436 2521 3.
457 2495 489 2522 de
508 2497 540 2523 A.
559 2507 582 2525 v.
600 2499 634 2525 A.
653 2499 682 2526 P.
702 2502 744 2527 41.
763 2504 786 2527 2.
813 2501 841 2528 l'r.
863 2504 903 2528 23.
929 2503 950 2536 9.
969 2506 993 2530 2.
1014 2504 1046 2531 de

204 2548 294 2574 usurp.
314 2540 355 2564 41.
374 2540 398 2564 3.
419 2538 448 2565 l'r.
469 2540 510 2565 95.
535 2540 555 2573 9.
577 2543 599 2567 7.
620 2542 652 2568 de
670 2543 750 2570 solut.
770 2546 811 2571 46.
831 2546 855 2571 3.
893 2546 1044 2580 Quaeritur,
1067 2557 1068 2566 ¹

203 2596 237 2600 —
260 2580 307 2606 sed
327 2590 373 2617 ego
394 2592 446 2608 non
465 2587 529 2619 puto
549 2584 734 2620 recipiendum.
759 2587 789 2613 fr.
809 2589 850 2614 25.
876 2589 897 2622 9.
918 2590 941 2616 6.
962 2590 994 2617 de
1012 2591 1043 2617 A.

204 2634 228 2650 v.
249 2623 281 2650 O.
302 2623 332 2650 H.
352 2626 394 2650 29.
413 2627 436 2650 2.
457 2625 486 2651 fr.
509 2627 565 2651 108.
588 2626 653 2659 9.1.
674 2628 706 2655 de
725 2629 800 2666 legat.
821 2630 838 2656 Ι.
860 2633 936 2663 (30.)
975 2633 1044 2660 iusta

203 2668 420 2703 interpretatione
438 2668 618 2705 recipiendum
638 2675 690 2701 est,
711 2677 739 2698 ut
758 2678 806 2699 etc⁴
830 2673 859 2700 fr.
880 2677 938 2701 201.
960 2675 992 2702 de
1012 2676 1042 2703 V.
1065 2695 1066 2699 =

203 2710 231 2737 S.
251 2714 292 2737 50.
315 2712 352 2736 16.
366 2725 400 2729 —
419 2712 449 2745 §-
467 2713 503 2738 S.
523 2713 615 2740 Pati.
633 2713 794 2741 Tolernre.
831 2716 850 2742 I.
870 2718 931 2752 Sy.
951 2718 1041 2746 Posse.
1064 2735 1066 2740 .

204 2752 260 2780 Gai.
280 2753 309 2780 ll.
329 2756 370 2779 29.
390 2763 446 2790 sqq.
466 2756 507 2780 46.
528 2764 584 2790 sqq.
605 2756 646 2780 52.
666 2764 724 2791 sqq.
748 2756 808 2794 le.
828 2759 899 2786 XIX.
923 2763 960 2787 ll.
998 2762 1040 2789 Ill.

203 2797 270 2823 οη.
295 2796 324 2823 Si
344 2796 421 2822 inodo
442 2797 593 2833 corporales
613 2803 675 2824 sunt
694 2799 746 2831 (sc.
767 2802 839 2834 res,)
859 2808 884 2829 et
904 2803 937 2830 ob
957 2804 983 2831 id
1003 2815 1042 2831 re-

1895 156 1959 187 815

1111 232 1213 269 cipiunt
1236 231 1412 260 traditionem.
1441 233 1497 260 Gai.
1518 234 1548 261 II.
1575 236 1615 263 19.
1634 236 1677 262 28.
1719 235 1903 272 obligationes
1925 254 1955 257 —

1110 274 1176 301 nihil
1197 284 1285 301 eorum
1305 277 1444 313 recipiunt.
1469 276 1505 303 Id.
1525 277 1556 303 11.
1575 279 1618 304 38.
1656 277 1686 304 Si
1704 277 1740 310 id,
1760 279 1830 315 quod
1850 280 1876 305 in
1896 289 1956 306 con-

1110 317 1252 344 fessionem
1271 319 1351 351 venit,
1371 324 1397 345 et
1416 321 1456 346 ius
1477 325 1502 346 et
1515 325 1633 347 naturam
1647 320 1695 355 [al.
1709 321 1815 356 natura]
1837 323 1955 359 recipere,

1109 365 1206 397 potest.
1231 360 1261 387 fr.
1283 363 1322 387 14.
1349 362 1370 396 9.
1392 364 1414 388 l.
1436 362 1469 388 de
1493 364 1582 390 interr.
1603 365 1629 390 in
1653 365 1716 391 iure.
1737 366 1776 391 11.
1799 367 1820 391 l.
1858 365 1955 400 Quam—

1110 414 1185 440 quam
1209 404 1384 440 significatum
1410 404 1489 431 habet
1508 407 1562 439 (sc.
1582 407 1724 439 verbum,)
1749 408 1844 445 recipit
1868 413 1953 434 tamen

1109 451 1158 473 etc.
1184 446 1214 473 fr.
1234 449 1275 473 94.
1301 446 1333 473 de
1358 446 1388 473 V.
1409 447 1437 474 S.
1457 450 1498 474 50.
1521 450 1560 475 16.
1598 450 1829 482 Aestimationem,
1853 461 1877 477 v.
1901 451 1953 477 Au-

1108 494 1248 525 gmentum,
1269 490 1348 527 recip.
1370 489 1400 516 fr.
1415 492 1440 516 9.
1461 492 1483 524 9.
1497 493 1521 518 5.
1542 491 1574 518 de
1592 491 1624 518 R.
1644 493 1677 519 D.
1700 495 1721 519 1.
1741 494 1765 519 8.
1786 493 1816 520 sr.
1830 495 1872 519 44.
1892 494 1951 527 9.1.

1108 532 1139 558 ad
1160 532 1225 559 S.C.
1246 531 1325 558 Treb.
1344 533 1386 559 36.
1408 535 1430 559 1.
1469 533 1656 561 conditionem
1675 537 1748 562 taciti
1768 537 1894 573 temporis
1915 547 1952 562 re-

1108 576 1197 612 cipere
1217 574 1264 609 [al.
1285 575 1457 613 reciperare]
1479 576 1509 603 fr.
1528 578 1570 603 49.
1591 577 1613 611 9.
1632 579 1656 604 2.
1677 578 1709 605 de
1728 578 1846 605 fideiuss.
1865 580 1907 605 46.
1930 581 1951 605 l.

1108 617 1268 644 Contractus
1292 618 1397 654 quidam
1421 618 1511 645 dolum
1535 619 1631 646 malum
1659 620 1793 648 dumtaxat
1820 623 1952 659 recipiunt

1108 665 1157 687 etc.
1178 660 1208 687 t'r.
1226 662 1269 686 23.
1289 660 1321 687 ct'.
1346 660 1369 687 fr
1397 663 1437 688 77.
1459 661 1491 688 de
1509 661 1541 688 R.
1561 662 1578 688 I.
1599 665 1640 689 50.
1661 665 1701 690 17.
1726 680 1758 683 —
1782 665 1813 698 §.
1833 666 1871 691 9.
1891 666 1951 691 De-

1107 705 1232 735 ducere,
1261 705 1437 738 Excipere,
1465 706 1624 732 Retinere.
1670 705 1688 732 I.
1711 707 1773 741 Sy.
1803 707 1950 739 Deducere,

1106 745 1268 777 Detrahere,
1291 746 1423 783 Excipere
1442 748 1487 780 (in
1506 748 1678 784 mancipanda
1697 750 1884 786 proprietate.)
1908 750 1949 776 Cf.

1082 782 1084 790 Α
1105 799 1129 815 v.
1150 788 1305 815 Detrahere.
1330 790 1352 823 9.
1371 791 1396 816 3.
1433 789 1476 816 ΙΙΙ.
1498 791 1564 818 Cn.
1589 790 1656 817 Cum
1680 790 1788 818 fundum
1811 794 1869 829 quis
1890 803 1950 819 ven-

1106 831 1217 863 diderat,
1237 837 1263 858 et
1282 842 1384 858 omnem
1404 832 1516 859 fructum
1536 838 1678 870 receperat.
1698 833 1728 860 sr.
1748 836 1789 860 40.
1809 836 1846 869 99
1866 837 1889 861 3.
1908 846 1948 872 sq.

1105 873 1138 900 de
1166 879 1249 901 contr.
1278 880 1338 902 emt.
1364 876 1404 901 18.
1430 877 1453 902 l.
1499 875 1637 913 Quidquid
1663 876 1786 903 venditor
1813 879 1949 904 servitutis

1105 917 1210 942 nomine
1233 917 1285 944 sibi
1308 919 1426 955 recipere
1450 917 1520 950 vult,
1545 920 1698 945 nominatim
1726 921 1808 957 recipi
1835 926 1947 958 oportet.

1105 958 1135 985 fr.
1157 961 1196 985 10.
1218 959 1249 986 ci.
1271 960 1300 986 fr.
1320 962 1344 987 5.
1365 971 1457 987 comm.
1477 961 1566 998 praed.
1585 963 1609 988 8.
1627 963 1650 988 4.
1671 962 1703 989 ct'.
1723 962 1753 989 fr.
1768 964 1809 990 69.
1829 964 1852 998 9.
1871 967 1896 990 5.
1916 963 1948 990 de

1105 1003 1227 1028 eviction.
1246 1004 1288 1029 21.
1307 1005 1334 1029 2.

1140 1045 1389 1078 Reciproeus.
1425 1046 1566 1080 (Adiect.)
1605 1049 1757 1080 Mutuus,
1780 1051 1948 1084 Vtrimque

1103 1090 1263 1122 aequalis.
1304 1088 1323 1114 1.
1343 1090 1405 1123 Sy.
1434 1089 1553 1126 Duplex,
1576 1089 1721 1128 Reciproca
1747 1092 1947 1125 (substitutio.)

1103 1130 1133 1156 fr.
1153 1133 1177 1157 4.
1203 1132 1239 1165 99.
1262 1133 1283 1157 1.
1303 1141 1342 1168 sq.
1368 1131 1401 1158 de
1424 1132 1493 1168 vulg.
1520 1138 1545 1159 et
1569 1143 1630 1170 pup.
1649 1135 1691 1160 28.
1712 1136 1735 1160 6.
1773 1134 1823 1161 Par
1847 1146 1948 1172 poenae

1103 1173 1228 1200 conditio.
1265 1174 1407 1212 Reciproci
1434 1185 1535 1212 poenae
1563 1177 1693 1203 incursus.
1725 1177 1774 1204 Th.
1801 1177 1831 1204 C.
1856 1178 1900 1205 IX.
1926 1180 1947 1204 1.

1103 1227 1125 1243 c.
1146 1218 1168 1243 7.
1195 1228 1215 1243 c.
1238 1219 1277 1244 14.
1297 1217 1330 1244 de.
1350 1228 1436 1245 accus.
1457 1223 1483 1245 et
1505 1219 1584 1246 inscr.
1604 1219 1649 1246 IX.
1668 1222 1691 1245 2.
1717 1230 1738 1246 c.
1757 1222 1781 1246 3.
1807 1221 1839 1247 dc
1859 1221 1945 1248 exhib.

1102 1270 1126 1286 v.
1143 1265 1248 1286 transm.

1138 1303 1306 1330 Recisio.
1347 1304 1379 1337 §0
1405 1305 1440 1330 1.
1471 1305 1660 1337 Detractio,
1690 1306 1889 1333 Deminutio.
1928 1307 1944 1333 1.

1101 1346 1163 1380 Sy.
1187 1345 1267 1382 Quod
1293 1346 1400 1378 recidit,
1425 1346 1454 1373 Si
1478 1348 1635 1374 recisionem
1659 1354 1731 1375 esset
1750 1348 1892 1385 legatorum
1913 1349 1946 1375 fa-

1101 1393 1174 1415 ctura
1194 1390 1243 1421 (sc.
1264 1388 1400 1421 Falcidia.)
1422 1389 1452 1416 fr.
1472 1392 1513 1417 35.
1534 1391 1600 1424 9.1.
1621 1390 1653 1417 de
1672 1391 1761 1418 hered.
1782 1393 1842 1418 inst.
1862 1394 1903 1418 28.
1922 1395 1945 1419 5.

1100 1431 1130 1457 fr.
1152 1433 1173 1457 1.
1194 1432 1277 1466 9.13.
1303 1431 1335 1458 de
1355 1432 1417 1458 dote
1440 1432 1553 1470 praeleg.
1575 1435 1617 1460 33.
1637 1435 1660 1460 4.
1682 1449 1714 1453 —
1742 1435 1773 1469 §.
1793 1437 1828 1462 2.
1855 1438 1945 1462 Rele—

1102 1476 1199 1501 vatio.
1236 1474 1280 1501 ΙΙΙ.
1298 1476 1364 1502 Gn.
1385 1475 1584 1508 possessiones,
1603 1487 1710 1511 quae—
1731 1478 1847 1515 speciale
1866 1479 1945 1505 bene-

1099 1517 1187 1544 ficium
1207 1517 1239 1544 de
1258 1519 1388 1544 recisione
1407 1524 1567 1545 meruerunt.
1592 1519 1641 1545 Th.
1662 1518 1693 1546 C.
1712 1520 1780 1547 XIII.
1803 1523 1842 1547 ll.
1863 1532 1883 1548 c.
1906 1524 1944 1548 16.

1099 1560 1132 1586 de
1154 1562 1277 1587 censitor.

1135 1604 1309 1630 Recisun.
1324 1603 1446 1637 (Partic.)
1467 1606 1677 1637 Contractus,
1692 1607 1816 1633 Brevis.
1837 1607 1944 1641 Itop.

1097 1645 1214 1682 Longus.
1235 1646 1276 1672 Cf.
1297 1646 1322 1672 h.
1342 1657 1366 1673 v.
1385 1647 1407 1680 9.
1420 1648 1445 1673 3.

1133 1689 1329 1716 Recitare.
1358 1690 1389 1723 §.
1404 1691 1438 1716 1.
1459 1692 1570 1717 Palam
1589 1693 1795 1723 renunciare,
1816 1694 1944 1720 Nuucu-

1094 1742 1181 1766 pare.
1220 1731 1262 1757 III.
1292 1733 1358 1759 Cn.
1383 1731 1423 1758 Ne
1447 1734 1505 1769 quis
1525 1743 1615 1760 eorum
1634 1744 1711 1770 quem
1732 1751 1759 1755 —
1783 1737 1844 1768 (in)
1864 1736 1943 1763 Sena-

1097 1780 1164 1805 tum,
1184 1774 1353 1805 decuriones,
1374 1776 1576 1812 conscriptosve
1596 1776 1688 1813 legito,
1704 1794 1733 1797 —
1749 1788 1815 1804 neve
1834 1781 1943 1805 recitan—

1097 1816 1145 1843 dos
1166 1822 1255 1843 curato
1275 1822 1323 1843 etc.
1344 1816 1409 1843 Tab.
1430 1817 1531 1844 Heracl.
1546 1818 1641 1846 lin.ll.
1656 1830 1695 1857 sq.
1716 1831 1766 1847 aer.
1781 1821 1863 1859 Neap.
1884 1823 1943 1858 Qua

1096 1870 1128 1886 ex
1148 1865 1222 1897 parte
1246 1870 1287 1886 me
1307 1859 1394 1886 Titius
1420 1860 1543 1887 heredem
1566 1863 1694 1900 scriptum
1718 1865 1743 1890 in
1768 1865 1866 1891 tabulis
1886 1867 1942 1892 suis

1095 1903 1253 1933 recitaverit,
1273 1912 1305 1929 ex
1326 1913 1354 1929 ea
1374 1908 1448 1940 parte
1467 1904 1544 1930 heres
1564 1907 1634 1931 esto!
1653 1906 1684 1932 fr.
1700 1908 1721 1932 1.
1737 1906 1769 1933 de
1789 1907 1813 1934 h.
1834 1919 1876 1945 qu.
1892 1919 1942 1946 pro

1095 1955 1147 1972 non
1167 1946 1259 1982 script.
1278 1947 1320 1971 34.
1340 1948 1364 1972 8.
1385 1946 1416 1972 cs.
1442 1946 1472 1973 fr.
1490 1949 1531 1973 81.
1557 1948 1579 1981 9.
1601 1950 1622 1974 l.
1649 1948 1681 1975 de
1706 1949 1794 1977 hered.
1815 1952 1876 1978 inst.
1897 1955 1938 1978 28.

1094 1991 1117 2015 5.
1138 2004 1170 2007 —
1190 1989 1221 2022 §.
1241 1990 1276 2015 2.
1303 1990 1348 2015 De
1366 1991 1491 2023 scripto
1513 1993 1633 2026 legere,
1652 1998 1681 2018 et
1701 1996 1883 2021 enunciare.
1921 1995 1939 2021 I.

1094 2032 1156 2066 Sy.
1176 2030 1283 2067 Legere.
1304 2031 1334 2058 fr.
1351 2033 1372 2058 1.
1393 2032 1430 2066 99.
1449 2035 1473 2059 2.
1487 2035 1511 2059 4.
1532 2033 1564 2060 de
1583 2034 1627 2060 off.
1649 2035 1757 2070 Quaest.
1773 2038 1795 2062 1.
1812 2039 1850 2063 13.
1871 2037 1901 2064 fr.
1918 2040 1939 2064 l.

1093 2075 1115 2108 9.
1134 2075 1176 2100 38.
1202 2074 1293 2111 depos.
1316 2076 1355 2101 16.
1375 2076 1398 2101 3.
1424 2074 1454 2101 fr.
1476 2077 1515 2102 72.
1545 2076 1577 2102 de
1603 2076 1661 2104 furt.
1685 2080 1728 2104 47.
1751 2081 1776 2104 2.
1819 2079 1940 2108 Proferre

1093 2117 1235 2150 (lectiones
1256 2118 1318 2150 etc.)
1344 2117 1393 2144 Th.
1414 2118 1445 2145 C.
1465 2118 1483 2145 1.
1503 2120 1527 2144 4.
1549 2130 1570 2145 c.
1590 2122 1613 2146 2.
1633 2130 1672 2157 sq.
1693 2121 1797 2155 (ch)
1817 2123 1849 2150 de
1868 2134 1938 2161 resp.

1093 2160 1169 2198 prud.
1194 2160 1224 2186 Π.
1237 2162 1304 2194 011.
1324 2159 1504 2188 Praesentiuiu
1524 2163 1639 2193 testium,
1654 2179 1684 2183 ·—
1706 2163 1937 2197 Testimoniorum,

1093 2214 1159 2239 quae
1177 2204 1282 2229 recitari
1301 2203 1398 2235 solent,
1417 2205 1592 2237 (auctoritas.)
1618 2205 1648 2232 fr.
1667 2207 1691 2232 3.
1711 2207 1733 2240 9.
1753 2210 1777 2234 4.
1798 2208 1830 2235 de
1850 2209 1934 2235 testib.

1092 2248 1134 2272 22.
1148 2248 1172 2272 5.
1210 2246 1330 2274 mvn.
1351 2246 1404 2282 Qui
1424 2252 1615 2279 testamentum,
1636 2249 1740 2285 quodve
1759 2250 1829 2277 aliud
1843 2253 1934 2277 instru-

1092 2294 1224 2321 mentum,
1253 2289 1347 2315 falsum
1368 2305 1399 2308 —
1423 2290 1574 2326 scripserit,
1599 2293 1763 2325 recitaverit,
1786 2294 1932 2324 subiecerit,

1092 2333 1272 2369 suppresserit
1296 2338 1343 2358 etc.
1376 2331 1447 2358 Paul.
1476 2332 1506 2358 V.
1529 2335 1571 2359 25.
1597 2334 1666 2367 9.1.
1692 2335 1723 2362 cf.
1748 2335 1791 2363 IV.
1818 2339 1838 2362 7,
1863 2336 1882 2367 9.
1909 2337 1930 2361 1.

1093 2375 1172 2410 Quod
1192 2377 1241 2408 (sc.
1255 2375 1453 2407 testamentum)
1472 2385 1529 2407 nec,
1551 2381 1579 2402 ut
1598 2379 1724 2414 oportuit,
1745 2378 1865 2410 oblatum,
1884 2388 1933 2405 nec

1091 2417 1197 2454 publice
1216 2418 1353 2443 recitatum
1373 2422 1421 2443 est.
1440 2417 1477 2444 Id.
1497 2418 1540 2444 III.
1559 2421 1583 2445 5.
1604 2420 1681 2454 917.
1702 2420 1746 2447 IV.
1764 2423 1786 2447 6.
1807 2422 1840 2454 99.
1856 2422 1876 2447 l.
1891 2431 1929 2457 sq.

1091 2460 1184 2487 Oratio
1204 2460 1237 2486 D.
1258 2460 1351 2490 Marci,
1375 2470 1451 2496 quam
1476 2461 1502 2487 in
1527 2464 1620 2489 castris
1644 2465 1784 2500 praetoriis
1807 2464 1929 2490 recitavit.

1090 2502 1174 2530 Vatic.
1195 2504 1290 2537 §.195.
1320 2502 1413 2529 Oratio
1427 2502 1558 2542 Principis
1577 2507 1604 2532 in
1616 2505 1715 2533 Senatu
1735 2507 1844 2533 recitata.
1865 2506 1894 2533 fr.
1905 2509 1929 2532 2.

1090 2546 1123 2572 de
1142 2546 1222 2572 seriis.
1242 2548 1266 2571 2.
1288 2547 1328 2572 12.
1354 2545 1416 2583 le.
1435 2547 1532 2574 XXVI.
1554 2550 1576 2574 7.
1614 2548 1827 2581 l'raetendebant,
1848 2555 1873 2575 et
1893 2560 1932 2575 re-

1066 2595 1067 2598 ’
1090 2589 1204 2615 citabant
1224 2590 1482 2622 (constitutionem.)
1507 2590 1538 2616 l'r.
1559 2593 1599 2617 74.
1626 2592 1650 2625 9.
1672 2594 1694 2618 1.
1715 2592 1744 2618 ad
1763 2590 1788 2617 S.
1798 2590 1828 2618 C.
1850 2591 1929 2618 Treb.

1089 2634 1130 2658 36.
1152 2634 1173 2658 1.
1195 2631 1225 2658 cf.
1251 2631 1322 2658 Paul.
1344 2632 1374 2659 V.
1395 2635 1436 2659 25.
1462 2634 1484 2667 9.
1504 2636 1527 2659 4.
1567 2633 1633 2660 Cum
1658 2644 1746 2661 omnes
1764 2635 1817 2667 (sc.
1838 2645 1928 2671 proce-

1088 2675 1143 2705 res)
1163 2676 1354 2706 consenserint,
1375 2680 1437 2703 tunc
1458 2676 1562 2702 demum
1582 2678 1607 2703 in
1628 2688 1701 2705 sacro
1715 2678 1796 2703 nostri
1816 2679 1929 2703 numinis

1088 2719 1247 2744 consistorio
1272 2719 1383 2745 recitari.
1408 2730 1428 2745 c.
1450 2723 1472 2746 δ.
1498 2720 1530 2746 de
1550 2719 1603 2746 LL.
1625 2723 1647 2747 1.
1673 2722 1710 2746 14.
1735 2719 1766 2746 cf.
1791 2730 1811 2746 c.
1831 2722 1871 2746 30.
1898 2720 1930 2746 de

1088 2762 1143 2787 iure
1163 2760 1215 2787 dot.
1236 2763 1260 2787 5.
1282 2764 1321 2788 12.
1343 2772 1363 2788 c.
1383 2764 1406 2788 5.
1428 2762 1460 2788 de
1480 2762 1549 2798 legit.
1570 2768 1648 2790 tutor.
1668 2766 1690 2788 5.
1709 2764 1750 2789 30.

1123 2805 1329 2832 Recitatio.
1355 2807 1612 2839 Prunzcneiatio,
1633 2809 1665 2832 de
1682 2808 1806 2840 scripto
1820 2808 1927 2842 sacta.
