2197 3121
918 157 992 189 CHI
1015 176 1057 180 —
1082 157 1180 189 CHR.

191 245 422 271 Chersonesum
441 248 598 278 spectans.
636 239 678 266 Ill.
696 241 762 267 Cn.
791 239 1030 267 Chersonesitanm·

191 287 303 313 civitatis
324 287 473 323 episcopus.
502 284 552 311 Th.
567 283 598 310 C.
618 283 663 309 Di.
684 284 724 309 40.
746 293 767 309 c.
786 283 829 309 24.
848 282 881 308 de
899 292 977 319 poen.

226 329 474 356 chiliarchos.
524 329 684 354 Catervae
714 328 804 352 mille
831 327 1030 360 plebeiorum

188 374 386 407 praefectus.
428 371 471 397 III.
496 371 562 398 Gn.
593 368 758 396 Chiliarchas
778 369 900 405 insuper,
928 372 953 394 et
973 378 1031 394 cen-

190 415 322 440 tonarius.
348 413 390 440 vel
415 415 459 450 qni
484 413 535 439 sibi
558 412 646 449 plebis
671 411 885 438 distributionem
904 420 1030 447 usurpare

191 457 327 489 dicuntur,
347 457 496 483 censuimus
515 454 698 482 removendos.
726 454 763 480 Ib.
783 453 855 480 XVI.
882 455 921 479 10.
947 463 969 480 c.
987 456 1030 479 20.

191 500 214 534 5.
233 502 257 526 4.
277 499 310 526 (le
328 509 419 536 pagan.

228 540 579 576 chirographarius.
614 539 754 573 (Adiect.)
797 540 1031 574 Cltirographo

192 587 344 611 munitus.
382 585 412 611 II.
433 586 499 619 op.
527 582 723 618 Privilegiarius
750 581 907 615 (creditor).
939 580 970 607 fr.
989 582 1031 607 24.
1053 590 1055 642 y

192 628 214 661 5.
234 630 258 653 2.
283 627 314 654 fr.
333 629 375 654 38.
395 628 416 661 5.
437 629 459 654 l.
485 626 516 653 de
536 626 590 652 reb.
611 630 677 652 auct.
697 623 750 650 iud.
776 625 817 650 42.
837 626 861 650 ἴ).
903 624 945 650 111.
966 625 1032 652 Gn.

192 670 411 701 Instrunieiitum,
445 669 585 701 Debitum‚
621 666 870 704 chirographarium.
920 666 1032 693 Pecunia
1053 664 1056 688 l

194 712 413 750 chirographaria.
438 722 459 738 c.
481 713 520 738 17.
540 713 563 738 si
582 715 644 737 cert.
664 714 743 747 petat.
763 711 788 736 4.
807 712 831 736 2.
858 719 879 736 c.
901 712 924 736 1.
945 715 978 736 et.
998 710 1032 736 ob
1054 716 1055 740 ξ

193 755 304 791 chii-ogr.
324 766 381 792 pec.
401 756 425 781 8.
445 756 486 781 27.
523 753 660 781 Adversus
685 762 743 779 eum
768 753 883 789 experiri
907 763 955 790 pro
981 752 1034 779 chi-

193 798 362 835 rographario
383 798 510 824 debitore.
531 807 552 823 c.
573 798 595 822 7.
616 795 648 822 dc
667 796 800 822 novatinn.
819 797 844 822 8.
863 797 904 822 42.
942 795 1034 822 Credi·
1055 803 1056 811 ¹

193 846 235 867 tor
258 840 422 877 chirograph.
443 841 466 867 si
490 855 522 859 —-
545 849 593 876 per
615 839 668 864 vim
693 838 822 864 debitoris
851 840 893 865 sui
916 839 1033 876 pignora.
1055 819 1056 860 l

194 894 252 910 cum
272 894 323 910 non
343 884 463 910 habuerit
482 881 604 918 obligata,
625 882 731 918 ceperit.
760 880 832 907 Paul.
847 880 879 908 Y.
892 884 934 909 26.
954 882 976 915 5.
991 883 1014 907 4.
1055 867 1056 912 l

230 927 541 960 chirographum.
570 926 764 958 Scriptura,
784 934 877 951 manu
895 925 1033 959 propria
1055 919 1057 948 l

192 971 341 1005 signata.
384 969 502 995 Cautio
529 969 746 1001 privatorum.
793 967 812 993 I.
843 968 905 1001 Sy.
936 966 1034 993 Instru-
1055 959 1056 962 ¹

192 1015 316 1038 mentum.
348 1010 379 1037 fr.
398 1012 438 1036 52.
458 1019 497 1047 pr.
525 1009 557 1036 de
575 1009 607 1036 A.
626 1009 656 1035 E.
677 1009 708 1036 V.
735 1011 774 1036 19.
796 1011 819 1036 1.
850 1010 881 1036 t'r.
901 1010 942 1035 41.
967 1010 989 1043 5.
1009 1011 1032 1035 2.

193 1053 226 1080 dc
246 1064 316 1080 usur.
335 1056 375 1079 22.
398 1055 419 1079 l.
439 1053 470 1079 fr.
484 1054 526 1078 26.
547 1052 607 1086 5.1.
628 1052 659 1078 de
678 1054 780 1089 pignor.
800 1054 842 1078 20.
863 1054 886 1078 l.
924 1051 1033 1083 Tabula⁷
1055 1066 1056 1069 ¹

193 1096 235 1123 vel
257 1097 349 1123 cautio.
379 1095 409 1122 fr.
429 1097 470 1122 27.
491 1105 530 1132 pr.
551 1095 583 1121 dc
604 1094 664 1121 furt.
684 1097 726 1121 47.
745 1098 769 1120 2.
807 1094 850 1121 111.
875 1096 940 1123 Cn·
972 1094 1035 1121 Pro·

193 1140 252 1177 prio
271 1138 445 1176 chirographo
465 1138 602 1169 adnotare,
628 1139 687 1174 quis
712 1143 737 1164 et
757 1139 831 1164 cuius
851 1143 1034 1164 testamentum
1056 1154 1057 1179 3

193 1183 342 1218 signaverit.
374 1181 406 1207 fr.
425 1182 466 1207 30.
494 1182 546 1216 Qu.
567 1186 668 1207 testam.
690 1180 736 1207 fac.
756 1191 781 1218 p.
806 1183 847 1207 225.
874 1183 896 1207 1.
938 1180 968 1207 Si
986 1181 1035 1207 tibi
1056 1186 1057 1194 ¹

194 1224 311 1251 codicem
331 1224 539 1256 connnodavero.
560 1229 586 1250 et
604 1225 631 1250 in
651 1234 681 1250 co
702 1223 903 1260 chirographum
922 1224 1036 1251 debitori
1057 1235 1058 1242 ¹

194 1272 240 1294 tuo
261 1277 353 1293 cavere
372 1267 474 1293 seceris.
500 1267 529 1293 fr.
548 1268 572 1293 5.
597 1267 619 1301 5.
638 1270 663 1293 ὅ.
688 1266 816 1293 commod.
843 1268 882 1292 13.
902 1268 925 1293 6.
964 1267 1036 1303 Quo·
1057 1247 1058 1283 l

195 1312 245 1337 ties
266 1311 325 1346 quis
345 1320 429 1346 neque
449 1314 606 1336 testamento
631 1319 718 1345 neque
744 1309 873 1335 codicillis
893 1315 1035 1346 rogaretur„
1057 1343 1058 1346 Ἴ

196 1353 245 1380 scd
264 1353 407 1379 domestica
428 1355 547 1380 cautione
567 1358 592 1379 et
612 1352 786 1389 chirographo
806 1352 933 1388 obligaret
956 1363 985 1379 se
1004 1352 1036 1378 ad
1057 1373 1059 1386 ἰ

193 1396 381 1433 praestandum
401 1397 437 1427 ri,
464 1397 508 1433 qui
533 1406 626 1432 capere
651 1405 703 1421 non
724 1400 820 1432 potest.
849 1395 879 1421 fr.
898 1397 922 1422 3.
942 1406 981 1433 pr.
1003 1395 1035 1422 cf.
1057 1412 1059 1434 3

193 1440 216 1474 5.
230 1442 254 1466 3.
276 1439 307 1466 de
320 1440 376 1465 iure
389 1439 455 1466 fisci.
476 1440 570 1466 49.14.
590 1437 684 1465 Mulier
704 1449 755 1470 res,
776 1448 840 1475 quas
860 1438 929 1465 solet
947 1440 973 1465 in
988 1448 1036 1465 usu
1057 1438 1059 1446 ’

194 1482 300 1514 habere,
314 1498 346 1501 -
364 1483 391 1507 in
411 1481 530 1508 libellum
550 1481 619 1507 solet
639 1480 767 1513 conferre,
787 1491 898 1517 euinque
917 1481 1036 1508 libellum

194 1526 287 1552 marito
311 1524 419 1556 offerre.
440 1530 467 1551 ut
485 1526 508 1551 is
528 1523 691 1555 subscribat,
712 1539 744 1543 —
764 1529 790 1550 et
814 1524 887 1550 velut
907 1524 1037 1561 chirogra—

194 1568 277 1606 phum
296 1569 351 1594 eius
371 1578 438 1594 uxor
456 1569 559 1594 retinet.
579 1567 609 1592 fr.
630 1568 652 1593 9.
673 1567 695 1600 5
714 1568 739 1593 3.
759 1567 791 1593 de.
809 1569 866 1594 iure
877 1567 931 1594 dot.
950 1569 992 1594 23.
1011 1569 1035 1594 3.
1057 1568 1059 1594 Ι

194 1611 274 1643 Eum⁷
295 1611 338 1647 qui
359 1610 561 1647 chirographum
580 1609 656 1645 legat.
677 1609 793 1636 debitum
806 1610 905 1647 legare,
924 1621 977 1637 nou
996 1621 1037 1637 so-

196 1654 250 1680 lum
261 1653 371 1680 tabulas.
391 1654 421 1679 l'r.
432 1655 473 1679 44.
488 1654 510 1687 5.
524 1655 548 1678 5.
563 1652 595 1678 de
608 1652 683 1688 legat.
698 1653 716 1678 I.
729 1656 796 1687 (3⁰.)
816 1654 847 1680 fr.
858 1655 900 1680 59.
915 1653 946 1680 de
960 1653 1036 1689 legat.

196 1696 239 1723 III.
253 1698 320 1730 (32.)
341 1695 479 1732 Quidquid
492 1695 556 1722 mihi
570 1700 613 1721 aut
627 1696 808 1733 chirographis
828 1702 872 1723 aut
891 1697 1036 1723 rationibus
1058 1711 1059 1734 t

197 1739 301 1766 debitor
315 1744 362 1765 est.
381 1739 412 1764 fr.
427 1741 468 1764 31.
481 1739 502 1772 5.
518 1741 541 1765 4.
562 1738 595 1765 de
608 1738 709 1765 liberat.
724 1739 772 1776 leg.
792 1741 834 1766 34.
847 1742 871 1766 3.
903 1739 966 1765 Sive
986 1739 1038 1765 chi-

197 1781 356 1818 rographum
376 1792 406 1808 co
426 1783 531 1808 nominc
551 1781 661 1813 dederit,
682 1783 738 1808 sive
758 1782 826 1809 nuda
845 1781 1037 1819 pollicitatione

197 1825 385 1861 repromiserit.
406 1823 435 1850 fr.
451 1827 491 1850 10.
511 1835 550 1861 pr.
571 1824 603 1850 dc
622 1824 647 1850 h.
668 1835 710 1860 qu.
731 1829 758 1850 ut
777 1824 875 1861 indign.
894 1827 936 1851 34.
956 1827 979 1851 9.
1009 1824 1038 1850 Si

198 1869 258 1904 quis
278 1867 390 1893 alienum
409 1866 611 1903 chirographum
631 1869 759 1899 imitetur,
784 1872 827 1893 aut
852 1867 978 1893 libellum.
1007 1867 1037 1892 sr.
1058 1887 1060 1903 :¹

196 1911 238 1936 23.
259 1909 292 1936 de
310 1909 340 1935 L.
357 1909 418 1935 Cor.
439 1908 471 1935 de
491 1909 548 1935 sals.
569 1912 610 1936 45,
632 1912 671 1936 10.
710 1911 763 1945 Qui
782 1912 905 1941 rationes.
926 1915 989 1939 acta.
1010 1909 1038 1935 li-
1059 1905 1060 1908 Ἴ

196 1953 292 1985 bellos⁷
313 1952 400 1978 album
413 1954 588 1989 propositum,
608 1954 772 1985 testationes,
793 1954 934 1983 cautiones.
955 1952 1039 1978 chiro-

198 1996 309 2033 grapha,
334 1994 460 2032 epistolas
485 2010 517 2014 ——
542 1995 681 2027 deleverit.
709 1997 860 2025 mutaverit.
887 1996 1037 2025 subiecerit,
1058 1994 1060 1999 ¹

197 2039 394 2075 subscripserit.
424 2037 496 2064 Paul.
517 2037 548 2064 Y.
568 2040 609 2064 25.
634 2039 656 2072 5.
676 2041 699 2065 5.
736 2038 874 2065 Praeterea
892 2039 1037 2065 litterarum

198 2082 322 2118 obligatio
342 2081 399 2107 iieri
419 2079 523 2107 videtur
542 2080 724 2118 chirographis
744 2086 769 2108 et
788 2081 958 2118 syngraphiS.
979 2083 994 2108 i.
1015 2093 1037 2108 e.

198 2126 222 2151 si
246 2126 305 2161 quis
330 2123 426 2150 debere
449 2133 492 2156 se,
518 2129 562 2150 aut
587 2124 707 2151 daturum
732 2134 760 2150 sc
779 2125 884 2151 scribat.
918 2124 975 2151 Gai.
995 2125 1036 2151 III.
1058 2141 1060 2162 Ι

200 2169 257 2194 134.
295 2166 475 2203 Chirographa
489 2172 541 2198 tua,
562 2177 593 2193 ex
609 2168 704 2203 quibus
718 2169 768 2194 iam
782 2167 846 2194 nihil
866 2168 920 2204 peti
939 2173 1037 2204 potest,

200 2214 226 2236 et
249 2211 421 2236 iustrumenta
445 2209 478 2236 ad
502 2220 561 2237 eum
585 2215 748 2237 contractum
771 2211 937 2248 pertinentia.
966 2221 987 2237 c.
1013 2212 1036 2237 9.

201 2251 232 2278 ad
252 2252 338 2279 exhib.
362 2254 386 2278 3.
406 2255 448 2279 42.
477 2253 509 2279 cf.
529 2253 560 2280 fr.
581 2255 621 2280 18.
646 2253 703 2279 cod.
730 2256 769 2280 lo.
789 2255 813 2280 4.
855 2253 1037 2283 Instrumenta.
1058 2250 1060 2277 l

200 2294 243 2321 vel
264 2294 446 2332 chirographa,
471 2301 527 2322 acta
552 2297 629 2322 etiam
653 2296 686 2322 ad
709 2297 750 2323 ius
774 2297 936 2333 privatorum
960 2298 1039 2334 perti-

201 2338 297 2364 nentia.
316 2338 346 2364 fr.
366 2340 406 2365 45.
427 2340 449 2373 5.
468 2341 485 2365 4
513 2339 545 2365 de
564 2340 619 2366 iure
638 2340 705 2366 fisci.
725 2341 765 2366 49.
782 2341 821 2365 14.
858 2339 1038 2377 Chirographa
1060 2358 1061 2364 .

202 2380 360 2407 tributorum
383 2392 396 2407 a
420 2382 539 2408 debitore
562 2387 632 2408 retro
653 2382 807 2409 solutorum.
837 2382 866 2408 l'r.
886 2385 927 2408 52.
947 2393 986 2420 pr.
1007 2382 1039 2409 de
1060 2373 1061 2388 ¹

203 2424 233 2449 A.
253 2423 282 2449 E.
303 2422 334 2448 Υ.
356 2425 395 2449 19.
416 2426 438 2451 l.
479 2425 577 2451 Moram
602 2426 685 2452 l'acere
705 2427 731 2451 in
751 2425 923 2462 chirographo
943 2427 1039 2453 securi·
1060 2436 1062 2467 ¹,

203 2467 264 2491 tatis
285 2465 394 2492 edendo.
415 2477 436 2492 c.
455 2469 478 2494 4.
499 2468 531 2494 de
550 2468 636 2494 collat.
657 2468 728 2495 l'und.
750 2470 790 2494 ll.
810 2470 851 2494 (54.

239 2509 364 2535 Chius.
403 2508 444 2535 Cl'.
463 2520 487 2536 v.
506 2511 636 2537 Aufidius.

239 2552 424 2585 Chlamys.
474 2556 576 2580 Genus
603 2556 790 2581 vestimenti
817 2556 941 2588 aperti,
974 2549 1062 2581 tam?

204 2597 366 2621 militaris
385 2605 476 2630 qnam
492 2605 602 2631 pagan
611 2599 628 2623 i.
665 2596 707 2623 111.
723 2598 788 2624 (7η.
812 2597 976 2623 Fortissimis
995 2599 1041 2624 mi—

203 2639 294 2665 litibus
320 2654 351 2657 —
374 2648 422 2675 pro
448 2638 558 2674 singulis
582 2639 764 2676 chlamydibus
792 2640 910 2676 singulos
939 2640 1040 2666 solidos
1061 2646 1063 2665 t

204 2682 267 2708 dari.
297 2681 346 2708 Th.
368 2681 399 2708 C.
420 2681 475 2709 Vll.
495 2684 518 2708 6.
540 2692 561 2708 c.
576 2683 599 2707 4.
619 2682 651 2708 de
668 2683 742 2709 milit.
762 2688 843 2709 veste.
881 2682 976 2709 Nullus
996 2683 1041 2709 Se-

204 2730 323 2752 natorum
343 2724 459 2751 habitum
478 2725 529 2751 sibi
548 2725 663 2752 vindicet
682 2727 832 2757 militarem,
852 2726 907 2757 sed.
928 2726 1042 2762 chlamy-

205 2768 246 2795 dis
266 2773 366 2794 terrore
386 2767 519 2804 deposito.
546 2769 633 2805 quieta
658 2769 820 2796 colobiorum
839 2780 868 2795 ac
886 2769 1040 2806 penularum
1062 2770 1063 2779 ¹

206 2811 296 2838 induat
318 2811 481 2837 vestimenta.
514 2811 550 2838 lb.
570 2811 640 2838 XIV.
667 2814 706 2838 10.
731 2822 752 2839 c.
778 2814 799 2838 l.
824 2823 863 2849 pr.
895 2813 926 2839 dc
950 2813 1041 2840 habitu

1060 2389 1061 2402 ¹
1080 2387 1212 2420 generis
1241 2387 1397 2411 salvator.

1854 161 1913 191 137

1076 250 1128 276 quo
1147 241 1185 267 uti
1204 250 1246 277 op.
1276 240 1307 267 cf.
1333 240 1350 267 I.
1376 242 1416 267 15.
1441 251 1461 267 c.
1483 242 1522 267 16.
1549 240 1662 273 (W‹-k.)
1697 241 1729 267 dc
1757 242 1800 267 0112
1827 240 1911 267 Vicat:

1075 282 1188 310 l'nerilia
1211 288 1273 309 sunt
1296 284 1464 312 vestimenta.
1495 300 1526 303 —
1551 284 1632 310 veluti
1656 289 1731 319 togae
1754 289 1912 320 praetextae.

1075 325 1192 357 filiculae,
1212 325 1377 362 chlamydes.
1397 326 1483 363 pallia.
1513 326 1542 352 l'r.
1562 329 1603 354 23.
1628 328 1649 360 5⁴
1669 330 1693 353 2.
1719 326 1751 353 de
1775 337 1837 353 auro
1861 337 1912 361 arg.

1074 370 1115 394 34.
1136 371 1159 395 2..

1112 412 1266 438 Choma.
1303 413 1426 447 Agger,
1448 413 1551 439 Moles
1570 419 1659 439 terra
1679 415 1832 446 adgesta,
1852 423 1913 447 qna

1074 458 1242 481 coercetur
1260 464 1349 489 aqua.
1386 454 1405 480 Ι.
1426 456 1487 489 Sy.
1506 455 1631 491 Aggeres,
1652 457 1696 492 qui
1716 455 1803 481 soh-nt
1822 466 1914 492 aquam

1075 496 1216 523 Niloticam
1235 498 1378 525 continere.
1398 507 1419 523 s.
1440 498 1554 533 Aggercs
1574 498 1690 524 Nilotici.
1728 498 1855 525 Chomata
1875 499 1914 531 (et

1076 539 1194 576 diacopi,
1215 541 1258 576 qui
1278 541 1304 566 in
1323 540 1460 577 aggeribus
1481 542 1567 573 sunt).
1592 541 1621 567 fr.
1644 543 1683 567 lo,
1704 541 1736 567 de
1756 545 1821 567 extr.
1841 542 1912 567 crim.
1932 543 1934 550 ’

1076 583 1117 608 47.
1138 584 1178 609 11.
1216 582 1258 609 111.
1273 584 1339 610 Gn.
1363 582 1564 620 Cephalacotae.
1584 584 1742 613 irenarchae,
1761 583 1915 620 logographi

1053 646 1055 657 ἱ
1077 624 1233 658 chomatum.
1254 630 1279 652 et
1297 627 1392 652 caeteri
1411 626 1508 662 liturgi.
1537 625 1586 653 Th.
1602 627 1633 652 (¹.
1647 627 1692 653 XI.
1712 628 1753 653 24.
1774 637 1795 652 c.
1810 628 1834 652 6.
1854 627 1875 660 5.
1890 628 1913 652 7.

1077 667 1109 693 dc
1128 673 1227 704 patroc.
1247 670 1328 695 vicor.

1113 711 1267 738 Chorus.
1306 713 1431 746 Corpus
1454 714 1674 743 cantantium,
1704 715 1750 738 rel
1773 714 1914 739 saltata<

1078 764 1153 780 rum.
1198 754 1240 780 HI.
1264 756 1330 782 (711.
1362 754 1391 781 Si
1419 754 1529 785 chorus.
1560 759 1601 780 aut
1627 754 1721 780 familia
1746 754 1853 791 legetur.
1882 769 1914 773 —

1079 795 1147 822 Cum
1166 797 1283 823 eiusdem
1303 799 1405 833 generis
1424 796 1513 834 plnres
1533 807 1575 823 res
1594 796 1672 823 simul
1691 798 1810 829 veniant.
1833 797 1915 824 veluti

1079 839 1206 866 comoedi.
1225 840 1267 866 vel
1288 840 1391 866 chorus.
1412 840 1442 866 fr.
1459 842 1499 867 79.
1514 850 1552 877 pr.
1577 840 1610 867 de
1630 840 1705 876 legat.
1726 840 1767 865 111.
1788 841 1855 873 (32.)
1884 839 1914 866 [ι’.

1077 883 1118 908 34.
1138 892 1177 918 pr.
1197 882 1230 908 de
1249 882 1335 909 Acdil.
1356 883 1433 909 edict.
1452 885 1494 910 21.
1516 885 1537 909 1.

1114 925 1392 952 christianitas.
1437 926 1467 959 ξ.
1493 927 1527 952 l.
1563 927 1690 960 Religio
1717 927 1915 952 christiana.

1077 967 1095 993 I.
1115 968 1176 1002 Sy.
1197 967 1275 994 Fides
1290 968 1498 995 christianorum.
1528 969 1668 995 Vrneratio
1688 968 1837 995 christiana.
1866 968 1915 994 Th.

1079 1009 1109 1036 C.
1132 1010 1189 1036 XII.
1211 1012 1233 1036 1.
1254 1021 1275 1037 c.
1297 1013 1353 1037 112.
1375 1011 1406 1038 de
1426 1012 1558 1038 decurion.
1578 1011 1648 1037 X1I.
1669 1014 1692 1037 S.
1713 1022 1734 1037 c.
1750 1014 1789 1038 19.
1811 1011 1843 1038 tle
1858 1011 1915 1037 Iud.

1078 1052 1120 1079 111.
1145 1054 1211 1080 011.
1245 1053 1298 1089 Qui
1322 1064 1417 1081 nomen
1440 1054 1638 1080 christianitatis
1663 1054 1760 1086 induti.
1789 1054 1917 1080 sacrificia

1079 1096 1196 1122 fecerint.
1222 1096 1259 1123 Ib.
1279 1096 1350 1123 ΧΥΙ.
1371 1099 1394 1123 7.
1415 1107 1436 1123 c.
1457 1099 1480 1123 7.
1500 1097 1522 1130 5
1541 1099 1565 1123 3.
1590 1097 1622 1123 (11·
1642 1102 1752 1134 apostant.
1790 1097 1917 1123 Christia-

1080 1140 1186 1165 nitatem
1206 1144 1346 1166 sectantes.
1375 1139 1411 1166 lb.
1432 1139 1448 1166 l.
1470 1139 1486 1166 l.
1507 1150 1527 1166 c.
1549 1141 1572 1166 7.
1592 1140 1613 1173 5
1636 1142 1657 1166 l.
1678 1156 1709 1159 —
1729 1141 1759 1173 ξ.
1780 1141 1816 1166 2.
1844 1141 1917 1166 l'ni-

1081 1184 1221 1209 versitas
1240 1184 1506 1209 christianorum.
1539 1182 1558 1209 Ι,
1573 1184 1633 1217 Sy.
1654 1183 1799 1209 Christiani
1813 1193 1842 1209 ac
1855 1182 1918 1208 tide-

1080 1224 1126 1251 les.
1164 1225 1232 1252 Tota
1252 1225 1437 1252 christianitas.
1470 1225 1506 1252 111.
1526 1225 1585 1252 XV.
1611 1228 1634 1251 5.
1660 1236 1680 1252 c.
1701 1227 1724 1251 5.
1749 1225 1780 1251 de
1805 1230 1917 1262 spectac.

1079 1268 1121 1294 111.
1142 1270 1208 1296 Cn.
1237 1268 1410 1295 consecratio
1435 1269 1554 1305 episcopi
1573 1268 1618 1294 slat
1638 1273 1697 1294 ante
1716 1278 1818 1294 omnem
1836 1278 1919 1305 popu-

1057 1307 1059 1330 :
1080 1311 1134 1338 lum
1153 1311 1360 1338 christianitatis.
1397 1311 1490 1338 Iuliani
1509 1312 1571 1348 epit.
1591 1321 1651 1337 nov.
1677 1322 1698 1337 c.
1718 1312 1741 1338 6.
1771 1312 1792 1345 5.
1812 1312 1854 1337 24.
1887 1327 1918 1330 —

1080 1355 1111 1388 ξ.
1132 1356 1169 1381 3.
1200 1357 1398 1381 (sterit-atas.
1435 1354 1453 1380 Ι.
1473 1355 1534 1388 Sy.
1558 1354 1655 1381 Votum
1675 1355 1831 1381 christianae
1844 1353 1918 1390 legis.

1081 1397 1131 1424 Th.
1146 1398 1176 1424 C.
1196 1397 1266 1424 XYI.
1286 1399 1310 1424 2.
1331 1408 1352 1424 c.
1374 1398 1413 1423 16.
1434 1397 1466 1423 de
1485 1398 1601 1434 episcop.
1640 1397 1681 1423 III.
1702 1399 1768 1424 (Ἦ.
1792 1396 1920 1423 Christia-

1057 1451 1059 1464 ’-
1080 1442 1170 1467 nitatis
1196 1441 1318 1472 obtentu⁷
1348 1440 1483 1467 curialium
1507 1450 1536 1466 se
1560 1441 1694 1466 consortio
1720 1450 1850 1477 separare.
1881 1439 1919 1466 lb.

1057 1506 1059 1515 .
1079 1484 1136 1511 XII.
1164 1486 1185 1510 l.
1215 1494 1236 1510 c.
1257 1485 1314 1510 123.
1340 1493 1378 1520 pr.
1412 1483 1444 1509 de
1469 1483 1602 1510 (let-urion.
1631 1483 1663 1509 cl'.
1688 1482 1759 1509 XVI.
1783 1484 1807 1509 8.
1836 1493 1857 1509 c.
1876 1484 1918 1509 26.

1081 1527 1113 1554 dc
1132 1527 1186 1553 Iud.

1116 1570 1366 1597 Christianus.
1396 1568 1513 1602 (Subst.)
1541 1569 1573 1603 §.
1589 1570 1623 1595 1.
1649 1570 1746 1595 Fidei
1763 1571 1919 1596 christia-

1081 1624 1138 1640 nae
1157 1615 1274 1639 cultor.
1311 1611 1352 1638 HI.
1371 1613 1435 1639 (¹11.
1456 1612 1528 1638 IIanc
1547 1612 1630 1648 legem
1649 1617 1789 1648 sequentes
1804 1612 1920 1638 christia-

1081 1666 1174 1682 norum
1193 1655 1381 1682 catholicorum
1395 1665 1489 1681 nomen
1503 1655 1622 1681 iubemus
1636 1654 1766 1692 amplecti.
1798 1655 1835 1680 Ib.
1848 1654 1919 1681 XVI.

1083 1702 1105 1726 1.
1126 1710 1147 1726 c.
1169 1701 1190 1725 1.
1216 1699 1238 1732 5.
1260 1701 1281 1725 l.
1307 1698 1339 1724 de
1359 1698 1411 1724 tide
1430 1697 1525 1724 cathol.
1569 1697 1749 1725 Christianus,
1775 1697 1816 1724 vel
1836 1699 1920 1724 cuius-

1082 1743 1147 1769 libet
1166 1747 1253 1768 sectae
1277 1741 1363 1767 homo.
1396 1741 1433 1766 lb.
1453 1740 1523 1766 XVI.
1544 1743 1567 1766 ὅ.
1593 1750 1614 1766 c.
1634 1742 1675 1766 22.
1701 1739 1733 1766 de
1752 1739 1806 1766 lud.
1845 1740 1921 1766 Chri-

1058 1792 1060 1819 }
1082 1786 1160 1811 stiani
1184 1795 1212 1811 ac
1236 1783 1342 1810 fideles.
1367 1784 1411 1819 qui
1434 1782 1465 1809 ad
1488 1793 1603 1820 paganos
1627 1784 1693 1809 ritus
1718 1782 1857 1819 cultusque
1876 1784 1921 1809 mi·

1081 1832 1194 1864 grai-unt.
1223 1827 1260 1853 lb.
1279 1826 1350 1852 XVI.
1371 1828 1394 1852 7.
1415 1836 1436 1852 c.
1455 1828 1479 1852 2.
1500 1836 1540 1863 pr.
1566 1825 1597 1852 cf.
1619 1836 1639 1852 c.
1661 1828 1683 1852 1.
1704 1826 1736 1852 dc
1756 1831 1866 1863 apostat.
1888 1842 1919 1845 -

1082 1871 1112 1904 ς’.
1132 1872 1167 1897 2.
1198 1871 1354 1896 Clericus.
1393 1868 1435 1894 III.
1457 1870 1522 1896 Cn.
1550 1869 1714 1895 Decuriones
1735 1870 1787 1905 qui.
1807 1874 1836 1895 ut
1855 1868 1920 1895 chri-

1082 1914 1172 1943 stiani.
1197 1912 1329 1939 declinant
1348 1913 1441 1938 munia.
1470 1912 1507 1938 lb.
1526 1911 1583 1937 XII.
1606 1914 1626 1938 1,
1652 1922 1673 1938 c.
1694 1914 1734 1938 50.
1755 1922 1794 1949 pr.
1826 1911 1858 1938 de
1879 1911 1920 1937 dc-

1083 1957 1181 1983 curion.
1226 1955 1261 1981 Yt
1296 1955 1379 1981 facilis
1413 1955 1547 1981 exsecutio
1580 1955 1730 1992 proveniat.
1762 1954 1920 1981 christianos

1081 2000 1261 2037 proximorum
1280 1998 1398 2025 locorum
1416 1997 1538 2024 volumus
1557 1997 1634 2024 huius
1654 1999 1691 2024 rei
1715 1997 1919 2023 sollicitndimnn

1081 2052 1179 2079 gerere.
1208 2041 1245 2068 111.
1266 2041 1297 2068 Υ.
1317 2044 1341 2068 5,
1362 2052 1382 2068 c.
1402 2043 1426 2067 2.
1447 2042 1467 2074 5.
1488 2042 1511 2067 4.
1532 2040 1564 2066 de
1582 2041 1727 2078 postlimin.

1118 2084 1366 2112 Christianus.
1392 2084 1532 2117 (Adiect.)
1570 2086 1618 2110 Ad
1640 2086 1822 2110 doctrinam
1849 2085 1919 2110 Iesu

1083 2130 1214 2155 Christi
1237 2134 1394 2161 spectans.
1442 2127 1484 2153 III.
1508 2128 1573 2154 Cn·
1605 2126 1634 2152 In
1659 2137 1708 2162 qua
1733 2128 1786 2158 (sc.
1806 2127 1920 2162 regionis

1058 2180 1060 2203 ξ
1082 2172 1167 2208 parte)
1187 2170 1302 2207 populos
1322 2170 1478 2196 christianae
1498 2169 1632 2205 religionis
1653 2169 1788 2195 doctrinae
1808 2170 1920 2195 insinua>

1081 2215 1153 2240 tione
1173 2212 1341 2239 moderantur
1360 2214 1410 2245 (sc.
1430 2214 1571 2250 episcopi).
1601 2212 1637 2238 111.
1652 2211 1697 2238 IX.
1712 2214 1752 2238 4t).
1773 2223 1793 2238 c.
1810 2213 1848 2238 16.
1864 2211 1918 2245 5.2

1083 2256 1115 2283 de
1134 2267 1211 2294 poen.
1247 2255 1403 2282 Veneranda
1422 2255 1466 2282 lex
1486 2255 1634 2281 christiana.
1660 2255 1695 2281 lb.
1710 2254 1779 2281 XYI.
1800 2259 1823 2280 ὅ.
1843 2265 1863 2280 c.
1880 2256 1918 2280 13,

1083 2299 1115 2326 de
1133 2299 1188 2326 Iud.
1226 2299 1305 2326 fides
1325 2298 1473 2326 christiana.
1500 2298 1536 2324 lb.
1556 2298 1572 2324 1.
1594 2298 1610 2324 l.
1631 2309 1651 2324 c.
1673 2300 1712 2324 lb'.
1734 2308 1772 2334 sq.

1119 2343 1300 2369 Christus.
1347 2343 1543 2376 l‘nigenitns
1566 2343 1617 2368 clei
1635 2343 1761 2377 filins,
1789 2342 1920 2366 humani

1446 2384 1464 2410 Ι.
1490 2385 1551 2418 Sy.
1586 2383 1760 2420 Omnipotens
1789 2382 1865 2410 deus.
1895 2388 1918 2409 et

1084 2428 1208 2454 Christus
1228 2428 1307 2454 filius.
1344 2427 1421 2453 Pater
1441 2432 1463 2453 ct
1484 2426 1563 2453 filius.
1592 2426 1628 2452 Ib.
1648 2426 1717 2452 XVI.
1738 2427 1761 2450 ἴ).
1782 2436 1802 2451 c.
1817 2426 1841 2451 6.
1859 2426 1880 2459 5.
1894 2428 1917 2451 2.

1060 2486 1061 2489 ¹
1084 2471 1116 2498 de
1142 2471 1263 2497 haeretic.
1293 2470 1355 2496 lust.
1377 2470 1406 2496 C.
1433 2481 1453 2496 c.
1475 2471 1497 2496 l.
1518 2480 1556 2506 pr.
1582 2480 1602 2495 c.
1622 2472 1645 2494 2.
1669 2469 1690 2501 5
1717 2470 1737 2493 1.
1763 2467 1795 2493 de
1820 2478 1918 2494 summa

1060 2526 1062 2532 ⁴
1084 2515 1165 2540 trinit.
1193 2515 1214 2539 l.
1235 2515 1257 2539 1.

1457 2513 1587 2539 Dominus
1607 2517 1628 2537 ct
1650 2511 1714 2536 dens
1734 2515 1824 2536 noster
1845 2511 1918 2537 Iesus

1295 2513 1336 2539 III.
1363 2515 1428 2541 Cn.

1085 2557 1218 2583 Christus.
1256 2555 1376 2582 Salvator
1396 2556 1528 2582 Christus.
1564 2566 1584 2580 c.
1603 2557 1626 2579 2.
1651 2554 1672 2586 5
1695 2555 1716 2579 1.
1743 2553 1774 2579 de
1794 2558 1845 2579 vet.
1864 2555 1920 2580 iure

1061 2627 1063 2636 Ι
1085 2599 1169 2626 enucl.
1191 2601 1212 2624 l⁴
1234 2600 1274 2624 17.
1295 2609 1315 2624 c.
1338 2601 1359 2625 l.
1380 2610 1445 2625 ιιι-111.
1466 2599 1508 2624 lic.
1529 2599 1592 2632 sign.
1615 2598 1635 2621 1.
1656 2600 1679 2621 ἢ.

1121 2642 1458 2675 Chrysanthianns.
1480 2640 1608 2673 (Adii-ct.)
1629 2641 1801 2665 Secundum
1823 2640 1919 2674 Chry-

1085 2687 1266 2716 samnium,
1288 2687 1402 2711 Sardis
1422 2692 1587 2710 sacrorum
1605 2683 1821 2717 praefectum,
1846 2693 1917 2717 cog>

1322 2727 1363 2753 III.
1389 2728 1453 2754 Cn.
1488 2725 1554 2751 Cum
1582 2729 1636 2750 erat
1661 2729 1729 2750 certa
1753 2726 1862 2761 pecunia
1887 2741 1918 2744 —

1086 2770 1186 2807 reipub.
1207 2769 1392 2796 Sardianorum
1413 2768 1501 2794 relicta
1521 2778 1568 2804 per
1587 2767 1784 2803 quadriennium
1805 2768 1919 2793 certami—

1085 2730 1280 2754 nominatus.

1062 2839 1063 2844 ,
1086 2814 1126 2840 nis
1147 2812 1360 2849 Chrysanthiani,
1382 2811 1410 2837 fr.
1430 2812 1470 2836 24.
1492 2810 1523 2836 de
1543 2820 1600 2836 ann.
1621 2810 1686 2846 legat
1713 2812 1754 2836 33.
1779 2812 1798 2835 l.

1446 2856 1476 2879 15
