2197 3121
1017 149 1105 179 IND.

204 238 264 264 cias.
284 236 333 263 Th.
354 235 384 262 C.
404 234 474 261 XVI.
494 237 517 261 5.
542 245 562 260 c.
583 234 623 259 62.
649 232 681 259 de
705 232 829 258 haeretic.
854 231 885 258 cf.
905 231 951 258 XI.
974 233 995 258 1.
1017 241 1038 257 c.

202 281 244 306 34.
264 279 296 305 de
315 288 408 305 annon.
429 283 454 304 et
473 277 563 304 tribut.

240 321 432 348 Inductio.
470 321 501 354 ᾖ.
522 321 556 346 1.
577 319 799 349 Introductio,
820 318 992 344 immissio.
1020 316 1038 342 I.

204 366 265 399 Sy.
285 363 404 390 Traditio
428 361 614 399 (corporalis.)
639 360 757 387 Inductio
782 359 971 397 (corporaliter
995 360 1039 385 im-

204 405 294 442 pleta.)
315 406 350 432 11).
371 405 438 431 VIII.
460 407 500 431 12.
521 415 541 431 e.
563 406 584 430 l.
605 404 626 437 ξ.
645 405 669 429 2.
691 414 711 429 c.
725 405 749 429 2.
764 402 796 429 de.
809 402 895 429 donat.
915 402 958 428 111.
973 403 1038 429 (711.

203 448 307 475 vacuae
325 449 504 485 possessionis
523 447 674 473 inductione
695 446 830 472 celebrata.
851 445 934 471 Vatic.
949 445 1038 478 §.293

203 491 234 524 §·
264 493 299 518 ἓ.
330 491 534 525 Expnnctio,
566 490 699 516 Delelio
729 489 958 521 (scripturae)
996 486 1038 512 Ill.

203 535 269 561 Cn.
293 534 322 560 Si
351 533 494 559 novissime
518 548 549 551 —
574 537 730 558 testamento
758 531 836 558 suerit
863 529 1038 566 adscriptum:

203 576 338 608 „Liuii-as,
358 575 535 606 inductiones,
556 574 802 611 snperinductiones
827 574 884 610 ipse
908 572 984 599 sect*
1008 572 1038 599 l'r.

204 621 226 646 l.
246 620 267 652 ξ.
288 621 309 645 l.
330 618 360 645 cs.
382 618 411 645 fr.
430 620 453 644 2.
474 617 506 644 de
525 617 549 643 h.
570 628 612 654 qu.
632 619 658 643 in
678 621 778 643 testam.
797 617 839 642 28.
859 618 882 642 4.

238 663 418 688 Induere.
447 662 478 694 ξ.
499 662 533 687 l.
557 662 694 691 restire,
714 661 889 692 Adoptare.
910 657 952 684 III.
973 659 1038 686 (ἠ.

203 704 278 739 Quae
291 703 424 734 induendi.
445 703 591 740 operiendi.
612 701 739 738 cingendi,
759 701 902 728 sternendi.
923 702 1039 727 iniicieu-

203 746 281 783 dique
301 757 376 773 causa
396 751 484 783 parata
506 750 573 772 sunt..
599 745 670 771 Paul.
691 744 732 770 III.
752 745 775 770 6.
800 744 820 777 ᾗ.
842 745 880 770 79.
906 744 935 770 l'r.
955 746 996 770 23.
1016 744 1037 778 ς.

203 791 225 816 1.
245 789 277 815 de
296 800 358 815 auro
379 799 429 825 arg.
453 791 494 815 34.
518 791 542 815 ’2.
581 787 683 814 Vestis.
707 797 757 823 qua
783 788 805 812 is
826 786 903 812 suerit
923 786 1037 812 indutus.

202 832 232 858 fr.
251 833 274 858 6.
295 832 327 858 de
347 832 406 858 bon.
428 831 539 858 damnat.
558 832 599 857 48.
617 832 660 856 v20.
685 830 716 856 cf.
744 829 792 856 Th.
814 828 842 855 C.
864 828 934 855 XIV.
956 831 995 855 10.
1016 839 1036 855 c.

202 876 224 900 1.
244 885 282 912 pr.
304 875 336 901 de
356 874 448 901 habitu
468 884 519 910 qno
539 874 576 900 uti
595 883 636 910 op.
657 889 689 892 —
710 873 740 905 ξ.
764 874 798 898 2.
821 874 955 906 Capere,
975 874 1037 898 Ad-

200 927 234 944 ει(
243 928 328 944 mere.
366 917 384 944 1.
401 920 463 951 Sy.
488 916 615 953 Accipere
635 915 758 948 (rudem.)
779 914 848 941 Coll.
867 914 919 941 LL.
939 914 972 940 M.
992 914 1036 941 XI.

201 961 224 986 7.
261 960 305 987 III.
318 961 382 988 Cn.
402 960 539 995 Imaginem
559 958 710 985 navicularii
730 958 845 987 induere.
866 957 1038 994 (effugiendo-

200 1013 257 1029 rum
277 1013 411 1029 munerum
431 1002 531 1033 causa.)
556 1001 585 1028 fr.
606 1004 629 1027 5.
655 1002 675 1035 ξ.
696 1003 720 1027 9.
746 1001 777 1027 de
797 1002 852 1027 iure.
871 1002 975 1026 immun.
996 1003 1036 1026 50.

199 1048 223 1072 6.
262 1045 328 1081 Qui⁷
354 1055 446 1071 nomen
470 1044 668 1071 christianitatis
692 1043 788 1073 induti,
813 1044 954 1075 (sacrificia
972 1043 1038 1069 fece-

199 1089 272 1121 rint.)
293 1088 342 1115 Th.
363 1087 393 1114 C.
412 1086 483 1113 XVI.
503 1089 526 1114 7.
547 1098 566 1114 c.
588 1089 610 1114 7.
630 1088 651 1120 ξ.
672 1089 695 1114 3.
717 1087 748 1113 de
767 1091 879 1124 apostat.

236 1132 456 1164 Indulgens.
477 1129 597 1163 (Partic)
618 1131 845 1165 Gratificans‚
862 1131 1036 1164 Beuignns.

199 1173 316 1201 HLCn.
336 1173 411 1208 Quos
431 1173 480 1206 (sc.
500 1172 569 1206 dies)
589 1173 699 1209 geminis
717 1172 852 1198 mensibus
871 1171 903 1198 ad
921 1173 1036 1208 requiem

198 1215 296 1242 laboris
316 1215 494 1252 indulgentior
513 1226 595 1242 annus
618 1216 719 1253 accepit
739 1215 781 1249 [al.
797 1215 919 1252 excepit]
940 1214 990 1241 Th.
1005 1214 1035 1241 C.

198 1258 228 1285 II.
247 1260 271 1285 8.
292 1269 313 1285 c.
333 1260 356 1284 2.
377 1268 415 1296 pr.
436 1258 468 1285 de
488 1258 568 1285 seriis.

233 1301 492 1335 Indulgentia.
531 1301 561 1333 ξ.
589 1302 623 1327 1.
662 1303 798 1333 Gratia,
829 1302 1034 1336 Benignitas.

196 1343 239 1371 III.
260 1345 324 1372 Cn.
345 1343 414 1370 Haec
432 1344 462 1370 Β.
482 1343 510 1370 P.
531 1343 609 1370 habet
628 1343 759 1370 Praetoris
779 1343 974 1380 indulgentiam,
994 1353 1036 1369 ne-

197 1396 247 1423 que
267 1397 299 1413 ex
318 1387 374 1413 iure
393 1386 464 1412 civili
489 1388 614 1423 originem
638 1386 722 1413 habet.
748 1386 777 1413 tr.
806 1388 826 1412 1.
846 1397 884 1423 pr.
906 1385 975 1413 unde
994 1396 1034 1412 co·

196 1434 264 1466 gnat.
283 1430 324 1455 38.
345 1431 368 1455 S.
406 1429 486 1465 Quod
510 1431 564 1461 (sc.
589 1429 762 1461 beneficium)
786 1440 798 1455 a
818 1429 905 1455 divina
924 1429 1036 1466 Impera-

195 1473 261 1498 toris
285 1471 445 1508 indulgentia
469 1472 655 1509 proficiscitur.
681 1472 710 1498 t'r.
735 1474 759 1498 3.
784 1471 816 1498 de
841 1477 924 1498 const.
948 1471 1034 1498 Princ.

197 1516 219 1541 l.
245 1515 268 1541 4.
305 1515 339 1541 D.
364 1514 449 1541 Nerva
473 1514 653 1551 plenissimam
677 1514 863 1551 indulgentiam
888 1516 913 1541 in
937 1514 1033 1541 milites

196 1557 316 1584 contulit.
336 1558 366 1584 sr.
388 1559 410 1584 l.
430 1567 468 1594 pr.
489 1557 522 1584 de
540 1557 614 1584 milit.
634 1562 735 1583 testam.
748 1559 788 1583 29,
805 1559 826 1584 1.
863 1557 892 1583 Si
912 1557 1034 1583 Senatori

196 1599 356 1637 indulgentia
376 1600 507 1637 Principis
532 1599 609 1626 fuerit
627 1601 797 1638 permissum.
818 1600 978 1633 (libertinam
997 1601 1033 1626 iu-

196 1647 262 1669 stam
280 1653 388 1670 uxorem
408 1643 525 1676 habere.)
549 1643 578 1670 fr.
597 1644 639 1669 31.
660 1642 692 1669 dc
712 1643 742 1670 R.
762 1642 794 1669 N.
812 1645 854 1669 23.
873 1646 897 1670 2,
934 1644 975 1670 Ex
997 1644 1033 1669 in-

196 1684 328 1721 dulgentia
346 1685 498 1723 Principum
517 1687 643 1712 excusari.
669 1686 698 1712 sr.
724 1688 764 1712 41.
784 1696 823 1723 pr.
848 1686 880 1712 de
905 1691 1031 1713 excusatt.

195 1729 272 1753 221.
301 1727 452 1755 Postulatae
471 1728 654 1764 indulgentiae,
673 1728 883 1755 adnotationisve
902 1729 1032 1766 Principis

196 1770 333 1797 indultum.
358 1770 407 1797 Th.
428 1771 458 1798 C.
478 1771 520 1797 III.
546 1773 585 1798 10.
611 1782 632 1797 c.
654 1773 675 1797 1.
700 1773 722 1798 si
746 1776 819 1808 nupt.
844 1782 875 1798 ex
900 1781 979 1798 rescr.
998 1785 1032 1790 —

196 1813 227 1846 ξ.
248 1814 283 1840 2.
303 1815 430 1840 Poenae
448 1816 607 1841 remissio.
646 1816 840 1846 Crinzinum,
865 1824 886 1840 v.
913 1816 1032 1840 Pecca-

195 1862 312 1887 tormn,
337 1858 539 1883 condonatio.
576 1856 595 1882 1.
616 1858 677 1890 Sy.
709 1856 798 1883 Gratia
822 1857 979 1889 (sententiae
998 1856 1033 1882 fa-

196 1898 256 1931 cta.)
276 1898 436 1934 Benignitas.
461 1909 482 1925 c.
503 1900 525 1924 4.
545 1908 584 1935 sq.
610 1909 630 1925 c.
653 1901 691 1925 10.
712 1909 751 1935 sq.
776 1899 808 1925 de
832 1904 897 1925 sent.
918 1909 987 1936 pass.
1007 1900 1031 1925 9.

195 1942 237 1967 51.
274 1941 393 1967 Abolitio
419 1942 598 1974 (criminum.)
631 1940 672 1967 Cf.
697 1941 721 1967 h.
742 1952 764 1967 v.
789 1942 810 1976 ξ.
830 1944 852 1967 2.
891 1941 1030 1968 Indultum.

195 1982 245 2009 Tb.
266 1982 296 2009 C.
316 1983 332 2009 l.
350 1983 365 2010 l.
386 1984 417 2010 cl'.
431 1984 475 2011 IX.
489 1986 530 2010 38.
550 1995 570 2010 c.
585 1985 608 2010 6.
628 1984 660 2010 de
677 1984 774 2021 indulg.
795 1985 864 2010 crim.
887 1984 1030 2021 Baptisma,

194 2024 362 2061 Mysterium.
382 2026 417 2052 Ib.
437 2025 507 2053 XVI.
527 2028 551 2053 6.
572 2037 592 2053 c.
612 2028 636 2052 4.
656 2037 694 2063 pr.
714 2037 746 2053 ne
766 2026 792 2052 S.
814 2027 884 2064 bapt.
906 2027 949 2053 III.
965 2029 1029 2054 Cn.

194 2067 297 2095 Vltioni
318 2068 483 2096 dominorum
502 2079 553 2095 non
573 2069 678 2096 obstare
697 2069 883 2106 indulgentiam
904 2071 1029 2107 ipsorum.

196 2109 227 2137 fr.
245 2112 269 2137 3.
288 2111 310 2144 §.
332 2113 370 2138 17.
392 2111 424 2138 de
444 2111 508 2138 S.·C.
529 2112 610 2138 Silan.
629 2114 669 2139 29.
690 2115 713 2139 5.
739 2112 769 2139 cf.
790 2112 821 2139 fr.
842 2115 862 2139 1.
883 2113 915 2139 dc
938 2112 1028 2139 collus.

196 2152 279 2189 deteg.
298 2155 338 2180 40.
361 2156 399 2181 16.
430 2154 499 2181 Coll.
524 2154 576 2181 LL.
602 2155 634 2181 M.
659 2154 702 2181 VI.
722 2157 745 2182 4,
792 2155 891 2182 Omnes
916 2157 1029 2182 omnium

197 2196 331 2222 criminum
350 2207 409 2223 reos
429 2213 461 2216 —
480 2197 528 2223 hac
542 2202 630 2224 nostra
644 2197 802 2234 indulgentia
816 2198 964 2225 liberamus.
980 2198 1028 2224 Th.

197 2236 227 2263 C.
248 2237 292 2263 IX.
312 2240 352 2264 38.
372 2250 393 2266 c.
414 2241 452 2266 10.
473 2239 505 2266 de
529 2240 626 2276 indulg.
652 2241 721 2267 crim.
765 2241 817 2276 Qui
837 2242 862 2267 in
882 2241 1030 2267 desertione

197 2280 253 2311 fuit,
273 2280 296 2305 si
315 2289 343 2306 se
361 2281 498 2314 obtulerit,
522 2293 553 2309 ex
576 2282 736 2319 indulgentia
761 2283 927 2320 Imperatoris
947 2285 1029 2310 nostri

196 2323 222 2348 in
241 2322 352 2348 insulam
371 2323 522 2360 deportatus
545 2331 592 2352 est.
613 2325 642 2352 fr.
657 2327 680 2351 5.
700 2326 721 2359 ξ.
736 2327 757 2352 4.
779 2326 811 2352 de
830 2326 860 2352 R.
880 2326 912 2352 M.
932 2328 973 2352 49.
989 2328 1027 2352 16.

198 2365 252 2400 Qui
272 2366 297 2391 in
323 2365 433 2392 insulam
455 2367 632 2404 deportantur,
653 2384 684 2388 —
704 2370 726 2395 si
748 2379 795 2406 per
817 2370 901 2395 onmia
921 2370 947 2395 in
966 2370 1029 2395 inte-

198 2418 272 2443 grum
294 2408 453 2444 indulgentia
476 2409 616 2448 Principali
638 2413 816 2437 restituantur.
840 2411 911 2438 Paul.
937 2412 979 2438 IV.
1004 2416 1027 2438 ὅ.

197 2451 217 2484 §.
238 2452 279 2477 24.
300 2461 320 2477 c.
343 2453 381 2476 12.
402 2450 434 2477 de
453 2457 563 2479 sentent.
583 2464 652 2490 pass.
672 2455 696 2480 9.
715 2456 755 2480 51.
775 2454 804 2480 fr.
817 2456 841 2480 2.
862 2455 917 2481 eod.
932 2456 973 2481 48.
986 2457 1026 2481 23.

197 2493 296 2519 Servus
316 2493 433 2525 effectus.
454 2509 486 2513 —-
504 2500 595 2530 postea
613 2496 773 2533 indulgentia
792 2496 933 2534 Principali
952 2497 1028 2523 liber-

197 2541 275 2562 tatem
296 2541 452 2562 consecutus
472 2540 519 2562 est.
539 2537 569 2563 fr.
587 2540 628 2564 30.
648 2539 680 2565 de
699 2539 732 2566 Ο.
753 2545 778 2566 et
796 2540 826 2566 A.
846 2542 886 2567 44.
908 2542 930 2566 7.
951 2540 982 2566 cf.
997 2540 1026 2567 fr.

195 2580 237 2605 24.
257 2579 277 2612 ξ
298 2580 321 2604 5.
341 2578 373 2604 de
392 2578 476 2604 fideic.
497 2578 559 2604 libb.
578 2581 619 2606 40.
638 2583 662 2607 5.
698 2582 859 2615 Indulgentia
879 2599 910 2602 —
930 2593 977 2609 uec
991 2584 1028 2609 in-

195 2621 300 2648 famiam
320 2622 435 2647 criminis
454 2621 532 2653 tollit,
551 2621 598 2648 sed
616 2633 714 2659 poenae
726 2611 833 2661 gratiam
846 2626 914 2652 facit.
935 2625 983 2652 Th.
996 2626 1025 2652 C.

194 2663 240 2690 IX.
260 2664 300 2690 38.
321 2674 341 2689 C.
361 2665 384 2689 5.
405 2663 436 2690 de
455 2663 551 2700 iudUIg.
578 2665 648 2691 crim.
679 2681 711 2686 υ-
741 2669 772 2701 §0
799 2669 836 2694 3.
865 2670 1025 2695 Remissio

195 2708 399 2733 tributorum.
436 2705 455 2731 Ι.
475 2707 535 2740 Sy.
558 2706 684 2743 Largitas.
706 2709 742 2735 lb.
761 2710 806 2737 XI.
824 2712 865 2738 28.
891 2722 911 2738 c.
932 2714 971 2738 10.
993 2712 1025 2738 de

196 2748 293 2785 indulg.
313 2748 423 2775 debitor.
461 2748 503 2775 III.
515 2751 580 2777 Gn.
599 2749 630 2776 V.
645 2760 769 2778 annorum
787 2753 947 2790 indulgentia
966 2765 1025 2781 con-

196 2791 300 2825 tributa,
318 2796 417 2829 partem
440 2791 544 2819 solvant
567 2792 686 2830 publicae
706 2793 852 2823 functionis.
877 2797 918 2824 lb:
934 2797 951 2824 l.
965 2797 982 2824 l.
1002 2808 1022 2824 c.

1859 148 1919 177 461

1085 233 1108 257 7.
1146 230 1255 266 Indulg.‚
1276 240 1351 266 quam
1372 246 1402 249 —
1422 230 1577 267 generaliter
1595 239 1642 266 per
1661 238 1750 254 omncs
1770 229 1918 265 provincias

1085 278 1110 299 et
1128 272 1243 310 populos
1263 274 1415 310 sparsimus.
1436 273 1472 299 lb.
1494 273 1508 299 l.
1524 272 1539 299 l.
1560 283 1580 299 c.
1597 274 1635 298 10.
1673 272 1734 307 Quo
1753 282 1801 297 nos
1821 275 1919 297 vetera-

1084 326 1132 342 nos
1152 316 1247 347 factos.
1271 317 1293 342 si
1318 316 1414 342 nullam
1434 315 1620 352 indulgentiam
1639 314 1782 341 habemus?
1806 313 1842 339 lb.
1862 312 1917 340 Vll.

1083 361 1124 384 20.
1146 369 1166 385 c.
1185 360 1210 385 2.
1229 369 1267 395 pr.
1288 358 1320 385 de
1339 363 1451 385 veteran.

1120 403 1338 436 Indulgere.
1376 402 1406 434 ἓ.
1427 403 1460 427 1.
1487 402 1703 436 Grarificari‚
1725 401 1917 429 Connivere,

1085 446 1264 479 Ignoscere.
1302 444 1321 470 I.
1338 445 1398 478 Sy.
1424 443 1579 469 Concederc
1598 443 1731 479 (reliqua.)
1752 441 1917 468 Condonarc.

1084 486 1219 513 Relaxare.
1240 487 1289 513 Th.
1310 486 1340 513 C.
1361 486 1405 512 XI.
1424 488 1458 512 25
1487 496 1507 512 c.
1530 487 1550 511 1.
1571 496 1628 521 sqq.
1649 496 1669 511 c.
1697 487 1719 511 6.
1740 495 1760 511 c.
1786 486 1809 511 9.
1830 494 1850 510 c.
1877 485 1917 510 ll.

1085 540 1105 556 e.
1132 531 1171 556 16.
1196 540 1235 566 sq.
1260 530 1292 556 de
1315 529 1414 565 indulg.
1438 528 1549 555 debitor.
1590 527 1751 559 Absolverc,
1771 527 1916 563 Ignoscere.

1084 572 1120 598 lb.
1140 573 1184 599 XI.
1203 575 1244 599 38.
1265 583 1286 599 c.
1308 574 1329 598 1.
1350 582 1371 598 c.
1390 574 1413 598 4.
1434 582 1455 597 c.
1475 572 1499 597 8.
1520 570 1552 597 de
1570 570 1667 606 indnlg.
1688 571 1758 596 crim.
1796 570 1838 596 III.
1851 571 1917 597 Cn·

1084 615 1151 641 Cum
1170 615 1213 642 lex
1232 617 1257 642 in
1282 615 1450 652 praeteritum
1470 613 1533 650 quid
1552 613 1679 649 indulget,
1699 615 1724 640 in
1744 613 1857 639 futurum
1875 622 1917 639 ve-

1085 663 1127 684 tat.
1148 658 1178 684 fr.
1198 661 1238 684 22.
1259 658 1291 684 de
1310 657 1361 684 LL.
1384 659 1406 683 l.
1421 659 1443 683 3.
1482 656 1561 692 Quod
1581 655 1706 693 Princeps
1725 656 1801 682 alicui
1819 656 1852 682 ob
1866 666 1918 682 lne-

1083 702 1132 727 rita
1152 700 1269 727 indulsit..
1290 701 1319 727 [ι’.
1342 703 1362 727 1.
1382 701 1403 734 §.
1423 692 1446 726 2.
1472 699 1504 726 de
1528 704 1611 725 const.
1633 698 1674 725 l'r.
1695 701 1716 726 1.
1737 701 1759 724 4.
1796 700 1854 726 ‘Nisi
1873 709 1918 724 no-

1083 745 1199 770 minatim
1223 744 1249 770 id
1273 743 1437 780 privilegium
1461 744 1498 769 eis
1522 742 1651 768 indultum
1675 743 1716 768 sit.
1742 742 1770 769 sr.
1793 745 1831 769 17.
1852 743 1873 776 ξ
1891 743 1916 768 3.

1083 786 1115 812 de.
1134 791 1261 812 excusatt.
1281 788 1321 812 27.
1344 788 1364 812 l.
1386 785 1415 812 fr.
1438 787 1476 812 10.
1497 786 1518 819 ξ.
1540 787 1562 811 1.
1582 785 1614 811 de
1633 784 1766 812 11.Μ.49.
1789 787 1826 812 16.
1848 786 1876 811 l'r.
1891 787 1916 811 5.

1083 829 1104 862 ξ.
1130 830 1152 854 6.
1179 829 1210 855 de
1235 830 1290 855 iure
1314 830 1418 854 immun.
1443 831 1483 854 50.
1509 830 1531 854 6.
1573 827 1691 854 Abolitio
1716 838 1832 857 reorum.
1852 838 1917 864 quae

1082 871 1188 908 publice
1208 871 1363 906 indulgetur.
1384 870 1412 896 fr.
1436 873 1473 897 17.
1494 870 1525 897 ad
1545 870 1610 897 S.C.
1631 870 1712 907 Turp.
1733 872 1772 897 48.
1795 872 1833 897 16.
1867 870 1916 897 Ne-

1083 924 1133 950 que
1153 912 1259 939 malitiis
1285 913 1470 948 indulgendum
1494 919 1541 940 est.
1568 913 1597 939 sr.
1622 914 1662 939 38.
1687 913 1719 940 de
1743 913 1773 940 R.
1793 913 1824 940 V.
1849 915 1873 940 6,
1894 915 1915 939 l.

1082 956 1213 983 Omnibus
1233 955 1405 991 indulgemus.
1426 961 1528 992 praeter
1547 956 1687 982 veneticos.
1708 956 1757 982 Th.
1773 956 1803 983 C.
1817 957 1861 983 IX.
1875 957 1915 982 38.

1082 1010 1102 1026 c.
1125 1001 1146 1025 1.
1167 998 1199 1025 de
1218 998 1316 1034 indnlg.
1331 999 1401 1024 crim.
1440 999 1539 1024 Cuncta
1560 999 1660 1035 reliqua
1674 999 1846 1035 indulgemus,
1862 1004 1916 1032 (ex-

1082 1047 1159 1079 cepto
1179 1051 1241 1068 auro
1268 1046 1292 1067 et
1316 1042 1448 1077 argente.)
1473 1041 1509 1067 lb.
1532 1041 1576 1068 XI.
1596 1044 1637 1068 25.
1663 1053 1682 1068 c.
1705 1044 1725 1069 1.
1752 1053 1771 1068 c.
1791 1042 1855 1069 8.'c.
1876 1043 1916 1068 16.

1082 1085 1114 1111 de.
1133 1084 1230 1121 indulg.
1245 1084 1325 1111 debit.
1337 1100 1368 1103 —
1380 1084 1410 1116 §0
1426 1085 1460 1110 2.
1476 1086 1627 1119 Imrgiri,
1650 1087 1836 1119 Impertite,
1855 1086 1916 1111 De-

1081 1138 1215 1154 seruere.
1244 1127 1262 1153 I.
1284 1129 1344 1161 Sy.
1365 1126 1519 1153 concedere
1538 1128 1751 1158 (restitutionem,
1771 1138 1794 1153 v.
1814 1138 1917 1164 separa-

1082 1171 1201 1203 tionem.)
1222 1170 1251 1196 fr.
1270 1171 1311 1196 ⁴26.
1332 1180 1370 1206 pr.
1391 1169 1412 1203 ξ.
1434 1171 1454 1196 1.
1475 1180 1507 1196 ex
1526 1179 1568 1206 qu.
1590 1180 1610 1196 c.
1630 1171 1687 1196 mai.
1707 1172 1731 1196 4.
1751 1172 1774 1197 6.
1795 1171 1823 1197 l'r.
1840 1172 1861 1196 l.
1877 1170 1914 1204 ἐξ.

1083 1216 1121 1240 14.
1143 1223 1183 1249 sq.
1204 1212 1237 1239 de
1256 1218 1367 1250 separat.
1382 1214 1422 1238 42.
1436 1214 1459 1238 6.
1496 1212 1646 1239 Deceruere
1665 1214 1826 1245 (actionem.)
1846 1214 1876 1239 l'r.
1892 1215 1914 1239 l.

1081 1258 1102 1291 ξ.
1122 1258 1146 1282 4.
1172 1256 1201 1282 fr.
1221 1257 1244 1282 9.
1269 1256 1290 1289 §-
1311 1258 1333 1282 5.
1359 1255 1391 1281 de
1417 1255 1440 1281 d.
1466 1265 1497 1281 m.
1522 1259 1544 1281 -l.
1569 1258 1593 1282 3.
1630 1256 1700 1282 Dare
1720 1258 1872 1289 (actionem,
1891 1267 1914 1283 v.

1080 1300 1284 1336 exceptionem.)
1305 1297 1344 1325 Cf.
1365 1298 1389 1324 h.
1410 1308 1434 1324 v.
1454 1299 1475 1332 ξ.
1495 1300 1519 1324 2.
1548 1297 1589 1325 III.
1610 1300 1676 1326 Cn.
1701 1299 1815 1326 Iudicem
1829 1315 1861 1319 —-
1876 1309 1916 1325 so-

1080 1342 1160 1368 lutius
1181 1343 1336 1378 aequitatem
1355 1341 1444 1377 sequi.
1465 1351 1521 1367 cum
1542 1341 1591 1368 hoc
1611 1343 1633 1368 ei
1653 1347 1678 1368 et
1697 1343 1807 1368 actionis
1826 1347 1916 1368 natura

1080 1384 1204 1419 indulget.
1225 1385 1254 1410 fr.
1276 1385 1315 1410 14.
1336 1384 1357 1417 ξ.
1381 1385 1418 1410 13.
1439 1383 1470 1409 (1(-
1492 1383 1563 1420 relig.
1590 1386 1629 1411 ll.
1650 1387 1673 1411 7.
1710 1385 1803 1411 Merito
1824 1395 1916 1411 causae

1079 1429 1255 1464 coguitionem
1274 1426 1383 1453 Praetor
1402 1427 1523 1454 inseruit.
1544 1437 1628 1463 neque
1648 1429 1716 1454 enim
1736 1429 1833 1465 passim
1852 1428 1916 1454 llaec

1065 1472 1146 1497 &ctio
1166 1469 1323 1506 indulgenda
1344 1475 1390 1496 est.
1415 1469 1446 1495 fr.
1466 1471 1488 1495 9.
1513 1470 1534 1503 ξ.
1555 1471 1578 1496 5.
1599 1469 1631 1496 de
1651 1470 1674 1496 d.
1695 1480 1726 1496 m.
1747 1472 1770 1497 4.
1790 1472 1813 1497 3.
1835 1470 1864 1497 cf.
1885 1470 1914 1496 fr.

1078 1515 1101 1540 4.
1122 1515 1143 1547 ξ
1163 1516 1187 1540 ὅ.
1208 1513 1240 1539 de
1259 1513 1289 1539 R.
1310 1512 1343 1539 M.
1363 1514 1404 1538 49.
1425 1514 1464 1538 16.
1502 1512 1555 1538 Sed
1575 1522 1615 1538 me
1634 1523 1685 1539 non
1705 1513 1833 1543 dubitare.
1853 1514 1915 1550 quin

1078 1556 1173 1583 debeat
1192 1555 1218 1582 id
1239 1565 1344 1592 quoque
1363 1554 1489 1591 indulgeri
1510 1555 1574 1591 legis
1593 1555 1755 1582 beneficium.
1776 1556 1806 1582 fr.
1822 1557 1860 1582 18.
1874 1566 1913 1593 pr.

1078 1599 1110 1625 ad
1130 1599 1158 1626 L.
1179 1598 1249 1625 Falc.
1268 1600 1309 1625 35.
1329 1600 1352 1624 2.
1382 1597 1587 1628 Postulantibus.
1607 1609 1630 1624 v.
1650 1598 1812 1631 Petentibus,
1831 1598 1915 1625 indul-

1077 1652 1138 1679 gere
1157 1641 1324 1675 (advocatum
1345 1641 1406 1673 etc.)
1426 1640 1456 1666 sr.
1476 1642 1500 1667 9.
1520 1641 1541 1674 ξ.
1556 1643 1580 1667 5.
1600 1641 1632 1667 de
1651 1642 1693 1668 off.
1714 1641 1788 1668 Proc.
1809 1647 1835 1668 et
1852 1641 1914 1678 Leg.

1080 1688 1100 1712 1.
1123 1686 1162 1711 16.
1183 1684 1213 1710 fr.
1232 1685 1272 1710 26.
1294 1685 1314 1717 §.
1335 1685 1358 1709 6.
1378 1682 1411 1709 de
1430 1693 1490 1709 nox.
1510 1688 1557 1710 act.
1578 1685 1601 1710 9.
1616 1686 1639 1709 4.
1661 1683 1771 1711 Gatlv.
1788 1686 1845 1711 164.
1874 1684 1914 1711 In—

1077 1727 1227 1754 ticiantibus
1246 1725 1433 1761 indulgendum
1457 1736 1509 1752 non
1532 1731 1572 1752 est
1596 1726 1733 1759 (auxilium
1753 1727 1914 1760 divisionis.)

1077 1770 1107 1797 fr.
1127 1772 1166 1796 10.
1187 1770 1208 1803 ξ.
1230 1771 1251 1795 1.
1272 1768 1304 1794 de
1324 1768 1440 1794 tideiuss.
1460 1769 1500 1794 46.
1521 1770 1542 1794 l.
1580 1768 1770 1796 Carbonianam
1788 1771 1819 1797 B.
1833 1770 1913 1796 Pnem

1077 1823 1129 1839 non
1149 1812 1227 1838 debet
1246 1812 1372 1848 accipere,
1392 1811 1470 1837 toties
1485 1812 1551 1837 enim
1565 1822 1593 1837 ea
1612 1812 1769 1849 indulgenda
1789 1818 1837 1845 est,
1851 1823 1914 1850 quo-

1077 1857 1126 1882 ties
1146 1860 1193 1882 etc.
1215 1854 1244 1881 fr.
1264 1856 1305 1880 20.
1326 1853 1358 1880 de
1377 1853 1448 1879 inoff.
1469 1859 1570 1881 testam.
1590 1856 1614 1881 5.
1633 1858 1657 1881 2.
1694 1855 1728 1887 Is,
1748 1857 1792 1892 qui
1811 1866 1912 1893 separa-

1076 1899 1173 1925 tionem
1192 1897 1341 1923 indulturus
1362 1901 1410 1923 est.
1435 1896 1463 1922 sr.
1488 1899 1508 1923 l.
1533 1897 1554 1930 ξ.
1577 1899 1615 1923 14.
1640 1897 1672 1924 de
1695 1904 1806 1935 separat.
1826 1902 1867 1925 42.
1887 1900 1910 1925 6.

1075 1941 1203 1978 Exceptio
1227 1939 1384 1976 indulgenda
1409 1944 1449 1965 est
1473 1940 1612 1973 (domino.)
1638 1940 1668 1966 [ι’.
1687 1942 1729 1967 23.
1754 1941 1786 1968 de
1805 1943 1910 1968 iureiur.

1077 1986 1115 2010 12.
1134 1986 1158 2010 2.
1196 1982 1405 2010 lllanuniittendo
1425 1997 1455 2001 —
1477 1982 1612 2018 indulgere
1631 1984 1714 2009 servis
1734 1985 1789 2010 suis
1808 1984 1911 2011 liberta-

1075 2031 1134 2053 tem.
1158 2026 1188 2052 fr.
1215 2028 1253 2052 10.
1278 2025 1332 2060 Qui
1356 2030 1382 2051 et
1405 2036 1418 2051 a
1442 2035 1483 2061 qu.
1509 2036 1573 2052 man.
1599 2029 1639 2052 40.
1664 2028 1687 2053 9.
1730 2026 1846 2064 Tempus
1865 2036 1910 2054 reo

1074 2069 1213 2107 principali
1233 2068 1371 2095 indultum.
1392 2068 1421 2095 fr.
1443 2071 1464 2095 1.
1484 2068 1588 2094 iudicat.
1609 2069 1684 2095 solvi.
1704 2070 1744 2096 46.
1765 2071 1788 2096 7.

1110 2114 1321 2140 Indultum.
1365 2113 1550 2143 Concessio,
1582 2113 1764 2139 Permissio.
1806 2111 1825 2139 I.
1847 2113 1909 2147 Sy.

1074 2155 1245 2191 indulgentia.
1266 2154 1306 2181 Cf.
1326 2154 1350 2180 h.
1370 2164 1394 2180 v.
1414 2155 1435 2188 ξ.
1455 2157 1478 2181 2.
1516 2155 1684 2181 Beneficium.
1705 2154 1745 2181 Cf.
1766 2155 1790 2181 h.
1804 2165 1828 2182 v.
1848 2156 1870 2189 §
1885 2157 1907 2182 1.

1074 2198 1250 2234 Privilegium.
1271 2196 1320 2223 Th.
1341 2196 1371 2223 C.
1390 2197 1460 2223 XIV.
1480 2199 1503 2223 4.
1524 2208 1544 2223 c.
1565 2200 1587 2223 9.
1608 2208 1628 2223 c.
1650 2199 1689 2223 10.
1709 2198 1730 2231 ξ.
1745 2200 1768 2224 2.
1789 2198 1821 2224 de
1840 2207 1907 2224 suar.

1074 2242 1115 2268 111.
1131 2243 1197 2269 Gn.
1217 2240 1298 2277 quue
1317 2250 1369 2265 non
1389 2240 1437 2266 iam
1457 2251 1489 2266 ex
1509 2240 1638 2266 codicillis
1657 2241 1764 2272 nostris.
1784 2240 1830 2267 sed
1849 2249 1907 2266 con-

1075 2285 1160 2311 stituti
1180 2285 1255 2310 istius
1276 2287 1452 2318 consequatur
1471 2282 1579 2309 indulto.
1604 2283 1640 2309 Il).
1660 2283 1676 2310 1.
1691 2283 1706 2310 1.
1727 2294 1747 2310 c.
1768 2285 1791 2310 9.
1822 2283 1907 2318 Quam

1073 2330 1122 2360 (sc.
1142 2327 1256 2357 veniam)
1277 2325 1308 2351 de
1328 2325 1403 2351 nobis
1423 2325 1472 2352 sub
1491 2325 1667 2352 adnotationis
1689 2326 1790 2352 indulto
1809 2335 1906 2351 merue-

1074 2371 1114 2396 rit.
1134 2370 1170 2396 Ib.
1191 2368 1261 2395 XIII.
1281 2370 1304 2394 5.
1326 2378 1346 2394 c.
1366 2370 1408 2394 36.
1428 2378 1467 2404 pr.
1491 2368 1523 2394 de
1549 2368 1687 2395 navicular.
1708 2368 1737 2394 cl'.
1758 2368 1801 2394 IX.
1820 2368 1861 2393 38.
1882 2378 1903 2394 c.

1072 2414 1096 2439 6.
1117 2413 1149 2439 de
1169 2411 1266 2447 indulg.
1287 2412 1358 2437 crim.
1395 2410 1467 2437 quta
1488 2410 1719 2438 Constantinianae
1738 2410 1801 2445 legis
1820 2410 1904 2436 indul-

1073 2461 1135 2482 tum.
1155 2455 1192 2481 lb.
1213 2454 1256 2480 IV.
1280 2456 1317 2480 15.
1338 2464 1359 2480 c.
1381 2455 1402 2480 1.
1422 2453 1454 2480 dc
1478 2455 1585 2491 quinqu.
1608 2463 1720 2491 praescr.
1741 2452 1772 2479 cs.
1791 2452 1860 2480 XIII.
1878 2455 1901 2479 5.

1072 2509 1093 2525 c.
1113 2500 1155 2524 26.

1106 2540 1391 2568 ludumentnm.
1432 2541 1545 2566 Vestis.
1582 2539 1599 2564 I.
1620 2539 1680 2572 Sy.
1714 2536 1834 2569 Habitus,
1853 2537 1902 2565 Ve-

1071 2585 1230 2609 stimentum.
1257 2581 1305 2608 Tb.
1327 2582 1357 2609 C.
1377 2582 1394 2609 I.
1416 2585 1454 2609 15.
1480 2593 1500 2609 c.
1522 2584 1560 2607 16.
1580 2580 1682 2613 (ch.)
1702 2579 1734 2606 dc
1753 2581 1795 2607 oss.
1815 2579 1901 2608 Vicar.

1070 2625 1138 2652 XlV.
1160 2628 1199 2651 10.
1219 2635 1239 2651 c.
1262 2627 1283 2651 1.
1305 2635 1324 2652 c.
1344 2628 1367 2652 4.
1388 2625 1421 2652 de
1439 2625 1528 2651 habitu
1548 2633 1598 2660 quo
1618 2624 1655 2649 uti
1674 2633 1716 2660 op.
1735 2623 1900 2651 Indutus.1b.

1071 2669 1103 2695 X.
1122 2670 1163 2694 21.
1184 2678 1204 2694 c.
1224 2670 1247 2693 2.
1268 2668 1301 2694 de
1319 2673 1384 2694 vest.
1404 2668 1520 2694 holover.
1695 2674 1697 2676 ·

1106 2711 1314 2738 Industria..
1352 2712 1382 2744 §.
1403 2712 1436 2736 1.
1467 2710 1628 2741 Studium,
1649 2710 1849 2744 Diligentia.
1880 2710 1897 2736 Ι.

1070 2755 1130 2788 Sy.
1151 2753 1264 2780 Solertia
1284 2752 1474 2789 (negotiandi.)
1497 2750 1546 2777 Th.
1567 2750 1597 2777 C.
1617 2751 1684 2778 XIII.
1705 2754 1726 2778 1.
1752 2763 1772 2778 c.
1791 2754 1814 2778 2.
1836 2762 1856 2778 c.
1874 2754 1897 2777 5.

1069 2797 1101 2823 dc
1119 2796 1195 2824 lustr.
1214 2796 1300 2823 collat.
1338 2795 1367 2821 II.
1394 2796 1460 2828 ⁰11.
1479 2793 1648 2830 Neglifgentia.
1667 2794 1696 2821 fr.
1715 2797 1757 2822 25.
1776 2805 1823 2832 pro
1843 2804 1895 2820 soc.
