2197 3121
1004 158 1094 188 MIN‘.

178 247 195 273 I.
216 248 276 280 Sy.
296 245 469 272 Adolescens.
490 244 522 271 fr.
540 246 581 271 39.
602 244 623 277 5.
644 244 667 268 6.
688 241 719 267 de
739 251 843 278 procur.
857 242 881 266 3.
894 242 918 266 3.
949 239 1019 266 Non-

178 289 239 315 dum
258 288 383 315 robustae
403 289 502 314 aetatis.
540 286 625 313 Minor
643 283 720 310 XXV
740 285 823 310 aunis.
843 283 873 309 fr.
895 285 934 309 15.
954 283 976 316 5.
996 284 1019 308 6.
1041 278 1042 293 ³

178 332 209 358 ad
229 331 257 357 L.
278 331 324 357 lul.
349 331 382 357 de.
407 330 488 357 adult.
508 331 549 355 48.
569 331 593 354 5.
632 327 660 354 11.
683 329 749 361 Op.
774 326 868 357 Maior.
893 325 1019 361 Legitima
1040 325 1042 330 ’

178 375 292 407 (aetas)
319 373 360 399 Cf.
379 383 403 399 v.
423 372 513 399 Maior.
537 372 559 405 5.
579 370 642 397 4.Α.
680 370 722 396 111.
744 371 809 397 021.
834 368 862 395 ln
881 369 955 394 annis
974 368 1019 394 mi-
1041 359 1042 379 1

177 417 285 443 noribus
306 416 449 441 constituti.
472 414 521 440 Th.
536 414 567 440 C.
587 413 617 440 ll.
636 415 678 439 33.
699 424 720 439 c.
739 414 763 438 3.
784 412 816 438 de
835 421 906 437 usur.
935 410 1020 437 Minor
1041 424 1042 428 =

176 459 254 486 XXV
273 460 347 485 annis
367 463 437 484 natu.
474 456 560 483 Minor
579 466 656 493 quam
672 455 749 482 XXV
768 455 851 481 annis.
870 453 901 480 fr.
915 455 939 479 3.
959 454 981 486 5.
995 454 1019 478 3.
1040 445 1042 456 ⁴

177 502 210 529 de
229 503 319 529 minor.
340 502 363 527 4.
384 502 407 526 4.
432 499 462 526 fr.
482 500 507 525 8.
531 501 553 525 si
578 509 621 535 qu.
646 500 672 524 in
692 498 722 525 fr.
742 502 808 535 patr.
827 497 869 523 38,
889 498 912 522 5.
950 496 1019 521 Ante
1040 512 1041 517 .

176 544 254 571 XXV
272 553 366 570 annum
388 560 417 563 —
438 542 539 568 admitti
558 543 673 568 minores
692 551 745 567 non
764 544 877 576 oportet.
897 538 927 564 fr.
942 539 965 564 8.
987 538 1018 564 de
1039 531 1042 570 l

176 598 245 614 mun.
266 592 291 613 et
310 586 369 612 hon.
389 587 431 611 50.
452 586 474 611 4.
513 584 628 611 Minores
648 585 730 615 annis,
753 584 829 609 etiam
849 582 894 617 qui
913 591 961 618 per
981 585 1019 606 tu·
1039 594 1041 618 ¹.

178 636 247 657 tores
268 634 436 656 curatoresve
456 638 519 654 suos
540 627 641 654 defensi
666 631 734 653 sunt.
759 625 790 652 sr.
810 626 834 651 8.
859 624 891 650 de
910 623 928 650 Ι.
948 623 966 649 1.
986 623 1017 650 R.
1039 622 1041 658 ξ

176 675 199 699 4.
223 675 243 698 l.
280 671 395 698 Minores
415 671 498 701 annis,
518 672 540 697 is
560 671 604 707 qui
624 670 688 706 reip.
708 679 728 695 c.
749 668 825 699 absit,
846 667 941 693 caeteri
955 676 1018 703 quo·
1038 692 1040 698 .

175 725 226 752 que
251 715 294 751 qui
318 715 345 740 in
368 712 457 739 eadem
477 723 553 739 causa
573 713 708 739 habentur.
738 711 769 737 fr.
789 712 813 737 8.
834 710 865 736 cf.
891 710 921 736 sr.
941 711 964 736 6.
985 709 1017 736 de

176 758 194 784 I.
215 758 231 784 1.
251 757 282 784 R.
303 758 326 782 4.
348 758 370 782 l.
414 756 510 782 Minori
533 755 609 782 XXV
633 755 707 781 annis
732 753 938 780 succurrendum
964 757 1016 783 est3

175 801 288 827 fortasse
307 804 333 825 et
352 798 463 830 mulieri,
483 803 592 836 propter
612 798 776 835 imperitiam.
801 796 831 822 fr.
851 796 875 821 8.
899 796 920 830 5.
940 797 964 821 2.
985 795 1016 822 cf.

176 844 196 876 5.
220 845 240 869 1.
266 842 318 878 Qu.
339 840 430 867 satisd.
451 851 507 877 cog.
525 844 550 867 2.
569 842 593 867 8.

210 886 416 912 Minorare.
454 884 756 919 Minoremfacme,
783 883 938 909 Miuuere.
974 881 1016 907 Ill.

175 930 241 956 Cn.
262 928 337 964 Quos
357 928 486 953 minorato
506 926 549 960 [al.
566 926 711 959 numerato]
733 925 819 962 pretio
838 924 965 951 vendidit.
986 923 1015 950 fr.

176 974 215 998 lo.
236 971 268 997 de
287 981 356 997 serv.
377 974 479 1007 export.
501 970 541 995 18.
562 970 585 995 7.

209 1015 442 1041 Minturnae.
485 1013 616 1038 Civitas
645 1013 677 1037 in
704 1012 906 1044 Campaniae
928 1012 1017 1046 fini-

174 1061 237 1084 bns.
274 1056 317 1082 lll.
338 1057 404 1083 Cn.
428 1055 457 1081 Si
476 1053 652 1080 navicularius
672 1063 738 1080 onus
758 1053 903 1080 Minturnas
922 1053 1017 1079 vehen-
1038 1047 1039 1067 3

175 1100 235 1126 dum
256 1099 418 1126 conduxerit.
439 1097 469 1124 fr.
491 1099 532 1123 13.
552 1097 574 1131 5
595 1099 618 1123 1.
639 1097 715 1123 locat.
734 1098 773 1123 19.
793 1099 817 1123 2.
1037 1103 1039 1126 ¹1

208 1141 493 1169 Minturnensis.
520 1140 649 1173 (Adiect.)
677 1142 725 1167 Ad
738 1141 927 1167 Minturnas
945 1149 1015 1174 per-

174 1188 287 1211 tinens.
324 1184 367 1210 III.
384 1185 450 1210 Cn.
471 1182 581 1209 Flumen
600 1182 788 1209 Minturnense.
808 1183 838 1209 sr.
859 1184 899 1209 13.
919 1183 940 1216 5.
964 1184 984 1208 l.
999 1182 1015 1208 l.
1037 1208 1039 1210 ,

176 1230 214 1254 19.
233 1229 256 1254 2,
296 1227 319 1252 Α
338 1226 565 1252 Minturnensibus
590 1225 717 1252 conduxit
741 1226 917 1258 (tabernam.)
943 1225 971 1251 fr.
991 1226 1015 1251 8.

173 1271 194 1304 5.
214 1273 238 1297 5.
259 1271 281 1296 si
301 1269 391 1295 servit.
411 1270 435 1294 8.
455 1271 479 1295 5.

206 1312 408 1339 Minucius.
448 1314 565 1339 Nomen
586 1313 683 1343 [Cei.
704 1314 759 1346 qui
781 1313 923 1338 Traiani
942 1318 1015 1338 tem·
1037 1322 1039 1349 ς

170 1358 302 1389 poribus
323 1357 439 1381 Romae
453 1356 593 1391 floruit.
631 1354 673 1380 111.
689 1356 755 1382 (ἠ.
774 1355 808 1380 D.
829 1354 957 1381 Traianus
970 1354 1016 1380 Mi-

172 1399 249 1424 nucio
270 1397 314 1431 [al.
332 1397 451 1431 Minicio]
473 1397 558 1424 Natali
578 1398 723 1434 rescripsit.
744 1397 774 1424 fr.
795 1398 818 1423 9.
839 1397 872 1423 de
892 1397 971 1424 seriis.
990 1400 1014 1423 2.
1036 1389 1039 1428 i

172 1443 212 1467 12.
251 1440 331 1476 Quod
351 1440 477 1467 Sabinum
496 1440 668 1478 respondisse
687 1440 818 1467 Minucius
838 1440 926 1467 refert.
947 1440 976 1467 sr.
991 1442 1014 1466 6.
1036 1429 1038 1445 A

171 1485 193 1518 5.
214 1485 236 1509 4.
262 1483 294 1510 de
318 1483 349 1509 A.
373 1483 404 1509 E.
429 1482 460 1509 V.
488 1485 526 1510 19.
549 1485 569 1510 1.
595 1483 626 1510 cf.
651 1482 681 1509 fr.
701 1485 742 1509 22.
767 1483 799 1509 de
822 1482 852 1509 R.
880 1483 912 1510 C.
932 1485 971 1509 12.
993 1485 1014 1510 l.
1036 1486 1038 1511 1

172 1526 264 1553 Iuliani
288 1526 320 1552 ad
343 1525 486 1552 Minucium
505 1525 623 1552 Natalem
648 1526 716 1553 libri.
758 1525 877 1552 Hommel
901 1526 1016 1563 palinge·
1037 1535 1038 1547 ἢ

171 1579 226 1595 nes.
246 1569 264 1595 l.
283 1571 343 1595 304.
360 1579 419 1605 sqq.

206 1613 392 1639 Minuere.
431 1613 462 1645 §-
479 1613 512 1638 l.
534 1613 740 1643 Deminnere,
760 1613 963 1638 Eslenuure.
996 1612 1014 1638 I.

172 1657 234 1689 Sy.
262 1654 476 1681 Deminutionem
501 1655 592 1681 facere.
618 1655 649 1681 fr.
670 1657 694 1681 5.
719 1665 758 1692 pr.
784 1655 816 1681 de
841 1656 901 1692 imp.
926 1656 953 1681 in
973 1665 1015 1681 res
1036 1652 1038 1676 1

172 1697 225 1723 dot.
245 1699 286 1723 25.
308 1699 330 1723 l.
367 1697 535 1729 Deminuere,
555 1697 718 1724 Imminuere.
741 1697 783 1724 Cf.
802 1708 826 1724 v.
846 1698 1014 1724 Deminuere.
1036 1719 1037 1722 ,

171 1741 194 1773 5.
216 1741 236 1765 l.
260 1740 417 1766 Extenuare.
444 1740 485 1767 Cf.
510 1740 535 1766 ll.
555 1750 578 1766 v.
603 1740 740 1767 Dreedere
764 1740 804 1767 de.
830 1741 919 1767 Minui.
940 1741 970 1767 fr.
990 1742 1014 1766 8.
1036 1731 1037 1779 1

171 1783 258 1816 551.
282 1784 306 1809 3.
331 1782 363 1809 de
388 1783 473 1820 pecul.
499 1782 548 1819 leg.
572 1785 612 1810 33.
637 1786 661 1809 8.
698 1783 809 1810 'Minoris
833 1783 1014 1809 condemnare.
1035 1789 1037 1797 ¹

172 1825 288 1852 Minuere
308 1825 559 1852 condemnationem.
580 1825 636 1852 Gai.
652 1826 695 1852 HI.
708 1828 767 1852 224.
785 1825 828 1852 IV.
839 1828 880 1852 57.
901 1825 930 1852 H.
946 1827 1013 1859 ⁰1¹·

172 1869 287 1904 Augere,
311 1868 454 1905 Ampliare.
479 1868 509 1894 fr.
529 1870 570 1894 35.
596 1868 629 1894 de
649 1868 736 1906 adopt.
759 1871 780 1895 1.
802 1871 824 1895 7.
850 1868 880 1895 fr.
900 1870 924 1894 6.
948 1869 969 1902 5.
989 1870 1012 1894 4.
1035 1844 1036 1895 l

172 1911 204 1937 de
228 1911 313 1948 pecul.
339 1911 388 1947 leg.
412 1913 454 1937 33.
478 1912 502 1937 8.
528 1911 558 1937 fr.
578 1913 619 1937 45.
645 1912 666 1945 5.
693 1914 714 1937 Ι.
739 1911 771 1938 de
796 1922 823 1938 re
846 1911 899 1938 iud.
923 1913 964 1937 42.
991 1913 1012 1937 l.

171 1954 343 1980 Consumere.
365 1953 405 1980 Cf.
426 1954 449 1980 b.
470 1964 493 1980 v.
514 1954 535 1987 5.
554 1955 578 1980 3.
616 1953 756 1980 Perimere.
776 1954 896 1981 Auferre.
921 1954 952 1981 fr.
971 1956 1011 1980 6-2.

171 1997 203 2023 de
223 1997 298 2033 legat.
320 1997 362 2023 Ill.
383 1998 450 2029 (32.)
471 1996 500 2022 fr.
523 1998 562 2022 15.
583 1997 604 2030 5.
624 2000 647 2023 ὅ.
668 1997 700 2023 ad
719 1997 748 2024 L.
770 1997 839 2024 Falc.
858 1999 900 2024 35.
917 2000 939 2024 2.
970 1997 1012 2024 111.

171 2041 237 2067 Gn.
257 2040 332 2075 Quae
346 2042 394 2073 (sc.
411 2040 465 2071 res)
485 2049 534 2065 usu
554 2039 691 2071 tolluntur,
711 2040 753 2066 vel
766 2041 926 2066 minuuntur.
948 2040 977 2066 fr.
990 2042 1011 2066 1.
1034 2028 1036 2055 1

172 2081 204 2108 de
222 2083 303 2109 usufr.
324 2093 374 2109 ear.
395 2092 444 2108 rer.
465 2084 487 2108 7.
507 2085 530 2108 5.
568 2082 622 2108 Aut
646 2084 726 2109 minui
752 2084 801 2109 iam
826 2083 946 2116 decreta,
970 2088 1013 2109 aut

173 2134 224 2150 non
243 2130 312 2151 tanta
332 2125 438 2152 decerni
459 2126 513 2157 (se.
533 2124 679 2159 alimenta.)
704 2126 733 2152 fr.
753 2128 776 2152 2.
800 2126 821 2159 5.
841 2128 865 2152 2v
886 2126 931 2153 ubi
950 2137 1012 2164 pup.

171 2169 214 2192 27.
226 2169 250 2193 2.
286 2168 327 2195 'Ne
346 2170 386 2194 ius
407 2169 442 2194 sit
454 2169 550 2199 vicino,
571 2169 660 2194 invitis
679 2169 756 2195 nobis
774 2169 853 2195 altius
866 2169 1013 2201 aedificare.

173 2214 251 2246 atque
269 2211 303 2236 ita
321 2212 439 2237 minuere
457 2210 554 2237 lumina
575 2216 724 2238 nostrorum
738 2212 924 2239 aedificiorum.
945 2212 975 2239 fr.
988 2214 1011 2239 4.

173 2252 205 2278 de
225 2252 252 2278 S.
272 2252 300 2279 P.
320 2253 350 2280 V.
370 2256 394 2281 8.
413 2256 438 2280 2.
476 2254 551 2289 Quae
571 2253 680 2280 alienata
701 2260 788 2284 erant.
807 2266 860 2282 non
878 2256 1012 2282 minuendi

172 2295 377 2322 fideicommissi.
396 2296 427 2323 fr.
445 2298 488 2323 25.
508 2297 590 2330 §.162
611 2296 643 2323 de
661 2297 750 2323 hered.
770 2303 821 2335 pet.
842 2301 866 2325 5.
886 2301 910 2325 3.
940 2298 1011 2325 Nihil

173 2349 205 2364 ex
225 2337 384 2374 obligatione
401 2349 542 2376 paucorum
570 2339 671 2366 dierum
694 2350 766 2366 mora
790 2342 896 2367 minuet.
920 2341 950 2367 fr.
969 2344 1010 2367 24.

173 2382 193 2414 5.
215 2382 237 2406 4.
258 2380 334 2406 locat.
356 2382 395 2407 19.
413 2384 437 2407 2.
473 2382 610 2419 Impensae
635 2384 811 2415 necessariae,
836 2394 902 2420 quae
924 2384 1012 2411 dotem

177 2425 236 2460 ipso
255 2425 311 2449 iure
330 2424 446 2449 minuere
465 2425 558 2452 solent.
579 2426 609 2452 sr.
623 2428 663 2452 61.
684 2426 716 2452 de
732 2426 763 2453 R.
778 2426 808 2452 N.
822 2429 864 2453 23.
883 2429 906 2453 2.
927 2426 957 2453 fr.
971 2429 1011 2454 56.

172 2466 194 2498 5.
217 2467 237 2491 1.
263 2466 295 2492 de
319 2467 375 2492 iure
399 2465 452 2491 dot.
475 2468 516 2493 23.
539 2469 563 2494 3.
606 2468 707 2495 Vsurae
737 2479 815 2506 supra
844 2471 1012 2497 centesimam

174 2508 276 2535 solutae
301 2513 399 2534 sortem
424 2509 550 2536 minuunt.
576 2511 648 2538 Paul.
668 2511 698 2538 11.
720 2514 759 2538 14.
785 2513 806 2546 5.
825 2514 849 2538 2.
870 2529 902 2531 -
929 2513 960 2546 §.
976 2515 1011 2540 2.

174 2553 342 2583 Alienare,
362 2554 506 2578 Perdere.
543 2552 561 2578 I.
578 2555 639 2588 Sy.
658 2555 798 2583 Amittere.
819 2555 949 2582 Alienare.
970 2556 1011 2583 Cf.

173 2605 196 2620 v.
210 2593 340 2620 Alienare.
360 2594 382 2627 5.
401 2597 425 2620 2.
464 2594 505 2620 111.
521 2596 586 2622 Cn.
606 2596 783 2625 Hereditatem
802 2598 833 2625 ab
854 2604 953 2626 emtore
968 2610 1012 2636 pe-

174 2638 213 2667 tit,
234 2641 259 2662 et
278 2646 310 2662 ne
330 2636 393 2672 quid
413 2647 445 2664 ex
465 2648 492 2664 ea
512 2638 641 2664 minueret
659 2641 815 2677 impetravit.
835 2641 864 2668 fr.
887 2644 926 2668 17.
946 2643 966 2676 5.
986 2645 1010 2669 ⁶2.

173 2679 206 2705 de
225 2679 250 2705 d.
270 2689 302 2705 rn.
323 2689 377 2706 exc.
397 2681 438 2706 44.
458 2683 482 2706 4.
503 2679 534 2706 cf.
555 2679 585 2706 fr.
599 2682 640 2707 30.
660 2682 681 2714 5.
700 2684 723 2709 4.
744 2683 776 2710 de
795 2684 849 2710 reb.
870 2690 936 2711 auct.
957 2685 1010 2712 iud.

172 2724 214 2748 42.
234 2725 258 2748 5.
296 2722 363 2748 Cum
383 2721 415 2747 (le
434 2721 511 2748 bonis
531 2733 621 2749 eorum
640 2723 738 2760 aliquid
753 2727 886 2756 minuitur.
901 2744 932 2747 —
953 2738 1011 2754 cum

174 2765 278 2790 intersit
296 2765 423 2802 ipsorum,
442 2764 533 2792 litibus
553 2770 579 2792 et
597 2767 727 2793 sumtibus
746 2778 798 2795 non
816 2771 913 2796 vexari.
936 2770 966 2797 fr.
986 2772 1010 2797 6.

175 2806 207 2833 de
219 2808 311 2834 minor.
326 2809 349 2834 4.
362 2810 385 2834 4.
398 2823 429 2827 —
450 2808 480 2842 ἓ.
495 2809 532 2835 3.
553 2809 690 2836 Mutare.
711 2811 872 2839 Evertcre.
892 2813 1010 2842 HLGn·

1037 1357 1039 1378 ἒ
1061 1356 1143 1389 §.17.
1168 1355 1201 1381 dc
1223 1359 1292 1391 pact.
1316 1356 1340 1381 2.

1845 156 1907 186 5259

1066 240 1183 276 Operae,
1208 255 1239 258 —
1267 239 1363 275 quibus
1387 240 1549 270 institutum,
1575 238 1616 264 vel
1640 239 1807 275 propositum
1827 238 1903 264 vitae.

1064 284 1196 309 minuitur.
1217 282 1247 308 fr.
1270 283 1308 307 l'l'.
1330 281 1361 307 de
1380 292 1452 319 oper.
1478 282 1564 308 libert.
1583 282 1624 308 38.
1647 283 1668 307 l.
1706 279 1808 307 Sei-vile
1828 284 1903 315 caput

1065 325 1164 352 nullum
1188 326 1228 351 ius
1253 324 1344 354 habet.
1369 324 1428 351 ideo
1453 335 1500 351 nec
1520 325 1599 351 minui
1619 329 1715 361 potest.
1741 323 1770 349 fr.
1790 324 1813 348 3.
1840 322 1860 355 5.
1882 323 1903 346 l.

1065 368 1097 393 (le
1121 378 1176 405 cap.
1202 368 1293 394 minut.
1319 368 1343 393 4.
1367 369 1390 393 5.
1433 367 1462 393 Si
1487 369 1571 404 capite
1599 368 1714 394 minutus
1742 366 1832 395 fuerit,
1862 364 1902 389 vel

1065 412 1251 448 emancipatus,
1270 409 1313 436 vel
1333 411 1359 436 in
1378 409 1546 446 adoptionem
1566 410 1649 436 datus.
1670 409 1700 436 fr.
1716 411 1757 435 22.
1778 408 1809 434 :le
1828 407 1902 433 milit.

1065 458 1165 480 testam.
1185 456 1227 480 29.
1248 455 1269 479 l.
1295 452 1336 479 Cf.
1356 462 1380 478 v.
1402 452 1496 489 Caput.
1517 453 1554 486 55
1575 455 1598 479 5.
1618 462 1657 489 sq.

1098 497 1235 523 Minus.
1256 495 1384 529 (Adiect.)
1409 495 1449 521 Cf.
1470 506 1493 521 v.
1514 495 1607 522 Minor.

1098 540 1235 565 Minus.
1263 539 1375 572 (Advb.)
1413 538 1443 571 §-
1464 539 1499 564 1.
1520 540 1615 564 Citra
1634 544 1755 564 certum
1774 539 1893 563 modum

1063 582 1106 608 Ill.
1121 583 1187 609 ίή.
1208 581 1258 608 Per
1276 581 1443 608 intervallum
1462 591 1514 607 non
1534 582 1618 607 minus
1638 580 1663 606 X
1683 580 1790 606 dierum.
1811 578 1841 604 fr.
1861 579 1901 603 69.

1063 625 1095 651 (le
1115 625 1193 652 iudic.
1208 627 1231 651 5.
1249 626 1269 651 1,
1306 623 1441 650 Adhibitis
1462 634 1514 649 uon
1534 625 1619 650 minus
1637 633 1712 659 quam
1727 627 1766 648 tot
1781 620 1900 647 testibus,

1063 668 1119 694 Gai.
1145 668 1161 694 1.
1181 669 1222 694 29.
1249 668 1306 693 113.
1330 667 1373 693 Ill.
1399 669 1456 693 1721.
1485 666 1545 702 ΠΙ).
1566 666 1625 692 XX.
1644 668 1669 690 ·.’.
1711 664 1772 690 Tria
1796 663 1902 691 lumina.

1039 707 1040 714 ¹
1063 722 1094 737 ne
1113 712 1212 742 minus.
1233 710 1269 736 ibi
1289 711 1350 736 sint.
1375 710 1404 736 fr.
1428 712 1448 735 1.
1475 710 1497 743 5.
1518 711 1558 735 10.
1579 708 1610 735 de
1630 708 1722 744 inspic.
1742 712 1840 733 ventre.
1859 708 1901 731 25.

1062 756 1085 780 4.
1123 753 1184 780 Non
1202 754 1289 780 minus
1309 763 1386 789 quam
1405 757 1505 790 partem
1524 766 1558 771 —
1577 751 1727 788 patrimonii
1746 751 1786 775 sui
1805 751 1902 786 impen-

1038 785 1040 796 ,
1062 797 1132 823 dere.
1157 796 1214 823 Gai.
1235 796 1252 822 I.
1272 797 1314 823 33.
1351 796 1406 822 Aut
1428 795 1507 827 nihil,
1532 799 1575 820 aut
1598 794 1684 819 minus
1708 803 1784 829 quam
1802 796 1902 828 partem

1038 843 1040 866 ἔ
1062 839 1195 865 dimidiam
1215 839 1398 875 (relinquere.)
1418 838 1479 875 le.
1493 837 1591 864 XXIX.
1607 839 1628 863 l.
1653 836 1708 862 Aut
1727 836 1832 862 omnino
1850 844 1903 860 non

1039 885 1040 888 ’
1061 882 1196 913 adhihere,
1219 887 1263 908 aut
1281 883 1367 908 minus
1387 881 1538 917 frequentes
1557 879 1711 913 (advocatos
1731 878 1782 905 sibi
1802 878 1903 914 prospi-

1038 930 1039 939 ¹
1063 926 1148 957 cere.)
1172 924 1202 950 fr.
1222 926 1246 951 9.
1271 926 1292 958 5.
1312 927 1336 950 4.
1357 925 1389 951 de
1408 925 1452 951 off.
1472 924 1547 950 Proc.
1568 928 1591 949 et
1612 922 1673 958 Leg.
1695 924 1716 948 1.
1738 923 1778 947 lb'.
1815 920 1902 947 Minus

1038 956 1040 974 1
1062 968 1160 994 utilior.
1181 967 1211 994 fr.
1231 970 1254 993 5.
1275 969 1296 1001 5.
1317 970 1357 994 10.
1378 967 1410 994 de
1429 967 1482 993 reb.
1503 977 1556 993 eor.
1576 976 1619 1003 qu.
1640 976 1660 992 S.
1680 970 1727 991 tut.
1747 965 1788 990 27.
1805 965 1828 990 9.
1858 962 1902 988 Mi-

1038 1017 1039 1040 }
1062 1021 1111 1037 nus
1131 1010 1248 1037 audiens.
1274 1010 1304 1036 fr.
1326 1012 1365 1035 ll.
1391 1009 1423 1036 tle
1446 1009 1516 1045 legit.
1538 1014 1616 1036 tutor.
1635 1010 1677 1034 26.
1697 1010 1720 1033 4.
1758 1005 1839 1043 Quod
1857 1006 1902 1031 mi-

1062 1064 1110 1081 nus
1131 1055 1267 1090 scriptum,
1289 1063 1365 1090 quam
1385 1052 1483 1079 dictum
1502 1052 1593 1079 fuerat.
1613 1052 1642 1078 fr.
1657 1052 1714 1077 102.
1733 1049 1765 1076 de
1785 1048 1861 1075 cond.
1878 1053 1903 1073 et

1062 1097 1128 1124 dem.
1149 1099 1191 1124 35.
1212 1098 1234 1122 l.
1263 1097 1294 1129 §-
1308 1097 1392 1122 LA.
1415 1097 1483 1122 Non
1500 1098 1590 1129 plene
1608 1095 1722 1127 (ratione
1741 1092 1902 1129 quantitatis-

1038 1144 1039 1160 ἒ
1061 1140 1103 1167 vel
1128 1141 1270 1176 temporis,
1295 1138 1337 1165 vel
1361 1138 1426 1170 loci.
1452 1149 1489 1164 sc.
1513 1139 1539 1164 iu
1562 1148 1590 1164 re
1613 1137 1701 1164 debita
1724 1134 1902 1174 praestanda.)

1061 1184 1079 1209 Ι.
1095 1185 1157 1218 Sy.
1177 1182 1300 1213 Tardius,
1321 1181 1452 1219 Tempore
1471 1182 1557 1207 minus
1577 1180 1715 1213 (solvere.)
1735 1178 1765 1205 fr.
1787 1180 1826 1203 12.
1845 1177 1866 1210 5.
1879 1178 1901 1202 l.

1061 1226 1092 1253 rs.
1117 1226 1147 1252 fr.
1167 1228 1208 1252 32.
1236 1225 1266 1251 fr.
1286 1226 1327 1251 82.
1351 1225 1381 1251 sr.
1404 1227 1460 1251 150.
1483 1224 1515 1250 dc
1534 1223 1566 1250 V.
1587 1223 1613 1249 S.
1634 1225 1674 1249 50.
1696 1224 1735 1249 16.
1772 1221 1815 1247 ΙΙΙ.
1836 1221 1901 1248 Gn.

1062 1268 1167 1305 Quodsi
1187 1268 1253 1295 alter
1271 1268 1314 1294 vel
1333 1267 1415 1299 nihil.
1440 1267 1482 1294 vel
1501 1268 1587 1293 minus
1607 1266 1691 1292 facere
1710 1265 1804 1302 possit.
1828 1263 1857 1289 fr.
1880 1264 1901 1288 1.

1061 1313 1082 1346 5.
1102 1314 1143 1338 43.
1165 1311 1257 1348 depos.
1278 1313 1317 1338 16.
1337 1313 1362 1337 3.
1399 1310 1509 1339 Pacisci.
1529 1315 1558 1336 ut
1576 1311 1661 1335 minus
1681 1308 1806 1334 solvatur.
1827 1305 1857 1332 fr.
1879 1307 1901 1331 7.

1367 1356 1406 1380 14.
1443 1353 1593 1391 Repudiare
1617 1351 1803 1380 hereditatem,
1827 1350 1901 1385 quasi

1061 1399 1146 1425 minus
1166 1397 1295 1424 solvendo
1316 1398 1357 1424 sit.
1377 1397 1408 1424 fr.
1423 1399 1446 1424 9.
1466 1398 1487 1431 5.
1504 1399 1525 1422 1.
1546 1396 1578 1423 de
1598 1395 1622 1422 d.
1642 1406 1674 1422 m.
1694 1397 1718 1421 4.
1731 1396 1755 1420 3.
1771 1409 1801 1413 ——-
1821 1393 1853 1426 §-
1866 1393 1901 1418 2.

1062 1443 1137 1469 Xon.
1160 1443 1300 1468 Minime.
1338 1440 1462 1470 ULCn.
1482 1440 1553 1467 Satis
1572 1438 1730 1476 locupletes,
1750 1447 1781 1463 an
1801 1435 1902 1462 minus?

1061 1485 1090 1511 fr.
1105 1488 1128 1511 S.
1149 1485 1171 1517 5.
1186 1486 1208 1510 7.
1230 1484 1261 1510 de
1281 1488 1404 1510 transact.
1424 1486 1447 1509 2.
1469 1485 1509 1508 15.
1547 1482 1576 1508 Si
1596 1481 1702 1518 quidem
1721 1480 1754 1506 ad
1773 1489 1831 1506 eum
1845 1488 1901 1515 per-

1037 1517 1038 1529 1
1060 1529 1139 1554 venit.
1161 1543 1193 1547 -—
1218 1527 1247 1553 Si
1271 1528 1357 1553 minus
1383 1532 1431 1553 etc.
1456 1525 1487 1552 fr.
1508 1526 1531 1551 6.
1557 1525 1578 1558 5.
1598 1526 1622 1550 9.
1647 1524 1679 1550 de
1704 1522 1796 1549 edend.
1816 1523 1840 1547 2.
1862 1523 1900 1546 13.

1060 1571 1090 1597 fr.
1111 1572 1152 1597 73.
1177 1571 1199 1604 5.
1219 1572 1243 1596 3.
1269 1570 1301 1596 de
1325 1570 1402 1596 indic.
1428 1572 1451 1595 5.
1472 1571 1494 1595 l.
1536 1568 1579 1594 Ob
1605 1577 1659 1593 eam
1684 1576 1738 1592 rem
1759 1581 1790 1584 —
1815 1565 1901 1590 minus

1060 1614 1127 1640 liber
1146 1614 1189 1640 sit.
1209 1613 1239 1639 fr.
1261 1615 1301 1639 15.
1321 1614 1342 1647 5.
1362 1615 1386 1639 2.
1405 1612 1438 1638 de
1456 1611 1484 1638 L.
1507 1611 1588 1637 Corn.
1609 1610 1641 1636 de
1660 1608 1825 1635 sals.4S.10.
1850 1607 1901 1633 De-

1059 1658 1203 1683 rivationes
1222 1657 1307 1682 minus
1328 1665 1478 1682 concessae.
1499 1654 1529 1681 fr.
1545 1656 1566 1680 1.
1585 1654 1607 1688 5.
1628 1655 1649 1678 l.
1670 1662 1702 1678 ne
1722 1662 1764 1688 qu.
1784 1652 1810 1677 in
1830 1650 1900 1676 ssum.

1059 1700 1122 1737 pub.
1149 1701 1189 1725 43.
1215 1701 1256 1725 13.
1293 1699 1379 1725 Minus
1403 1698 1577 1734 frequentari,
1602 1701 1628 1722 et
1651 1696 1678 1721 in
1701 1693 1901 1721 desuetudinem

1060 1743 1164 1768 abiisse.
1186 1741 1215 1768 sr.
1237 1743 1259 1767 1.
1279 1742 1301 1774 5.
1324 1743 1345 1767 l.
1366 1741 1398 1767 de
1418 1742 1507 1767 interr.
1528 1741 1553 1766 in
1573 1740 1636 1765 iure.
1658 1740 1697 1764 ll.
1719 1739 1740 1763 1.
1773 1737 1859 1772 Quem
1878 1737 1900 1761 si

1059 1784 1139 1811 iudex
1159 1801 1189 1805 —-
1211 1785 1297 1810 minus
1317 1783 1406 1810 andire
1425 1783 1552 1809 maluerit.
1578 1793 1599 1808 c.
1618 1784 1642 1808 2.
1663 1781 1695 1807 de.
1715 1780 1758 1806 off.
1779 1781 1827 1805 civ.
1848 1779 1900 1805 iud.

1061 1830 1082 1854 1.
1103 1829 1144 1853 45.
1183 1827 1258 1862 Quae
1282 1827 1367 1853 minus
1386 1826 1521 1863 prohibita
1544 1830 1613 1851 sunt.
1639 1835 1659 1851 c.
1681 1826 1703 1850 7.
1728 1823 1761 1850 de
1784 1822 1900 1858 religios.

1057 1872 1081 1897 3.
1106 1872 1147 1896 44.
1186 1870 1214 1896 Si
1238 1871 1324 1896 minus
1351 1869 1506 1895 curaverint.
1544 1868 1598 1904 Qui
1622 1883 1654 1887 —
1678 1867 1764 1892 minus
1791 1864 1901 1902 implere

1035 1927 1036 1940 1
1058 1924 1134 1940 suum
1154 1913 1270 1939 officium
1289 1912 1400 1939 valeant.
1421 1914 1497 1938 c.11.
1518 1911 1569 1947 Qu.
1589 1915 1641 1948 pet.
1662 1915 1709 1936 tut.
1723 1911 1746 1935 5.
1760 1910 1802 1935 31.
1823 1918 1843 1934 c.
1860 1910 1898 1933 15.

1058 1957 1091 1983 de
1110 1966 1185 1993 prox.
1206 1956 1233 1982 S.
1248 1957 1326 1982 scrin.
1343 1958 1382 1981 12.
1398 1957 1437 1982 19.
1458 1955 1488 1981 cf.
1510 1965 1531 1981 c.
1551 1955 1574 1980 9.
1595 1953 1627 1979 de
1647 1953 1695 1979 SS.
1717 1952 1780 1979 eccl.
1794 1954 1814 1978 1.
1828 1954 1852 1977 2.
1866 1965 1899 1969 -

1058 2000 1088 2032 §-
1108 2001 1199 2026 2.A.
1229 2001 1297 2026 Non
1320 2001 1414 2030 adeo,
1444 1999 1512 2024 Non
1535 1999 1598 2028 ita,
1629 1997 1697 2023 Xon
1723 1996 1818 2021 salis.
1855 1993 1898 2019 111.

1058 2044 1124 2070 (ἠ.
1148 2042 1235 2068 Minus
1254 2046 1326 2068 recte
1346 2040 1574 2078 (comprehendi.)
1595 2038 1651 2065 Gai.
1672 2037 1715 2064 lv.
1735 2040 1776 2064 59.
1813 2036 1899 2063 Minus

1058 2087 1127 2122 aptis
1150 2085 1240 2111 verbis
1264 2084 1383 2120 legatum.
1407 2083 1469 2120 le.
1489 2082 1585 2110 XXIV.
1608 2084 1675 2108 11.a.
1713 2081 1798 2107 Minus
1822 2089 1898 2116 quam

1425 2127 1512 2153 Minus
1532 2126 1658 2162 legitime.
1678 2125 1797 2150 minusve.
1814 2123 1899 2159 perit(-

1057 2128 1173 2166 perfecta
1193 2128 1243 2155 lex.
1268 2128 1306 2154 lb.
1326 2127 1343 2154 l.
1363 2129 1388 2153 2.

1034 2169 1035 2193 1
1058 2172 1151 2198 facere.
1178 2171 1207 2197 fr.
1227 2172 1269 2197 58.
1294 2172 1376 2205 5.17.
1397 2169 1429 2197 (le
1448 2170 1524 2206 legat.
1545 2169 1574 2195 II.
1595 2170 1671 2201 (31.)
1708 2167 1795 2194 Minus
1815 2175 1897 2203 penso

1058 2214 1169 2242 consilio
1190 2214 1283 2241 facere.
1303 2214 1333 2240 fr.
1352 2216 1376 2240 3
1397 2214 1418 2247 5.
1438 2215 1462 2240 3.
1484 2213 1516 2239 de
1535 2212 1601 2238 adm.
1622 2216 1647 2237 et
1666 2221 1720 2248 per.
1739 2211 1781 2236 26.
1802 2211 1823 2235 7.
1852 2208 1896 2234 Mi-

1034 2251 1035 2266 1
1057 2268 1106 2284 nus
1126 2257 1290 2295 probabilem
1310 2257 1466 2283 sententiam
1485 2255 1586 2288 (ferre.)
1605 2254 1635 2280 sr.
1654 2255 1695 2280 27.
1716 2255 1773 2288 52.
1793 2252 1825 2279 de
1844 2262 1894 2277 rec.

1057 2311 1099 2337 qu.
1121 2301 1174 2327 arb.
1194 2302 1217 2326 4.
1237 2301 1261 2326 8.
1298 2300 1384 2326 Minus
1405 2299 1498 2325 idonee
1518 2297 1658 2331 (defendi.)
1678 2297 1707 2323 fr.
1730 2299 1749 2322 l.
1770 2296 1846 2329 5.11.
1863 2293 1895 2319 de

1057 2344 1136 2370 Cat-b.
1157 2343 1234 2370 edict.
1253 2344 1293 2368 37.
1317 2344 1354 2368 10.
1380 2342 1411 2368 cf.
1437 2341 1466 2367 fr.
1489 2344 1510 2367 l.
1535 2341 1556 2374 5.
1577 2343 1600 2367 5.
1625 2340 1657 2366 de
1680 2340 1794 2375 magistr.
1819 2347 1893 2363 conv.

1056 2389 1098 2413 27.
1117 2388 1141 2413 8.
1180 2386 1264 2421 Quasi
1287 2386 1373 2411 minus
1398 2384 1570 2420 deliquerint.
1595 2393 1671 2420 quam
1694 2382 1720 2408 hi
1744 2386 1792 2407 etc.
1820 2380 1851 2406 fr.
1873 2382 1893 2406 1.

1057 2431 1078 2463 5.
1099 2431 1121 2455 7.
1143 2429 1175 2456 ef.
1195 2429 1233 2463 55.
1253 2430 1277 2454 3.
1298 2438 1356 2464 sqq.
1377 2427 1410 2454 de
1429 2427 1527 2464 postul.
1546 2428 1570 2453 3.
1585 2429 1606 2452 1.
1622 2442 1652 2446 -
1673 2425 1703 2457 §.
1717 2425 1806 2451 2.B.
1828 2425 1893 2456 Quo

1056 2475 1175 2504 minus,
1195 2474 1212 2498 i.
1231 2482 1252 2497 e.
1276 2472 1312 2497 Vt
1331 2481 1399 2497 non.
1435 2470 1453 2497 1.
1474 2471 1535 2505 Sy.
1553 2469 1601 2496 Ne.
1621 2467 1662 2495 Cf.
1681 2468 1705 2494 h.
1719 2477 1744 2493 v.
1763 2467 1784 2500 5.
1800 2468 1822 2492 1.
1850 2465 1892 2492 111.

1057 2517 1123 2543 Gn.
1142 2514 1240 2541 Facere
1259 2513 1334 2547 (dolo
1354 2514 1417 2545 etc.)
1436 2514 1575 2550 quominus
1595 2517 1642 2538 etc.
1665 2510 1695 2536 fr.
1716 2512 1740 2536 4.
1759 2520 1798 2547 pr.
1818 2509 1849 2535 fr.
1868 2511 1892 2535 5.

1055 2558 1078 2592 5.
1097 2560 1121 2584 2,
1146 2568 1178 2583 ne
1203 2567 1245 2593 qu.
1271 2567 1336 2583 eum.
1359 2559 1384 2583 2.
1410 2558 1432 2583 7.
1470 2555 1530 2582 Vim
1553 2555 1610 2581 fieri
1632 2558 1708 2584 veto,
1733 2562 1819 2589 quom.
1844 2557 1891 2578 etc.

1056 2600 1113 2627 Gai.
1127 2599 1171 2626 IV.
1188 2601 1244 2626 160.
1273 2599 1329 2626 Nec
1347 2599 1430 2626 ullum
1448 2598 1660 2636 impedimentum
1678 2597 1721 2628 sit,
1741 2605 1828 2632 quom.
1842 2599 1891 2621 etc.

1055 2643 1092 2669 Id.
1112 2642 1142 2669 II.
1164 2644 1222 2669 190.
1247 2642 1288 2669 Cf.
1313 2653 1337 2669 v.
1361 2642 1498 2680 Impedire.
1518 2657 1548 2661 --
1578 2641 1608 2673 ἓ.
1631 2640 1668 2665 3.
1698 2641 1765 2666 Non
1790 2640 1891 2665 minut

1056 2696 1162 2720 quam,
1186 2695 1204 2712 s.
1225 2688 1321 2720 qnod,
1343 2696 1415 2720 pro:
1439 2686 1542 2717 Aeque
1561 2693 1603 2709 ac.
1640 2682 1658 2708 I.
1679 2683 1740 2717 Sy.
1769 2681 1890 2717 Quoque.

1055 2728 1110 2755 Nec
1123 2729 1217 2755 minus.
1237 2728 1267 2755 fr.
1284 2731 1324 2754 11.
1345 2728 1377 2754 de
1396 2727 1414 2753 1.
1435 2732 1460 2753 et
1478 2726 1496 2752 I.
1512 2728 1533 2752 l.
1554 2727 1577 2751 l.
1615 2725 1760 2752 Observari
1777 2734 1826 2762 pro
1842 2729 1889 2750 ete.

1055 2771 1161 2798 Servari
1189 2781 1242 2798 non
1265 2772 1350 2797 minus
1375 2779 1451 2806 quam
1475 2774 1523 2795 etc.
1557 2769 1712 2806 Exaequari.
1744 2768 1800 2794 Gai.
1824 2766 1841 2793 I.
1866 2768 1888 2791 3.

1056 2814 1085 2841 fr.
1107 2816 1130 2841 2.
1156 2815 1178 2848 5.
1198 2815 1221 2841 8.
1246 2814 1278 2840 de
1297 2813 1330 2840 O.
1350 2812 1367 2838 l.
1390 2814 1410 2838 l.
1431 2815 1455 2838 2.
1479 2811 1509 2839 fr.
1528 2813 1569 2839 32.
1594 2813 1616 2846 5.
1636 2814 1659 2838 l.
1683 2811 1712 2838 fr.
1733 2812 1773 2837 33.
1799 2810 1827 2836 fr.
1847 2810 1887 2834 35.
