2197 3121
1008 160 1091 191 ADI.

188 244 225 271 lb.
246 243 289 270 IV.
310 245 349 270 10.
369 243 392 277 5.
412 244 436 269 4.
464 241 495 269 fr.
515 242 573 268 151.
598 240 630 268 de
649 240 681 268 V.
702 240 729 268 S.
749 242 790 268 50.
811 241 851 267 16.
894 240 1029 267 Heredita-

188 292 241 313 tem
264 288 320 313 eius
345 286 410 313 adiri
438 295 491 312 non
514 294 607 322 posse,
633 294 718 320 neque
736 284 767 311 B.
787 283 867 310 Pnem
890 284 1029 320 postulari.

189 329 260 356 Paul.
280 329 322 355 III.
342 331 366 355 5.
386 329 422 362 55.
438 330 460 354 l.
481 330 521 354 10.
559 327 589 354 Si
607 327 779 354 hereditatem
798 326 830 353 ad
849 336 878 353 se
896 328 1030 364 pertinere

188 372 333 403 noluerint.
358 371 413 403 vel,
437 376 575 407 antequam
599 370 723 402 adierint,
748 369 919 397 decesserint.
966 369 1028 408 le.

187 414 285 442 XXVI.
304 417 328 441 5.
360 413 416 440 Gai.
436 413 466 440 II.
487 415 545 440 144.

222 457 360 484 Aditio.
398 457 429 490 §.
448 458 482 484 l.
513 458 638 488 Coitio,
659 458 788 483 Coetus.
825 456 867 482 111.
888 456 955 483 Cn.
979 455 1030 482 Ne-

188 510 239 537 que
258 499 371 537 publicis
391 509 476 535 neque
496 499 607 535 privatis
627 499 799 529 aditionibus.
820 515 852 518 —
873 498 1030 534 colligenda-

187 553 245 570 rum
269 543 496 578 congregationum
520 557 553 561 -—
579 543 680 579 copiam
708 546 884 579 praesumant.
927 541 976 568 Th.
997 541 1028 568 C.

187 585 259 613 XVI.
278 587 302 612 5.
323 596 344 611 c.
365 587 404 611 12.
430 584 462 611 de
480 584 603 611 haeretic.
632 600 664 604 —
692 585 723 618 ξ.
743 586 778 611 2.
811 586 947 617 Aditus,
976 587 1028 612 111-

184 638 328 664 gressus.
364 627 406 654 III.
422 629 487 655 Gn.
516 627 578 663 Qui,
598 626 715 663 qualibet
732 627 958 654 administratione
972 638 1029 665 per-

186 671 305 703 functus,
334 681 391 697 enm
419 670 526 706 gradum
556 670 710 696 honorariae
734 670 857 697 aditionis
883 675 956 708 petat
980 676 1028 697 etc.

187 714 225 741 lb.
245 714 287 741 Vl.
312 715 353 740 22.
382 724 402 740 c.
423 715 446 739 7.
473 713 495 746 5.
514 715 539 739 2,
568 712 600 739 de
623 712 714 739 honor.
742 713 826 739 codic.
864 729 896 732 —
934 714 964 747 ἓ.
990 715 1027 740 3.

186 759 390 789 Postulatio,
410 757 657 790 Interpellatio.
693 755 723 782 11.
745 758 812 790 Op.
836 755 945 782 Publica
964 756 1029 782 iudi-

187 800 287 826 ciorum
300 799 388 825 aditio.
409 815 440 818 —
454 798 557 825 Privata
571 799 719 824 conventio.
748 798 785 825 lb.
800 798 829 825 ll.
843 801 884 825 27.
900 810 922 825 c.
934 801 957 825 1.
969 799 991 832 5.
1005 801 1026 825 l.

186 844 211 869 si
230 847 292 869 cert.
312 847 364 879 pet.
384 842 416 868 de
436 841 499 868 chir.
536 840 578 866 Ill.
594 842 659 868 Gn.
679 840 818 867 Nunciatio
833 852 864 868 ex
877 842 928 868 hoc
942 842 1028 868 edicto

186 896 239 912 non
258 885 335 912 habet
355 885 527 911 necessariam
546 882 679 910 Praetoris
698 884 848 911 aditionem.
868 884 898 911 sr.
919 887 941 912 l.
962 885 983 918 5
1003 887 1027 911 2.

186 928 219 955 de
238 928 271 955 Ο.
286 927 317 954 Ν.
332 927 363 955 N.
382 929 424 954 39.
444 929 467 953 1.
503 926 628 952 Assiduis
648 926 809 953 aditionibus
829 944 861 947 -
881 929 1027 964 inquietati,

186 981 211 998 v.
231 972 344 1009 permoti
363 980 461 996 sumus.
487 980 508 996 c.
529 971 569 995 12.
589 979 629 1006 pr.
658 970 710 1005 Qu.
730 971 827 1007 potior.
851 972 875 997 8.
896 973 936 997 18.
962 982 983 997 c.
1003 972 1027 997 8.

186 1014 218 1041 de
238 1015 320 1052 princ.
340 1018 422 1049 agent.
443 1013 469 1039 in
487 1012 542 1039 reb.
563 1015 603 1039 12.
623 1014 664 1039 22.
691 1028 723 1032 -
755 1013 786 1046 ξ.
808 1015 846 1040 4.
873 1016 1028 1048 Αιῐᾳιιίεί-

185 1060 232 1084 tio
256 1057 453 1085 hereditatis
477 1062 663 1089 spontanea.
706 1055 748 1082 111.
770 1058 835 1084 (711.
864 1057 947 1083 Actus
967 1057 1028 1093 legi-

187 1101 255 1128 timi.
287 1115 319 1119 —
348 1099 430 1125 veluti
458 1099 627 1135 mancipatio,
664 1099 843 1136 acceptilatio.
874 1100 1027 1126 hereditatis

185 1143 266 1169 aditio
287 1147 336 1169 etc.
361 1142 391 1168 sr.
413 1143 453 1168 77.
473 1141 505 1167 de
524 1140 555 1167 R.
575 1140 594 1167 I.
614 1143 655 1168 50.
677 1144 716 1168 17.
749 1144 824 1178 Quae
844 1144 897 1176 (sc.
917 1145 1028 1170 servitu-

186 1187 246 1219 tes)
267 1185 382 1212 aditione
402 1183 525 1210 confusae
545 1189 614 1210 sunt.
643 1184 674 1210 sr.
695 1186 734 1210 18.
755 1184 788 1211 de
807 1187 896 1212 servit.
915 1189 939 1212 8.
961 1188 983 1213 1.

220 1229 355 1256 Aditus
385 1227 520 1260 (Subst.).
558 1227 588 1260 §.
609 1228 643 1254 l.
676 1229 825 1255 Factum.
851 1231 1026 1261 Facultas.

185 1274 332 1299 adeundi.
375 1271 394 1297 I.
415 1272 476 1304 Sy.
513 1269 635 1296 facultas
659 1270 830 1307 ingrediendi.
864 1271 894 1298 l'r.
916 1273 938 1298 l.
961 1273 983 1306 5.
1002 1275 1026 1298 2.

185 1315 216 1341 fr.
235 1317 259 1342 3.
279 1314 312 1341 de.
331 1314 431 1350 fugitiv.
452 1314 492 1339 11.
511 1314 536 1339 4.
573 1312 657 1350 Copia
677 1313 860 1347 (indiciorum.
879 1325 903 1341 v.
923 1315 1028 1342 iudicia-

186 1357 247 1391 lis).
273 1368 294 1384 c.
315 1359 355 1384 15.
376 1356 408 1383 de
427 1356 504 1382 indic.
524 1357 548 1382 3.
569 1357 592 1382 l.
629 1356 659 1382 11.
675 1358 742 1391 ΟΡ.
770 1356 893 1384 LatItarc.
913 1374 945 1378 -—-
965 1358 1028 1385 Adi-

184 1406 241 1427 tum
265 1400 296 1427 ad
320 1410 348 1427 se
372 1404 513 1437 praestare.
538 1398 569 1425 sr.
590 1400 630 1426 19.
656 1400 733 1426 dein
753 1402 794 1427 ius
813 1411 870 1427 voc.
895 1403 919 1428 2.
938 1403 962 1428 4.
994 1417 1027 1421 -—

184 1444 228 1471 111.
249 1445 315 1472 οη.
352 1443 461 1469 Aditum
485 1447 511 1468 et
534 1442 684 1469 facultatem
708 1449 841 1481 praestare
869 1443 919 1478 (ad
943 1454 1027 1470 arcam

185 1486 356 1519 tollendam).
382 1485 412 1512 fr.
434 1487 473 1512 19.
494 1486 516 1519 5.
535 1487 560 1512 5.
580 1485 630 1512 loc.
651 1488 692 1513 19.
711 1489 735 1513 2.
768 1487 795 1513 S.
816 1487 847 1513 C.
867 1487 966 1514 aditum
985 1487 1028 1514 de-

185 1530 224 1556 dit
243 1546 275 1549 —
295 1529 327 1555 ad
346 1528 555 1564 investigandum
574 1528 724 1565 fugitivum.
745 1530 770 1556 in
789 1530 895 1567 praedia
915 1536 964 1557 etc.
995 1530 1026 1557 fr.

186 1574 209 1599 l.
229 1573 251 1607 5.
264 1574 289 1599 2.
309 1571 342 1598 de
362 1571 460 1608 fugitiv.
482 1573 521 1597 11.
535 1573 559 1598 4.
595 1572 704 1598 Aditum
723 1573 922 1599 intercludimus
943 1579 968 1600 et
983 1584 1027 1599 vo-

185 1626 241 1642 cem
261 1625 392 1651 negamus.
430 1613 480 1640 Th.
501 1613 532 1640 C.
552 1613 583 1640 V.
604 1617 644 1641 11.
669 1626 690 1642 c.
710 1618 734 1642 2.
759 1626 791 1642 ne
810 1616 928 1643 colonus.
965 1617 1027 1643 Adi-

185 1663 240 1685 tum
259 1658 291 1684 ad
311 1657 460 1684 Praetorem
485 1662 510 1683 et
534 1667 582 1694 per
605 1667 634 1684 se
657 1657 759 1685 habeat.
788 1658 818 1685 fr.
905 1660 926 1693 5.
948 1661 970 1686 1.
995 1659 1027 1686 nd

186 1700 214 1727 S.
234 1700 265 1727 C.
285 1700 364 1727 Treh.
383 1702 425 1726 36.
446 1702 468 1726 1.
500 1716 533 1719 —
561 1701 592 1734 ἓ.
613 1702 647 1727 2.
672 1703 728 1728 lus
747 1704 904 1734 adeundi,
929 1713 950 1729 v.
975 1713 1027 1729 ac-

185 1745 320 1770 cedendi.
357 1743 375 1769 I.
396 1744 458 1777 Sy.
486 1742 530 1769 Ius
550 1743 676 1775 adeundi.
696 1754 720 1770 v.
740 1749 766 1770 ut
787 1744 858 1771 adire
878 1744 963 1771 liceat.
995 1745 1026 1771 fr.

185 1788 210 1813 3.
230 1787 252 1820 5.
271 1788 295 1812 3.
320 1786 352 1812 de
372 1785 398 1811 S.
419 1785 447 1811 P.
466 1785 498 1811 R.
518 1787 541 1812 8.
561 1788 585 1813 3.
615 1787 645 1813 1“1“.
667 1789 706 1812 11.
731 1787 753 1820 5.
775 1789 797 1813 l.
822 1798 913 1814 comm.
937 1788 1026 1825 praed.

185 1830 210 1855 8.
230 1831 254 1854 4.
292 1829 432 1854 Accessus.
469 1828 529 1855 Iter.
561 1829 591 1855 fr.
607 1831 629 1855 1.
649 1830 731 1863 551.
750 1839 809 1865 sqq.
830 1831 852 1856 si
872 1831 954 1856 usust'.
973 1835 1025 1867 pet.

186 1874 209 1898 7.
230 1874 254 1898 6.
285 1872 315 1897 l'r.
336 1873 377 1897 10.
401 1871 433 1896 de
453 1870 480 1897 S.
500 1870 529 1897 P.
548 1871 580 1898 V.
604 1875 630 1898 8.
649 1874 673 1897 2.
714 1871 756 1898 ΙΙΙ,
777 1874 843 1900 Cn.
871 1872 981 1903 Aditus.
1001 1878 1027 1899 et

185 1916 247 1941 iter.
268 1919 294 1940 et
313 1915 361 1940 via.
387 1914 416 1940 fr.
433 1916 455 1940 1.
475 1915 496 1948 5.
510 1916 535 1940 3.
555 1915 577 1940 si
592 1914 674 1940 usust'.
688 1919 740 1951 pet.
761 1917 783 1941 7.
799 1916 822 1940 6.
851 1914 911 1943 lter.
930 1915 1025 1945 aditus.

185 1957 306 1983 ambitus.
332 1956 361 1983 l‘r.
382 1959 405 1983 5.
426 1956 458 1983 de
477 1956 578 1994 sepulc.
598 1957 660 1983 viol.
685 1959 726 1983 47.
748 1959 787 1984 12.
824 1958 866 1984 Ad
886 1968 950 1994 quas
970 1958 1026 1985 nul·

185 2000 226 2027 lus
251 2011 263 2026 a
287 2000 371 2037 platea
396 1999 482 2026 aditus
507 2005 584 2036 atque
609 2010 730 2036 egressus
758 2004 887 2036 patainen.
924 2000 974 2027 Th.
994 2001 1024 2028 C.

185 2043 244 2070 XV.
266 2045 288 2069 1.
313 2053 334 2069 c.
354 2045 395 2069 53.
421 2043 453 2069 dc
473 2053 534 2080 opp.
554 2042 616 2080 pub.
657 2043 697 2069 Ex
722 2042 800 2080 plano
825 2043 910 2070 aditus
930 2044 962 2070 ad
981 2044 1026 2071 do—

185 2096 255 2112 mum
274 2096 364 2112 meam.
395 2086 424 2112 sr.
444 2088 486 2112 20.
506 2086 572 2119 5.1.
601 2085 633 2112 de
654 2085 681 2112 S.
702 2085 729 2112 P.
749 2085 781 2112 V.
807 2089 830 2112 8.
850 2089 874 2112 2.
911 2087 948 2114 [t.
967 2098 1025 2114 cum

186 2129 257 2155 aditu
281 2129 332 2155 sibi
356 2134 504 2166 praestetur
527 2128 624 2155 usussr.
653 2128 683 2155 sr.
704 2131 727 2155 1.
751 2129 773 2163 5.
792 2131 816 2156 2.
846 2129 877 2156 cf.
902 2130 972 2164 5.1.
1002 2132 1025 2157 si

187 2171 283 2199 usussr.
302 2177 355 2209 pet.
376 2174 398 2198 7.
413 2173 436 2198 6.
474 2171 533 2199 Non
547 2171 654 2198 debebit
667 2171 765 2198 aditum
784 2172 958 2209 (legatarius).
977 2173 1025 2200 scd

186 2215 315 2241 redimere
335 2215 432 2241 aditum
452 2220 477 2241 et
500 2219 634 2251 praestare
659 2215 780 2251 (cogitur
799 2215 901 2249 heres).
932 2216 962 2242 fr.
981 2218 1023 2243 44.

188 2258 209 2291 5.
228 2259 252 2284 9.
273 2257 305 2284 de
324 2257 398 2294 legat.
419 2258 438 2284 1.
459 2260 525 2291 (30.)
546 2273 578 2276 ——
602 2258 633 2290 §-
653 2258 690 2283 3.
718 2259 835 2287 Locus.
856 2269 914 2293 quo
931 2266 1025 2293 patet

187 2311 341 2328 accessus.
383 2301 427 2327 111.
448 2302 513 2328 (7η.
541 2300 633 2336 Neque
653 2299 751 2326 diaetas
770 2302 963 2333 transformare.
982 2303 1024 2329 vel

187 2344 344 2379 coniungere
364 2349 407 2370 aut
425 2353 554 2381 separare.
575 2345 598 2369 ei
616 2344 794 2380 permittetur.
814 2344 855 2371 vel
875 2345 960 2372 aditus
979 2356 1025 2383 po-

187 2388 300 2413 sticasve
319 2392 429 2413 vertere.
448 2387 491 2413 vel
509 2386 607 2422 refugia
626 2388 735 2423 aperire.
755 2387 797 2413 vel
810 2389 903 2414 atrium
916 2394 1023 2416 mutare.

187 2429 218 2456 fr.
240 2432 278 2456 13.
299 2429 320 2462 5.
341 2430 363 2455 7.
388 2430 420 2456 de
439 2429 506 2456 usus.
533 2431 555 2456 7.
576 2431 598 2455 l.
636 2429 665 2455 Si
685 2431 726 2456 cui
745 2436 917 2468 prospectus,
941 2433 963 2458 si
983 2434 1024 2459 cui

189 2472 274 2498 aditus
298 2474 333 2498 sit
357 2472 469 2499 deterior
493 2478 536 2499 aut
555 2474 696 2509 angustior.
725 2473 755 2500 sr.
774 2476 798 2500 2.
823 2474 905 2507 512.
930 2485 962 2501 ne
981 2486 1023 2512 qu.

190 2517 214 2541 in
234 2515 293 2541 loeo
311 2515 373 2552 pub.
394 2517 434 2541 43.
448 2517 471 2542 8.
492 2515 523 2542 cf.
543 2516 573 2542 fr.
593 2518 633 2543 19.
653 2517 674 2550 5.
694 2519 718 2542 5.
738 2517 788 2543 loc.
808 2518 848 2543 19.
862 2519 886 2543 2.
924 2518 951 2544 111
972 2529 1023 2555 quo

192 2558 310 2584 conclavi
330 2574 362 2578 —
382 2568 414 2584 ne
432 2558 521 2595 plures
545 2559 630 2586 aditus
654 2561 720 2589 sint,
744 2570 821 2596 quam
845 2571 919 2588 unus.
950 2561 980 2588 fr.
1001 2564 1023 2589 1.

189 2601 211 2634 5.
232 2602 271 2626 10.
301 2601 333 2627 de
356 2602 450 2638 inspic.
474 2607 565 2629 ventre
588 2605 630 2629 25.
649 2605 673 2629 4.
712 2619 743 2622 -
780 2604 811 2637 §.
832 2605 872 2630 4.
910 2606 1023 2632 Modus

189 2646 378 2679 quaerendi.
406 2646 612 2679 :idquit-itio.
653 2645 695 2672 III.
717 2647 782 2674 Cn.
815 2646 871 2673 Nec
894 2647 947 2674 ulla
966 2647 1045 2684 leget

190 2703 222 2706 —
247 2686 332 2713 aditus
357 2687 389 2713 ad
412 2689 543 2714 civitatem
560 2688 591 2714 R.
616 2688 692 2715 datur
715 2689 888 2723 (dediticiis).
924 2690 981 2716 Gai.
1004 2690 1022 2717 I.

189 2731 230 2755 26.
267 2729 363 2756 Aditus
389 2736 429 2756 est
453 2731 485 2757 ad
509 2731 686 2758 hereditatem.
715 2732 745 2759 fr.
766 2734 809 2759 28.
832 2733 854 2767 5.
872 2735 897 2760 3.
926 2733 959 2760 de
977 2733 1022 2760 lib.

837 1661 870 1675 ⁴»)

839 1677 879 1685 -.1-

190 2778 215 2798 et
233 2773 320 2809 posth.
340 2774 381 2799 28.
400 2775 424 2800 2.

224 2816 465 2844 Adiudicare.
496 2817 527 2851 §-
542 2818 576 2844 1.
601 2818 730 2845 Iudicio
749 2821 909 2851 addicere,
928 2830 950 2846 v.
969 2822 1022 2846 ad-

1873 164 1916 196 25

1074 244 1226 269 tribuere.
1264 242 1283 269 I.
1304 244 1365 277 Sy.
1396 242 1527 270 Addicere
1546 243 1690 281 (aliquem,
1709 245 1822 282 pistrino
1842 246 1913 279 etc).

1074 283 1123 310 Th.
1143 283 1175 311 C.
1194 283 1239 310 IX.
1258 287 1300 311 40.
1321 296 1342 312 c.
1363 288 1385 312 7.
1405 296 1444 323 sq.
1465 286 1498 313 de
1517 296 1594 323 poen.
1632 287 1782 314 Secundum
1801 288 1913 325 aliquem

1073 326 1197 354 iudicare.
1221 327 1251 353 fr.
1273 329 1312 354 16.
1332 329 1354 362 5.
1374 331 1397 355 5.
1417 329 1449 355 de
1468 331 1539 366 pign.
1558 332 1600 356 20.
1622 331 1644 356 l.
1680 330 1723 357 III.
1738 332 1804 359 Gn.
1832 331 1914 358 Recte

1074 375 1139 406 aget,
1159 375 1185 396 et
1204 370 1347 397 adiudicari
1368 373 1389 398 ei
1410 374 1508 409 poterit
1521 372 1678 409 hypotheca.
1699 373 1729 400 sr.
1745 376 1785 400 12.
1800 384 1839 411 pr.
1860 374 1912 410 Qu.

1074 414 1170 449 potior.
1194 415 1236 439 20.
1250 416 1274 440 4.
1311 415 1455 443 Sententia.
1475 425 1495 441 s.
1510 414 1560 441 Per
1578 418 1742 446 sententiam.
1761 417 1912 444 adiudicari.

1074 455 1104 481 fr.
1125 457 1165 482 16.
1190 456 1212 490 5.
1231 458 1255 483 5.
1281 456 1313 483 de
1333 459 1402 494 pign.
1422 460 1463 485 20.
1485 460 1506 484 1.
1540 458 1570 485 fr.
1589 460 1631 485 39.
1650 469 1690 496 pr.
1720 460 1752 486 de
1771 461 1826 486 iure
1845 461 1912 487 fisci.

1074 500 1176 525 4914.
1208 515 1240 518 —
1277 501 1307 534 §.
1328 501 1363 527 2.
1400 502 1531 527 Iudicio
1559 504 1721 530 divisoria
1749 505 1912 536 addicere,

1073 552 1095 568 v.
1123 544 1307 577 adsignare.
1354 542 1396 568 111.
1417 544 1482 570 Cn.
1519 544 1560 570 Ex
1585 550 1657 571 certo
1687 550 1805 582 tempore
1832 546 1912 583 legari

1073 589 1170 621 potest.
1206 585 1247 611 Au
1268 586 1294 611 in
1315 586 1370 612 iure
1390 585 1460 615 cedi.
1484 586 1525 612 vel
1546 597 1577 613 311
1596 588 1739 615 adiudicari
1757 590 1851 626 possit,
1870 600 1912 616 va-

1073 628 1161 653 riatur.
1196 627 1279 654 Yatic.
1299 628 1320 661 5.
1339 629 1381 655 49.
1417 628 1445 655 111
1465 628 1576 656 familiae
1596 630 1764 657 erciscundae
1787 632 1912 658 iudicium

1072 670 1170 698 venire.
1191 675 1216 696 et
1235 670 1377 697 adiudicari
1396 682 1484 708 posse.
1505 671 1535 699 sr.
1551 675 1590 698 12.
1604 683 1643 709 pr.
1659 674 1680 706 5.
1694 676 1718 700 2.
1742 674 1800 701 fam.
1820 676 1911 702 ercisc.

1074 714 1114 738 10.
1133 714 1157 738 2.
1182 712 1214 738 cf.
1234 712 1264 739 fr.
1278 715 1320 740 35.
1340 724 1379 751 pr.
1400 714 1432 740 de
1453 714 1541 741 hered.
1561 716 1622 742 inst.
1641 718 1683 742 28.
1703 718 1726 742 5.
1747 716 1776 743 fr.
1791 719 1831 744 11.
1851 719 1873 752 5.
1886 721 1911 745 2.

1073 754 1105 781 de
1129 755 1219 781 iurisd.
1249 758 1273 782 2.
1295 758 1317 783 1.
1359 756 1417 783 Nisi
1447 758 1555 784 coheres
1580 759 1627 789 sit.
1658 769 1742 795 neque
1769 760 1912 788 adiudicari

1073 798 1215 834 quidquam
1234 800 1257 825 ei
1277 804 1390 836 oportet.
1410 810 1494 837 neque
1514 801 1679 828 adversarius
1699 803 1721 828 ei
1740 803 1911 830 condemnan-

1073 840 1121 867 dus
1142 846 1189 867 est.
1214 841 1244 867 fr.
1266 843 1288 868 1.
1308 842 1329 875 5.
1346 844 1368 868 1.
1388 842 1446 869 sam.
1466 845 1557 870 ercisc.
1578 846 1617 871 10.
1631 846 1655 870 2.
1687 844 1750 871 Sive
1763 845 1863 882 legatus
1876 848 1912 873 sit

1072 884 1132 916 tibi.
1153 885 1210 910 sive
1229 884 1401 917 adiudicatus,
1421 887 1477 913 sive
1496 892 1638 924 usucaptus
1658 898 1670 913 a
1691 892 1729 919 te.
1755 890 1811 915 sive
1834 890 1912 916 tradi-

1073 931 1128 959 tus.
1147 927 1190 953 vel
1210 927 1298 964 aliquo
1318 929 1373 955 iure
1393 934 1453 955 tuus
1472 929 1564 956 factus.
1584 930 1614 957 t'r.
1629 931 1652 956 6.
1667 931 1688 964 5
1699 932 1723 957 3.
1743 931 1776 958 de
1794 932 1910 959 statulib.

1072 972 1113 996 40.
1134 972 1157 996 7.

1106 1013 1361 1042 Adiudicatio.
1398 1016 1429 1049 ᾖ.
1450 1017 1483 1042 l.
1516 1017 1614 1043 Certa
1640 1027 1719 1051 pars
1740 1019 1912 1054 formulasse

1073 1058 1104 1083 in
1124 1059 1263 1084 iudiciis
1286 1060 1471 1085 divisoriis.
1508 1058 1526 1084 1.
1547 1060 1607 1093 Sy.
1637 1059 1673 1085 Ea
1693 1070 1753 1096 pars
1773 1060 1909 1091 formulae.

1073 1110 1122 1136 qua
1142 1101 1303 1137 permittitur
1322 1100 1415 1129 iudici.
1440 1112 1493 1127 rem
1518 1101 1594 1128 alicui
1619 1113 1650 1129 ex
1673 1102 1849 1139 litigatoribus
1869 1104 1910 1131 ad-

1073 1143 1195 1170 iudicare.
1224 1143 1280 1170 Gai.
1300 1143 1344 1169 IV.
1364 1146 1405 1170 42.
1444 1144 1474 1170 11.
1497 1146 1564 1178 Op.
1594 1144 1799 1173 Demonstratio.
1820 1163 1852 1166 ——
1872 1147 1911 1174 111-

1072 1187 1162 1212 tentio.
1187 1202 1219 1206 —
1244 1186 1444 1213 Condemnatio.
1480 1187 1516 1213 lb.
1541 1189 1581 1214 39.
1602 1189 1642 1214 44.
1674 1188 1705 1215 cf.
1730 1189 1760 1215 fr.
1779 1191 1821 1216 42.
1844 1191 1866 1224 5.
1886 1193 1910 1218 6.

1073 1229 1104 1256 de
1123 1240 1196 1267 proc.
1215 1231 1239 1256 3.
1259 1232 1283 1257 3.
1315 1230 1344 1257 sr.
1363 1233 1388 1256 2,
1413 1231 1478 1264 5.1.
1504 1231 1547 1257 tin.
1567 1241 1619 1267 reg.
1640 1233 1680 1257 10.
1701 1233 1723 1258 1.
1755 1248 1787 1251 —
1818 1233 1849 1267 §.
1874 1235 1910 1260 2.

1073 1275 1243 1300 Sententia
1268 1275 1340 1308 ipsa
1364 1275 1487 1300 arbitri
1505 1275 1745 1301 adiudicaneis.
1782 1275 1824 1302 Ill.
1845 1277 1911 1304 Gn.

1071 1316 1274 1343 Adiudicatione
1297 1316 1412 1343 dominia
1437 1317 1623 1347 nanciscimur.
1647 1327 1694 1353 per
1717 1317 1854 1345 formulam
1877 1319 1911 1346 fa-

1071 1359 1157 1385 miliae
1177 1359 1359 1389 erciscundae.
1380 1376 1412 1379 —
1432 1364 1458 1386 et
1476 1369 1523 1396 per
1542 1359 1679 1386 formulam
1699 1363 1828 1388 communi
1848 1362 1912 1389 divi-

1072 1402 1170 1429 dundo.
1207 1402 1269 1440 le.
1288 1402 1359 1430 XIX.
1379 1404 1403 1429 6.
1429 1402 1460 1429 ef.
1479 1404 1503 1428 2.
1558 1403 1581 1429 A
1600 1403 1687 1430 iudice
1710 1405 1822 1431 invicem
1841 1405 1911 1432 adiu-

1072 1446 1217 1472 dicationes
1237 1451 1262 1472 et
1282 1446 1513 1472 condennnatiolws
1533 1445 1615 1472 factae
1635 1451 1703 1472 sunt.
1737 1447 1767 1474 fr.
1786 1449 1828 1474 36.
1851 1448 1910 1476 fam.

1072 1500 1123 1516 erc.
1144 1491 1184 1515 10.
1203 1491 1227 1515 2.
1265 1489 1401 1515 Arbitrum
1418 1488 1574 1515 dividendae
1594 1488 1746 1516 hereditatis
1764 1501 1911 1528 supremam

1071 1532 1241 1563 voluntatem,
1261 1531 1336 1558 factis
1356 1531 1606 1562 adiudicationilms.
1627 1537 1652 1558 et
1671 1534 1835 1570 interpositis
1855 1544 1911 1561 cau-

1071 1576 1197 1602 tionibus.
1217 1576 1300 1611 sequi.
1330 1575 1360 1601 fr.
1381 1576 1421 1601 78.
1440 1585 1479 1611 pr.
1512 1575 1544 1601 de
1564 1575 1651 1601 hered.
1671 1577 1732 1602 inst.
1751 1577 1792 1603 28.
1812 1579 1836 1603 5.

1104 1618 1355 1646 Adiudicatus
1375 1617 1512 1651 (Partim).
1550 1619 1581 1652 §.
1601 1619 1635 1645 1.
1668 1621 1838 1646 Sententia
1861 1623 1909 1647 itc-

1071 1664 1153 1688 dicis
1178 1663 1376 1688 adtributus.
1413 1660 1455 1686 111.
1479 1662 1544 1689 Cn.
1578 1660 1687 1687 Praeses
1712 1661 1789 1688 Prov.
1814 1672 1846 1689 ex
1864 1673 1909 1689 no-

1071 1705 1185 1731 minibus
1209 1720 1241 1723 —
1269 1703 1347 1739 elegit.
1370 1703 1476 1733 idonea,
1505 1719 1537 1723 —
1561 1709 1623 1741 post
1652 1706 1725 1731 cuius
1753 1706 1910 1732 senteutiam

1071 1748 1177 1785 respub.
1198 1758 1211 1773 a
1230 1746 1364 1783 plerisque
1384 1745 1538 1773 adiudicatis
1563 1747 1614 1773 sibi
1638 1749 1763 1784 pecunias
1782 1749 1908 1786 percepit.

1071 1791 1102 1817 fr.
1121 1792 1162 1816 21.
1183 1790 1205 1822 5.
1224 1791 1248 1814 3.
1269 1789 1301 1814 de
1320 1798 1378 1814 ann.
1399 1788 1473 1824 legat.
1492 1791 1534 1816 33.
1556 1792 1577 1816 1.
1602 1806 1635 1809 —
1659 1791 1689 1824 ἕ.
1710 1792 1745 1817 2.
1775 1793 1908 1819 Indica-

1070 1840 1135 1865 tns.
1160 1834 1328 1859 Addictus.
1366 1830 1408 1857 111.
1430 1833 1495 1859 Cn.
1528 1832 1608 1859 Liber
1629 1834 1783 1860 verberatus
1807 1834 1908 1861 addice-

1071 1876 1146 1902 batur
1166 1876 1197 1901 ei.
1221 1890 1254 1894 —
1278 1874 1372 1900 Ytrum
1396 1879 1480 1900 autem
1504 1884 1596 1901 servus
1620 1876 1769 1903 efficeretur
1787 1887 1819 1904 ex
1838 1878 1909 1904 addi-

1071 1920 1166 1949 ctione.
1186 1928 1217 1944 an
1236 1917 1376 1944 adiudicati
1395 1917 1454 1943 loco
1469 1919 1681 1950 constitueretur.
1694 1936 1726 1939 —
1740 1921 1907 1956 quaerebant.

1070 1962 1126 1989 Gai.
1146 1961 1188 1988 HJ.
1210 1962 1267 1988 189.
1305 1961 1362 1986 Etsi
1382 1971 1412 1987 ex
1428 1960 1454 1987 S.
1470 1960 1501 1987 C.
1521 1960 1585 1987 sacta
1605 1962 1725 1989 videatur
1743 1963 1844 1995 ancilla,
1864 1964 1908 1990 do-

1070 2006 1140 2031 mino
1163 2010 1249 2030 tamen
1274 2003 1419 2030 adiudicata
1443 2019 1474 2023 ——
1500 2014 1551 2030 non
1575 2005 1687 2032 videtur.
1724 2005 1795 2033 Paul.
1815 2006 1845 2033 Π.
1864 2009 1905 2033 21.

1069 2048 1101 2074 Α.
1120 2048 1204 2082 §.17.

1104 2091 1387 2118 Adiumentum.
1402 2091 1583 2121 Auxilium.
1598 2093 1799 2119 praestatio.
1818 2092 1906 2126 [Sy.

1069 2134 1172 2160 Munus.
1202 2133 1375 2169 Obsequium.
1404 2133 1560 2159 Adiumenta
1580 2135 1715 2171 (poscere)
1746 2134 1796 2161 Th.
1816 2134 1846 2161 C.
1859 2135 1905 2161 XI.

1070 2179 1110 2204 16.
1131 2187 1152 2203 c.
1173 2178 1212 2203 15.
1233 2186 1254 2202 c.
1276 2178 1315 2202 18.
1336 2176 1368 2203 de
1387 2181 1452 2202 extr.
1472 2187 1492 2203 s.
1513 2176 1583 2203 sord.
1620 2177 1662 2203 III.
1680 2179 1741 2205 Cn.
1762 2176 1845 2204 Tanta
1863 2187 1905 2203 ne-

1069 2221 1188 2251 cessitas,
1208 2224 1237 2245 ut
1255 2219 1354 2255 aliquid
1374 2221 1399 2245 in
1413 2219 1588 2246 adiumentum
1602 2221 1693 2247 aerarii
1705 2221 1788 2246 nostri
1800 2220 1904 2257 publica

1069 2264 1186 2299 requirat
1205 2272 1327 2299 expensa.
1357 2262 1393 2289 lb.
1413 2263 1458 2288 XI.
1471 2265 1513 2289 ⁶20.
1534 2273 1555 2289 c.
1568 2265 1592 2289 4.
1607 2263 1628 2296 5.
1644 2265 1666 2289 1.
1686 2263 1718 2289 de
1738 2262 1797 2289 coll.
1816 2262 1902 2288 donat.

1071 2308 1158 2341 Quam
1176 2306 1226 2339 (sc.
1241 2305 1376 2338 fabricam)
1397 2321 1429 2324 —
1449 2306 1605 2332 adimueutis
1624 2306 1735 2332 militum
1759 2310 1784 2331 et
1806 2306 1904 2342 impen-

1068 2350 1105 2375 sis
1125 2349 1253 2375 debueras
1273 2348 1406 2374 fabricare.
1430 2348 1467 2374 lb.
1481 2348 1577 2381 XVQI.
1598 2359 1618 2375 c.
1635 2350 1673 2375 13.
1693 2348 1725 2374 de
1744 2358 1803 2384 opp.
1823 2348 1884 2385 pub.

1103 2392 1317 2419 Adiunetio.
1355 2393 1512 2418 Accessio.
1549 2391 1592 2417 111.
1613 2393 1678 2418 011..
1702 2390 1902 2420 Adiunctiones.

1069 2445 1133 2472 quas
1152 2434 1233 2461 fundo
1254 2434 1337 2470 legato
1356 2439 1467 2460 testator
1490 2445 1521 2460 ex
1545 2434 1657 2461 diversis
1681 2434 1837 2461 emtionibus
1860 2434 1902 2461 ad-

1068 2478 1218 2515 plicaverat.
1256 2477 1327 2503 Paul.
1347 2477 1389 2503 111.
1409 2479 1432 2503 b'.
1453 2478 1474 2511 5.
1493 2479 1535 2504 49,

1102 2521 1312 2548 Adiunctus
1340 2520 1478 2554 (Partic.).
1520 2522 1550 2554 ἓ.
1575 2522 1609 2547 1.
1642 2521 1812 2551 Adiectus.
1843 2522 1900 2548 Co-

1067 2566 1206 2591 haerens.
1244 2563 1286 2589 IJJ.
1301 2564 1366 2591 οη.
1396 2563 1511 2590 Tabulae
1531 2563 1638 2591 adfixae.
1659 2567 1684 2588 et
1702 2563 1845 2599 parietibus
1859 2564 1901 2590 ad-

1068 2608 1178 2633 iunctae.
1213 2606 1243 2632 fr.
1263 2607 1304 2632 41.
1329 2606 1411 2640 §.13.
1442 2606 1474 2632 de
1492 2606 1540 2641 leg.
1560 2605 1578 2631 1.
1603 2605 1678 2639 (30.)
1721 2605 1774 2641 Qui
1793 2606 1901 2633 fundum

1068 2650 1217 2676 adiunctum
1236 2649 1337 2675 babeat.
1363 2649 1394 2675 fr.
1410 2651 1448 2675 12,
1462 2659 1501 2685 pr.
1526 2648 1558 2674 de
1577 2648 1648 2684 relig.
1669 2650 1708 2674 11.
1725 2650 1748 2675 7.
1768 2665 1800 2668 -
1819 2650 1850 2683 §-
1864 2651 1899 2676 2.

1069 2695 1282 2724 Concurrens.
1302 2693 1530 2719 Interveniens.
1567 2690 1598 2717 II.
1613 2693 1679 2725 Op.
1699 2691 1779 2718 Solus
1793 2692 1898 2729 (pater).

1069 2752 1100 2755 —
1123 2735 1255 2762 Adiuncta
1277 2745 1389 2772 persona
1414 2733 1524 2767 (tiliae).
1559 2733 1590 2760 fr.
1613 2736 1637 2760 2,
1660 2734 1726 2767 5.1.
1754 2734 1802 2761 sol.
1825 2740 1898 2761 matr.

1066 2781 1108 2805 24.
1127 2780 1152 2805 3.
1181 2778 1212 2804 fr.
1231 2781 1256 2805 3.
1276 2779 1298 2811 5.
1318 2780 1341 2804 4.
1365 2787 1414 2803 rer.
1438 2781 1543 2803 amotar.
1562 2778 1604 2803 25.
1622 2779 1647 2803 2.
1682 2777 1712 2803 cf.
1731 2776 1792 2814 le.
1812 2777 1854 2803 VI.
1874 2778 1897 2803 6.

1067 2837 1099 2840 —
1124 2821 1156 2854 ᾖ.
1176 2822 1213 2848 3.
1245 2823 1432 2855 Particeps,
1453 2821 1612 2855 Complex.
1648 2819 1742 2855 ιδῃ.
1771 2820 1897 2847 Consors.

1440 2865 1456 2889 4
