2197 3121
1023 144 1107 174 1311).

197 229 218 263 3.
237 231 261 255 2.
285 228 317 255 de
339 238 450 255 inanum.
476 227 547 254 vind.
572 228 613 253 40.
636 228 660 252 2.
705 225 734 252 Si
760 235 915 252 concurrere
933 225 1032 257 volent,

196 276 241 298 ant
263 271 406 308 impedient
429 272 556 302 invicem,
576 285 606 290 —
627 274 670 295 aut
689 284 720 288 -
741 268 841 295 fructus
865 268 975 294 vacabit.
1002 268 1032 294 fr.

195 316 220 340 2.
240 314 261 348 3.
280 315 304 340 2.
325 315 376 349 Qu.
396 313 465 340 mod.
490 312 587 339 ususfr.
613 313 635 338 7.
662 313 686 338 4.
724 312 753 338 Si
773 311 863 338 morbo
882 311 1033 348 impeditus,

197 361 241 382 aut
260 357 325 393 reip.
351 366 428 383 causa
451 360 587 387 avocatus,
611 353 704 380 adesse
729 365 780 381 non
804 355 891 392 potuit
914 364 982 380 reus.
1003 353 1032 379 sr.
1055 379 1056 391 ἢ

656 398 677 431 3.
699 399 721 424 1.
746 397 778 424 de
802 397 844 423 off.
865 396 929 423 Cos.
950 398 972 422 1.
994 398 1033 422 10.
1055 397 1056 422 l

197 401 237 425 75.
258 398 290 425 de
310 399 387 426 indic.
408 401 432 425 5.
453 400 475 425 1.
500 398 531 425 cf.
557 397 587 424 fr.
610 399 631 423 l.

197 442 227 468 fr.
248 443 270 468 1.
291 442 313 475 3.
330 444 355 468 2.
376 442 426 477 Qu.
447 442 497 467 cui.
517 441 588 467 uniV.
602 450 670 466 nom.
684 442 707 466 3.
723 443 746 467 4.
783 439 812 466 Si
830 439 891 476 plus
911 448 958 475 ego
977 448 1034 475 per-

197 485 285 521 cipere
303 485 385 521 potui,
406 489 431 510 et
449 493 496 521 per
515 488 611 509 metum
638 483 778 520 impeditus
798 492 863 508 sum.
884 481 913 508 sr.
936 483 974 507 12.
994 491 1033 518 pr.

197 527 249 562 Qu.
269 532 328 554 met.
354 537 374 553 c.
399 529 424 553 4,
447 528 471 552 2.
515 525 543 552 Si
563 542 595 545 —
614 527 761 563 promissor
785 524 846 551 dolo
869 524 1034 561 stipulatoris

197 569 338 607 impeditus
357 568 444 600 fuerit,
469 569 609 605 quominus
633 568 664 595 ad
688 567 813 594 iudicium
831 569 940 594 veniret.
961 566 990 593 fr.
1009 568 1034 593 3.

197 613 219 646 3.
238 614 263 638 3.
284 612 315 638 cf.
335 613 357 646 3.
375 614 398 638 2.
419 611 452 638 (18
471 622 501 638 eo
520 621 544 648 p.
566 622 608 648 qu.
628 611 687 638 fact.
707 612 730 636 2.
748 612 788 636 10.
825 609 885 636 Non
905 610 973 637 enim
992 620 1035 636 ne·

196 654 354 691 gligentibus
374 654 537 685 subvenitur,
557 654 602 681 sed
617 654 773 681 necessitate
787 663 873 679 rernm
892 652 1034 689 impeditis.

196 697 227 724 fr.
248 699 287 724 16.
308 708 340 724 ex
359 707 402 734 qu.
422 707 444 723 c.
463 698 521 723 mai.
541 699 565 723 4.
584 699 608 724 6.
638 713 670 717 —
699 696 729 729 ξ.
754 696 789 722 2.
815 697 1034 727 [merdic-ere,

200 741 322 767 Vetare.
358 739 389 766 II.
405 742 472 774 ΟΡ.
492 739 654 771 Concedere,
673 738 835 765 permittere.
856 738 886 765 fr.
899 741 923 765 5.
943 748 982 775 pr.
1003 737 1035 764 de

196 782 283 809 hei-ed.
304 787 356 820 pet.
375 785 400 809 5.
417 784 441 809 3.
467 782 497 809 fr.
517 784 542 809 5.
566 783 649 816 318.
673 781 703 807 sr.
723 782 747 807 6.
775 780 807 808 de
827 780 914 807 donat.
934 782 981 807 int.
1001 779 1033 807 V.

195 826 237 852 24.
258 827 281 852 l.
318 825 388 852 Dare
409 825 544 858 (iudicem,
563 835 588 851 v.
608 824 824 856 exsecutionem.)
844 823 874 850 fr.
895 825 935 850 12.
956 824 985 857 33
1009 825 1033 849 2.

195 877 236 904 sq.
256 866 289 894 de
307 867 386 895 iudic.
406 871 430 894 5.
452 870 476 894 1.
496 868 526 895 fr.
546 869 586 894 66.
606 866 639 893 de
658 865 690 893 V.
711 866 743 892 Ο.
763 868 805 893 45.
827 868 849 893 l.
885 866 1033 899 Valere,-

194 910 326 948 Impediri.
346 911 377 937 fr.
396 913 420 937 3.
441 911 463 945 3.
481 912 505 937 3.
526 910 556 937 fr.
576 912 600 936 5.
623 919 663 946 pr.
688 909 725 942 33.
745 911 769 935 2.
791 910 814 936 9.
836 911 875 936 14.
900 909 930 936 fr.
951 911 974 936 7.
993 920 1033 946 pr.

195 954 217 987 3.
238 955 262 980 1.
281 953 311 979 sr.
331 955 354 980 8.
381 954 403 988 3.
424 955 446 980 1.
473 953 505 980 de
524 953 578 980 reb.
603 962 655 979 eor.
681 962 723 988 qu.
744 962 765 978 s.
785 956 832 978 tut.
852 954 893 980 27.
913 954 937 980 9.
974 952 1034 979 Per-

195 996 289 1022 fectam
308 996 404 1028 videri,
425 1012 455 1017 ——
475 995 532 1022 Iura
556 995 700 1033 impedisse
719 995 930 1028 (donationem.)
949 994 1033 1022 Vatic.

194 1039 217 1072 3.
236 1041 278 1066 96.
314 1038 357 1065 III.
387 1040 452 1066 Gn.
472 1038 501 1065 Si
521 1049 573 1065 non
592 1038 635 1065 lex
654 1037 712 1064 Ael.
734 1038 833 1070 Sentia,
853 1038 900 1065 sed
915 1038 963 1064 alia
981 1038 1033 1069 lex,

195 1081 238 1108 vel
258 1081 285 1108 S.
295 1081 334 1113 Ο..
355 1086 399 1108 aut
418 1082 494 1107 etiam
514 1082 680 1113 constitutio,
699 1083 770 1108 servi
788 1081 936 1108 libertatem
955 1082 1034 1118 impe-

195 1124 257 1151 diat.
276 1124 306 1150 fr.
326 1125 368 1150 83.
387 1134 426 1161 pr.
447 1123 479 1151 de
498 1123 587 1151 hered.
614 1125 675 1150 inst.
694 1125 736 1150 28.
755 1126 780 1151 5.
805 1124 835 1151 fr.
854 1126 896 1151 29.
916 1125 938 1158 3.
959 1126 981 1150 l.
1001 1123 1034 1151 de
1055 1129 1056 1132 ’

194 1167 269 1194 milit.
289 1171 390 1193 testam.
409 1168 451 1193 29.
473 1168 495 1193 1.
516 1167 573 1193 Gai.
593 1167 611 1193 I.
631 1169 673 1194 37.
711 1167 764 1202 Qui
783 1166 906 1203 legitime,
919 1184 948 1188 —-
961 1166 1033 1193 nullo

193 1210 250 1236 iure
268 1209 436 1246 impediente,
455 1210 607 1235 manumissi
632 1214 700 1236 sunt.
726 1209 786 1247 le.
806 1209 825 1236 I.
845 1211 869 1236 6.
890 1209 921 1236 cf.
940 1210 971 1236 fr.
992 1212 1032 1236 10.

192 1263 232 1290 pr.
256 1251 288 1278 de
312 1251 388 1278 cond.
413 1253 474 1279 inst.
499 1253 540 1278 28.
562 1253 585 1279 7.
632 1252 745 1288 Quidam
770 1252 827 1289 lege
846 1252 1032 1290 impediuntur,

192 1305 225 1322 ne
244 1294 344 1322 iudices
364 1295 425 1327 sint,
446 1294 550 1331 quidam
564 1299 662 1327 natura,
683 1295 787 1332 quidam
800 1296 926 1322 moribus.
946 1296 977 1322 fr.
993 1298 1032 1323 12.

191 1338 213 1372 3.
232 1340 256 1364 2.
277 1337 310 1364 de
328 1337 406 1364 indic.
427 1339 450 1363 5.
474 1340 494 1364 1.
531 1338 667 1369 Actiones,
687 1348 751 1374 quas
771 1354 803 1357 —
823 1338 932 1371 habent,
953 1340 1032 1376 impe-

191 1380 301 1407 diendae
326 1391 379 1407 non
402 1385 485 1407 erunt.
510 1380 540 1407 sr.
565 1382 607 1407 40.
632 1381 654 1415 3.
679 1383 703 1407 2,
728 1380 760 1407 (18
784 1385 853 1418 pact.
879 1383 903 1408 2.
925 1384 964 1409 14.
1003 1382 1032 1408 Si

191 1422 298 1450 eosdem
316 1428 418 1450 tutores
444 1423 570 1455 habeant,
589 1423 671 1450 multo
695 1425 776 1459 magis
802 1425 861 1461 quis
881 1424 1032 1461 impeditam

191 1465 374 1493 alienationem
398 1466 475 1493 dicet.
501 1466 532 1493 fr.
552 1468 575 1492 7.
599 1477 640 1504 pr.
664 1466 697 1493 de
720 1467 775 1494 reb.
801 1477 853 1494 eor.
879 1477 921 1504 qu.
942 1477 962 1494 s.
983 1472 1030 1494 tut.

190 1510 401 1577 2‘'1iiipena.
439 1543 480 1570 Cf.
500 1553 525 1570 v.
544 1543 653 1581 lmpilia.

224 1588 442 1620 Impellere.
464 1587 494 1619 §.
516 1588 551 1614 1.
571 1589 770 1622 Propellere,
794 1589 922 1623 Vrgere.
941 1588 1031 1623 LSy.

191 1629 335 1661 Incurrere,
354 1629 486 1661 Incidere,
506 1629 629 1667 Impingi,
649 1630 758 1667 Impelli.
778 1630 809 1657 fr.
828 1633 870 1658 29.
890 1632 927 1666 33.
946 1634 970 1658 2.
991 1642 1030 1668 sq.

191 1671 224 1698 ad
241 1671 270 1698 L.
291 1671 358 1708 Aqu.
379 1674 403 1699 9.
422 1674 446 1698 2.
483 1672 526 1699 111.
548 1674 614 1700 Cn.
643 1673 757 1709 Quidam
777 1684 809 1701 ex
827 1674 869 1700 his
888 1674 1030 1707 servulum,

192 1724 250 1741 cum
269 1714 348 1751 pilam
367 1716 505 1752 percipere
524 1721 670 1748 conaretur,
690 1716 802 1753 impulit,
822 1727 916 1744 servus
935 1717 1033 1747 cecidit

191 1762 240 1783 etc.
260 1757 290 1783 fr.
311 1759 350 1783 52.
371 1758 392 1791 3.
413 1759 436 1784 4.
456 1758 491 1784 ib.
511 1759 535 1784 9.
554 1760 578 1785 2.
603 1775 635 1778 —
660 1759 691 1792 ξ.
715 1761 750 1786 2.
770 1762 933 1792 Ina-itare,
953 1762 1030 1786 Pro-

191 1810 311 1827 vocare.
349 1799 391 1825 111.
413 1802 478 1827 Gn.
510 1801 564 1836 Qui
587 1800 740 1838 persuadet,
765 1807 790 1828 et
809 1802 933 1839 impellit,
953 1807 1031 1838 atque

190 1843 297 1868 instruit
317 1842 436 1869 consilio.
457 1843 487 1869 fr.
507 1845 550 1870 50.
572 1844 593 1877 3.
613 1845 637 1870 3.
658 1843 690 1870 de
708 1844 769 1870 furt.
793 1846 835 1871 47.
854 1846 879 1870 2.
904 1844 935 1871 cf.
956 1844 986 1871 fr.
1007 1847 1029 1871 7.

190 1885 211 1919 3.
229 1886 254 1911 3.
274 1884 307 1910 ad
326 1884 355 1911 L.
375 1885 446 1921 Aqu.
466 1887 490 1912 9.
511 1888 535 1912 2.

225 1921 468 1960 Impendii-e.
505 1929 536 1963 §.
559 1930 593 1955 1.
623 1931 730 1964 Supra
751 1932 894 1963 pendere.
926 1930 944 1956 Ι.
968 1932 1029 1965 Sy.

189 1969 323 2001 Inclinata,
343 1970 500 2008 impendens
521 1971 641 2005 (arbor.)
666 1972 696 1998 fr.
717 1973 741 1998 4.
766 1973 789 2006 3.
809 1974 832 1999 5.
853 1974 875 1999 si
895 1974 984 2000 servit.
1005 1975 1028 2000 8.

189 2015 213 2039 5.
251 2013 293 2039 111.
315 2014 380 2040 Cn.
412 2013 441 2040 Si
461 2014 539 2040 arbor
562 2014 670 2041 aedibus
690 2015 846 2052 impendeat.
867 2032 898 2036 —-
918 2016 947 2043 Si
967 2027 1029 2043 vero

188 2065 250 2092 agro
270 2055 427 2092 impendeat.
448 2056 478 2083 fr.
500 2059 522 2083 1.
547 2057 586 2091 33.
605 2060 629 2084 2.
649 2059 672 2083 5.
692 2058 716 2083 9.
744 2057 774 2084 cf.
794 2068 833 2095 pr.
854 2059 876 2092 3.
897 2060 920 2085 7.
941 2059 972 2086 de
992 2070 1030 2086 ar-

190 2098 246 2125 bor.
267 2098 337 2125 caed.
357 2100 398 2126 43.
417 2101 458 2126 27.
479 2114 512 2118 —-
531 2100 561 2133 §.
575 2101 610 2127 2.
631 2101 818 2133 Imminere,
838 2103 976 2129 Instare.
1009 2102 1028 2128 I.

191 2141 252 2175 Sy.
271 2141 420 2170 Imminens.
440 2142 597 2179 Impendens
617 2142 793 2179 (periculum,
812 2154 833 2170 s.
853 2143 983 2177 damnum,
1003 2155 1027 2172 v.

190 2184 295 2216 metus.)
315 2183 385 2211 Paul.
406 2185 436 2211 11.
456 2187 498 2211 23.
518 2185 584 2218 3.1.
604 2184 634 2212 fr.
653 2187 677 2211 2.
698 2185 729 2212 (18
749 2196 781 2212 m.
802 2197 823 2213 c.
843 2186 930 2213 donat.
949 2189 991 2213 39.
1004 2189 1027 2213 6.

191 2241 223 2245 -
243 2226 273 2258 §-
294 2227 330 2252 ³.
350 2229 387 2253 ln
406 2238 563 2262 suspenso
583 2227 819 2262 esse.I.Sy.1n
838 2229 965 2266 pendenti
983 2230 1028 2256 lia-

191 2268 254 2294 beri.
274 2267 304 2294 sr.
325 2270 364 2295 ll.
384 2270 421 2304 33.
440 2272 465 2297 9.
485 2281 524 2307 sq.
545 2270 577 2297 de
597 2270 684 2296 donat.
703 2272 750 2297 int.
770 2270 802 2297 V.
821 2273 862 2298 24.
884 2275 906 2298 1.

225 2322 465 2353 Impendere.
503 2323 534 2356 §.
554 2324 587 2349 1.
608 2324 773 2358 Erogare,
796 2323 989 2357 Dependere.
1008 2325 1027 2352 I.

191 2364 253 2396 Sy.
286 2363 408 2399 Erogare.
440 2364 480 2391 Cf.
500 2365 524 2391 h.
544 2375 567 2391 v.
593 2365 616 2398 3.
635 2367 659 2391 3.
697 2365 805 2392 Sumtus
825 2366 917 2393 facere.
937 2367 967 2394 sr.
989 2370 1028 2395 12.

190 2405 227 2438 33.
252 2407 276 2431 2.
302 2415 341 2442 sq.
367 2408 391 2431 5.
411 2415 450 2442 sq.
475 2407 506 2433 sr.
527 2409 567 2434 14.
591 2408 613 2442 3.
633 2410 657 2434 3.
683 2407 715 2435 de
739 2408 811 2445 relig.
833 2411 872 2435 11.
893 2411 916 2435 7.
936 2409 968 2436 sr.
990 2413 1029 2437 13.

190 2449 210 2481 3.
232 2449 273 2473 22.
295 2447 326 2474 de
345 2448 376 2474 A.
395 2448 424 2474 E.
445 2447 476 2474 V.
496 2451 535 2476 19.
555 2452 578 2476 1.
615 2450 657 2477 III.
676 2452 742 2478 Gn.
762 2451 791 2477 Si
810 2451 853 2478 vel
872 2452 1029 2489 impenderit

190 2490 289 2526 aliquid
308 2491 333 2516 in
352 2501 406 2517 rem
425 2491 529 2528 pupilli,
547 2492 589 2519 vel
608 2503 656 2530 pro
676 2503 706 2520 eo
727 2493 965 2531 fucrit‘obligatus,
985 2501 1029 2523 aut

190 2543 245 2559 rem
264 2543 336 2559 suam
356 2533 480 2560 creditori
500 2534 555 2560 eius
575 2535 738 2572 obligaverit.
758 2536 788 2563 fr.
809 2539 833 2563 5.
854 2538 875 2571 3.
899 2539 920 2564 l.
941 2538 973 2565 de
994 2539 1027 2566 Ο.

190 2581 215 2601 et
234 2576 264 2601 A.
285 2576 326 2601 44.
347 2577 369 2601 7.
394 2575 426 2602 cf.
446 2575 506 2613 le.
533 2575 585 2603 VII.
609 2579 633 2604 3.
676 2578 752 2605 Licet
775 2579 880 2616 praedia
901 2581 1027 2617 quaedam

189 2618 249 2644 talia
269 2619 335 2649 sint,
360 2623 388 2644 ut
411 2620 491 2655 magis
516 2619 542 2644 in
562 2628 590 2644 ca
609 2620 805 2657 impendamus,
825 2633 902 2659 quam
921 2623 954 2650 de
973 2624 1026 2651 illis

189 2661 363 2697 adquiramus.
389 2660 419 2687 fr.
439 2663 481 2688 41.
505 2661 570 2694 3.1.
590 2661 622 2687 de
646 2663 726 2690 usufr.
747 2666 770 2691 7.
791 2666 813 2691 1.
852 2665 1025 2704 Compensari

189 2703 267 2730 debet
286 2703 345 2735 hoc,
365 2703 436 2740 quod
455 2703 590 2740 impendit,
611 2713 668 2730 cum
688 2715 718 2731 eo
737 2707 809 2743 quod
822 2707 927 2735 domino
947 2709 1024 2736 debe-

191 2746 238 2773 tu'r.
259 2745 289 2772 fr.
309 2748 331 2773 6.
357 2746 378 2780 3.
400 2748 424 2772 4.
449 2746 481 2772 (18
505 2746 590 2783 pecul.
614 2745 663 2782 leg.
687 2748 728 2788 33.
752 2751 776 2776 8.
813 2750 855 2777 Ad
875 2752 1023 2788 recipienda

190 2798 226 2820 ea,
245 2799 311 2826 quae
329 2789 457 2826 impendit
490 2805 522 2808 —
542 2790 656 2826 experiri
675 2799 763 2826 posse.
782 2792 817 2819 fr.
836 2795 878 2820 55.
902 2795 924 2828 3.
944 2796 967 2821 1.
987 2795 1024 2822 Ιο-

1854 144 1914 174 437

1077 231 1125 252 cat.
1145 227 1185 253 19.
1204 228 1228 252 2.
1265 225 1394 253 Donatam
1414 226 1464 253 sibi
1484 226 1621 263 pecuniam
1641 225 1796 262 impendere
1816 226 1914 258 (autin

1053 261 1055 282 ⁴.
1078 269 1188 295 obsonio
1208 269 1269 301 etc.)
1290 269 1318 296 l'r.
1339 271 1380 296 31.
1400 270 1422 304 3.
1442 272 1464 296 9.
1486 270 1518 296 de
1538 269 1625 296 donat.
1646 269 1691 294 int.
1708 268 1737 294 V.
1751 270 1793 294 24.
1815 270 1836 294 1.
1868 267 1915 293 Im-

1077 311 1154 348 pend.
1174 311 1272 347 aliquid
1292 313 1358 338 circa
1378 314 1432 345 (res
1452 313 1544 345 meas.)
1565 312 1595 339 sr.
1615 313 1638 338 6.
1661 312 1682 345 3.
1702 313 1725 337 3.
1747 311 1778 338 (18
1798 310 1829 337 Ν
1845 310 1875 336 G.
1889 312 1913 336 3.

1078 357 1100 381 5.
1138 355 1255 392 Impendi
1275 365 1351 381 causa
1371 355 1513 387 (fructuum
1533 354 1770 392 percipiendorum,
1790 364 1813 380 v.
1834 352 1915 390 expli-

1079 397 1217 424 candarum
1235 398 1440 431 venditionum.)
1466 398 1496 424 l'r.
1517 400 1539 425 7,
1564 399 1586 431 3.
1608 399 1647 424 16.
1672 397 1721 423 sol.
1741 398 1850 423 matrim.
1871 398 1913 422 24.

1077 442 1102 467 3.
1122 440 1151 467 fr.
1172 442 1212 467 72.
1232 440 1264 467 ad
1282 440 1311 468 L.
1332 440 1403 468 Falc.
1423 443 1464 467 35.
1484 443 1508 467 2.
1544 440 1698 477 Impendere
1717 439 1749 466 de
1768 449 1824 465 suo.
1846 438 1875 464 fr.
1889 440 1913 464 4.

1079 484 1100 517 3.
1122 486 1144 510 l.
1164 483 1196 510 de
1215 494 1325 510 manum.
1344 486 1386 510 40.
1408 485 1430 510 1.
1454 484 1483 510 sr.
1504 486 1528 509 5.
1552 494 1591 520 pr.
1616 483 1648 510 de
1673 483 1705 510 O.
1730 487 1755 509 et
1777 483 1809 509 A.
1829 483 1870 508 44.
1890 483 1913 508 7.

1079 526 1209 553 Aedificio
1228 526 1379 564 impendere
1399 527 1511 564 (partem
1531 527 1701 563 patrimonii.)
1722 525 1778 552 Gai.
1794 524 1812 551 I.
1826 526 1867 550 33.
1882 540 1914 543 —

1079 569 1110 602 §-
1130 570 1165 595 1.
1176 571 1218 596 Α.
1239 571 1437 602 Instituere,
1459 571 1636 596 Celebrare.
1660 568 1703 595 111.
1725 570 1790 596 Cn.
1810 566 1915 594 Gladia-

1080 613 1175 638 torium
1193 622 1287 639 munus
1306 614 1367 650 imp.
1387 614 1426 646 (in
1446 612 1510 638 urbe
1529 611 1573 644 R.)
1594 611 1643 638 Th.
1664 611 1695 638 C.
1715 610 1773 637 XV.
1796 613 1834 637 12.
1855 620 1876 637 c.
1890 612 1914 635 2.

1079 655 1111 681 de
1131 654 1266 691 gladiator.
1292 672 1321 676 —
1347 656 1378 689 ᾖ.
1399 657 1434 682 2.
1460 656 1630 691 Conferre,
1652 656 1834 681 Concedere.
1872 652 1915 679 111.

1080 699 1145 726 Gn.
1164 697 1292 724 Libertati
1316 709 1328 724 a
1351 698 1495 724 maioribus
1520 702 1619 724 tantum
1645 698 1792 733 impensum
1811 701 1863 727 est.
1888 700 1916 722 ut

1079 745 1127 767 etc.
1146 740 1183 767 lb.
1203 740 1246 767 IV.
1266 742 1289 767 8.
1310 751 1331 767 c.
1351 742 1374 767 6.
1395 751 1433 778 pr.
1454 740 1558 774 (ch.)
1579 739 1611 766 de
1630 739 1733 766 liberali
1752 750 1774 766 c.

1114 785 1368 817 Impendium.
1406 785 1436 818 ἕ.
1456 785 1491 811 l.
1530 786 1674 814 Sumtus,
1701 784 1859 816 Impensa.
1897 781 1914 807 1.

1078 827 1140 860 Sy.
1160 826 1240 861 Quod
1259 827 1404 863 impensum
1425 831 1472 853 est.
1509 826 1637 863 Impensa.
1661 825 1692 852 fr.
1714 827 1755 851 45.
1783 824 1814 850 dc
1834 824 1914 850 usul'r.

1079 871 1101 895 7.
1123 871 1145 896 1.
1166 868 1197 895 fr.
1218 870 1258 895 14.
1278 870 1299 903 3.
1321 871 1343 895 l.
1364 869 1393 896 fr.
1413 871 1453 896 29.
1478 880 1516 907 pr.
1537 879 1628 896 comm.
1649 868 1700 894 div.
1723 870 1761 894 10.
1780 868 1805 893 3.
1825 866 1854 892 l'r.
1876 868 1915 893 18.

1078 912 1116 945 33.
1135 913 1159 938 2.
1180 921 1220 948 sq.
1241 912 1368 938 commod.
1390 914 1427 938 13.
1449 914 1472 939 6.
1493 912 1521 938 sr.
1543 914 1565 938 7.
1585 913 1662 946 §.16.
1682 910 1731 937 sol.
1750 910 1859 936 matrim.
1873 910 1915 935 24.

1077 956 1101 981 3.
1139 954 1255 981 Sumtus.
1276 954 1306 981 fr.
1325 956 1366 981 46.
1394 955 1415 988 3.
1435 956 1458 981 6.
1484 955 1515 981 de
1534 965 1638 992 procur.
1663 955 1687 980 3.
1709 956 1733 980 3.
1758 953 1788 979 fr.
1815 954 1855 979 79.
1876 962 1914 989 pr.

1078 998 1111 1024 de
1130 997 1207 1024 indic.
1227 999 1249 1024 5.
1270 999 1292 1023 1.
1312 996 1343 1023 sr.
1364 999 1404 1024 11.
1425 997 1446 1031 3.
1468 999 1490 1024 l.
1510 997 1543 1024 ad
1563 997 1650 1024 exliib.
1671 998 1711 1022 10.
1732 997 1755 1022 4.
1786 995 1829 1022 111.
1850 996 1916 1022 Cn.

1078 1040 1145 1072 Res,
1169 1050 1234 1077 quae
1256 1041 1412 1077 patrimonia
1435 1050 1544 1067 onerare
1567 1042 1647 1077 magis
1674 1038 1820 1076 impendio,
1840 1047 1917 1074 quam

1078 1093 1172 1120 augere
1190 1082 1321 1109 fructibus
1346 1088 1546 1110 consueverunt.
1570 1083 1600 1109 fr.
1622 1086 1643 1110 1.
1668 1083 1689 1117 3.
1708 1084 1750 1108 20.
1774 1081 1806 1108 de
1825 1086 1917 1107 ventre

1078 1128 1104 1153 in
1123 1136 1195 1164 poss.
1219 1127 1261 1152 37.
1287 1128 1310 1153 9.
1354 1125 1414 1152 Non
1438 1131 1537 1152 tantum
1562 1126 1650 1152 dotem
1674 1125 1735 1152 dare
1758 1124 1849 1155 debet,
1868 1123 1917 1150 sed

1079 1171 1156 1196 etiam
1175 1169 1320 1206 impendia,
1340 1179 1405 1206 quae.
1425 1169 1456 1195 ad
1475 1170 1580 1206 nuptias
1600 1168 1714 1195 facienda
1735 1173 1803 1194 sunt.
1824 1166 1854 1193 sr.
1873 1168 1916 1194 52.

1078 1212 1111 1239 de
1131 1211 1226 1238 admin.
1247 1217 1272 1238 et
1290 1213 1370 1249 peric.
1390 1214 1432 1239 26.
1452 1214 1475 1239 7.
1513 1212 1542 1239 Si
1560 1222 1646 1248 neque
1664 1210 1854 1237 difficultatem.
1874 1220 1916 1236 ne—

1078 1265 1129 1292 que
1147 1254 1338 1292 turpitudinem
1358 1254 1437 1281 ullam
1452 1255 1530 1281 habet
1545 1255 1670 1285 conditio,
1690 1264 1738 1280 nec
1757 1252 1916 1290 impendium

1077 1298 1184 1335 aliquid.
1205 1298 1234 1324 fr.
1254 1299 1295 1324 63.
1315 1298 1336 1331 3.
1357 1299 1379 1324 7.
1399 1297 1431 1324 ad
1450 1297 1515 1324 S.C.
1532 1297 1610 1324 Treb.
1631 1299 1671 1324 36.
1689 1299 1710 1323 1.
1748 1296 1856 1322 Nullum
1870 1297 1915 1322 im-

1076 1341 1216 1379 pendium,
1239 1340 1280 1367 vel
1306 1351 1385 1378 opera
1405 1341 1561 1374 (intercedit
1580 1340 1710 1373 heredis.)
1735 1339 1766 1366 sr.
1785 1341 1825 1366 44,
1851 1339 1871 1372 3
1893 1340 1915 1364 1.

1076 1385 1110 1411 ib.
1134 1386 1176 1411 36.
1202 1385 1224 1410 1.
1262 1383 1382 1410 Periculo
1407 1389 1432 1410 et
1456 1384 1595 1421 impendiis
1620 1385 1716 1410 actoris
1742 1380 1914 1419 (perferenda

1076 1427 1140 1457 res.)
1160 1426 1190 1453 fr.
1210 1428 1249 1453 ll.
1270 1427 1328 1460 3.1.
1349 1426 1381 1453 ad
1401 1427 1487 1453 exhib.
1504 1429 1542 1453 10.
1557 1429 1580 1453 4.
1618 1426 1673 1453 Suo
1693 1425 1825 1463 impendio
1845 1424 1915 1451 dare.

1076 1469 1106 1496 fr.
1125 1472 1167 1496 20.
1187 1480 1226 1506 pr.
1247 1469 1279 1495 de
1299 1480 1371 1507 oper.
1392 1469 1478 1496 libert.
1497 1471 1576 1496 381.
1613 1469 1742 1506 Impendii
1762 1478 1839 1495 causa
1858 1477 1916 1504 per-

1076 1512 1188 1539 solvere.
1208 1512 1278 1539 Coll.
1298 1512 1350 1539 LL.
1370 1512 1403 1539 M.
1423 1512 1441 1539 I.
1463 1515 1503 1539 11.
1544 1512 1710 1539 valetudinis
1729 1510 1874 1548 impendia,
1894 1520 1914 1536 s.

1076 1566 1142 1592 quae
1161 1565 1209 1592 pro
1229 1557 1364 1582 curatione
1384 1556 1483 1582 fecerit.
1504 1556 1534 1583 fr.
1548 1557 1589 1582 45.
1610 1555 1643 1581 (18
1662 1554 1742 1581 ususr.
1764 1555 1787 1580 7.
1804 1555 1825 1579 l.
1846 1553 1875 1579 sr.
1891 1554 1914 1578 7.

1075 1609 1114 1635 pr.
1134 1598 1165 1625 ad
1184 1598 1213 1625 L.
1233 1598 1302 1635 Aqu.
1323 1600 1346 1626 9.
1372 1600 1395 1625 2.
1414 1615 1445 1618 —
1461 1599 1492 1632 ξ.
1505 1600 1539 1626 2.
1560 1600 1735 1632 Depensio,
1757 1598 1913 1623 Collatia.

1075 1641 1093 1668 I.
1114 1643 1176 1676 Sy.
1196 1641 1301 1673 Pensio,
1322 1641 1462 1668 praebitio.
1484 1641 1533 1668 Th.
1555 1641 1584 1667 C.
1604 1641 1650 1667 XI.
1670 1642 1710 1667 16.
1731 1650 1751 1666 c.
1767 1641 1806 1665 13.
1827 1638 1858 1665 de
1873 1649 1916 1665 ex—

1077 1684 1167 1711 traord
1196 1694 1216 1710 s.
1236 1684 1305 1711 sord.
1344 1684 1519 1721 Stipendium,
1539 1683 1687 1710 Tributum.
1707 1682 1738 1709 sr.
1759 1684 1797 1709 13.
1819 1681 1851 1708 de
1870 1683 1914 1707 im-

1075 1737 1148 1763 pens.
1174 1728 1200 1753 in
1224 1737 1274 1753 res.
1299 1727 1353 1753 dot.
1376 1729 1417 1753 25.
1445 1729 1466 1752 1.
1504 1726 1546 1752 111.
1572 1728 1638 1754 Cn.
1661 1726 1843 1763 Expensarum
1861 1734 1915 1751 non

1076 1769 1203 1796 excedant
1229 1769 1340 1796 duorum
1363 1769 1508 1796 solidorum
1532 1769 1626 1795 librata
1649 1768 1788 1806 impendia.
1812 1767 1862 1794 Th.
1883 1766 1914 1794 C.

1074 1811 1133 1838 XV.
1153 1814 1175 1838 9.
1196 1822 1217 1838 c.
1237 1814 1260 1838 2.
1281 1812 1314 1838 de
1333 1822 1441 1849 expens.
1461 1812 1514 1839 lud.

1110 1856 1303 1888 Impensa.
1341 1855 1371 1888 §-
1392 1856 1426 1882 1.
1448 1857 1585 1882 Sumtus.
1616 1854 1634 1881 l.
1661 1855 1722 1888 Sy.
1742 1853 1913 1891 impendium.

1076 1896 1116 1923 Cs.
1137 1896 1161 1923 h.
1181 1907 1206 1923 v.
1226 1897 1247 1931 3.
1269 1899 1290 1923 l.
1328 1897 1437 1924 Sumtus
1456 1897 1549 1924 factus.
1569 1897 1599 1924 sr.
1621 1899 1661 1924 12.
1681 1898 1719 1931 33.
1733 1899 1756 1924 2.
1778 1907 1818 1933 sq.
1837 1899 1860 1922 5.
1873 1907 1913 1933 sq.

1075 1939 1104 1966 fr.
1126 1941 1164 1966 14.
1185 1940 1206 1974 3.
1226 1942 1251 1966 3.
1272 1939 1302 1966 fr.
1321 1942 1363 1967 37.
1382 1951 1422 1977 pr.
1442 1940 1474 1967 de
1493 1940 1565 1976 relig.
1587 1942 1626 1967 11.
1647 1943 1670 1967 7.
1691 1940 1720 1967 l‘r.
1737 1941 1776 1966 13.
1791 1940 1823 1966 de
1837 1939 1912 1966 cond.

1075 1982 1133 2009 surt.
1155 1984 1194 2009 13.
1217 1984 1239 2009 1.
1260 1982 1289 2009 fr.
1309 1985 1334 2009 2.
1353 1984 1436 2017 §.17.
1457 1983 1488 2009 de
1508 1983 1597 2010 hered.
1618 1994 1640 2010 v.
1662 1989 1710 2010 act.
1730 1983 1806 2010 vend.
1830 1985 1868 2010 18.
1888 1985 1912 2009 4.

1074 2025 1116 2051 111.
1137 2026 1202 2053 (711.
1222 2025 1357 2052 mercedes
1377 2031 1402 2052 et
1420 2027 1553 2064 impensas
1572 2032 1712 2064 praestare.
1737 2026 1764 2053 sr.
1785 2029 1825 2053 45.
1846 2026 1868 2060 3.
1890 2028 1911 2052 l.

1074 2068 1106 2095 de
1124 2068 1156 2094 A.
1176 2068 1206 2094 E.
1226 2068 1258 2095 V.
1280 2070 1318 2095 19.
1340 2070 1362 2095 l.
1383 2068 1414 2096 cf.
1441 2068 1497 2096 Gai.
1522 2070 1552 2096 ll.
1579 2072 1619 2097 76.
1644 2080 1703 2106 sqq.
1729 2069 1759 2099 fr„
1783 2071 1825 2096 34.
1846 2069 1867 2102 3
1889 2070 1912 2095 1.

1073 2111 1106 2137 (18
1125 2110 1206 2138 usul'r.
1228 2113 1250 2138 7.
1271 2113 1293 2138 l.
1330 2111 1469 2138 Pecuniam
1489 2118 1584 2139 certam
1603 2114 1629 2139 in
1649 2112 1739 2141 sunus.
1759 2114 1912 2149 impensam-

1073 2164 1123 2191 que
1142 2153 1292 2191 perferendi
1311 2156 1430 2191 corporis
1445 2171 1477 2174 —
1491 2155 1559 2182 dare.
1581 2155 1611 2182 fr.
1633 2158 1689 2182 112.
1710 2157 1724 2190 3
1745 2157 1769 2182 2.
1789 2155 1821 2182 de
1835 2155 1911 2182 cond.

1074 2202 1099 2223 et
1118 2196 1184 2224 dem.
1204 2198 1246 2223 35.
1268 2198 1290 2223 1.
1311 2196 1342 2223 cf.
1363 2197 1393 2223 fr.
1413 2199 1437 2224 8.
1463 2198 1485 2232 3
1505 2201 1529 2224 5.
1555 2198 1587 2224 de
1612 2198 1686 2234 legat.
1706 2198 1736 2225 ll.
1757 2200 1824 2231 (31.)
1860 2198 1912 2224 De-

1074 2239 1152 2266 ducto
1176 2250 1235 2266 aere
1255 2239 1354 2270 alieno,
1380 2245 1405 2266 et
1430 2240 1528 2267 funeris
1553 2243 1679 2278 impensa.
1699 2241 1730 2268 fr.
1750 2243 1773 2267 8.
1794 2242 1815 2275 3.
1835 2243 1858 2267 9.
1879 2240 1911 2266 de

1073 2282 1145 2310 inoff.
1169 2287 1270 2309 testam.
1294 2284 1318 2308 5.
1342 2284 1366 2308 2.
1391 2282 1463 2309 Paul.
1487 2283 1530 2310 IV.
1557 2286 1580 2310 5.
1605 2284 1626 2317 3.
1652 2286 1676 2311 6.
1714 2284 1749 2310 Vt
1768 2286 1911 2320 impensam

1074 2330 1198 2362 praestet,
1217 2330 1261 2351 aut
1280 2335 1374 2351 noxam
1395 2325 1446 2352 det.
1466 2326 1496 2352 fr.
1517 2328 1539 2352 7.
1559 2328 1622 2361 3.1.
1644 2327 1695 2363 Qu.
1715 2329 1740 2353 vi
1761 2332 1803 2353 aut
1823 2325 1908 2351 (143.

1073 2370 1114 2394 24.
1135 2367 1166 2394 cf.
1186 2367 1216 2394 fr.
1236 2369 1259 2394 6.
1280 2368 1301 2401 3.
1323 2369 1345 2394 7.
1366 2368 1397 2394 de
1416 2379 1481 2404 aqua
1501 2374 1526 2396 et
1545 2380 1603 2406 aqu.
1624 2370 1659 2407 pl.
1681 2372 1722 2396 39.
1742 2371 1765 2395 3.
1802 2368 1909 2394 Factum

1074 2411 1191 2447 impensa
1211 2410 1318 2443 (suris)
1345 2411 1375 2437 fr.
1397 2413 1436 2438 13.
1462 2411 1494 2438 de
1513 2412 1589 2439 cond.
1613 2413 1672 2439 furt.
1693 2414 1732 2438 13.
1753 2413 1774 2437 1.
1812 2410 1909 2448 Super—

1073 2463 1169 2480 vacuae
1188 2454 1328 2490 impensae.
1349 2454 1378 2480 fr.
1397 2456 1438 2481 39.
1458 2456 1480 2489 3.
1502 2457 1522 2482 l.
1543 2455 1575 2482 de
1594 2455 1681 2482 hered.
1700 2459 1752 2491 pet.
1772 2456 1795 2480 5.
1806 2456 1829 2480 3.
1860 2454 1909 2480 Im-

1073 2506 1170 2533 pensae
1189 2498 1360 2528 necessariae.
1380 2514 1412 2516 —
1433 2508 1497 2535 quas
1518 2498 1584 2524 sorte
1599 2500 1624 2524 in
1639 2507 1741 2533 aegrum
1762 2513 1792 2516 —
1812 2498 1910 2534 impen-

1073 2539 1147 2565 derit.
1171 2539 1241 2566 Coll.
1266 2539 1318 2566 LL.
1344 2540 1376 2567 M.
1402 2541 1434 2567 X.
1460 2543 1483 2567 2.
1522 2541 1616 2569 Vtiles.
1638 2555 1668 2559 -—
1690 2539 1868 2576 Voluptariae,
1888 2549 1908 2566 s.

1071 2581 1262 2619 Voluptuosae,
1282 2599 1314 2602 -—
1335 2583 1436 2609 Omnes
1457 2584 1622 2620 (impensae.)
1643 2582 1672 2608 l'r.
1690 2584 1731 2608 38.
1752 2592 1791 2618 sq.
1815 2581 1832 2608 l.
1849 2582 1865 2608 l.
1885 2585 1908 2608 5.

1070 2626 1094 2651 3.
1114 2624 1143 2651 sr.
1166 2627 1186 2651 1.
1207 2635 1245 2662 pr.
1266 2625 1302 2659 33.
1324 2628 1346 2652 1.
1366 2636 1424 2663 sqq.
1446 2626 1474 2652 fr.
1496 2628 1534 2651 14.
1555 2625 1587 2651 de
1606 2626 1666 2662 imp.
1686 2626 1713 2651 in
1733 2635 1774 2651 res
1794 2624 1847 2651 dot.
1866 2627 1907 2651 25.

1072 2669 1092 2694 l.
1121 2667 1181 2705 le.
1202 2667 1245 2694 VI.
1265 2670 1305 2695 14.
1326 2679 1384 2705 sqq.
1420 2685 1449 2689 —-
1481 2669 1511 2701 ξ.
1538 2669 1573 2694 2.
1598 2670 1669 2696 Res.
1694 2679 1774 2702 quae
1792 2670 1908 2702 impen-

1069 2713 1169 2737 dendo
1192 2718 1383 2738 constructa
1412 2717 1466 2737 est.
1504 2710 1545 2736 111.
1571 2712 1636 2738 Gn.
1667 2710 1814 2748 Impensae,
1843 2721 1908 2746 quae

1068 2754 1200 2790 recipiunt
1218 2755 1416 2791 separationem.
1442 2752 1472 2779 sr.
1492 2754 1515 2779 9.
1540 2752 1572 2779 de
1595 2754 1656 2791 imp.
1680 2755 1707 2780 in
1730 2765 1773 2781 res
1793 2754 1845 2780 dot.
1865 2756 1904 2779 25-

1070 2798 1092 2822 1.
1134 2795 1318 2823 Retentionem
1341 2795 1426 2822 facere
1451 2797 1592 2833 impensae.
1630 2796 1750 2830 Tollere,
1770 2815 1799 2819 -
1820 2797 1906 2823 Relin—
