2197 3121
979 161 1060 192 STA
1074 180 1112 185 —
1126 161 1216 194 STE.

235 244 351 279 gatione,
374 243 416 270 vel
439 243 593 281 adoptione,
617 243 763 270 mutaverit.
788 242 859 269 Paul.
879 242 922 269 111.
942 244 965 269 6.
991 243 1012 277 5.
1032 245 1073 270 29.

236 285 267 312 cf.
288 285 318 312 fr.
339 287 377 312 18.
398 286 430 313 de
453 286 540 324 adopt.
566 288 588 312 1.
609 288 632 312 7.
670 286 745 321 Quae
770 296 817 323 per
840 290 950 317 metum.
976 286 1073 317 dolum,

235 333 261 354 et
279 333 362 355 status
382 330 598 366 permutationem
619 344 650 348 —
670 333 741 364 gesta
767 339 826 355 esse
850 329 979 355 dicuntur.
1001 329 1072 355 Paul.
1100 332 1101 335 ’

234 370 252 397 Ι.
273 373 295 398 7.
315 372 337 405 5.
356 373 380 397 2.
408 372 436 398 fr.
459 373 481 397 1.
502 379 540 407 sq.
565 371 597 397 de
616 371 634 398 I.
654 371 672 398 I.
694 371 723 398 R.
744 374 766 398 4.
790 374 810 398 l.
848 371 876 398 Si
901 376 1000 398 tantum
1023 377 1073 398 sta-

234 418 286 446 tus,
308 431 337 434 —
358 424 405 440 nec
425 413 476 440 ulla
497 413 633 445 bonorum,
653 416 832 441 controversia
852 415 892 440 sit.
914 414 943 440 fr.
964 416 987 441 6.
1007 416 1028 448 5.
1049 416 1072 441 3.
1094 438 1096 446 ,

235 456 266 484 cf.
286 456 315 483 fr.
338 458 358 483 1.
378 457 415 490 55.
435 458 458 482 7.
480 458 518 483 11.
539 456 571 483 de
591 456 669 483 Carb.
690 457 768 484 edict.
788 459 831 484 37.
856 459 895 483 10.
921 456 970 483 ΤΙι.
991 457 1021 484 C.
1044 457 1072 483 V.

235 501 257 526 l.
279 510 299 526 e.
320 500 343 525 6.
364 499 396 525 de
416 498 484 534 legit.
506 498 614 526 heredit.
637 517 665 520 —
687 501 718 534 §-
742 502 779 527 3.
802 501 885 527 Ordo
903 506 932 526 et
949 503 1072 535 gradus

235 544 457 577 (dignitatis)
500 541 542 568 111.
569 544 633 570 (711.
660 543 838 569 facultatibus
862 543 916 568 suis
940 548 965 569 et
989 548 1073 570 status

232 584 376 621 privilegiis
396 589 524 610 exuantur
543 585 686 618 (iudices)
707 585 772 612 Nov.
793 584 849 611 Val.
870 584 911 611 111.
937 585 969 612 de
993 587 1072 624 episc.

232 627 284 653 iud.
305 627 334 653 11.
353 629 394 654 35.
415 637 435 653 c.
458 629 478 653 l.
500 627 520 661 5.
541 629 557 654 6
601 628 662 665 Ipse
684 645 711 648 —
732 629 831 654 amittat
850 633 945 654 statum
966 628 1070 655 clerica-

232 674 282 696 tus.
302 669 347 696 lul.
369 680 408 707 ep.
430 680 488 696 nov.
509 680 528 696 c.
549 673 589 697 50.
610 671 630 704 5.
654 673 710 697 191.

265 713 467 740 Statutum.
491 713 608 746 (Subst.)
633 714 663 747 §.
684 715 717 740 1.
740 713 920 745 Decretum,
943 716 1071 742 Senten-

230 757 279 782 tia
309 757 474 787 (iudicis.)
517 755 559 782 ΙΙΙ.
585 758 650 784 Gn.
675 756 746 782 luxta
771 759 895 781 statutum
921 757 1069 784 iudicantis.

229 797 313 824 Vatic.
337 798 359 832 5.
382 800 437 824 113.
476 798 528 834 Qui
555 798 587 825 de
611 799 715 825 statutis
741 797 934 834 praesidalibus
959 810 1070 837 conque-

228 845 329 867 runtur.
349 840 398 866 Th.
419 840 450 867 C.
471 841 487 867 I.
508 843 532 867 5.
557 852 577 868 c.
597 844 620 867 2.
641 840 754 874 (ch.)
780 841 812 867 de
837 841 880 867 off.
902 841 953 868 Prf.
975 841 1016 868 Pr.
1038 859 1068 863 --

229 883 260 916 §-
280 885 315 910 2.
336 885 558 918 Praeceptum.
580 885 798 915 constitutio,
819 885 940 911 luania.
977 885 995 911 1.
1008 886 1070 919 Sy.

227 925 398 963 Praeceptum
418 927 648 959 (constitutionis)
668 925 714 952 Iul.
735 936 775 963 ep.
795 936 853 952 nov.
874 937 895 953 c.
914 928 956 953 54.
976 927 1070 960 §.197.

228 968 417 996 Constitutum.
438 969 478 996 Cf.
493 969 517 995 h.
531 979 554 995 v.
575 970 596 1003 5.
613 971 633 995 1.
653 968 763 995 Iussum.
784 968 833 995 Th.
848 968 878 996 C.
893 969 960 996 Vlll.
974 971 997 996 8.
1011 980 1032 997 c.
1047 973 1071 997 2.

228 1021 249 1038 c.
270 1013 293 1038 4.
320 1012 351 1038 de
375 1017 490 1038 exsecut.
516 1017 540 1038 et
564 1017 647 1038 exact.
685 1012 727 1038 Ill.
747 1013 812 1039 Cn.
832 1011 904 1038 Iussa
924 1023 953 1040 ac
973 1018 1069 1039 statuta

227 1054 424 1091 tranquillitatis
450 1060 561 1081 nostrae.
587 1054 657 1081 Cotl.
682 1054 734 1081 LL.
760 1054 793 1081 M.
820 1054 878 1081 XV.
903 1057 926 1081 3.
965 1055 1069 1082 Veteris

226 1098 301 1129 iuris,
320 1102 346 1123 et
364 1102 520 1123 statutorum
540 1102 694 1124 nostrorum
717 1115 745 1118 —
767 1099 875 1124 sanctio.
897 1097 946 1125 Th.
967 1098 996 1125 C.
1011 1098 1068 1125 XV.

227 1141 268 1166 14.
289 1150 309 1166 c.
331 1142 352 1166 1.
377 1140 409 1166 de
435 1140 527 1166 infirm.
549 1139 573 1166 h.
599 1150 640 1176 qu.
667 1150 686 1166 s.
712 1145 762 1175 tyr.
788 1140 851 1167 lust.
879 1140 909 1167 C.
931 1152 951 1168 c.
974 1143 994 1168 1.
1021 1152 1069 1179 pro

227 1193 270 1220 qu.
290 1193 358 1209 cauS.
377 1185 399 1209 7.
416 1184 454 1209 13.
476 1182 558 1209 Vatic.
578 1183 599 1216 5.
615 1185 674 1209 250.
695 1182 832 1209 Gener-alia
852 1189 913 1210 sunt
933 1185 1068 1222 rescripta,

226 1231 252 1252 et
271 1230 375 1262 oportet
394 1225 536 1262 imperialia
557 1230 653 1252 statuta
674 1236 746 1252 suam
767 1227 817 1252 vim
842 1226 970 1253 obtinere.
995 1227 1024 1253 ΓΡ.
1044 1229 1067 1253 3.

225 1269 247 1302 5.
266 1270 289 1294 5.
309 1268 341 1294 de
360 1268 459 1305 sepulc.
480 1267 541 1294 viol.
560 1269 601 1294 47.
623 1270 662 1294 12.
683 1279 704 1295 c.
724 1271 747 1294 2.
769 1270 791 1295 si
815 1268 872 1296 adv.
893 1269 962 1296 cred.
983 1272 1006 1296 7.
1026 1271 1066 1297 36.

221 1310 298 1338 quta
316 1316 412 1337 statuta
432 1312 504 1337 iuris.
525 1321 545 1337 c.
565 1313 588 1337 2.
614 1312 636 1337 si
655 1312 715 1338 min.
736 1321 765 1337 se
789 1312 845 1338 mai.
866 1314 890 1338 2.
910 1314 951 1339 43.
976 1312 1016 1340 Cf.
1037 1313 1067 1340 ΓΡ.

224 1355 282 1380 135.
303 1353 335 1380 de
354 1353 385 1380 V.
406 1353 433 1380 S.
456 1355 497 1380 50.
520 1355 558 1380 16.
595 1353 701 1380 'Novelli
724 1355 814 1381 statuti
838 1369 869 1373 —
895 1356 1066 1392 privilegium.

223 1396 274 1423 Th.
294 1396 325 1423 C.
345 1397 378 1423 X.
401 1398 440 1423 19.
461 1407 483 1423 c.
503 1398 526 1423 9.
548 1396 579 1423 cf.
599 1407 620 1424 c.
640 1398 663 1424 6.
689 1397 722 1424 de
746 1397 844 1424 metall.
863 1398 920 1425 XV.
942 1401 982 1425 12.
1002 1409 1022 1425 c.
1042 1401 1066 1426 2.

223 1439 256 1466 de
275 1439 379 1475 gladiat.

256 1482 440 1510 Statutus.
460 1482 586 1515 (Subst.)
613 1484 677 1516 Qui
700 1485 791 1510 intra
815 1494 979 1511 numerum
998 1495 1065 1512 con-

222 1526 363 1551 stitutus
381 1531 434 1551 est.
474 1526 685 1553 Ordinarius.
723 1526 754 1553 ΙΙ.
771 1528 838 1561 Op.
860 1527 1065 1564 Supernumera-

221 1568 284 1594 rius.
305 1578 328 1594 c.
350 1569 388 1594 ll.
409 1578 447 1605 pr.
472 1568 537 1602 5.1.
561 1578 582 1595 c.
604 1570 643 1595 13.
663 1569 695 1595 de
715 1569 806 1596 advoc.
827 1569 878 1595 div.
900 1570 1019 1597 iudicior.
1040 1572 1063 1596 2.

222 1612 246 1636 7.
272 1620 293 1637 c.
317 1612 341 1637 5.
365 1610 398 1636 de
421 1610 508 1648 adpar.
533 1621 596 1647 mag.
621 1611 674 1638 mil.
700 1614 737 1638 12.
758 1614 799 1639 55.
827 1612 876 1639 Th.
902 1612 933 1639 C.
960 1612 1002 1639 Vl.
1022 1615 1063 1640 30.

223 1663 246 1680 c.
264 1654 304 1679 11.
324 1663 344 1680 c.
366 1655 405 1679 15.
425 1663 464 1691 pr.
485 1664 505 1680 c.
527 1655 567 1681 16.
587 1664 624 1691 sq.
650 1654 682 1681 de
702 1655 756 1682 Pal.
777 1655 803 1682 S.
824 1654 902 1692 largg.
941 1655 981 1682 Ill.
998 1657 1064 1684 Cn.

221 1695 332 1722 Novella
352 1696 485 1723 matricula
505 1706 585 1734 super
603 1702 761 1724 statutorum
784 1708 891 1724 numero
911 1698 952 1724 vel
973 1699 1064 1725 ordine

222 1739 408 1765 confirmando.
428 1739 465 1765 lb.
486 1738 528 1766 Vl.
547 1741 588 1766 27.
609 1750 630 1766 c.
650 1742 691 1767 23.
712 1740 744 1767 de
764 1746 847 1777 agent.
867 1742 893 1767 in
913 1741 967 1767 reb.
988 1741 1063 1777 Quos

222 1786 335 1808 statutos
354 1792 522 1808 numerorum
541 1787 643 1809 vocant.
663 1783 711 1810 lul.
731 1794 771 1821 ep.
792 1794 851 1809 nov.
872 1794 893 1810 c.
908 1785 947 1810 79.
969 1784 990 1818 5.
1003 1786 1062 1811 302.

223 1824 277 1860 Qui
303 1826 408 1851 statutis
436 1826 462 1851 in
492 1835 647 1862 quacunque
670 1825 761 1852 militia
790 1828 969 1853 connumerati
992 1832 1062 1854 sunt.

222 1877 243 1894 c.
263 1869 286 1893 7.
307 1867 339 1893 de
359 1867 450 1894 iurisd.
470 1878 537 1894 omn.
558 1868 610 1894 iud.
630 1870 715 1894 ³513.

254 1911 437 1937 statutus.
461 1910 590 1944 (Partic.)
614 1912 645 1945 ξ.
665 1913 699 1938 l.
720 1913 944 1945 Constitutus,
971 1914 1063 1950 Defi-

220 1955 317 1980 nitus.
353 1952 372 1979 Ι.
388 1954 449 1987 Sy.
468 1952 642 1980 Praestitutus
663 1954 754 1987 (dies.)
775 1954 805 1980 ΓΡ.
819 1956 842 1980 6.
857 1955 889 1981 de
909 1961 978 1982 naut.
994 1956 1061 1983 soen.

219 1997 261 2022 22.
280 1998 304 2022 2.
324 1994 500 2022 Constitutus.
521 1996 561 2023 Cf.
582 1996 606 2023 h.
626 2007 649 2023 v.
670 1997 690 2030 5.
711 1998 734 2023 4.
756 1996 888 2024 Definitus
908 1998 999 2035 (lege.)
1020 1999 1061 2026 CF.

219 2048 244 2065 v.
263 2038 389 2065 Delinire.
403 2038 424 2071 5.
439 2040 463 2064 3.
499 2038 539 2065 Ill.
555 2040 620 2067 Gn.
641 2039 716 2075 Quae
735 2044 832 2066 statuta
852 2046 922 2073 sunt,
942 2052 1061 2078 quaeque

219 2082 325 2118 antiqua
344 2080 533 2108 consuetudine
547 2082 769 2109 commendantur.
789 2082 838 2109 Th.
854 2083 884 2110 C.
899 2084 930 2111 X.
947 2086 968 2111 1.
984 2095 1004 2111 c.
1020 2087 1059 2111 17.

220 2123 253 2150 de
270 2125 326 2150 iure
345 2124 410 2150 fisci.
447 2123 549 2150 Statuta
573 2124 629 2161 lege
653 2126 771 2162 (portio.
790 2136 814 2152 v.
835 2128 944 2163 poena.)
969 2127 998 2154 fr.
1019 2130 1059 2154 67.
1081 2154 1083 2160 ,

221 2166 252 2192 ad
271 2166 299 2192 L.
320 2166 389 2193 Falc.
408 2168 449 2192 35.
468 2169 492 2192 2.
513 2166 542 2193 fr.
561 2170 585 2193 2.
605 2168 627 2201 5.
646 2170 670 2194 2.
695 2168 726 2194 ad
745 2168 775 2194 L.
794 2168 840 2195 lul.
860 2169 892 2195 de
917 2170 997 2197 adult.
1017 2172 1058 2197 48.

220 2211 244 2235 5.
280 2208 336 2235 Nisi
359 2220 458 2235 merces
483 2214 551 2235 certa
582 2215 678 2236 statuta
707 2213 748 2237 sit.
779 2211 894 2238 Pretium
923 2218 1058 2240 statutum.

220 2250 278 2277 Gai.
296 2250 338 2276 111.
358 2254 415 2278 142.
436 2253 492 2278 162.
513 2252 541 2278 fr.
561 2254 584 2278 3
605 2253 641 2287 55.
665 2255 686 2280 l.
707 2264 745 2291 sq.
766 2254 795 2280 ΓΡ.
816 2256 839 2281 4.
866 2256 951 2282 mand.
974 2258 1014 2282 17.
1037 2258 1057 2282 l.

220 2293 250 2320 Si
277 2294 349 2319 linita
377 2295 411 2320 sit
437 2294 493 2321 dies
522 2300 617 2321 statuta
646 2297 671 2322 in
696 2298 822 2324 cautione.
852 2297 882 2325 fr.
906 2301 944 2325 15.
965 2309 1004 2335 pr.
1026 2299 1057 2325 de.

220 2336 304 2363 damn.
324 2336 368 2361 inf.
388 2338 428 2363 39.
447 2340 473 2363 2.
494 2352 525 2356 —
545 2339 576 2372 ξ.
597 2340 631 2365 2.
654 2340 870 2372 ordinarius,
891 2343 1058 2368 Solemnis.

219 2379 238 2406 l.
259 2380 320 2413 Sy.
339 2378 500 2414 Legitimum,
520 2380 652 2408 Statutum
676 2383 824 2419 (tempus.)
844 2383 874 2409 fr.
896 2385 933 2410 19.
959 2383 991 2410 de
1015 2386 1059 2410 mi-

219 2432 275 2448 nor.
296 2423 319 2447 4.
340 2423 362 2447 4.
400 2420 430 2446 11.
452 2423 518 2455 Op.
538 2423 653 2456 Statuta.
676 2442 704 2445 —
733 2425 946 2452 Fideieommissa
971 2426 1060 2457 (liber-

218 2465 279 2496 tas.)
299 2464 329 2491 fr.
348 2465 389 2490 27.
410 2464 430 2497 5.
455 2466 492 2490 10.
511 2464 542 2490 ad
563 2466 590 2493 L.
611 2467 657 2494 Iul.
679 2468 710 2494 de
730 2467 809 2494 adult.
830 2469 870 2494 48.
891 2470 913 2494 5.
929 2468 1058 2496 cf.fr.81.

219 2507 240 2540 5.
260 2508 283 2533 9.
304 2506 336 2533 de
355 2506 429 2542 legat.
449 2506 467 2532 1.
487 2507 553 2539 (30.)
578 2509 606 2534 ΓΡ.
626 2512 649 2537 1,
668 2521 707 2548 pr.
732 2511 762 2537 fr.
782 2513 804 2537 6.
825 2521 864 2547 pr.
884 2510 916 2537 de
942 2512 1057 2539 statulib.

217 2552 259 2576 40.
279 2551 302 2576 7.
323 2566 354 2569 ——
390 2549 432 2575 III.
448 2551 513 2576 Cn.
534 2549 636 2577 Gradus
651 2563 785 2580 munerum
804 2553 993 2591 honorumque,
1014 2557 1056 2592 qui

218 2593 362 2628 antiquitus
387 2593 477 2618 statuti
501 2597 570 2618 Sunt.
594 2593 624 2618 fr.
647 2596 671 2621 3,
697 2597 717 2629 ξ
743 2598 782 2622 15,
808 2596 839 2623 11?
858 2607 927 2623 mun.
948 2602 973 2623 et
993 2597 1054 2624 hon,

217 2636 258 2661 50.
273 2637 296 2661 4.
317 2635 443 2665 Comites.
464 2636 507 2671 qui
521 2640 582 2661 suut
594 2636 661 2662 intra
674 2642 798 2666 statutum
813 2650 955 2666 numerum.
970 2640 1000 2666 fr.
1014 2643 1054 2667 41.

217 2678 239 2712 ᾗ.
259 2680 282 2703 2.
308 2677 340 2704 de
366 2682 479 2704 excusat.
506 2679 547 2704 ⁵27.
569 2679 591 2704 l.
627 2678 704 2711 Eius,
728 2683 772 2717 qui
796 2684 900 2709 statutis
925 2683 1054 2709 sumtibus

217 2721 308 2749 servit.
327 2720 472 2754 (debitor.)
497 2731 517 2747 c.
536 2722 560 2746 3.
585 2720 618 2747 de
643 2731 774 2757 compens.
799 2727 822 2751 4.
842 2727 884 2752 31.
909 2725 940 2753 cf.
961 2726 991 2752 fr.
1011 2728 1051 2752 25.

217 2764 239 2797 5.
259 2764 298 2789 16.
319 2762 351 2789 de
369 2762 456 2789 hered.
476 2768 527 2800 pet.
548 2765 571 2789 5.
591 2765 615 2790 3.
636 2763 685 2790 Th.
701 2764 731 2790 C.
744 2765 788 2792 XI.
804 2769 826 2793 l.
840 2778 861 2794 c.
880 2770 922 2795 25.
942 2768 974 2795 de
993 2779 1050 2795 ann.

217 2810 243 2832 et
260 2805 349 2832 tribut.
386 2804 473 2832 Locus
487 2811 600 2833 statutus
614 2806 658 2840 [al.
672 2808 800 2842 statusve]
814 2809 979 2839 scholarium.
994 2822 1014 2839 c.
1026 2814 1050 2838 5.

1895 170 1958 199 909

1118 244 1140 278 5.
1162 245 1183 270 l.
1204 243 1236 270 de
1255 244 1297 271 off.
1319 255 1382 282 mag.
1407 246 1450 273 off.
1478 249 1499 274 l.
1519 250 1560 274 31.
1598 247 1683 286 Supra
1708 253 1832 275 statutum
1852 249 1956 277 modum

1119 288 1223 320 (usuras
1243 287 1383 324 stipulari.)
1404 288 1433 315 fr.
1452 291 1493 316 29.
1514 290 1546 317 de
1565 301 1635 318 usur.
1655 294 1696 317 22.
1718 293 1740 318 l.

1153 331 1371 357 stellatura.
1410 333 1548 359 Lucrum
1568 336 1740 367 iniustum,
1761 334 1848 371 (quod
1868 344 1954 371 eroga-

1118 377 1189 398 tores
1209 382 1368 399 annonarum
1382 374 1530 402 militarium
1545 376 1595 402 sibi
1610 377 1744 413 parabant,
1765 377 1884 404 deductis
1903 379 1955 404 sin-

1117 415 1184 451 gulis
1204 416 1395 452 portionibus.)
1432 416 1473 443 111.
1494 419 1560 445 Cn.
1585 418 1620 445 Vt
1645 430 1749 457 semper
1773 420 1885 448 dierum.
1908 430 1956 457 per

1117 468 1181 494 quas
1205 459 1358 485 resistentes
1382 459 1480 486 tribuni
1508 461 1674 489 emolumenti
1703 464 1782 499 gratia
1811 462 1956 489 solenniter

1117 500 1268 527 stellaturae
1287 503 1391 528 nominc
1411 509 1606 539 consequuntur
1624 507 1735 542 species,
1756 516 1807 532 non
1823 505 1898 532 aliter
1913 505 1954 531 ad-

1117 549 1238 570 aerentur
1257 549 1304 571 etc.
1325 544 1374 571 Th.
1395 544 1426 571 C.
1448 545 1501 572 Vll.
1520 548 1542 572 4.
1564 557 1584 573 c.
1598 549 1639 574 28.
1659 549 1680 582 5.
1697 550 1718 574 l.
1739 559 1759 575 c.
1772 551 1813 575 29.
1833 548 1866 574 de
1884 558 1953 584 erog.

1117 585 1169 612 mil.
1193 597 1250 613 ann.

1151 629 1408 657 Stellionatus.
1429 632 1535 658 Genus
1554 634 1706 659 criminis
1725 636 1953 670 indefinitum,

1115 672 1186 708 (quo
1208 673 1412 699 extraordinaria
1432 675 1581 711 persecutio
1601 675 1748 702 introducta
1769 682 1809 703 est
1827 677 1954 703 adversus

1116 714 1232 741 fraudem
1257 720 1282 741 et
1306 715 1458 749 fallaciam.)
1495 716 1537 743 111.
1559 718 1624 745 Gn.
1650 718 1822 746 Stellionatus
1846 720 1954 746 crimine

1115 762 1225 794 propter
1243 767 1315 784 suam
1336 758 1503 786 calliditatem
1524 759 1659 797 plectetur.
1680 761 1710 787 ΓΡ.
1726 764 1765 788 29.
1786 763 1808 796 5.
1825 765 1848 795 5.
1868 761 1952 788 mand.

1118 802 1157 826 17.
1184 802 1204 826 l.
1243 800 1428 828 Stellionatum
1452 802 1530 829 obiici
1555 813 1634 840 posse
1658 803 1712 835 his.
1736 805 1779 841 qui
1805 804 1866 831 dolo
1890 804 1954 841 quid

1115 842 1245 874 fecerunt3
1267 860 1295 863 —
1317 844 1418 870 scilicet
1438 846 1459 871 si
1479 845 1549 872 aliud
1569 847 1666 872 crime-n
1686 857 1737 872 nou
1755 848 1797 879 sit,
1818 847 1888 884 quod
1908 847 1953 873 ob-

1116 886 1230 912 iiciatur:
1260 886 1330 922 quod
1358 888 1425 913 enim
1454 889 1479 914 in
1507 889 1616 925 privatis
1640 889 1744 916 iudiciis
1769 895 1807 916 est
1832 890 1863 916 de
1891 890 1952 917 dolo

1116 929 1198 959 actio,
1218 928 1267 954 lioc
1287 930 1312 955 in
1333 930 1485 957 criminibus
1508 931 1675 958 stellionatus
1699 934 1847 969 persecutio
1879 933 1908 959 ΓΡ.
1927 935 1951 959 3.

1116 970 1137 1004 5.
1159 972 1180 996 1.
1205 971 1319 998 stellion.
1341 974 1380 999 47.
1401 976 1441 999 20.
1480 973 1653 1001 Stellionatus
1678 975 1802 1002 iudicium
1826 976 1953 1002 famosum

1116 1012 1221 1049 quidem
1241 1024 1292 1040 non
1313 1020 1365 1046 est,
1385 1016 1431 1042 sed
1451 1018 1636 1043 coercitionem
1662 1018 1892 1045 extraordinariam
1911 1018 1952 1045 lia—

1115 1055 1166 1082 bet.
1186 1056 1215 1082 1Ῥ.
1236 1059 1260 1082 2.
1281 1057 1313 1083 ib.
1334 1060 1376 1084 47.
1395 1062 1436 1084 20.
1457 1070 1477 1085 c.
1497 1061 1520 1085 3.
1542 1059 1598 1086 eod.
1618 1062 1642 1087 9.
1662 1062 1703 1087 34.
1723 1061 1754 1087 fr.
1777 1063 1815 1087 13.
1835 1062 1856 1095 5.
1877 1064 1900 1088 8.
1920 1061 1953 1087 (le.

1115 1098 1138 1124 h.
1159 1100 1203 1135 qui
1222 1104 1276 1126 not.
1296 1101 1341 1127 inf.
1360 1102 1384 1127 3.
1404 1103 1428 1127 2.
1465 1101 1610 1129 Tenebitur
1632 1105 1800 1140 pigneraticia
1824 1105 1953 1130 contraria

1114 1143 1224 1173 actione.
1242 1159 1273 1162 —
1293 1149 1396 1180 praeter
1414 1144 1600 1177 stellionatum,
1620 1156 1697 1182 quem
1717 1146 1784 1173 fecit.
1805 1146 1834 1173 ΓΡ.
1852 1149 1874 1174 l.
1892 1147 1913 1180 5.
1926 1148 1951 1173 2.

1114 1183 1145 1210 cf.
1166 1184 1196 1210 fr.
1218 1186 1256 1211 16.
1282 1186 1346 1219 5.1.
1371 1186 1401 1212 ΓΡ.
1419 1188 1461 1213 36.
1488 1197 1526 1224 pr.
1551 1187 1584 1213 de
1607 1190 1676 1225 pign.
1701 1194 1749 1215 act.
1771 1191 1809 1216 13.
1830 1191 1852 1216 7.
1877 1189 1907 1216 fr.
1928 1191 1950 1216 7.

1113 1227 1136 1261 5.
1158 1229 1178 1253 1.
1198 1228 1230 1254 ad
1250 1228 1316 1254 S.C.
1336 1228 1418 1266 Turp.
1438 1231 1479 1256 48.
1501 1231 1540 1256 16.

1147 1271 1326 1298 stemma.
1347 1274 1453 1299 Series
1472 1280 1691 1308 cognatorum.
1728 1274 1771 1301 ΙΠ.
1786 1276 1851 1302 Cn.
1867 1274 1950 1302 Stem—

1112 1318 1178 1339 mata
1199 1315 1381 1349 cognationum
1405 1315 1504 1342 directo
1530 1316 1612 1343 limite
1636 1318 1662 1343 in
1688 1317 1752 1344 duas
1777 1317 1858 1344 lineas
1877 1328 1950 1355 sepa-

1112 1361 1209 1382 rantur.
1235 1357 1264 1383 fr.
1285 1358 1307 1383 9.
1333 1357 1365 1384 de
1386 1358 1456 1394 grad.
1478 1363 1503 1385 et
1521 1358 1571 1386 adf.
1591 1361 1632 1386 38.
1655 1361 1693 1386 10.
1731 1361 1848 1387 Avorum
1873 1365 1951 1397 atque

1111 1400 1237 1426 maiorum
1260 1404 1403 1428 stemmata.
1435 1401 1485 1428 Th.
1506 1401 1538 1428 C.
1556 1402 1612 1429 XII.
1633 1404 1656 1429 1.
1686 1413 1707 1430 c.
1727 1404 1768 1430 89,
1792 1413 1831 1440 pr.
1853 1403 1885 1429 de
1908 1403 1950 1430 de·

1111 1452 1210 1469 curion.

1144 1486 1370 1518 Stephanus.
1407 1489 1523 1514 Nomen
1543 1490 1635 1514 servi.
1672 1487 1713 1514 111.
1730 1490 1796 1516 Gn.
1818 1488 1951 1526 Praelega-

1110 1529 1147 1554 vit
1167 1544 1198 1548 —
1219 1528 1396 1565 Stephanum,
1420 1540 1478 1556 cum
1497 1529 1609 1567 peculio.
1634 1530 1664 1557 ΓΡ.
1684 1532 1725 1558 39.
1749 1531 1770 1565 5.
1790 1534 1814 1558 4.
1834 1531 1892 1558 fam.
1913 1542 1950 1559 ei·-

1110 1572 1170 1597 eisc,
1193 1572 1232 1597 10.
1252 1573 1275 1597 2.

1143 1614 1377 1642 stercorare.
1414 1616 1444 1649 ἓ.
1460 1617 1494 1642 1.
1515 1618 1663 1644 Stercore
1681 1627 1795 1652 agrum
1817 1619 1948 1654 laetifi-

1108 1666 1188 1683 care.
1225 1656 1268 1684 111.
1286 1659 1352 1685 Gn.
1373 1657 1551 1689 stercorandi.
1572 1659 1614 1686 vel
1633 1659 1759 1697 pascendi
1779 1670 1855 1686 causa
1875 1662 1948 1693 (con-

1109 1701 1214 1730 stituta,
1238 1710 1258 1726 s.
1284 1706 1444 1737 comparata,
1468 1703 1589 1738 pecora.)
1614 1712 1635 1728 c.
1655 1704 1678 1729 2.
1704 1702 1736 1729 de
1761 1702 1791 1729 V.
1813 1703 1838 1729 S.
1862 1704 1885 1729 6.
1905 1704 1947 1730 38.

1109 1741 1180 1768 Paul.
1196 1742 1238 1768 111.
1253 1744 1275 1768 6.
1296 1743 1317 1776 5.
1330 1744 1372 1769 38.
1401 1743 1498 1770 Pecora
1517 1745 1631 1781 praediis
1650 1746 1793 1782 imponere,
1813 1747 1828 1772 i.
1843 1756 1863 1772 e.
1883 1751 1948 1773 ster-

1109 1794 1207 1811 corare.
1227 1784 1258 1811 ΓΡ.
1274 1787 1313 1811 14.
1334 1786 1354 1819 5.
1371 1787 1392 1812 1.
1413 1786 1445 1813 de
1464 1788 1524 1824 imp.
1545 1788 1571 1813 iu
1590 1797 1633 1814 res
1652 1787 1705 1814 dot.
1719 1790 1761 1814 25.
1777 1790 1798 1814 1.
1813 1788 1844 1815 cf.
1864 1788 1894 1815 fr.
1907 1791 1946 1815 17.

1108 1827 1128 1861 5.
1147 1829 1172 1853 2.
1193 1827 1225 1854 de
1243 1828 1274 1854 A.
1295 1828 1324 1854 E.
1344 1828 1375 1855 V.
1397 1831 1436 1856 19.
1458 1831 1480 1856 1.
1501 1846 1532 1849 -
1557 1831 1587 1864 §.
1606 1832 1642 1857 2.
1663 1832 1793 1857 Stercus
1811 1841 1947 1865 egerere.

1107 1869 1148 1896 111.
1165 1871 1230 1897 Cn.
1254 1870 1283 1896 Si
1307 1871 1441 1898 librarium
1464 1883 1508 1899 rus
1528 1874 1625 1905 mittat,
1645 1889 1678 1892 —
1701 1872 1744 1900 vel
1767 1873 1799 1899 de
1817 1873 1946 1910 palaestra

1107 1912 1284 1939 stercorandis
1306 1913 1357 1948 [al.
1377 1915 1600 1948 exstercorandis,
1625 1926 1646 1943 s.
1666 1915 1891 1951 distercorandis]
1913 1916 1947 1943 la-

1107 1957 1182 1982 trinis
1203 1962 1355 1992 praeponat.
1376 1957 1406 1984 fr.
1428 1960 1467 1984 15.
1488 1959 1551 1992 5.1.
1572 1958 1604 1985 de
1623 1958 1705 1985 usufr.
1726 1960 1749 1984 7.
1771 1961 1792 1985 1.

1140 1999 1409 2026 Sterculinum.
1447 2003 1697 2035 Receptaezclnm
1714 2003 1797 2037 fimi
1815 2008 1845 2028 et
1863 2008 1945 2028 ster-

1105 2044 1197 2068 coris.
1235 2042 1277 2068 Ill.
1291 2043 1358 2070 Cn.
1377 2042 1555 2070 Sterculinum
1570 2044 1613 2077 [al.
1628 2043 1824 2075 Sterculinium,
1838 2054 1859 2070 s.
1874 2044 1945 2071 Ster-

1105 2084 1259 2121 quilinium]
1285 2090 1310 2111 et
1331 2090 1480 2112 stramenta.
1506 2101 1537 2105 —
1561 2086 1617 2114 Nec
1639 2088 1762 2118 interest,
1791 2088 1817 2113 in
1839 2087 1945 2114 stabulo

1105 2129 1193 2158 iaceat.
1214 2138 1245 2153 an
1265 2138 1373 2154 acervus
1394 2130 1436 2154 sit.
1460 2129 1490 2155 ΓΡ.
1512 2131 1550 2155 17.
1571 2131 1593 2164 5.
1612 2132 1636 2156 2.
1656 2130 1689 2156 de
1706 2130 1737 2156 A.
1757 2129 1786 2156 E.
1808 2129 1839 2156 V.
1861 2132 1899 2156 19.
1922 2132 1943 2156 l.

1104 2169 1164 2196 Non
1188 2175 1273 2197 autem
1296 2176 1406 2208 propter
1433 2177 1610 2209 emponemata
1639 2177 1665 2199 et
1692 2172 1863 2199 sterculinum
1892 2172 1943 2207 [al.

1104 2213 1287 2247 stercolinum]
1308 2215 1373 2240 ratio
1393 2220 1534 2241 moveatur.
1554 2215 1601 2241 lul.
1616 2225 1656 2252 ep.
1674 2225 1733 2241 nov.
1754 2225 1774 2241 c.
1788 2217 1829 2242 58.
1848 2216 1869 2249 5.
1884 2218 1942 2242 202.

1138 2258 1303 2284 Stercus.
1345 2259 1470 2289 Fimus,
1500 2260 1716 2285 Excrementa
1742 2261 1941 2285 animalium.

1104 2299 1146 2325 ΠΙ.
1167 2301 1231 2327 Gn.
1259 2300 1367 2326 Stercus
1387 2300 1534 2326 animalium
1554 2301 1619 2338 (pro
1639 2310 1686 2327 suo
1706 2300 1801 2327 solatio
1821 2301 1942 2334 habere.)

1105 2352 1126 2369 c.
1147 2344 1169 2368 7.
1195 2342 1227 2369 de
1251 2353 1329 2369 cursu
1353 2342 1415 2379 pub.
1439 2344 1477 2368 12.
1496 2344 1537 2369 51.
1576 2343 1604 2370 Si
1633 2349 1735 2370 stercus
1761 2353 1808 2380 per
1833 2343 1942 2370 fundum

1104 2395 1188 2411 meum
1208 2385 1308 2411 tuleris.
1336 2384 1364 2411 fr.
1385 2387 1426 2411 22.
1451 2386 1472 2418 5.
1492 2387 1516 2412 3.
1542 2386 1592 2422 Qu.
1613 2387 1638 2412 vi
1658 2391 1702 2412 aut
1721 2385 1752 2412 cl.
1772 2387 1812 2412 43.
1832 2388 1874 2412 24.
1911 2386 1941 2413 Si

1104 2438 1168 2464 aqua
1188 2428 1271 2453 fluens
1292 2429 1341 2454 iter
1360 2437 1434 2454 suum
1455 2433 1571 2455 stercore
1590 2429 1759 2455 obstruxerit.
1781 2428 1810 2455 fr.
1830 2431 1854 2455 2.
1874 2429 1896 2462 5.
1915 2431 1940 2456 6.

1104 2470 1136 2497 de
1154 2480 1218 2506 aqua
1238 2475 1263 2496 et
1283 2480 1339 2506 aqu.
1360 2470 1395 2507 pl.
1409 2472 1449 2498 39.
1469 2473 1493 2498 3.
1529 2471 1657 2503 Plaustra,
1676 2472 1702 2497 in
1723 2472 1818 2507 quibus
1837 2477 1941 2498 stercus

1103 2514 1234 2539 evehatur.
1255 2513 1285 2539 fr.
1301 2515 1340 2539 12.
1360 2514 1436 2547 5.10.
1457 2514 1489 2540 de
1506 2515 1579 2540 instr.
1599 2513 1647 2550 leg.
1661 2515 1702 2540 33.
1717 2515 1740 2540 7.
1760 2513 1823 2540 Tab.
1838 2514 1941 2542 Heracl.

1102 2558 1142 2583 66,
1164 2566 1203 2592 sq.
1225 2566 1274 2582 aer.
1294 2556 1338 2582 ΒΡ.

1135 2599 1293 2625 Sterilis.
1313 2598 1442 2632 (Adiect.)
1461 2599 1492 2632 ξ.
1511 2601 1546 2625 l.
1567 2601 1724 2631 Fructus,
1744 2606 1800 2626 aut
1817 2603 1938 2634 prolem

1099 2651 1157 2667 non
1170 2642 1292 2676 ferens.
1329 2641 1348 2668 1.
1363 2643 1424 2676 Sy.
1444 2641 1632 2668 infructuosus.
1653 2641 1695 2668 Cf.
1716 2641 1740 2668 h.
1761 2653 1784 2669 v.
1805 2643 1827 2676 5.
1849 2645 1870 2669 l.
1895 2643 1937 2670 111.

1099 2685 1164 2711 Cn.
1183 2677 1297 2716 Sterilis,
1311 2684 1352 2710 vel
1367 2694 1487 2714 saxosus,
1502 2683 1543 2710 vel
1557 2684 1684 2720 pestilens
1698 2685 1832 2717 (fundus.)
1852 2686 1881 2712 fr.
1899 2688 1936 2712 13.

1098 2726 1130 2753 de
1149 2726 1202 2752 reb.
1223 2737 1275 2753 eor.
1297 2729 1340 2763 qui
1361 2737 1380 2753 s.
1402 2732 1449 2753 tut.
1464 2729 1505 2753 27.
1519 2729 1543 2753 9.
1581 2726 1646 2753 Tam
1666 2727 1765 2754 sterilis
1785 2730 1834 2761 (sc.
1855 2729 1936 2764 ager.)

1097 2774 1125 2796 ut
1143 2769 1231 2796 nullus
1250 2769 1352 2796 fructus
1372 2774 1499 2795 nascatur.
1521 2769 1550 2796 fr.
1572 2771 1611 2796 12.
1632 2771 1653 2804 5.
1673 2773 1696 2797 3.
1717 2771 1750 2797 de
1770 2772 1849 2797 usul'r.
1871 2773 1892 2796 7.
1913 2773 1935 2796 1.

1096 2811 1125 2839 Si
1145 2817 1235 2839 natura
1254 2818 1316 2839 ster.
1333 2814 1368 2839 sit
1381 2812 1507 2846 (mulier.)
1526 2813 1557 2839 fr.
1572 2814 1612 2839 14.
1632 2813 1653 2847 5.
1667 2815 1692 2840 3.
1712 2813 1745 2841 de
1758 2814 1843 2841 Aedil.
1858 2813 1934 2839 edict.
