2197 3121
1010 149 1104 180 OBS.

182 229 361 265 obsignentur.
383 229 413 256 fr.
427 231 449 256 7.
471 235 571 256 testam.
587 228 706 266 quemad.
721 239 790 266 aper.
801 230 843 255 29.
853 230 877 256 3.
898 229 1025 257 Pautlv.
1047 259 1048 270 ἵ

182 273 205 298 6.
227 273 265 306 99.
287 274 308 298 l.
329 282 368 308 sq.

216 315 449 349 obsignatio.
488 316 716 349 consignatio.
760 314 803 340 ΙΙΙ.
824 315 890 342 Cu.
918 315 1026 342 Denun-

182 358 316 387 ciationis.
341 362 366 384 et
391 358 595 394 obsignationis‚
620 357 849 394 depositionisque
873 358 1023 385 remedium.

181 410 201 426 c.
223 402 245 426 7.
267 400 299 426 de
318 405 386 437 pact.
407 402 451 426 int.
473 405 532 426 emt.
546 401 570 425 4.
585 401 625 426 54.
647 399 678 426 cl'.
699 410 720 426 c,
741 402 764 426 9.
786 400 818 426 de
837 399 915 426 solut.
930 403 953 427 ὅ.
966 403 1006 428 4-3.

216 444 419 470 obsistere.
463 444 494 476 §.
515 445 549 470 1.
580 444 760 475 Resistere,
792 444 960 476 Opponere
988 454 1024 470 se.

181 485 200 512 1.
216 487 277 520 Sy.
299 486 422 512 Obviare.
444 485 484 512 Cl'.
504 484 528 511 h.
549 495 572 511 v.
610 485 652 511 llI.
674 487 739 513 Cu.
765 485 818 520 Qui
837 495 957 512 nummos
976 486 1024 512 tibi

181 530 314 561 excussit,
341 533 368 555 nt
388 539 433 554 eos
453 528 519 554 alius
539 528 702 565 subriperet,
726 527 769 554 vel
788 527 892 554 obstitit
911 529 972 560 tibi,
996 534 1024 556 ut

180 571 246 598 alius
266 571 423 608 subriperet.
444 570 500 597 Gai.
515 571 557 597 111.
572 574 630 597 202.
668 571 765 597 Iniecta
785 581 862 597 manu
882 571 1022 603 obsistere,
1045 585 1046 595 κ

180 614 230 646 (ne
254 615 291 640 rei
319 614 493 646 auferantur.)
523 613 572 640 Th.
594 613 624 640 C.
644 614 689 640 IX.
714 616 755 639 40.
782 624 803 640 c.
826 615 864 640 15.
890 614 922 640 ‹le
946 625 1022 651 poen.

180 656 366 683 Huiuscemodi
387 658 554 683 tentamentis
572 656 647 683 decet
661 661 812 683 constanter
825 657 964 683 obsistere.
985 657 1022 684 lb.

178 699 237 726 XV.
261 702 280 726 1.
301 710 322 726 c.
343 701 366 726 7.
387 700 418 726 de
439 710 499 736 opp.
520 699 582 736 pub.
602 716 633 719 —
653 700 684 732 ᾖ.
703 701 738 726 2.
762 700 882 726 obesse.
920 700 938 726 1.
960 702 1022 735 Sy.

179 741 368 779 Impedimento
388 753 455 769 esse.
476 742 517 768 (ΣΙ.
537 753 560 768 v.
575 742 799 779 impedimentum.
820 743 877 776 9.1.
904 742 1021 770 Iltcn.

179 785 316 811 Intellecta
336 786 436 822 optimo
456 785 497 811 his
518 801 549 804 ——
569 784 724 813 obsistente,
745 790 770 811 et
790 795 841 811 non
862 786 1023 812 concedente
1043 792 1045 803 ²

179 833 226 854 etc.
247 839 268 854 c.
281 830 304 854 6.
325 828 358 854 de
378 829 437 854 inst.
459 833 484 854 et
503 827 587 854 snbst.
602 829 625 854 6.
639 829 680 853 25.
720 828 861 854 Obsistere
877 829 1021 855 commodis
1043 838 1044 842 ¹

177 871 292 907 publicis
307 887 338 890 -
359 881 411 897 non
431 876 544 907 possunt
563 870 711 907 (privilegia
728 870 905 907 dignitatum.)
925 871 974 898 Tb.
990 871 1020 898 C.

177 913 222 940 XI.
245 916 266 940 l.
288 924 308 940 c.
328 916 369 940 25.
390 913 422 939 de
441 923 534 939 annon.
554 918 580 939 et
599 913 688 939 tribut.

212 957 436 983 Obsonator.
484 957 638 982 Obsoniis
671 959 853 983 coemendis
885 959 1019 993 praefe-

178 1006 255 1026 ctus.
292 999 334 1025 Ill.
350 1001 416 1026 Cn..
436 998 628 1027 obsonatores,
648 1004 674 1025 et
692 1001 818 1031 vestiarii,
839 1005 864 1026 ct
884 1000 1020 1032 cellararii,
1041 997 1043 1032 l

178 1047 204 1068 et
228 1042 398 1070 cubicularii.
421 1046 446 1067 et
470 1042 574 1072 arcarii.
603 1047 628 1067 et
648 1043 725 1078 coqui
746 1048 794 1069 etc.
819 1044 904 1075 (inter
922 1044 1019 1070 urbana

177 1086 321 1111 ministeria
341 1085 534 1116 continentur.)
560 1083 632 1110 Paul.
653 1085 694 1111 Ill.
715 1087 738 1111 6.
759 1086 780 1119 9.
802 1088 841 1112 72.
863 1086 894 1113 cl'.
914 1086 957 1113 IV.
979 1089 1018 1113 14.

177 1128 199 1161 9.
220 1130 242 1154 l.
263 1127 292 1154 fr.
313 1129 354 1154 (35.
374 1137 412 1164 pr.
433 1127 465 1153 de
484 1126 560 1163 legat.
581 1127 623 1154 Ill.
644 1129 713 1160 (32.)
1041 1133 1043 1163 t

211 1170 427 1198 Obsonffum.
458 1171 488 1203 §.
503 1171 537 1196 l.
561 1172 738 1205 Quidquid,
756 1178 889 1205 praeter
905 1182 1018 1206 panem

176 1219 203 1240 el
223 1215 344 1245 vinum,
365 1214 429 1239 cibi
445 1216 565 1247 gratia
582 1220 733 1247 paratur.
771 1213 814 1240 III.
836 1216 902 1241 (711.
927 1214 956 1241 Si
976 1220 1019 1241 aut

176 1257 202 1282 in
221 1255 349 1286 obsoniis,
370 1255 418 1288 [al.
435 1256 573 1292 opsonio‚]
595 1261 638 1282 aut
657 1257 683 1282 in
704 1258 856 1292 unguentis,
877 1262 921 1283 aut
940 1259 966 1284 in
986 1259 1019 1284 ci-

175 1298 255 1324 bariis
275 1298 387 1324 familiae
407 1298 598 1335 (impenderit.)
618 1299 649 1325 fr.
668 1301 710 1325 31.
731 1300 752 1332 9.
769 1302 792 1325 9.
813 1300 844 1326 de
865 1299 951 1327 donat.
972 1302 1017 1327 int.

174 1340 206 1368 V.
225 1343 266 1367 24.
289 1343 311 1367 1.
332 1357 363 1360 —
385 1341 414 1373 §.
435 1343 470 1368 2.
497 1343 579 1368 Caro
596 1344 726 1376 publice
746 1345 937 1376 praebenda.
975 1343 1017 1370 III.

175 1385 241 1412 Cn.
263 1385 383 1420 Qnatuor
402 1383 483 1410 millia
498 1384 670 1410 obsoniorum
684 1401 715 1404 —
731 1385 822 1411 diurna
843 1386 1018 1419 (decernere.)
1040 1401 1042 1417 1

175 1426 356 1453 Obsoniorum
376 1427 514 1464 praebitio.
537 1427 585 1453 Th.
607 1427 637 1454 C.
657 1427 729 1454 XIV.
749 1430 772 1454 4.
793 1439 814 1454 c.
835 1431 875 1455 10.
895 1430 932 1463 99.
951 1431 974 1456 3,
994 1432 1017 1456 5.

174 1469 206 1496 de
226 1480 294 1496 suar.
314 1469 381 1496 Nor.
402 1469 458 1496 Val.
480 1469 521 1496 111.
542 1470 574 1496 de
593 1481 662 1497 suar.
681 1470 711 1496 II.
731 1472 771 1497 36.
793 1482 814 1497 c.
837 1473 857 1497 l.
878 1472 899 1505 §.
919 1474 943 1498 2.

208 1513 469 1540 obstaculum.
514 1514 795 1547 Impetiimemum,
820 1517 1018 1542 I’roltibitio.
1040 1515 1041 1524 ¹

173 1554 215 1581 111.
237 1557 302 1583 Cn.
323 1555 358 1581 Vt
377 1555 571 1581 absolutionem
591 1555 690 1582 codicis
706 1572 737 1576 —
757 1557 857 1583 nullum
877 1559 964 1594 possit
983 1559 1019 1584 in-

174 1597 264 1624 hibere
284 1598 457 1624 obstaculum.
479 1598 528 1624 Th.
549 1598 580 1626 C.
600 1598 618 1624 1.
639 1601 660 1625 l.
682 1610 703 1625 c.
724 1601 748 1625 b'.
775 1600 796 1633 9.
816 1602 840 1626 3.
861 1600 965 1633 (ch.)
986 1601 1018 1627 dc

174 1645 258 1667 const.
272 1640 314 1668 Pr.
335 1641 492 1678 interruptis
507 1642 657 1668 artificiosis
672 1641 826 1674 obstaculis,
846 1645 1017 1680 (comprimi.)

175 1682 212 1708 lb.
233 1683 262 1709 II.
283 1686 306 1710 5.
328 1694 348 1710 c.
369 1686 390 1710 l.
412 1684 444 1710 de.
463 1684 559 1711 domin.
580 1685 624 1710 rei.
662 1684 775 1711 Nostrae
794 1685 859 1722 legis
879 1686 1018 1713 obstaculo

174 1725 349 1759 (intercludi.)
369 1727 406 1753 lb.
426 1727 496 1753 XVI.
519 1729 558 1754 10.
578 1738 599 1754 c.
616 1729 655 1753 11.
676 1727 708 1754 dc
728 1737 818 1764 pagan.

208 1769 381 1797 obstare.
419 1771 449 1803 §.
466 1771 500 1797 1.
523 1772 645 1797 Contra
666 1773 805 1804 aliquem
825 1778 920 1798 stare.
942 1775 1017 1799 Adi-

173 1817 237 1836 tum
262 1813 290 1837 ei
313 1815 534 1845 praecludere.
570 1813 591 1839 Ι.
616 1815 677 1847 Sy.
707 1813 875 1840 Intervenit-e.
908 1815 1018 1852 Impedi-

173 1858 261 1879 mento
281 1864 340 1880 esse
359 1854 424 1880 aliis.
455 1856 476 1888 9.
499 1857 536 1882 13.
564 1856 582 1882 I.
608 1855 639 1881 de
659 1856 747 1882 hered.
769 1866 810 1892 qu.
832 1857 862 1882 ab
883 1859 927 1883 int,
948 1860 971 1884 ’3
995 1860 1016 1884 1.

173 1896 204 1922 fr.
224 1899 248 1922 4.
270 1898 290 1930 9
311 1900 335 1923 2.
355 1897 387 1923 de
407 1898 467 1923 bon.
488 1897 573 1924 libert.
593 1900 635 1924 35.
654 1901 678 1924 2.
715 1898 757 1924 111Δ
776 1901 841 1926 (711.
862 1900 953 1936 Neque
973 1901 1018 1927 ob-

172 1939 254 1965 stabit
267 1940 319 1969 alii.
339 1950 423 1976 neque
438 1942 494 1977 ipse
508 1940 666 1967 admittetur.
687 1940 717 1967 fr.
734 1943 755 1967 l.
776 1942 796 1975 9.
811 1946 834 1968 8.
855 1943 923 1969 unde
940 1954 1014 1980 cogn.

172 1983 214 2008 38.
228 1986 251 2008 δ.
281 1984 327 2008 Sui
348 1983 453 2019 quidem
474 1983 617 2009 obstabunt
637 1985 713 2010 matri
731 1985 795 2016 cius,
814 2002 839 2005 -
856 1991 1017 2023 matremque

173 2024 325 2051 excludunt.
345 2026 374 2051 sr.
389 2028 412 2051 2.
433 2026 455 2059 9.
470 2028 492 2051 (i.
513 2025 545 2052 ad
565 2026 590 2052 S.
600 2026 629 2052 C.
650 2026 721 2053 Tert.
741 2030 783 2053 38.
805 2030 844 2054 17.
882 2028 940 2055 Non
960 2035 1016 2067 pot-

173 2072 214 2092 est
237 2068 259 2093 is
284 2073 373 2104 petere
398 2070 436 2101 (c.
459 2073 475 2094 t.
496 2069 526 2094 B.
547 2068 657 2102 I'nem.)
684 2070 860 2107 fratribusque
885 2074 939 2098 suis
965 2083 1016 2099 non

175 2109 297 2136 obstabit.
318 2110 347 2137 sr.
368 2113 392 2137 3.
419 2112 440 2144 9.
461 2113 484 2137 9.
504 2112 536 2138 de
557 2112 616 2138 bon.
641 2112 728 2139 libert.
747 2115 788 2140 35.
808 2116 832 2139 2.
857 2114 887 2140 fr.
906 2118 930 2142 5.
950 2116 1015 2149 9.1.

175 2154 198 2178 si
216 2153 266 2179 tab.
287 2159 388 2180 testam.
409 2154 472 2180 null.
492 2156 533 2181 38,
553 2156 577 2181 6.
615 2155 669 2191 Qui
693 2166 743 2182 non
770 2156 858 2182 obstat
877 2158 933 2184 iure
953 2160 1016 2185 inte-

175 2196 249 2220 stati.
269 2197 324 2222 iure
343 2198 432 2223 testati
449 2197 583 2224 videbitur
602 2198 746 2225 obstitisse.
768 2199 797 2225 l'r.

174 2239 198 2263 6.
222 2236 328 2264 Patroni
346 2240 417 2266 lilius
437 2242 540 2276 patroni
561 2241 702 2278 nepotibus
718 2242 813 2268 obstat.
834 2242 1015 2279 prxt'll.

174 2282 198 2306 ’3.
219 2280 315 2306 XXIX.
335 2282 358 2307 3.
379 2298 411 2301 —
431 2284 462 2316 ᾖ.
483 2285 518 2310 2.
544 2285 776 2317 Impedimentu
801 2295 872 2312 esse.
910 2286 928 2313 1.
954 2289 1015 2322 Sy.

175 2322 286 2348 Nocere.
307 2323 417 2351 Obesse.
438 2325 478 2352 Cs.
498 2335 524 2351 v.
543 2326 653 2352 Nocere.
675 2327 696 2359 9.
710 2329 733 2352 2.
762 2326 861 2353 Locum
883 2339 941 2355 esse
961 2331 1016 2362 (ex-

175 2366 312 2401 ceptioni.)
332 2366 448 2402 Opponi,
468 2368 584 2395 Obstare
598 2370 814 2406 (exceptionem.)
834 2370 864 2397 fr.
878 2373 918 2398 27.
939 2373 976 2406 99
991 2364 1026 2399 5.'

175 2418 214 2443 sq.
239 2407 271 2434 de
294 2412 362 2444 pact.
386 2410 409 2434 2.
436 2411 474 2436 14.
502 2410 533 2437 fr.
560 2413 599 2438 17.
626 2422 665 2448 pr.
691 2412 723 2438 de
747 2412 770 2438 d.
792 2423 824 2438 m.
850 2424 903 2440 exc.
928 2417 969 2441 44.
990 2417 1013 2442 4.

174 2450 217 2476 111.
233 2452 298 2478 Gn.
312 2450 434 2479 Constat„
453 2461 476 2478 V.
491 2452 637 2481 Dicendum
658 2460 706 2487 est,
721 2471 751 2474 —
766 2466 813 2481 nec
827 2456 924 2488 obstat,
944 2458 1014 2494 quod

175 2499 224 2520 etc.
244 2493 274 2520 fr.
296 2495 335 2520 13.
356 2494 376 2527 9.
397 2496 421 2520 2.
446 2496 571 2522 commod.
596 2499 635 2524 13.
655 2500 678 2524 6.
703 2498 733 2525 fr.
753 2501 776 2525 5.
797 2510 835 2536 pr.
860 2510 908 2536 pro
933 2500 1013 2527 derel.

175 2538 215 2562 41.
234 2538 257 2562 7.
286 2536 342 2562 Nec
361 2536 511 2572 quidquam,
531 2548 551 2564 S.
566 2539 645 2573 Nihil,
666 2541 771 2568 obstare
785 2544 938 2579 (quominus
952 2545 1013 2577 etc.)

174 2579 205 2605 fl'·
225 2580 265 2604 33
286 2578 318 2604 de
337 2584 403 2615 Pact-
424 2582 448 2605 ‘2-
470 2581 508 2605 1⁴-
529 2580 559 2606 ΥΡ.
581 2584 620 2608 18.
639 2584 676 2617 99.
698 2587 736 2611 11.
753 2595 791 2622 sq.
813 2585 844 2611 de
865 2585 948 2612 damn.
969 2587 1012 2614 inf.

174 2624 215 2648 39.
235 2624 258 2647 2.
298 2620 365 2647 Vsui
384 2621 491 2658 publico
511 2622 579 2649 obst.
600 2624 630 2651 fr.
649 2628 674 2653 2.
693 2627 773 2660 917.
794 2638 826 2654 ne
845 2638 888 2664 qu.
909 2630 934 2655 in
954 2629 1013 2656 loco

175 2664 237 2702 pub.
258 2666 298 2689 43.
318 2667 342 2689 ὅ.
380 2664 408 2690 Si
434 2664 466 2691 de
484 2671 629 2702 prospectu
648 2674 688 2694 est
706 2670 755 2702 (sc.
776 2672 912 2701 servitus.)
933 2683 1014 2709 eaque

175 2708 225 2740 (sc.
245 2706 376 2738 aedilicia)
396 2706 530 2734 obstatura
551 2713 618 2734 sunt.
639 2709 668 2736 fr.
690 2712 728 2738 12.
748 2712 780 2739 de
800 2713 827 2740 S.
847 2713 874 2740 P.
896 2714 925 2741 V.
946 2718 970 2741 8.
989 2717 1013 2742 2.

177 2749 208 2775 cf.
228 2749 258 2776 [ι’.
278 2751 301 2775 6.
322 2759 360 2786 pr.
381 2750 403 2775 si
423 2751 512 2785 servit.
533 2752 556 2776 S.
576 2753 599 2776 5.
637 2751 800 2791 Vsucapere,
826 2757 875 2783 nisi
897 2757 1015 2784 obstaret

818 2201 840 2226 7.
862 2211 899 2237 pr.
920 2201 954 2227 ib.
973 2203 1015 2228 38.
1038 2203 1039 2231 l
1060 2212 1064 2217 '

178 2792 227 2819 lex.
248 2791 277 2818 fr.
297 2794 338 2818 33.
359 2802 396 2828 pr.
418 2792 450 2818 de
470 2803 558 2830 usurp.
578 2796 618 2821 41.
639 2796 663 2821 3.
700 2795 730 2822 Si
749 2799 857 2832 petiero.
878 2815 908 2819 —
930 2801 1015 2827 obsta·
1036 2794 1038 2803 Ι

1850 159 1914 189 649

1071 232 1110 258 bit
1128 232 1191 259 mihi
1211 234 1340 270 exceptio.
1366 233 1395 260 sr.
1415 236 1456 261 21.
1481 236 1503 268 §.
1524 237 1547 261 1.
1570 235 1602 262 dc
1622 246 1676 263 exc.
1696 238 1734 264 rei
1754 237 1806 264 ind.
1826 240 1867 265 44.
1886 242 1910 266 2.

1070 274 1098 301 In
1123 280 1206 302 totuin
1230 276 1391 303 obstaturam
1416 279 1640 315 (exceptionem.)
1664 279 1694 306 fr.
1718 282 1760 306 27.
1785 282 1806 315 9.
1831 284 1854 308 G.
1879 283 1911 309 de.

1070 323 1137 354 pact.
1157 320 1181 344 2.
1202 320 1242 344 14.
1280 319 1458 356 Exceptiones
1483 332 1515 348 ex
1534 331 1646 358 persona
1667 325 1773 350 emtoris
1792 325 1911 352 obiectae

1070 361 1092 387 si
1112 361 1224 388 obstant.
1246 361 1275 388 sr.
1294 364 1335 388 27.
1357 363 1388 389 de
1408 365 1529 390 eviction.
1548 366 1589 391 21.
1608 366 1633 390 2.

1104 404 1307 432 obstetrix.
1360 408 1505 438 Femina,
1535 417 1615 441 quae
1638 413 1909 442 parturientibus

1046 464 1047 482 1
1069 456 1153 480 opem
1173 449 1254 483 fert.
1289 447 1331 474 Ill.
1357 450 1422 476 (ἰι.
1450 448 1516 475 Tres
1541 449 1713 484 obstetrices,
1737 454 1864 490 probatae
1884 461 1910 483 et

1069 490 1131 515 artis
1152 495 1177 516 et
1194 490 1268 522 lidei,
1290 507 1319 510 -
1341 502 1396 517 eam
1416 493 1565 529 inspiciant.
1591 493 1619 519 fr.
1643 496 1665 520 l.
1685 505 1724 531 pr.
1748 497 1784 530 §§.
1805 499 1829 524 5.
1849 509 1908 536 sqq.

1068 531 1100 558 de
1124 533 1217 570 inspic.
1242 538 1341 560 ventre.
1365 536 1406 560 25.
1431 536 1453 560 4.
1484 534 1555 561 Paul.
1575 535 1605 561 H.
1630 539 1671 562 ⁸34.
1696 538 1732 571 99
1753 541 1776 566 S.
1802 551 1840 577 sq.
1879 542 1908 569 Si

1067 576 1143 601 vivus
1164 576 1279 613 perferte
1298 582 1374 603 natus
1388 591 1420 596 —
1436 579 1461 603 in
1481 578 1600 604 manibus
1620 579 1771 608 obstetricis
1785 583 1907 612 decessit.

1068 628 1088 643 e.
1108 620 1132 644 3.
1153 618 1185 644 de
1204 619 1292 656 posth.
1313 620 1400 646 hei-ed.
1418 622 1441 647 6.
1461 622 1502 646 29.
1540 620 1569 647 Si
1589 621 1718 650 obstetrix
1738 626 1908 655 medicamen-

1068 665 1120 687 tum
1141 660 1250 688 dedvrit.
1271 662 1301 688 sr.
1321 664 1345 689 9.
1365 673 1403 700 pr.
1424 664 1446 697 9.
1466 666 1487 690 1.
1508 663 1539 690 ad
1560 663 1587 690 L.
1608 665 1676 701 Aqu.
1692 668 1716 693 9.
1735 670 1758 694 2.

1101 704 1371 733 obstinaeims.
1409 706 1450 733 Ct'.
1470 716 1494 733 v.
1515 706 1681 734 Obstinatus.

1101 747 1326 775 obstinatio.
1365 751 1589 777 coutumacia.
1626 751 1668 777 111.
1684 754 1749 780 ίίι.
1769 755 1798 781 Si
1818 773 1849 776 —
1869 758 1906 785 di.

1066 799 1141 815 versa
1160 801 1221 827 pars
1241 798 1393 827 perseverat
1416 794 1441 819 in
1466 793 1555 820 eadem
1575 794 1761 823 obstinatione.
1788 809 1808 824 c.
1829 801 1852 825 5.
1874 801 1906 827 de

1066 832 1150 867 ingen.
1175 843 1285 859 manum.
1313 836 1334 860 7.
1363 837 1400 861 14.
1440 835 1583 863 Yiduarum
1608 838 1808 867 obstinationes.
1838 842 1905 870 Nov.

1066 873 1155 900 Maior.
1176 875 1208 901 de
1228 878 1381 903 sanctimon.
1402 878 1445 905 IV.
1465 880 1488 905 6.
1509 890 1530 905 c.
1553 881 1574 906 l.
1594 881 1615 914 9.
1635 884 1658 907 5.

1100 918 1332 946 Obstinatus.
1371 920 1499 954 (Partic.)
1537 924 1734 955 contumax,
1759 928 1905 955 Perseve-

1065 970 1147 987 rans.
1185 960 1203 986 I.
1218 963 1280 995 Sy.
1301 962 1432 990 Pertinax.
1453 964 1544 991 Tl1.C.
1558 965 1628 992 XVI.
1649 969 1671 993 5.
1693 978 1713 994 c.
1728 970 1751 994 6.
1772 979 1810 1006 pr.
1832 974 1905 998 025.

1065 1002 1097 1029 de
1116 1002 1212 1030 haeret.
1251 1004 1293 1030 111.
1315 1007 1381 1032 Cn.
1401 1007 1488 1033 Animi
1508 1008 1689 1037 obstinatioris
1708 1011 1845 1040 dementia.
1870 1014 1905 1042 Ib.

1065 1055 1085 1071 c.
1100 1047 1123 1071 6.
1139 1055 1176 1082 pr.
1198 1045 1214 1072 l.
1235 1046 1250 1073 l.
1281 1047 1421 1074 Obstinata
1441 1049 1484 1076 illa
1504 1053 1657 1087 pervicacia.
1677 1053 1826 1083 1b.X1.38.
1847 1061 1904 1084 c.1.

1065 1088 1097 1114 de
1116 1099 1188 1125 poss.
1208 1089 1239 1115 ab
1260 1100 1299 1116 eo.
1336 1090 1576 1120 Mathematicornm
1601 1095 1694 1122 callida
1718 1098 1861 1135 impostura
1881 1107 1904 1127 et

1065 1131 1196 1158 obstinata
1218 1132 1261 1166 [al.
1283 1133 1484 1165 obstinacitatis,
1505 1146 1525 1162 s.
1546 1137 1741 1173 obstinacitate]
1760 1145 1904 1178 persuasio.

1041 1165 1043 1171 '
1065 1174 1135 1201 con.
1155 1174 1208 1202 LL.
1229 1175 1262 1202 M.
1282 1176 1341 1203 xv.
1361 1180 1385 1204 -ε,

1099 1218 1340 1252 Obstrepere.
1367 1223 1519 1256 strepitu
1538 1226 1677 1250 turbare.
1707 1225 1748 1252 III.
1764 1229 1829 1255 Cn.
1844 1229 1905 1256 Vni.

1064 1262 1158 1297 cuique
1183 1261 1240 1288 loca
1265 1262 1416 1299 specialiter
1440 1264 1579 1302 deputata,
1601 1282 1630 1286 —
1655 1277 1688 1293 nc
1711 1268 1835 1307 discipuli
1854 1273 1904 1299 sibi

1063 1305 1175 1330 invicem
1194 1306 1299 1342 possint
1319 1306 1481 1344 obstrepere.
1502 1307 1551 1334 Th.
1573 1308 1603 1335 C.
1623 1309 1693 1337 XIV.
1713 1313 1736 1338 9.
1757 1324 1778 1339 c.
1795 1316 1819 1340 3.
1839 1315 1903 1348 9.1.

1064 1346 1096 1373 dc
1116 1347 1185 1374 stud.
1206 1348 1306 1375 liberal.
1327 1349 1383 1376 urb.
1403 1350 1434 1376 R.

1098 1391 1356 1425 Oltstringcre·
1394 1395 1623 1430 Adstringere.
1645 1399 1825 1431 Subiicere,
1847 1403 1905 1428 Oh-

1063 1436 1178 1468 ligare.
1215 1433 1233 1460 I.
1247 1438 1308 1468 ›Sy-
1328 1434 1525 1473 Consti-ingere.
1547 1437 1588 1464 Cf.
1609 1439 1632 1466 h.
1647 1449 1670 1466 v.
1691 1441 1712 1474 9
1727 1442 1750 1467 3.
1771 1442 1904 1479 Obligare.

1064 1476 1105 1503 Cf.
1130 1476 1155 1503 h.
1180 1487 1204 1503 V.
1229 1478 1310 1510 99.1.
1330 1479 1354 1504 3.
1397 1478 1577 1516 Compellere,
1601 1481 1733 1519 Adligare.
1757 1483 1787 1511 sr.
1806 1487 1848 1512 38.
1873 1487 1906 1513 de

1064 1529 1112 1546 usu
1132 1524 1157 1545 et
1176 1520 1258 1546 usutr.
1279 1520 1327 1556 leg.
1347 1522 1388 1547 33.
1408 1524 1430 1548 2.
1451 1522 1481 1548 l'r.
1500 1525 1540 1549 14.
1561 1523 1598 1557 99
1613 1526 1635 1550 5.
1652 1527 1673 1551 7.
1694 1526 1726 1552 ad
1746 1526 1771 1554 S.
1781 1527 1810 1554 C.
1826 1528 1905 1556 Treb.

1062 1564 1103 1588 36.
1126 1564 1147 1588 1.
1177 1562 1226 1589 Th.
1252 1562 1282 1589 C.
1307 1563 1364 1590 ΧΗ.
1392 1567 1412 1590 1.
1438 1575 1458 1591 c.
1485 1567 1542 1592 134.
1568 1566 1600 1592 de
1624 1567 1756 1595 decurion.
1799 1570 1904 1605 Teucri,

1063 1605 1176 1637 Debere,
1197 1605 1343 1642 Obstringi.
1364 1606 1393 1632 sr.
1416 1608 1454 1633 16.
1476 1607 1508 1634 de
1527 1609 1603 1635 cond.
1623 1610 1682 1637 furt.
1705 1614 1744 1638 13.
1766 1614 1786 1638 1.
1812 1613 1842 1641 fr.
1863 1617 1903 1641 19.

1062 1658 1100 1685 pr.
1122 1649 1144 1681 9.
1163 1650 1186 1674 2.
1208 1648 1240 1674 de
1260 1654 1343 1675 const.
1364 1660 1420 1687 pec.
1442 1652 1481 1676 13.
1502 1653 1525 1677 5.
1549 1652 1579 1678 sr.
1601 1655 1640 1679 12.
1661 1653 1692 1680 de
1712 1655 1798 1682 donat.
1818 1658 1859 1683 39.
1879 1660 1903 1684 5.

1062 1691 1104 1717 Ill.
1122 1693 1188 1719 Gn.
1209 1691 1346 1728 Obstringi
1367 1694 1526 1719 conscientia
1547 1694 1669 1727 (alicuius
1689 1697 1818 1731 sceleris.)
1838 1710 1859 1726 c.
1879 1704 1902 1727 2.

1064 1734 1114 1769 Qu.
1135 1739 1237 1760 testam.
1257 1734 1304 1760 fac.
1324 1744 1348 1771 p.
1363 1736 1386 1760 6.
1401 1736 1442 1761 22.
1480 1736 1508 1762 Si
1529 1746 1581 1763 non
1600 1738 1679 1765 fidem
1698 1749 1770 1767 suam
1790 1741 1904 1769 obstrin-

1062 1778 1108 1803 xit.
1134 1787 1155 1803 c.
1177 1778 1199 1802 l.
1224 1787 1256 1802 ne
1281 1776 1317 1803 til.
1342 1787 1390 1813 pro
1414 1783 1494 1814 patre.
1520 1781 1543 1805 4.
1570 1782 1608 1806 13.
1652 1781 1825 1811 Caerimoniis
1848 1787 1903 1813 suis

1063 1819 1182 1845 obstricti
1203 1818 1323 1851 (Iudaei.)
1345 1819 1393 1846 Th.
1415 1820 1443 1846 C.
1465 1820 1535 1847 XVI.
1556 1826 1579 1848 δ.
1606 1833 1627 1849 c.
1648 1826 1688 1851 13.
1708 1826 1740 1852 de
1760 1826 1813 1854 Iud.
1853 1828 1903 1856 Ne-

1063 1863 1185 1888 cessitate
1209 1862 1354 1888 obstrictus
1380 1873 1439 1889 esse
1464 1864 1673 1901 (relinquendi.)
1701 1868 1731 1895 sr.
1751 1871 1792 1896 54.
1817 1871 1848 1897 ad
1872 1871 1902 1899 L.

1062 1904 1130 1931 Falc,
1150 1906 1192 1930 35.
1211 1907 1235 1930 2.
1273 1904 1314 1930 An
1335 1905 1411 1932 liceat
1430 1907 1452 1932 ei
1472 1906 1623 1941 discedere,
1644 1926 1674 1929 —
1695 1922 1726 1937 an
1746 1923 1808 1939 vero
1828 1917 1903 1951 quasi

1062 1948 1141 1974 torma
1167 1947 1276 1984 quadam
1301 1948 1445 1975 obstrictus
1469 1950 1520 1976 sit?
1544 1950 1574 1977 fr.
1597 1953 1622 1978 3.
1648 1953 1668 1986 9.
1689 1955 1712 1980 3.
1738 1955 1770 1982 de
1794 1967 1852 1994 app.
1878 1964 1903 1984 et

1062 1990 1134 2017 relat.
1154 1992 1195 2016 49.
1218 1992 1239 2016 l.
1277 1990 1344 2017 Cum
1370 2001 1413 2017 eas
1433 1992 1553 2019 virilibus
1573 1993 1669 2022 officiis
1693 1996 1777 2034 fungi.
1801 2005 1826 2026 et
1847 2002 1902 2027 eius

1061 2034 1164 2069 generis
1184 2032 1389 2069 obligationibus
1410 2035 1551 2072 obstringi.
1572 2039 1641 2067 (non
1661 2041 1695 2065 sit
1715 2043 1850 2077 aequum.)
1870 2043 1901 2070 fr.

1061 2079 1084 2103 2.
1105 2077 1126 2110 9
1150 2078 1171 2102 1.
1192 2076 1224 2102 ad
1243 2076 1310 2103 ss.
1331 2076 1424 2104 Vellei.
1447 2080 1485 2104 16.
1508 2081 1530 2105 1.
1568 2078 1627 2106 Non
1647 2084 1731 2108 omnia
1747 2099 1777 2102 —
1793 2084 1902 2121 collegia

1061 2120 1221 2145 vacationem
1242 2119 1380 2146 tutelarum
1402 2121 1511 2151 habent.
1536 2125 1655 2159 quamvis
1678 2126 1829 2153 muneribus
1848 2138 1901 2154 mu-

1062 2162 1219 2199 nicipalibus
1240 2162 1366 2189 obstricta
1387 2175 1438 2191 non
1459 2167 1518 2191 sint.
1539 2166 1570 2192 fr.
1587 2168 1625 2192 17.
1646 2168 1666 2200 9.
1680 2169 1704 2194 3.
1725 2168 1757 2195 de
1772 2176 1899 2196 excusatt.

1062 2207 1101 2231 27.
1122 2207 1144 2231 1.
1181 2205 1314 2232 Interdum
1337 2207 1438 2233 animus
1463 2208 1536 2234 solus
1557 2219 1614 2235 eum
1634 2209 1781 2247 obstringet
1800 2212 1899 2239 heredi-

1060 2249 1114 2274 tati.
1140 2248 1169 2274 sr.
1189 2250 1230 2273 21.
1255 2248 1276 2281 9.
1299 2250 1320 2274 l.
1346 2249 1375 2275 sr.
1396 2252 1437 2276 22.
1462 2251 1494 2277 de
1517 2251 1548 2277 Α.
1574 2261 1597 2277 v.
1623 2251 1656 2278 Ο.
1680 2252 1710 2279 Η.
1734 2256 1776 2280 29.
1800 2257 1823 2281 ⁸2.
1861 2254 1899 2285 Si,

1061 2301 1118 2317 cnm
1138 2290 1203 2316 alius
1223 2296 1328 2326 rogatus
1348 2293 1390 2323 sit,
1411 2292 1477 2319 alius
1496 2293 1701 2321 fideicommisso
1715 2296 1898 2333 obstringatur.

1060 2333 1090 2359 fr.
1112 2335 1168 2359 105.
1187 2333 1208 2366 9.
1226 2335 1264 2359 14.
1285 2333 1317 2359 de
1337 2334 1411 2367 legat.
1432 2335 1449 2361 1.
1465 2337 1531 2369 (30.)
1564 2336 1760 2373 Obligationuin
1780 2339 1899 2366 substan-

1060 2377 1093 2402 tia
1113 2392 1145 2395 —
1165 2377 1295 2407 consistit,
1316 2392 1347 2396 —-
1372 2382 1399 2403 ut
1424 2377 1502 2405 alium
1525 2379 1602 2406 nobis
1622 2381 1768 2416 obstringat
1787 2381 1819 2407 ad
1839 2382 1899 2409 dan-

1059 2419 1121 2445 dum
1145 2418 1244 2455 aliquid
1268 2424 1315 2445 cte.
1344 2419 1374 2446 fr.
1394 2422 1417 2446 3.
1443 2432 1481 2458 pr.
1507 2422 1539 2449 de
1559 2423 1591 2450 Ο,
1618 2429 1643 2449 et
1662 2424 1694 2449 A.
1718 2425 1758 2449 44.
1785 2425 1807 2450 7.
1845 2425 1899 2460 Qui

1059 2462 1195 2498 pecuniam
1215 2461 1338 2487 creditam
1358 2469 1529 2500 accepturus·
1555 2465 1699 2502 spopondit
1719 2466 1842 2494 crpdstori
1862 2467 1899 2495 fu-

1058 2509 1126 2535 turo,
1147 2505 1172 2530 in
1192 2509 1323 2540 potestate
1342 2504 1430 2539 habet,
1450 2518 1482 2534 ne
1501 2508 1654 2544 ncc1piendo
1673 2518 1702 2534 sc
1717 2509 1766 2541 (ei)
1786 2509 1898 2537 obstrin-

1058 2552 1107 2582 gat.
1128 2547 1156 2573 fr.
1176 2549 1217 2572 30.
1237 2547 1270 2573 de
1288 2546 1318 2573 R.
1340 2548 1369 2575 C.
1392 2552 1431 2577 12.
1452 2552 1474 2577 1.
1513 2550 1682 2576 Interdictum
1702 2549 1779 2577 Ynde
1798 2551 1832 2579 Vi
1857 2564 1898 2580 co-

1058 2589 1120 2615 lono
1140 2591 1353 2626 competiturum.
1374 2593 1512 2629 ipsumque
1531 2592 1611 2618 simili
1629 2592 1769 2620 interdicto
1788 2594 1897 2623 locatori

1059 2632 1214 2658 obstrictum
1240 2632 1303 2659 fore.
1328 2634 1358 2660 i’r.
1380 2637 1418 2661 12.
1445 2635 1477 2661 de
1500 2637 1525 2661 vi
1550 2640 1575 2661 ct
1594 2636 1619 2660 vi
1639 2645 1700 2662 arm.
1720 2638 1761 2663 43.
1782 2639 1821 2664 16.
1859 2639 1897 2665 Iu-

1059 2675 1144 2705 diens,
1160 2689 1189 2693 -
1210 2681 1253 2701 aut
1272 2677 1488 2713 stipulationibus
1500 2693 1530 2696 —
1545 2677 1690 2704 obstrictus
1709 2680 1823 2707 manebit
1842 2681 1898 2715 (he-

1059 2717 1126 2749 res.)
1147 2716 1177 2743 fr.
1197 2718 1238 2743 36.
1259 2718 1291 2744 ad
1310 2719 1374 2746 SC.
1396 2719 1474 2746 Treb.
1493 2720 1534 2745 36.
1557 2721 1578 2745 1.
1604 2719 1636 2747 cf.
1660 2719 1690 2747 fr.
1710 2724 1751 2749 45.
1775 2733 1823 2760 pro
1842 2734 1895 2750 soc.

1036 2783 1037 2786 ,
1061 2761 1100 2785 17.
1114 2761 1138 2785 2.
1159 2759 1188 2786 sr.
1203 2761 1244 2786 60.
1265 2761 1297 2787 (le
1312 2762 1342 2788 lt.
1362 2762 1380 2788 I.
1401 2764 1441 2788 50.
1463 2764 1502 2788 17.
1540 2762 1569 2788 Si
1589 2762 1735 2796 diviserint,
1749 2767 1821 2792 —in
1840 2777 1896 2804 par-

1060 2808 1100 2828 tes
1120 2803 1241 2829 obstricti
1261 2809 1343 2831 erunt.
1364 2804 1394 2830 sr.
1413 2806 1455 2830 22.
1475 2804 1565 2842 depos.
1588 2806 1627 2832 16.
1646 2807 1669 2833 3,

1419 2849 1452 2874 82
