2197 3121
1019 167 1114 199 CAR.

203 258 253 280 tur.
281 253 311 279 sr.
326 254 348 279 l.
369 253 390 286 5.
406 254 428 279 7.
449 251 480 279 cs.
500 251 537 285 99.
550 252 574 277 3.
589 260 647 287 sqq.
667 249 699 276 de
718 249 816 287 postul.
835 250 859 276 3.
875 251 897 276 1.
928 248 1041 286 Propter

203 296 230 323 id
249 300 326 333 caput
346 295 438 327 edicti,
459 294 529 331 quod
548 304 561 320 a
580 293 679 320 Iuliano
700 293 877 319 introductum
897 297 944 318 cst..
965 291 995 318 fr.
1015 294 1039 318 3.

202 339 236 366 de
250 340 368 375 coniung.
390 349 410 365 c.
431 347 527 364 emanc.
547 338 588 362 37.
602 338 626 362 8.
655 335 742 373 Caput
755 346 787 362 ex
806 336 935 372 rescripto
955 334 1041 368 (Prin-

203 383 294 419 cipis).
333 381 397 418 Cap.
422 391 453 407 ex
476 379 604 406 mandatis
629 383 677 405 etc.
711 379 740 405 fr.
763 381 785 405 l.
809 388 849 415 pr.
876 377 909 403 de
936 382 1038 403 testam.

201 424 277 451 milit.
297 426 338 451 29.
363 426 384 450 Ι,
417 423 447 449 1“1·.
466 425 508 449 27.
532 422 555 455 9.
578 424 602 448 2.
627 421 659 448 de
683 432 759 459 poen.
783 423 824 447 48.
846 422 885 447 19.
909 420 939 446 sr.
962 422 983 446 1.
1008 420 1040 446 de

202 467 297 494 interd.
317 471 342 493 et
361 465 439 502 releg.
459 466 500 491 48.
519 467 561 491 22.

239 510 373 537 Carbo.
422 509 526 543 Ligni
553 509 707 544 frustum
743 508 818 542 igne
846 512 1038 540 percoctum.

202 552 244 579 III.
264 554 329 580 Cn.
361 551 441 588 Ligna
462 555 487 577 et
506 550 646 582 carbones,
673 554 825 585 caeteraque
844 558 891 585 per
911 558 976 585 quae
996 559 1039 585 pe-

202 605 251 622 nus
272 595 453 621 conficeretur.
472 592 502 619 fr.
514 595 537 619 3.
552 593 574 626 9
585 595 608 619 9,
629 593 661 619 (16
679 602 748 629 penu
762 592 809 628 leg.
828 594 870 618 33.
884 593 907 618 9.
936 591 1039 628 Virgae,

203 638 339 669 carbones,
359 636 444 663 nuclei
463 636 599 665 olivarum.
619 635 714 672 quibus
734 634 766 661 ad
785 634 882 661 nullam
896 634 972 660 aliam
986 644 1039 660 rem

201 682 253 708 nisi
273 681 305 707 ad
324 678 527 707 comburendum
546 679 633 715 possit
651 678 695 704 uti.
715 677 745 703 fr.
765 679 805 704 55.
826 678 847 711 9.
868 679 891 703 l.
911 677 943 703 de
963 677 1038 713 legat.

201 724 244 750 ΙΙΙ.
264 724 331 757 (32.)
369 723 421 758 Qui
441 721 534 748 silvam
553 720 692 752 infindunt,
712 721 756 756 qui
775 720 914 746 carbonem
929 720 1040 746 caedunt

201 777 231 793 ac
251 771 358 793 torrent.
384 765 414 792 fr.
428 766 451 791 6.
473 765 504 791 dc
524 766 579 791 iure
597 765 702 790 immun.
723 765 763 788 50.
777 764 801 789 6.
822 763 853 789 ct'.
873 762 903 790 fr.
919 765 958 789 17.
979 764 1000 797 9.
1015 764 1038 789 6.

201 810 234 836 (16
259 810 290 836 A.
314 809 344 836 E.
369 808 400 835 V.
427 809 466 834 19.
487 809 509 833 l.
538 806 568 833 fr.
587 808 629 833 55.
653 807 674 840 5.
696 807 719 832 7.
749 805 875 842 delegat.
899 805 942 831 HI.
962 806 1037 839 (32.)

201 852 375 879 Sordidorum
394 860 530 877 munerum
548 849 608 876 talis
628 850 749 886 exceptio
769 849 816 881 sst,
840 864 872 868 —
898 849 1038 880 materiam,

200 895 299 931 lignum
318 904 370 921 non
388 893 545 931 praebeant,
565 909 597 912 —
618 892 739 919 carbonis
763 902 868 928 quoque
888 908 918 912 —
938 891 1040 928 praebi-

201 939 238 964 tio
266 937 384 964 desistat.
418 936 467 963 Th.
492 935 522 962 C.
546 935 591 962 XI.
618 936 658 961 16.
684 945 705 961 c.
732 936 772 961 15.
799 945 820 961 c.
846 936 885 962 18.
917 934 950 961 de
973 939 1038 961 extr.

200 991 222 1007 s.
243 980 313 1007 sord.

237 1022 503 1051 Carbonarius.
541 1020 583 1047 Cf.
603 1031 627 1047 v.
648 1019 834 1047 Charonarius.

237 1065 511 1094 Carbonianus.
532 1063 661 1098 (Adiect.)
681 1065 728 1090 Ad
745 1065 912 1099 singulum
925 1064 1039 1089 Edicti

198 1110 353 1144 perpetui
372 1114 470 1142 capu!
489 1113 652 1141 spectum,
672 1109 754 1140 quod
770 1117 786 1133 a
807 1108 950 1133 Carbone
969 1116 1039 1140 quo-

199 1155 267 1179 dam
295 1160 403 1177 nomen
431 1152 566 1184 aceepit.
603 1149 645 1175 ΙΙΙ.
665 1151 730 1177 Cn.
760 1149 911 1176 Secundum
930 1148 1038 1175 formam

200 1194 279 1221 edicti
298 1193 458 1220 Carboniani
477 1192 536 1219 data
555 1192 585 1218 B.
599 1191 627 1218 P.
648 1202 669 1218 c.
684 1194 706 1218 1.
720 1202 759 1228 sq.
780 1192 812 1218 de
832 1191 946 1218 Carbou.
961 1191 1038 1217 edict.

199 1238 224 1263 6.
245 1238 285 1263 17.
305 1236 335 1262 l'r.
356 1237 378 1262 1.
399 1236 436 1270 99.
455 1238 479 1262 2.
500 1245 558 1272 sqq.
579 1237 602 1261 7.
623 1244 680 1271 sqq.
709 1234 740 1261 fr.
759 1237 783 1261 2.
804 1235 834 1261 fr.
853 1236 878 1261 3.
897 1244 936 1271 pr.
957 1234 994 1268 55.
1014 1236 1038 1260 2.

198 1289 258 1316 sqq.
283 1278 313 1305 fr.
334 1280 357 1305 7.
382 1278 403 1312 5.
425 1280 446 1304 l.
471 1278 501 1304 fr.
522 1280 562 1304 ll.
588 1277 646 1304 eod.
665 1279 706 1304 37.
727 1280 767 1304 10.
805 1278 834 1304 Β.
856 1277 883 1303 P.
904 1276 936 1303 ad
955 1286 1039 1303 exem·

198 1322 272 1360 plum
291 1321 459 1348 Carboniani.
489 1320 519 1347 fr.
539 1323 563 1347 4.
588 1320 623 1347 ib.
646 1322 688 1348 37.
710 1323 750 1347 10.
787 1320 979 1347 Carbonianam
998 1329 1039 1345 so·

198 1365 249 1391 lam
268 1366 410 1402 accepisse.
439 1363 470 1389 fr.
489 1366 513 1390 2.
538 1364 621 1397 5.12.
646 1363 678 1390 ad
702 1363 729 1389 S.
750 1363 780 1390 C.
802 1363 913 1390 Tertull.
935 1364 977 1389 38.
998 1364 1037 1388 17.

199 1406 359 1434 Carboniani
378 1406 542 1433 commodum
561 1406 664 1433 habere.
696 1406 725 1432 fr.
748 1408 769 1432 1.
790 1407 812 1441 5.
831 1408 856 1433 2.
880 1406 915 1432 ib.
934 1407 976 1432 37.
998 1408 1038 1432 10,

197 1450 342 1477 Decretum
367 1449 576 1481 Carbonianum,
600 1460 624 1476 v.
650 1449 682 1476 ad
705 1449 853 1486 exemplum
877 1448 1037 1475 Carboniani

199 1493 287 1519 edicti.
320 1492 351 1519 fr.
371 1495 394 1519 7.
414 1502 453 1530 pr.
473 1492 510 1526 99.
530 1493 554 1519 4.
574 1494 597 1519 6.
617 1502 657 1529 sq.
677 1492 711 1519 ib.
730 1494 772 1519 37.
794 1494 833 1518 10.
853 1491 884 1518 fr.
903 1493 927 1518 2.
947 1502 985 1528 pr.
1006 1491 1038 1518 de

198 1536 293 1573 inspic.
313 1540 413 1562 ventre.
433 1537 475 1561 25.
495 1536 518 1561 4.
547 1535 578 1562 fr.
600 1537 621 1563 1.
642 1536 663 1569 5.
685 1537 725 1562 14.
750 1535 783 1561 de
807 1540 900 1561 ventre
919 1535 945 1561 in
963 1544 1036 1572 poss.

198 1580 240 1605 37.
259 1580 283 1605 9.

234 1622 387 1648 Carcer-
430 1622 533 1647 Locus
557 1624 597 1648 ad
618 1624 830 1649 continendos
854 1623 976 1648 noxios.
1019 1619 1037 1646 Ι.

200 1665 261 1699 Sy.
288 1663 318 1690 In
331 1663 434 1690 vincula
453 1663 585 1700 (publica)
606 1665 708 1696 coniici,
727 1674 751 1691 v.
772 1664 832 1691 duci
846 1664 943 1690 iubere.
975 1663 1038 1690 Car-

201 1708 267 1733 ceris
286 1716 397 1744 poeuam
416 1707 555 1733 sustinere.
584 1706 656 1733 Paul.
676 1706 707 1734 V.
727 1709 768 1734 26.
793 1707 874 1741 99.1.
895 1718 934 1744 sq.
962 1707 991 1734 sr.
1011 1708 1035 1733 3.

201 1749 233 1776 de
253 1754 318 1776 cust.
338 1754 363 1775 et
382 1749 468 1775 exhib.
490 1760 557 1776 reor.
577 1751 617 1776 48.
637 1752 662 1776 3.
700 1749 811 1776 Vinctos
831 1751 972 1777 custodire.
1009 1750 1037 1776 In

201 1802 304 1819 carcere
324 1802 382 1818 esse
400 1792 498 1818 iubere.
527 1792 558 1818 fr.
577 1794 619 1819 27.
640 1793 661 1826 5.
681 1794 705 1819 2.
725 1793 757 1819 de
777 1803 853 1830 poen.
873 1795 914 1820 48.
938 1795 976 1820 19.
1007 1793 1036 1819 fr.

199 1836 224 1862 6.
244 1835 266 1869 9
288 1836 310 1861 l.
330 1834 363 1861 de
381 1834 474 1860 interd.
495 1839 520 1861 et
538 1834 617 1871 releg.
637 1836 678 1861 48.
697 1837 739 1861 22.
778 1835 820 1862 ΙΙΙ.
846 1838 911 1863 Gn.
936 1836 977 1862 De
997 1846 1037 1861 cu-

199 1877 286 1904 stodia
306 1887 409 1903 reorum
424 1876 530 1903 Procos.
551 1879 687 1903 aestimare
706 1877 783 1909 solet,
803 1883 889 1904 utrum
909 1880 934 1904 in
955 1888 1038 1905 carce-

199 1930 254 1947 rem
273 1919 424 1957 recipienda
443 1921 478 1945 sit
490 1929 612 1956 persona,
631 1930 662 1946 au
676 1920 753 1946 militi
768 1920 901 1953 tradenda,
920 1921 962 1947 vel
976 1921 1038 1947 fide-

199 1963 349 1990 iussoribus
369 1962 563 1994 committenda,
583 1962 624 1989 vel
645 1964 722 1989 etiam
741 1963 800 1990 sibi.
826 1963 856 1990 sr.
877 1965 899 1990 1.
920 1963 951 1990 (16
971 1968 1036 1990 cust.

199 2011 226 2032 et.
244 2006 302 2032 exll.
322 2008 363 2032 48.
382 2007 406 2031 3.
438 2004 468 2031 cf.
489 2005 519 2031 l'r.
541 2007 580 2031 13.
605 2006 627 2039 9.
646 2008 670 2031 5.
695 2006 727 2032 (le
745 2005 776 2032 R.
796 2006 829 2032 M.
849 2008 890 2032 48.
914 2008 952 2032 16.
991 2006 1038 2033 So-

198 2049 254 2075 lent
273 2048 410 2075 Praesides
431 2049 458 2074 in
477 2058 580 2074 carcere
600 2048 773 2075 continendos
793 2049 928 2081 damnare,
948 2054 991 2075 aut
1010 2055 1037 2076 ut

198 2093 226 2118 iu
244 2091 357 2118 vinculis
378 2092 568 2117 contineantur.
598 2091 627 2117 fr.
647 2092 671 2117 8.
697 2091 718 2125 5.
738 2093 761 2118 9.
787 2091 819 2118 (16
838 2102 914 2129 poen.
934 2094 975 2118 48.
998 2094 1037 2119 19.

198 2134 365 2170 Magistratus
386 2135 430 2170 qui
449 2135 587 2171 imperium
605 2133 709 2165 habent,
730 2135 775 2170 qui
789 2138 911 2161 coercere
925 2135 1037 2173 aliquem

199 2182 324 2213 possunt,
345 2182 370 2203 et
389 2176 478 2203 iubere
498 2179 524 2203 in
543 2187 673 2203 carcerem
692 2176 760 2203 duci.
793 2177 823 2204 sr.
842 2180 866 2203 2.
891 2178 924 2205 de
951 2180 976 2205 in
996 2180 1037 2206 ius

199 2229 256 2246 voc.
275 2222 299 2246 2.
319 2221 342 2246 4.
380 2220 454 2252 Eum,
475 2221 518 2256 qui
538 2221 564 2246 in
584 2230 687 2246 carcere
706 2219 795 2246 clusus
815 2225 863 2253 est,
883 2231 934 2247 non
954 2222 1038 2248 videri

200 2271 285 2298 neque
308 2263 423 2289 vinctum
448 2273 531 2299 neque
555 2264 582 2289 in
613 2262 726 2289 vinculis
752 2273 824 2293 esse,
854 2265 903 2290 nisi
933 2267 1037 2302 corpori

201 2305 259 2331 eius
277 2305 380 2332 vincula
403 2307 456 2332 sint
479 2306 602 2333 adhibita.
634 2305 665 2332 sr.
688 2307 747 2332 216.
772 2306 804 2332 de
827 2306 859 2333 V.
883 2306 910 2333 S.
934 2309 975 2334 50.
996 2309 1036 2334 16.

201 2347 282 2383 Quod
302 2349 349 2380 (sc.
371 2349 479 2381 crimen)
499 2349 604 2385 dignum
624 2348 745 2375 claustris
766 2351 886 2382 carceris,
908 2355 933 2377 et
952 2356 1037 2377 custo—

201 2389 259 2416 diae
284 2389 406 2425 squalore
429 2392 540 2418 videtur.
582 2391 632 2418 Th.
656 2391 687 2418 C.
708 2392 752 2418 IX.
777 2394 800 2419 3.
826 2404 846 2419 c.
866 2395 889 2419 2.
915 2394 946 2420 de
971 2399 1036 2420 cust.

200 2443 267 2459 reor.
303 2432 399 2459 Privati
413 2435 523 2461 carceris
537 2445 659 2462 exercere
672 2435 824 2462 custodiam.
845 2446 865 2462 c.
881 2438 903 2463 l.
924 2436 956 2462 de
969 2438 1035 2474 priv.

202 2486 297 2503 carcer.
321 2477 344 2501 9.
370 2477 393 2501 5.
434 2476 542 2510 Carcer.
571 2478 815 2515 plumbatarumque
842 2479 964 2511 verbera,
993 2485 1036 2506 aut

201 2518 325 2555 pondera.
356 2528 377 2544 c.
397 2520 420 2544 2.
445 2519 477 2545 de
500 2521 601 2547 custod.
626 2532 693 2548 reor.
719 2524 758 2548 10.
780 2523 819 2548 19.
862 2521 957 2559 Populi
976 2533 1035 2549 con-

202 2571 281 2588 sensu
300 2562 393 2598 partim
412 2562 439 2587 in
458 2572 560 2590 carcere
579 2565 669 2590 necati.
702 2564 731 2590 fr.
750 2566 775 2590 2.
800 2564 822 2598 9.
841 2566 882 2591 24.
907 2565 939 2591 de
963 2565 996 2592 Ο.
1015 2565 1034 2592 I.

202 2607 225 2630 1,
245 2606 269 2630 2.
307 2603 448 2630 Triumviri
468 2606 604 2641 capitales,
629 2608 673 2643 qui
698 2608 809 2633 carceris
829 2608 974 2635 custodiam
993 2608 1035 2635 ha-

201 2646 301 2673 herent.
326 2645 355 2671 fr.
374 2648 397 2672 2.
418 2647 438 2680 9.
459 2648 500 2673 30.
520 2648 553 2674 ib.
575 2651 596 2675 l.
615 2652 639 2676 2.
677 2650 784 2677 Carceri
802 2652 982 2688 praepositus,
1003 2668 1034 2671 -—

202 2691 259 2715 sine
272 2688 385 2714 vinculis
399 2699 473 2725 agere
487 2691 631 2718 custodiam
645 2709 676 2712 —
690 2703 785 2730 passus
799 2699 846 2720 est.
868 2694 897 2720 [Γ.
909 2696 932 2720 8.
947 2694 977 2720 fr.
994 2697 1033 2721 10.

202 2732 234 2758 de
248 2736 313 2758 cust.
328 2742 394 2758 reor.
410 2734 449 2759 48.
461 2735 484 2759 3.
522 2734 584 2769 Qui,
604 2744 661 2761 cum
679 2737 778 2773 recepti
798 2742 886 2763 essent
906 2738 932 2763 in
952 2748 1035 2764 carce-

202 2785 264 2805 rem,
285 2776 492 2811 conspiraverint
517 2781 543 2803 ut
568 2778 652 2813 ruptis
671 2779 782 2806 vinculis
802 2785 827 2806 et
851 2780 957 2807 effracto
983 2791 1035 2807 car-

204 2828 262 2844 cere
286 2819 404 2845 evadant.
425 2819 454 2845 fr.
476 2821 514 2845 13.
535 2820 568 2846 ib.
589 2821 629 2847 48.
649 2822 672 2847 3.

1864 170 1922 201 117

1122 249 1347 278 Gareeralis.
1381 249 1518 283 (Adiect.)
1559 251 1608 276 Ad
1634 260 1795 277 carcerem
1820 253 1923 284 perti-

1085 303 1166 319 nens.
1204 292 1223 319 I.
1247 293 1308 326 Sy.
1342 291 1453 323 Carcer.
1479 292 1608 319 Custodia
1628 293 1779 324 carceralis.
1801 292 1923 319 Claustra

1086 335 1231 362 carceralia.
1265 334 1315 361 Th.
1341 334 1371 361 C.
1397 335 1440 362 IX.
1465 337 1489 362 3.
1515 346 1535 361 c.
1560 336 1576 361 6
1605 345 1645 372 sq.
1671 335 1703 362 de
1727 335 1830 362 custod.
1855 345 1922 362 reor.

1085 377 1129 404 lx.
1149 379 1189 404 40.
1215 388 1236 404 c.
1255 379 1297 404 23.
1322 378 1354 404 de
1377 388 1454 415 poen.
1483 377 1545 404 lust.
1567 378 1597 405 C.
1623 389 1644 405 c.
1671 380 1710 404 16.
1735 378 1768 405 de
1793 378 1922 414 dignitatt.

1087 423 1125 447 12.
1147 423 1168 447 l.
1205 420 1247 447 III.
1274 422 1339 448 Cn.
1372 421 1427 447 Sub
1453 420 1627 447 carceralibus
1647 421 1761 447 vinculis
1782 421 1923 447 observan-

1084 463 1147 495 dus,
1172 463 1214 490 vel
1237 463 1395 489 moderatori
1420 465 1571 500 provinciae
1597 464 1646 490 sub
1671 465 1817 490 arctissima
1837 468 1923 490 custo-

1084 506 1125 532 dia
1145 506 1370 533 transmittendus.
1402 506 1469 532 Nov.
1484 506 1533 532 Th.
1548 506 1578 532 ΙΙ.
1599 507 1631 533 de
1651 508 1828 544 compctition.
1849 506 1867 533 I.
1883 508 1921 532 17.

1085 559 1106 575 c.
1128 551 1149 575 l.
1170 549 1191 582 9.
1211 551 1236 575 2.

1120 592 1423 619 cardamomum.
1461 593 1585 618 Frutex
1609 595 1777 624 odoratus,
1802 601 1922 618 amomo

1084 635 1212 660 similis.
1253 633 1295 660 ΙΙΙ,
1315 635 1380 661 Gn.
1409 633 1623 667 Cinnamomum,
1648 637 1724 673 piper
1747 635 1867 671 longum.
1888 650 1919 653 -

1085 681 1200 709 costum,
1219 681 1421 709 costamomum,
1445 693 1478 696 —
1498 687 1639 709 amomum,
1664 694 1696 697 —
1722 678 1921 704 cardamomum.

1084 719 1114 745 fr.
1136 720 1175 745 16.
1195 720 1216 753 9.
1238 721 1260 746 7.
1281 719 1313 746 dc
1332 719 1464 756 publican.
1484 721 1525 746 39.
1546 722 1570 746 4.

1119 762 1228 789 Care.
1254 762 1375 795 (Advh.)
1413 762 1454 789 Cf.
1474 773 1497 789 v.
1519 762 1596 790 Caro.

1120 806 1273 832 Carere.
1293 806 1324 838 §.
1336 807 1370 831 l.
1395 806 1548 838 Vuvuum,
1569 808 1722 837 Immune,
1742 816 1814 832 csse.
1834 806 1922 840 [Sy.

1084 847 1182 883 Agere,
1207 852 1236 873 nt
1258 847 1334 873 malis
1358 848 1508 874 hominibus
1527 849 1662 885 provincia
1683 854 1775 875 careat.
1813 848 1922 879 Curare.

1083 890 1158 916 malis
1178 890 1328 916 hominibus
1347 892 1509 927 provinciam
1529 901 1647 928 purgare.
1678 892 1708 918 sr.
1728 893 1751 918 3.
1773 892 1802 917 l'r.
1824 894 1862 917 13.
1882 901 1922 928 pr.

1084 933 1115 960 de
1135 933 1178 959 off.
1199 932 1287 959 PraeS.
1309 935 1330 959 l.
1352 936 1392 959 18.
1423 933 1495 959 Nihil
1516 933 1676 970 delinquere.
1705 934 1807 961 Fraude
1827 945 1922 961 carere.

1083 976 1113 1002 fr.
1133 978 1156 1002 2.
1182 975 1215 1002 de
1239 985 1269 1001 eo
1293 986 1318 1012 p.
1344 986 1386 1012 qu.
1412 976 1471 1002 fact.
1495 978 1519 1002 2.
1540 979 1580 1003 10,
1610 976 1640 1003 sr.
1660 978 1701 1004 36.
1721 987 1760 1014 pr.
1785 977 1818 1003 de
1837 977 1923 1003 fideie.

1083 1019 1147 1045 libb.
1167 1020 1208 1044 40.
1228 1020 1251 1044 5.
1289 1017 1332 1044 ΙΙΙ.
1352 1019 1417 1045 Gn.
1450 1018 1479 1045 In
1502 1021 1612 1046 caeteris
1632 1030 1738 1056 quoque
1757 1020 1923 1051 animalibuS‚

1083 1064 1146 1089 item
1170 1063 1196 1089 in
1226 1061 1347 1089 omnibus
1372 1061 1451 1087 rebus
1482 1072 1548 1098 quae
1571 1064 1653 1089 anima
1679 1068 1774 1089 carent.
1804 1063 1861 1089 Gai.
1880 1062 1923 1088 ΙΠ.

1082 1108 1141 1132 217.
1179 1105 1208 1131 Si
1228 1104 1341 1131 subiecit
1360 1103 1503 1130 delatorem
1523 1105 1586 1137 sibi,
1612 1111 1639 1132 ut
1658 1107 1681 1132 ei
1701 1105 1833 1132 hereditas
1853 1105 1924 1131 abiu-

1084 1149 1198 1180 dicetur,
1219 1152 1245 1174 et
1263 1147 1389 1173 oneribus
1409 1152 1517 1174 careret.
1550 1148 1580 1174 t'r.
1600 1150 1641 1174 50.
1667 1149 1688 1182 9.
1707 1150 1732 1174 2.
1757 1148 1789 1174 de
1808 1148 1884 1184 legat.
1904 1147 1922 1174 I.

1084 1194 1150 1225 (30.)
1188 1191 1302 1218 Adt'ectu
1321 1190 1375 1216 doli
1397 1195 1422 1216 et
1441 1195 1518 1227 captu
1538 1191 1711 1217 contumeliae
1730 1196 1825 1217 carent.
1850 1190 1922 1217 Paul.

1083 1235 1114 1262 V.
1130 1237 1153 1261 4.
1174 1236 1196 1269 9
1209 1236 1233 1261 2.
1265 1233 1294 1260 111
1314 1243 1344 1259 eo
1365 1233 1454 1260 furore
1474 1244 1541 1265 esse,
1561 1239 1589 1260 ut
1608 1235 1730 1260 continua
1749 1235 1844 1260 mentis
1864 1233 1923 1259 alie-

1084 1279 1190 1305 natione
1209 1278 1279 1304 omni
1298 1275 1435 1303 intellectu
1454 1281 1547 1303 careat.
1568 1277 1598 1303 t'r.
1615 1278 1654 1303 14.
1675 1277 1707 1303 (le
1727 1277 1770 1303 off.
1792 1276 1878 1303 Praes.
1900 1278 1922 1302 l.

1085 1323 1124 1348 18.
1161 1321 1196 1348 Et
1215 1322 1238 1347 si
1257 1319 1393 1346 fraudibus
1413 1329 1468 1346 eam
1488 1320 1536 1352 (sc.
1552 1319 1721 1353 divisionem)
1741 1330 1793 1346 non
1807 1320 1923 1346 caruisse.

1083 1365 1257 1402 perspexerit.
1285 1362 1408 1390 Consult.
1428 1367 1479 1388 vet.
1493 1362 1511 1388 I.
1524 1362 1575 1388 Cti.
1597 1373 1618 1389 c.
1632 1365 1656 1389 2.
1687 1363 1728 1389 Ex
1742 1363 1789 1389 hac
1808 1373 1836 1389 re
1855 1373 1923 1393 eum,

1083 1409 1128 1444 qui
1147 1408 1315 1439 convenitur,
1335 1407 1384 1432 etsi
1404 1406 1512 1432 crimine
1531 1411 1614 1438 caret,
1640 1406 1740 1433 lucrum
1759 1411 1846 1432 tamen
1865 1415 1923 1431 sen-

1083 1452 1159 1477 sisse.
1180 1450 1210 1476 sr.
1232 1451 1272 1476 14.
1292 1450 1314 1483 5.
1333 1451 1358 1476 3.
1385 1449 1435 1484 Qu.
1457 1453 1517 1475 met.
1539 1458 1559 1475 c.
1579 1450 1602 1475 4.
1619 1451 1644 1475 2.
1663 1465 1696 1469 —
1715 1450 1746 1483 §.
1761 1450 1796 1476 2.
1817 1450 1924 1475 Desti-

1081 1495 1146 1526 tui,
1172 1494 1351 1520 v.Pri17ari
1376 1493 1451 1523 (re).
1488 1493 1598 1518 Deiici
1623 1494 1693 1518 iure
1717 1502 1782 1519 suo.
1818 1491 1836 1518 Ι.
1861 1493 1923 1526 Sy.

1082 1536 1211 1563 Amittere
1230 1546 1292 1562 rem.
1331 1535 1389 1562 Car.
1411 1545 1439 1561 re.
1458 1545 1511 1561 sua.
1531 1534 1562 1561 fr.
1581 1537 1623 1561 50.
1644 1535 1676 1561 de
1695 1535 1727 1562 A.
1746 1535 1776 1561 E.
1791 1534 1822 1561 V.
1844 1536 1884 1562 19.
1900 1536 1922 1561 1.

1082 1579 1118 1606 Vt
1137 1579 1204 1605 bona
1224 1579 1276 1616 ipsi
1295 1578 1478 1605 adimerentur.
1515 1577 1552 1605 Vt
1570 1578 1648 1604 bonis
1667 1583 1760 1604 careat.
1779 1578 1810 1604 fr.
1823 1579 1848 1604 2.
1862 1578 1884 1611 9.
1899 1579 1922 1603 l.

1083 1622 1112 1649 fr.
1127 1624 1151 1648 3.
1165 1632 1205 1659 pr.
1220 1622 1256 1656 55.
1271 1623 1295 1648 2.
1316 1631 1356 1658 sq.
1376 1623 1399 1648 5.
1415 1623 1437 1648 7.
1452 1631 1491 1658 sq.
1512 1621 1544 1647 de
1563 1621 1624 1648 bon.
1645 1631 1699 1647 eor.
1719 1631 1761 1657 qu.
1782 1626 1841 1647 ante
1855 1625 1922 1647 sent.

1082 1667 1123 1692 48.
1143 1667 1184 1692 21.
1222 1664 1264 1690 111.
1285 1666 1350 1692 Cn.
1383 1664 1521 1691 Adversus
1545 1674 1729 1702 possessorem
1753 1665 1870 1693 restitui.
1890 1674 1922 1690 ne

1082 1719 1137 1735 reru
1156 1718 1229 1734 suam
1247 1707 1353 1745 perdat,
1382 1707 1424 1733 vel
1449 1718 1476 1733 re
1496 1717 1542 1734 sua
1562 1712 1654 1733 carcat.
1686 1707 1716 1733 fr.
1739 1709 1778 1733 13.
1799 1707 1821 1740 9
1843 1708 1865 1732 1.
1890 1705 1923 1732 de

1082 1752 1174 1777 minor.
1200 1752 1223 1776 4.
1244 1752 1267 1776 4.
1310 1750 1339 1776 Si
1367 1766 1399 1769 —
1424 1755 1525 1776 tutores
1549 1750 1682 1786 adh-gent,
1711 1749 1836 1786 expedire
1859 1749 1923 1776 haec

1083 1793 1190 1831 praedia
1209 1792 1339 1824 vendere,
1360 1797 1385 1818 et
1404 1792 1454 1819 alia
1473 1803 1635 1830 comparare,
1655 1792 1697 1819 vel
1717 1797 1787 1819 certe
1805 1793 1865 1819 istis
1884 1802 1923 1819 ca-

1082 1847 1147 1862 rere.
1167 1836 1197 1862 fr.
1217 1838 1240 1862 5.
1260 1836 1343 1869 9.14.
1364 1835 1396 1862 de
1415 1836 1470 1862 reb.
1490 1846 1543 1862 eor.
1564 1847 1606 1873 qu.
1627 1846 1648 1862 s.
1662 1841 1710 1862 tut.
1728 1837 1770 1862 27.
1785 1837 1808 1862 9.
1841 1835 1923 1872 Finge

1082 1889 1237 1916 pauperem,
1258 1879 1315 1915 qui,
1340 1880 1362 1905 si
1382 1878 1491 1905 reddere
1510 1878 1536 1905 id
1556 1883 1675 1915 cogatur,
1699 1878 1811 1911 laribus,
1835 1878 1922 1916 sepul-

1083 1922 1154 1948 chris
1174 1923 1264 1953 avitis,
1289 1922 1429 1948 carendum
1452 1921 1553 1948 habeat.
1584 1921 1615 1948 fr.
1633 1924 1675 1948 38.
1700 1921 1732 1948 de
1751 1921 1782 1948 R.
1802 1921 1834 1948 V.
1853 1924 1877 1948 6.
1899 1924 1921 1948 l.

1083 1965 1112 1992 Si
1132 1964 1174 1991 vel
1194 1974 1257 1991 usus
1281 1969 1333 1990 tam
1356 1966 1520 1991 necessarius
1544 1970 1628 1996 esset,
1653 1970 1681 1991 ut
1704 1975 1734 1991 eo
1758 1975 1846 1992 carere
1870 1974 1922 1991 non

1082 2007 1226 2045 expediret.
1256 2007 1286 2034 t'r.
1305 2009 1347 2033 35.
1372 2007 1404 2033 de.
1427 2007 1513 2034 fideic.
1538 2008 1601 2035 libb.
1627 2010 1668 2034 40.
1688 2010 1712 2035 5.
1741 2008 1771 2034 sr.
1792 2011 1814 2035 l.
1837 2009 1859 2043 9.
1878 2010 1920 2034 27.

1082 2051 1114 2077 de
1139 2051 1285 2087 quaestion.
1318 2052 1359 2076 48.
1387 2052 1426 2077 18.
1472 2051 1607 2078 mercedes
1635 2051 1744 2078 medicis
1772 2053 1921 2089 praestitas,

1083 2099 1236 2130 caeteraque
1255 2093 1394 2131 impendia.
1415 2104 1480 2130 quae
1494 2096 1519 2121 in
1533 2096 1666 2121 curatione
1681 2094 1746 2121 facta
1760 2100 1829 2127 sunt,
1848 2105 1921 2132 prae-

1082 2142 1151 2163 terea
1172 2147 1324 2174 operarum.
1345 2137 1440 2173 quibus
1461 2139 1543 2164 caruit
1562 2144 1605 2165 aut
1624 2140 1752 2165 cariturus
1772 2143 1813 2164 est
1832 2138 1865 2164 ob
1884 2137 1919 2169 id,

1082 2179 1153 2216 quod
1169 2179 1270 2206 inutilis
1290 2179 1373 2206 factus
1399 2185 1446 2206 est.
1476 2180 1506 2207 fr.
1527 2183 1550 2207 7.
1575 2181 1607 2208 de
1631 2181 1654 2208 h.
1682 2192 1724 2218 qu.
1749 2181 1827 2208 effud.
1851 2182 1875 2207 9.
1894 2182 1918 2206 3.

1082 2223 1179 2250 Carere
1199 2224 1313 2249 omnium
1333 2223 1448 2250 dominio
1471 2229 1572 2261 potest,
1601 2226 1623 2251 si
1648 2235 1693 2251 eos
1718 2235 1769 2250 non
1789 2223 1919 2250 defendat.

1082 2266 1111 2292 t'r.
1131 2268 1172 2292 43.
1193 2266 1224 2292 cs.
1245 2266 1275 2292 sr.
1295 2268 1336 2293 33
1358 2266 1389 2292 de
1409 2277 1469 2293 nox.
1489 2272 1537 2293 act.
1558 2269 1582 2294 9.
1602 2269 1625 2293 4.
1646 2267 1676 2294 fr.
1690 2269 1714 2294 9.
1727 2278 1766 2305 pr.
1787 2267 1818 2293 de
1832 2266 1918 2292 damn.

1081 2309 1125 2335 inf.
1144 2311 1185 2335 39.
1205 2311 1228 2335 2.
1268 2309 1351 2345 Quasi
1370 2310 1512 2346 indignum,
1533 2320 1620 2336 carere
1640 2310 1767 2346 (legato).
1792 2309 1822 2335 l'r.
1843 2310 1865 2334 l.
1886 2308 1919 2334 de

1081 2352 1105 2378 h.
1126 2362 1169 2388 qu.
1189 2357 1217 2378 ut
1236 2352 1289 2379 ind.
1308 2354 1349 2379 34.
1370 2355 1393 2379 9.

1116 2396 1290 2422 Cart-um.
1330 2396 1440 2422 oleris
1464 2397 1631 2432 odoriferi
1645 2406 1753 2432 genus.
1789 2394 1831 2420 III.
1852 2395 1918 2422 Cn.

1080 2437 1159 2475 Piper
1182 2443 1208 2464 et
1231 2437 1395 2473 ligusticum,
1420 2443 1446 2465 et
1470 2449 1585 2471 careum,
1614 2444 1639 2465 et
1663 2439 1744 2467 laser„
1770 2442 1795 2462 et
1818 2442 1918 2463 caetera

1080 2481 1231 2508 huiusmodi
1249 2483 1276 2507 in
1294 2491 1365 2518 penu
1384 2491 1436 2508 uon
1456 2492 1522 2508 esse.
1547 2482 1576 2508 fr.
1597 2484 1620 2508 5.
1640 2483 1661 2516 5.
1682 2483 1704 2506 1.
1728 2481 1761 2507 de
1779 2491 1849 2518 penu
1868 2481 1916 2517 leg.

1078 2526 1120 2551 33.
1140 2526 1164 2551 9.

1115 2567 1310 2595 Carfania.
1348 2569 1465 2595 Nomen
1489 2569 1640 2594 mulieris.
1679 2566 1721 2593 III.
1737 2567 1802 2594 Gn.
1828 2566 1916 2594 Carfa-

1079 2611 1129 2642 nia,
1151 2610 1199 2644 [al.
1218 2610 1338 2643 Afrania,
1358 2620 1379 2637 s.
1400 2610 1560 2648 Calphurnia
1580 2609 1644 2642 etc.]
1669 2610 1863 2646 improbissima
1883 2610 1917 2636 se-

1079 2654 1156 2685 mina,
1175 2653 1351 2680 inverecunde
1369 2654 1507 2690 postulans
1527 2657 1552 2678 et
1564 2653 1742 2688 magistratum
1755 2654 1912 2690 inquietans.

1079 2696 1109 2723 l'r.
1132 2697 1152 2722 l.
1173 2697 1194 2730 5.
1214 2698 1238 2722 5.
1259 2696 1291 2723 (16
1309 2696 1407 2734 Ροεῑυί,
1427 2698 1450 2722 3.
1473 2698 1493 2721 l.

1116 2739 1242 2766 Caria.
1279 2742 1377 2766 Asiae
1400 2740 1536 2765 minoris
1555 2740 1653 2773 regio.
1690 2738 1732 2765 Ill.
1755 2740 1821 2767 Cn·
1849 2739 1916 2765 Sub-

1080 2783 1141 2808 iecit
1165 2782 1189 2808 ei
1213 2783 1267 2814 (sc.
1295 2782 1436 2818 Quaestori
1461 2781 1624 2813 exercitus),
1651 2786 1676 2808 ct
1699 2781 1730 2808 V.
1756 2783 1914 2819 provincias,

1080 2825 1096 2851 i.
1117 2835 1138 2851 e.
1159 2823 1308 2860 Scythiam.
1335 2829 1360 2850 et
1378 2823 1502 2859 Mysiam.
1527 2828 1552 2850 et
1572 2823 1689 2855 Cariam,
1709 2829 1735 2851 et
1753 2834 1843 2851 omnes
1863 2823 1915 2859 Cy-
