2197 3121
1011 149 1102 181 SER.

186 240 234 262 est.
254 235 309 262 Gai.
324 234 354 262 ΙΙ.
369 236 409 262 75.
430 234 461 262 fr.
476 236 516 261 12.
531 243 569 272 pr.
590 233 622 260 de
641 234 716 259 instr.
736 232 784 268 leg.
799 233 839 258 33.
855 233 878 258 Τ.
893 247 924 251 -
945 232 976 265 §0
990 233 1026 258 2.
1047 232 1050 249 ⁸

185 280 400 310 Prot-reatus,
420 279 533 305 Natus.
571 276 611 303 ΙΙΙ,
628 277 693 304 Gn.
714 275 769 302 Sati
786 274 818 301 de
832 274 959 310 Phrygiae
972 284 1027 311 gre·
1047 252 1049 311 i

186 320 262 356 gibus
281 322 348 357 equi.
369 320 418 347 Th.
439 319 469 347 C.
489 319 532 347 VI.
552 321 575 346 11.
597 329 618 345 8.
640 320 679 345 19,
700 318 732 344 de
751 317 835 344 Praei,
856 322 881 343 et
901 318 951 353 Qu.

221 364 341 391 Seria.
381 365 442 390 Vas
455 364 574 399 fictile
594 363 777 395 oblongum,
797 360 880 392 (vino,
900 359 959 386 oleo
977 365 1025 386 etc.
1047 359 1048 362 ’

186 406 338 443 recipiendo
358 406 467 443 aptum.)
504 404 544 431 Ill.
560 406 625 432 (ἠ.
646 403 752 429 Yinaria
770 413 831 429 vasa
844 404 952 439 proprie
965 412 1025 429 vasa

187 448 326 475 torcularia
346 459 405 475 esse
423 448 523 486 placet;
545 447 613 473 dolia
633 451 717 473 autem
738 451 762 472 et
781 446 862 472 serias
883 445 981 471 tamdiu
999 446 1024 471 in

188 501 216 517 ea
240 502 316 518 eausa
339 501 410 518 esse.
438 490 560 528 quamdiu
584 491 672 516 vinum
696 489 830 515 haberent.
856 488 886 514 sr.
909 490 968 514 206,
994 488 1025 514 de
1047 482 1048 497 ¹

187 533 219 560 V.
239 534 266 560 S.
287 536 328 560 50.
349 535 388 561 16.
409 533 440 560 cf.
460 534 490 560 fr.
513 535 551 559 15.
571 533 592 566 3.
613 534 636 558 (ἰ.
658 532 689 558 de
708 531 789 557 ususr.
811 533 833 557 7.
854 532 876 556 l.

221 577 502 604 Serico-blatta.
532 577 637 602 Vestis
658 577 776 606 serica,
793 576 958 608 purpurei
977 584 1026 601 co-

188 621 277 645 loris.
306 619 324 645 I.
339 620 401 654 Sy.
419 619 507 646 Blatta
526 619 617 645 serica.
638 618 687 644 Th.
703 616 732 644 C.
744 617 776 643 X.
790 618 831 642 20.
852 626 872 642 c.
890 618 927 642 13.
948 626 968 642 c.
985 617 1024 642 18.

187 661 220 687 de
238 661 356 698 murileg.

221 705 383 732 Sericus.
403 704 531 738 (Adiect.)
552 704 798 731 Advextimenti
813 704 1025 736 pretiosioris

184 757 285 782 genus
308 754 474 782 spectans,
500 746 589 784 (quod
614 758 626 772 a
646 745 755 772 Seribus
780 755 874 771 nomcn
899 746 1024 777 invenit.)

186 789 228 815 ΠΙ.
253 791 319 817 Cn.
344 789 567 816 Vestimentorum
590 793 652 815 sunt
675 789 760 814 omnia
786 787 872 819 lanea,
896 787 1025 823 lineaque.

185 832 228 858 vel
247 834 338 865 serica,
358 832 400 859 vel
419 833 575 868 bombycina
590 837 638 858 ete.
659 830 688 857 fr.
701 832 743 856 23.
763 831 784 864 3.
801 832 821 856 1.
842 830 874 856 de
893 840 955 856 auro
974 840 1024 865 arg.
1046 853 1048 864 Ι

185 876 226 901 34.
246 877 270 901 2.
290 875 362 902 Paul.
382 875 423 902 III.
438 877 461 902 6.
482 876 502 910 3.
524 877 563 902 79.
600 873 689 900 Vestis
709 874 800 903 serica.
820 873 862 899 vel
881 872 1024 903 subserica,
1046 895 1047 909 χ

185 917 244 944 vela
268 919 361 951 tincta.
389 919 525 949 carbasea,
549 927 621 943 nema
647 917 768 942 sericum.
793 916 823 941 sr.
845 916 884 941 16.
909 916 929 941 ἦ,
950 916 971 941 7.
993 914 1024 940 de
1046 945 1047 956 ἵ

185 961 317 998 publican.
342 963 382 988 39.
403 964 426 988 4.
465 961 539 997 Quae
564 963 617 993 (sc.
642 960 701 991 res)
727 960 900 996 pretiosiores
926 963 1024 989 essent,
1046 985 1047 988 Ἴ

185 1005 209 1029 si
228 1005 363 1039 margarita
388 1004 468 1036 forte,
493 1008 536 1030 aut
559 1007 709 1029 ornamenta
729 1003 857 1039 pretiosa,
881 1000 923 1027 vel
942 1002 1024 1027 vestis

185 1048 268 1073 serica
289 1052 336 1074 etc.
356 1047 386 1073 fr.
405 1049 446 1073 37.
467 1047 488 1080 3.
509 1047 531 1071 l.
552 1045 585 1071 (18
605 1046 681 1071 evict.
699 1047 741 1071 21.
760 1047 784 1071 2.
810 1044 859 1070 Th.
880 1043 910 1070 C.
930 1044 962 1070 X.
981 1045 1023 1069 21.
1045 1066 1047 1073 ,,

186 1099 207 1115 c.
228 1091 250 1115 1.
271 1090 303 1116 de
322 1095 386 1116 vest.
406 1089 494 1116 holov.

220 1133 356 1159 Series.
394 1133 424 1165 ᾖ.
444 1133 478 1158 1.
500 1132 584 1159 Ordo
604 1132 785 1157 continuus.
824 1131 1025 1163 Pro-gressio.

185 1174 203 1201 1.
218 1176 279 1209 Sy.
305 1175 456 1206 Curricula,
476 1175 578 1201 Cursus
599 1175 767 1207 (annorum.)
792 1173 842 1199 Th.
862 1172 893 1199 C.
913 1171 980 1198 XIII.
1001 1173 1024 1197 6.
1046 1197 1047 1210 3

185 1228 207 1244 c.
227 1220 266 1243 10.
286 1228 324 1255 pr.
345 1218 366 1251 3.
388 1220 409 1244 1.
431 1217 462 1244 de
482 1217 569 1254 praed.
590 1216 701 1243 navicul.
727 1215 806 1242 Linea
827 1216 963 1251 (generis.)
983 1214 1024 1241 Cf.

183 1260 209 1286 h.
229 1270 252 1287 v.
272 1261 293 1295 3
313 1262 337 1287 3.
374 1260 417 1287 111.
441 1262 506 1288 Cn.
532 1261 620 1286 Series
641 1259 813 1285 saeculorum.
839 1258 868 1284 fr.
891 1260 911 1284 l.
933 1268 970 1294 pr.
992 1257 1024 1283 de

185 1303 282 1330 censib.
302 1305 343 1330 50.
364 1305 403 1329 15.
442 1303 476 1329 Et
495 1313 542 1340 per
561 1304 654 1329 seriem
674 1302 834 1329 substitutos
855 1301 1023 1327 admittimus.

183 1345 214 1372 fr.
233 1347 257 1372 2.
283 1346 306 1379 3.
327 1348 350 1372 4.
375 1346 407 1372 (18
430 1346 461 1372 B,
482 1345 509 1372 P.
530 1356 550 1372 s.
571 1351 588 1371 t.
607 1347 649 1371 37.
671 1347 710 1371 11.
735 1361 767 1364 -
797 1345 827 1378 ᾖ.
848 1345 883 1370 2.
911 1345 1024 1375 Tertor,

184 1389 319 1415 Carmen
340 1389 488 1422 (orationis,
508 1390 708 1425 scripturaeve.)
744 1387 762 1414 I.
775 1389 836 1421 Sy.
856 1386 1024 1413 Continentia

183 1431 363 1468 (scripturae.)
388 1431 497 1457 Textus.
518 1431 567 1458 Tb.
588 1431 618 1458 C.
639 1431 683 1457 lv.
703 1433 726 1457 4.
747 1441 767 1457 c.
788 1430 912 1463 3331.
933 1439 972 1465 sq.
993 1429 1025 1455 de

182 1479 284 1500 testam.
306 1479 331 1500 et
351 1474 433 1500 codic.
452 1474 519 1500 VIII.
533 1476 556 1500 5.
577 1484 598 1500 c.
612 1477 653 1500 22.
674 1484 712 1511 pr.
733 1474 754 1507 3.
770 1475 792 1499 l.
813 1473 844 1499 de
864 1482 943 1499 cursu
962 1472 1023 1509 pub.

182 1516 225 1543 III.
246 1518 311 1544 Cn.
336 1517 423 1543 Debet
443 1522 485 1543 aut
504 1518 653 1543 testamenti
673 1517 754 1547 serie,
779 1521 822 1542 aut
842 1516 947 1541 testium
968 1525 1024 1551 pro-

183 1559 299 1585 fessione
318 1565 447 1586 constare.
472 1559 543 1586 Paul.
564 1559 607 1586 IV.
630 1561 650 1585 1.
672 1560 692 1593 3.
713 1561 736 1585 5.
758 1569 779 1585 c.
799 1562 822 1584 8.
849 1559 902 1593 Qui
922 1563 1022 1584 testam.

182 1601 230 1628 sae.
250 1612 275 1639 p.
295 1604 319 1628 6.
338 1605 380 1628 22.
416 1602 523 1629 Eisdem
550 1603 630 1628 robur
655 1602 759 1628 adiiciat
779 1606 912 1637 gestorum
932 1602 1023 1631 series,

183 1644 253 1680 apud
272 1645 381 1671 eundem
401 1645 526 1671 confecta.
547 1655 568 1671 c.
590 1647 612 1671 1.
632 1645 664 1671 de
684 1645 727 1671 off.
747 1644 824 1670 Iurid.
846 1645 868 1670 1.
888 1645 929 1670 57.
959 1643 1023 1670 Cae-

184 1688 247 1713 tcris
266 1689 292 1714 iu
311 1689 407 1725 prioris
428 1687 492 1723 legis
517 1689 585 1714 serie
609 1687 831 1725 permanentibus.
860 1686 909 1712 Th.
930 1686 959 1712 C.
983 1685 1022 1712 Vl.

183 1730 206 1755 3.
227 1740 248 1756 c.
267 1732 291 1757 3.
312 1731 343 1757 (18
363 1730 450 1767 praed.
472 1730 560 1758 Senat.
580 1730 649 1757 XIII.
669 1732 693 1756 ἶ).
715 1740 735 1756 8.
758 1731 796 1755 16.
818 1730 839 1762 3.
862 1731 882 1755 l.
903 1728 935 1755 (18
955 1730 1024 1755 navi·
1044 1757 1046 1761 .

185 1772 234 1798 cul.
272 1773 325 1808 Qui
345 1773 468 1799 famosam
488 1775 582 1800 seriem
602 1773 754 1810 scriptionis
769 1788 799 1791 —
815 1782 866 1797 non
886 1771 957 1798 illico
973 1771 1024 1797 dis-

185 1817 339 1852 cerpserint.
360 1816 396 1842 lb.
416 1816 460 1842 IX.
481 1818 522 1843 534.
543 1827 563 1842 c.
584 1818 624 1842 10.
645 1816 677 1841 de
697 1816 786 1841 famus.
807 1814 888 1840 libell.

219 1859 358 1885 Serius.
388 1859 515 1893 (Adiect.)
548 1861 615 1886 Xon
636 1861 772 1885 iocosus.
809 1857 839 1883 11.
859 1859 925 1891 ΟΡ.
946 1856 1023 1882 Ludi-
1044 1861 1046 1886 1

185 1911 253 1928 crus.
274 1901 314 1927 Cf.
335 1901 359 1927 h.
379 1912 402 1927 v.
1044 1894 1046 1921 l

219 1945 362 1971 Sermo.
399 1944 429 1977 ξ.
450 1946 483 1971 l.
514 1946 665 1975 Locutio,
687 1945 858 1970 Narratio.
894 1942 937 1968 111.
957 1944 1022 1970 Cn.
1044 1955 1046 1967 t

184 1986 269 2023 Loqui
290 1997 342 2012 non
361 1997 450 2023 posse.
471 1986 521 2013 alio
542 1992 626 2013 tamen
646 1986 723 2012 modo
739 1997 815 2023 quam
835 1996 954 2012 sermone
974 1996 1023 2011 ma-

184 2030 308 2056 nifestum
332 2030 424 2055 facere.
452 2029 482 2055 fr.
502 2031 542 2055 29.
567 2029 599 2055 (18
623 2029 708 2065 adopt.
736 2031 757 2055 1.
782 2030 804 2055 7.
842 2029 936 2055 Mentis
961 2038 1023 2054 suae

184 2072 345 2098 videbuntur
364 2083 395 2098 cx
415 2072 580 2098 sermonibus
600 2077 735 2109 compotes
755 2082 821 2098 esse.
847 2072 876 2097 fr.
898 2074 936 2097 12.
957 2072 977 2105 3.
998 2073 1022 2097 2.
1044 2088 1045 2095 η

187 2114 218 2141 de
237 2120 284 2141 tut.
306 2120 331 2141 et
351 2125 402 2141 cur.
424 2114 475 2141 dat.
489 2116 529 2140 26.
543 2118 566 2141 5.
583 2129 616 2134 -—
637 2116 715 2148 §.2-
738 2116 923 2145 Orationis,
943 2116 1023 2140 scri-

185 2163 354 2190 pturaeve,
387 2164 484 2184 tenor.
522 2160 676 2184 Formula
708 2160 881 2184 verborum.
918 2156 936 2182 I.
961 2158 1022 2191 Sy.

187 2198 310 2226 Verbum.
338 2199 423 2226 Vatic.
448 2200 469 2233 3.
491 2201 546 2226 112.
571 2200 601 2226 fr.
621 2202 644 2226 3.
666 2210 703 2237 pr.
729 2201 793 2234 3.1.
818 2201 840 2226 si
860 2201 943 2236 ingen.
964 2210 1023 2226 esse

188 2242 237 2268 die.
257 2243 297 2268 40.
318 2244 357 2269 14.
395 2242 537 2280 Scriptura.
563 2243 592 2269 fr.
614 2245 653 2268 12.
677 2243 699 2276 3.
719 2244 743 2268 3.
764 2242 795 2268 de
814 2242 889 2278 legat.
910 2242 927 2268 1.
947 2244 1022 2275 (30.)
1044 2253 1045 2271 1

187 2284 217 2310 fr.
239 2286 260 2310 7.
281 2284 313 2310 (18
331 2294 387 2312 ann.
407 2284 482 2321 legat.
502 2287 543 2311 5353.
566 2287 586 2311 1.
624 2285 665 2311 III.
686 2287 751 2313 Gn.
771 2285 799 2310 In
819 2286 1022 2321 quibuscunque

188 2327 300 2362 negotiis
320 2336 438 2354 sermone
462 2338 528 2365 opus
553 2339 604 2354 nou
630 2333 683 2359 est.
712 2328 860 2354 sufficiente
883 2338 1022 2354 consensu.

188 2370 218 2395 fr.
238 2372 278 2395 45.
300 2367 332 2395 (18
352 2369 384 2395 O.
405 2374 429 2395 ct
447 2371 477 2396 A.
497 2373 537 2397 44.
553 2373 575 2397 7.
604 2370 788 2408 Stipulationis
807 2380 900 2396 sermo.
921 2371 950 2396 fr.
966 2373 1022 2396 112.

189 2422 227 2448 pr.
247 2411 278 2437 (18
294 2412 323 2437 V.
340 2411 373 2437 Ο.
387 2414 426 2437 45.
443 2414 464 2438 1.
500 2413 559 2440 Pari
579 2424 698 2440 sermone.
718 2413 832 2448 loquitur
852 2412 959 2439 Praetor
974 2419 1022 2439 etc.

189 2455 245 2480 (iai.
259 2454 302 2480 lv.
320 2456 375 2479 160.
396 2453 425 2479 fr.
439 2456 462 2479 2.
483 2454 514 2480 de
534 2458 651 2492 coniung.
673 2467 693 2482 8.
714 2466 808 2482 emano.
823 2457 864 2482 37.
878 2457 901 2482 8.
923 2456 951 2482 fr.
967 2458 1022 2482 123.

189 2497 221 2523 de
240 2496 272 2521 V.
292 2496 320 2522 S.
341 2499 380 2521 50.
403 2497 441 2522 16.
478 2496 568 2529 Heres.
588 2499 619 2525 ad
639 2509 714 2536 quem
734 2509 880 2524 sermonem
900 2498 1022 2525 conferat.

189 2539 219 2565 fr.
241 2541 279 2564 14.
305 2549 343 2575 pr.
369 2539 401 2565 de
426 2540 481 2565 iure
505 2539 585 2566 codic.
603 2544 644 2568 29.
665 2544 687 2568 7.
712 2542 742 2568 fr.
762 2544 802 2567 85.
828 2541 859 2567 de.
884 2541 960 2577 legat.
980 2541 1022 2568 111.

190 2582 265 2613 (32.)
303 2581 416 2616 Quoties
440 2581 508 2607 idem
533 2592 616 2609 sermo
640 2584 703 2610 duas
727 2585 870 2610 sententias
894 2585 1022 2621 exprimit.
1045 2589 1047 2613 t

190 2624 219 2650 fr.
240 2626 280 2650 67.
301 2624 333 2649 (18
352 2623 382 2649 R.
403 2623 421 2650 I.
442 2625 482 2650 50.
504 2626 543 2650 17.
585 2624 706 2653 Generali
729 2637 849 2653 sermone
873 2628 1023 2659 (nominare

191 2670 256 2699 etc.)
284 2665 340 2692 Gai.
360 2666 391 2692 11.
412 2668 468 2692 104.
493 2666 560 2692 lIvir
580 2667 658 2693 dixit:
685 2669 775 2696 Sermo
799 2675 887 2696 vester
910 2671 935 2695 in
959 2671 1023 2696 actis

191 2711 247 2736 erit.
270 2708 350 2734 Vatic.
371 2710 392 2742 3.
412 2710 470 2735 112.
491 2725 520 2729 —
545 2710 576 2743 §-
597 2711 682 2736 2·sp
708 2713 837 2744 Suasio,
860 2714 1023 2739 Exhorta-

192 2754 245 2779 tio.
283 2751 324 2777 111.
345 2752 410 2778 Cn.
434 2751 545 2778 Maritali
564 2761 684 2777 sermone
704 2752 804 2788 placare
824 2755 966 2788 (offensam
986 2766 1024 2781 ae-

193 2804 253 2830 grae
271 2794 413 2827 mulieris.)
437 2794 467 2821 fr.
485 2796 508 2821 3.
534 2796 556 2821 si
576 2804 618 2831 qu.
643 2793 721 2830 aliqu.
740 2799 798 2822 test.
817 2797 920 2833 prohib.
939 2799 980 2824 29.
1000 2799 1022 2824 6.

1846 153 1908 183 881

1071 242 1092 258 8.
1111 233 1135 258 3.
1160 231 1217 258 eod.
1237 233 1260 258 6.
1279 233 1320 259 34.
1357 232 1386 258 In
1410 243 1458 270 par
1480 232 1596 260 studium
1616 249 1646 254 ·-
1671 238 1763 259 nostro
1788 243 1909 260 sermone

1071 274 1261 312 compellimus.
1287 285 1308 301 c.
1327 277 1350 302 2.
1372 275 1404 301 de
1424 285 1512 302 exous.
1533 276 1600 302 artis.
1622 278 1660 302 10.
1680 278 1721 302 64.
1751 291 1782 295 —-
1814 276 1844 309 ξ.
1870 278 1907 303 3.

1048 316 1049 345 f
1070 319 1201 353 Lingua
1221 318 1339 355 (propria
1359 319 1485 355 cuiusque
1504 319 1640 351 nationis.)
1678 318 1698 344 I.
1718 320 1779 352 Sy.
1799 318 1907 355 Lingua.

1070 359 1112 386 Cf.
1132 360 1156 386 h.
1176 370 1200 386 v.
1220 360 1242 393 3.
1261 361 1285 386 2.
1323 359 1365 386 III.
1384 362 1450 388 Cn.
1470 361 1635 398 Quocunque
1655 371 1784 388 sermone.
1804 375 1834 379 —
1855 371 1909 388 uon

1070 403 1154 429 solum
1175 402 1266 434 latina.
1290 402 1333 429 vel
1356 413 1446 439 graeca
1466 409 1514 430 etc.
1540 404 1569 430 fr.
1591 407 1630 431 11.
1651 414 1689 441 pr.
1715 403 1747 430 de
1770 403 1844 440 legat.
1864 404 1906 430 Ill.

1047 445 1048 479 J
1070 447 1137 478 (32.)
1174 445 1202 471 ln
1221 455 1341 481 graecum
1360 456 1506 473 sermonem
1526 456 1573 483 per
1591 447 1833 483 interpretationem
1849 456 1908 483 pro-

1070 489 1126 525 prie
1145 488 1280 514 transferri
1299 498 1387 526 posse.
1412 488 1468 515 Gai.
1488 489 1529 515 Ill.
1549 490 1590 515 93.
1627 489 1726 517 Latini.
1754 489 1795 515 vel
1814 490 1907 525 graeci.

1069 532 1198 557 sermonis
1217 530 1378 557 intellectum
1399 531 1502 558 habere.
1521 531 1558 558 Id.
1579 532 1594 557 1.
1616 531 1631 557 l.
1651 532 1681 558 fr.
1701 534 1742 558 20.
1763 533 1784 566 3.
1804 534 1828 559 9.
1854 532 1908 568 Qui

1070 578 1170 599 testam.
1191 573 1238 600 sac.
1258 584 1282 611 p.
1302 575 1343 600 28.
1365 575 1387 600 1.
1409 590 1439 594 —
1469 575 1500 607 §.
1522 576 1560 601 4.
1586 576 1804 607 Consuetudo,
1828 577 1908 601 Vsus

1047 631 1048 635 =
1069 618 1226 650 loquendi.
1264 616 1307 643 III.
1329 618 1394 644 Cn.
1416 616 1532 653 Antiquo
1553 627 1672 643 sermone.
1691 628 1764 649 usus,
1784 617 1908 651 (adfecta-

1069 660 1107 684 vit.
1126 659 1266 691 scribere.)
1287 658 1317 685 fr.
1336 661 1360 685 2.
1380 659 1401 693 3.
1421 660 1462 686 46.
1483 659 1514 685 de
1534 660 1567 685 O.
1588 659 1604 685 Ι.
1624 661 1647 686 2.
1686 659 1764 696 Vulgi
1788 670 1908 686 sermone

1069 702 1237 737 significatur.
1262 701 1291 728 fr.
1313 703 1370 728 162.
1395 702 1459 736 3.1.
1485 701 1517 728 de
1536 702 1567 728 V.
1587 702 1614 728 S.
1634 705 1674 727 50.
1697 705 1736 729 16.
1774 702 1851 729 Salva
1870 713 1908 729 ra-

1047 765 1048 768 .
1069 745 1140 771 tione
1159 745 1224 770 recti
1243 746 1380 771 sermonis.
1400 745 1428 771 fr.
1449 746 1472 771 8.
1493 744 1525 771 de
1544 754 1606 770 auro
1626 754 1677 780 arg.
1697 747 1738 771 34.
1757 748 1781 772 2.

1102 788 1390 814 Sermocinatio.
1428 789 1548 819 Sermo,
1569 789 1764 814 Enarratio.

1068 828 1236 856 Vociferatio.
1256 829 1340 856 Vatic.
1360 831 1381 864 3.
1401 831 1442 856 35.

1103 873 1206 899 Sero.
1231 872 1352 905 (Advb.)
1381 874 1449 899 Non
1468 879 1652 907 opportune.
1690 876 1767 900 Post
1786 875 1907 900 iustum

1068 921 1197 949 tempus.
1234 915 1264 941 11.
1280 917 1347 949 Op.
1367 915 1499 952 Tempore
1518 915 1673 942 sufficiente.
1693 916 1742 942 Th.
1758 915 1788 942 C.
1802 916 1847 942 XI.
1865 918 1906 942 36.

1069 967 1089 983 c.
1109 958 1133 983 3.
1154 959 1236 992 Quor.
1256 957 1314 995 adp.
1335 968 1359 984 n.
1379 968 1430 984 rec.
1467 958 1509 984 111.
1527 960 1591 986 (ἠ.
1616 958 1773 995 Plerumque
1793 964 1836 985 aut
1854 969 1907 985 non

1068 1001 1184 1037 petitur,
1213 1005 1256 1026 aut
1280 1000 1379 1026 tardius
1403 1002 1512 1038 petitur,
1541 1007 1584 1027 aut
1607 1003 1691 1028 serius
1716 1002 1799 1028 datur.
1828 1002 1859 1028 fr.
1885 1004 1906 1028 l.

1068 1043 1089 1076 3.
1109 1045 1150 1069 24.
1180 1042 1212 1068 (18
1235 1047 1326 1069 ventre
1350 1044 1376 1069 in
1400 1054 1471 1080 poss.
1497 1045 1538 1069 37.
1564 1046 1587 1069 9.
1613 1045 1640 1071 cf
1669 1044 1698 1071 fr.
1718 1046 1760 1071 26.
1785 1045 1850 1078 3.1.
1875 1044 1907 1070 (18

1069 1085 1152 1112 fideie.
1172 1085 1238 1112 libb.
1257 1087 1298 1112 40.
1317 1088 1341 1111 5.
1379 1085 1428 1112 tel
1448 1086 1568 1112 consulto
1588 1092 1640 1113 tum
1661 1087 1800 1113 denunciat
1819 1087 1908 1113 adver-

1069 1129 1146 1160 sario,
1166 1139 1224 1154 cum
1243 1138 1300 1154 eum
1321 1129 1371 1154 scit
1390 1138 1441 1154 non
1456 1139 1535 1165 posse
1550 1130 1698 1166 prohibere,
1719 1130 1760 1156 vel
1781 1135 1831 1155 tam
1847 1139 1907 1155 sero

1069 1172 1240 1208 pronunciat,
1263 1176 1291 1197 ut
1316 1176 1363 1198 etc.
1392 1171 1422 1197 fr.
1443 1173 1466 1197 ἴ).
1490 1182 1529 1208 pr.
1560 1172 1611 1208 Qu.
1636 1174 1661 1199 vi
1685 1177 1729 1199 aut
1754 1172 1784 1199 cl.
1804 1174 1845 1198 43.
1864 1174 1906 1198 24.

1068 1214 1127 1250 lpse
1147 1224 1175 1240 se
1195 1214 1296 1240 deferre
1315 1214 1402 1246 debet,
1422 1214 1485 1240 alias
1505 1224 1564 1240 sero
1584 1215 1615 1241 ad
1629 1215 1752 1242 auxilium
1767 1215 1907 1242 delationis

1069 1256 1191 1293 confugit.
1212 1256 1253 1283 Fr.
1274 1256 1306 1283 de
1325 1257 1342 1283 I.
1363 1257 1390 1284 F.
1410 1258 1431 1291 3.
1451 1260 1476 1284 2.
1496 1257 1552 1283 Gai.
1573 1257 1616 1283 IV.
1638 1260 1693 1285 164.

1103 1300 1277 1333 Serpens.
1314 1301 1455 1335 Anguis,
1483 1301 1597 1327 Draco.
1639 1301 1681 1327 III.
1701 1302 1767 1328 Gn.
1791 1300 1907 1327 Circula·

1070 1347 1149 1373 tores,
1169 1344 1213 1379 qui
1233 1347 1369 1379 serpentes
1389 1342 1582 1369 circumferunt.
1604 1342 1634 1369 sr.
1650 1345 1688 1370 ll.
1710 1344 1741 1370 de
1756 1348 1821 1369 extr.
1836 1346 1906 1370 crim.

1069 1387 1109 1412 47.
1132 1387 1170 1412 ll.
1207 1385 1313 1412 Iusutus
1334 1385 1421 1417 811180,
1442 1402 1471 1406 --
1493 1390 1643 1422 serpentum
1664 1386 1843 1413 contuberniis
1863 1387 1907 1412 mi-

1069 1433 1179 1454 sceatur.
1205 1428 1254 1454 Tb.
1275 1428 1305 1454 C.
1326 1428 1370 1455 IX.
1391 1431 1430 1454 15.
1451 1438 1472 1454 8.
1494 1430 1516 1454 1.
1537 1428 1568 1454 de
1588 1429 1709 1465 parricid.

1103 1472 1276 1504 serpere.
1313 1474 1470 1498 Latenter
1494 1474 1662 1506 progredi.
1704 1474 1816 1499 Tacite
1832 1483 1907 1506 pro—

1803 787 1822 814 Ι.
1844 789 1906 822 Sy.

1063 1517 1161 1551 ferri.
1198 1514 1240 1540 111.
1261 1516 1327 1542 011.
1347 1513 1385 1540 Ne
1405 1513 1472 1540 ultra
1492 1519 1580 1551 serpat
1600 1515 1699 1540 iniuria.
1720 1514 1786 1541 Nov.
1807 1514 1856 1541 Th.
1876 1515 1906 1541 Il.

1069 1568 1101 1584 ue
1125 1557 1210 1584 decur.
1236 1558 1266 1584 ad
1293 1557 1380 1584 Senat.
1404 1556 1422 1583 I.
1449 1558 1487 1582 15.
1517 1566 1537 1582 c.
1557 1559 1580 1582 2,
1606 1567 1643 1594 pr.
1687 1558 1851 1593 Quamquam
1875 1557 1908 1584 de,

1068 1600 1209 1627 heredibus
1237 1601 1365 1627 institutis
1392 1599 1512 1625 videatur
1540 1598 1648 1626 Praetor
1675 1599 1761 1636 loqui.
1795 1605 1908 1626 attamen

1069 1645 1144 1670 etiam
1164 1643 1196 1669 ad
1215 1643 1280 1669 alios
1300 1643 1363 1669 haec
1382 1652 1425 1669 res
1449 1647 1544 1679 serpet.
1569 1642 1598 1668 fr.
1618 1645 1641 1668 4.
1667 1643 1688 1676 3.
1708 1645 1732 1668 2.
1752 1644 1774 1668 si
1794 1652 1836 1679 qu.
1857 1652 1906 1669 om.

1069 1697 1090 1713 c.
1110 1692 1211 1713 testam.
1227 1688 1267 1713 29.
1287 1688 1311 1712 4.

1102 1731 1228 1757 Serra.
1249 1729 1303 1761 (Cf.
1317 1739 1340 1754 v.
1355 1728 1440 1761 Sera.)
1460 1730 1713 1755 lustramentum
1733 1730 1906 1760 dentatum,

1068 1779 1176 1807 aptum
1201 1775 1239 1799 ad
1262 1773 1436 1798 secandum.
1473 1770 1515 1796 111.
1540 1771 1605 1797 Gn.
1633 1769 1691 1796 Non
1715 1775 1818 1807 poterat
1841 1772 1906 1797 ceci-

1044 1813 1046 1817 ’
1068 1815 1140 1841 disse
1159 1814 1279 1851 intelligi,
1298 1815 1342 1851 qui
1362 1824 1433 1840 serra
1452 1814 1589 1840 secuisset.
1611 1812 1640 1839 fr.
1655 1815 1678 1838 5.
1693 1823 1732 1850 pr.
1746 1813 1830 1840 arbor.
1846 1813 1905 1840 furt.

1068 1868 1134 1884 caes.
1154 1860 1195 1884 47.
1217 1860 1238 1883 7.

1101 1902 1356 1928 serraculum.
1403 1901 1523 1926 Clavus
1556 1901 1670 1930 navis,
1702 1900 1906 1925 Gubernaca-

1172 1943 1215 1970 111.
1234 1944 1298 1970 Cn.
1319 1942 1417 1969 Navem
1436 1942 1608 1973 immittendo,
1628 1946 1671 1967 aut
1688 1940 1848 1968 serraculum
1862 1940 1905 1974 [al.

1068 1986 1244 2018 servaculum,
1269 1996 1292 2012 V.
1312 1985 1474 2018 seraculum]
1495 1984 1527 2010 ad
1547 1994 1637 2010 navem
1658 1984 1793 2015 dueend0‚
1813 1994 1844 2009 an
1864 1988 1906 2009 tua

1067 2040 1144 2056 manu
1163 2029 1283 2055 damnum
1303 2028 1415 2054 dederis
1436 2028 1465 2054 fr.
1485 2029 1525 2053 29.
1547 2028 1567 2060 3.
1588 2029 1611 2053 2.
1633 2027 1663 2053 ad
1683 2027 1712 2053 L.
1733 2027 1800 2062 Aqu.
1820 2027 1842 2052 9.
1863 2028 1886 2052 2.

1102 2073 1223 2099 Serta.
1262 2073 1405 2098 Coronae
1432 2081 1468 2097 ex
1491 2072 1640 2105 floribus
1658 2072 1903 2106 fraudibusque.

1067 2115 1110 2141 III.
1127 2117 1192 2142 Cn.
1213 2114 1365 2141 Simulacris
1385 2114 1510 2140 honorem
1530 2114 1668 2149 pristinum
1689 2112 1770 2143 reddi,
1790 2112 1905 2138 redimiri

1068 2159 1145 2184 sertis
1165 2157 1321 2194 templorum
1341 2158 1434 2193 impios
1454 2161 1545 2193 postes
1566 2160 1614 2181 etc.
1635 2165 1655 2181 c.
1675 2156 1700 2180 7.
1721 2154 1753 2181 de
1772 2165 1861 2192 pagan.
1882 2157 1904 2181 l.

1069 2203 1107 2227 11.
1129 2200 1178 2227 Th.
1200 2200 1230 2227 C.
1244 2200 1315 2227 XVI.
1336 2202 1375 2226 lo.
1396 2210 1416 2226 8.
1432 2201 1471 2225 12.
1492 2208 1530 2235 pr.
1551 2198 1608 2223 eod.

1101 2244 1232 2271 Serva·
1270 2243 1309 2270 Cf.
1330 2253 1354 2269 v.
1375 2242 1481 2268 Servus.

1101 2287 1361 2313 Servat-ulum.
1399 2284 1439 2311 Cf.
1460 2294 1483 2310 v.
1499 2282 1672 2309 Serraculum.

1101 2330 1276 2356 Servare.
1314 2329 1344 2360 §-
1364 2329 1398 2353 l.
1424 2329 1636 2357 Conservam,
1661 2327 1793 2351 Saluum
1811 2334 1904 2358 prae-

1067 2379 1167 2401 stare,
1191 2373 1295 2397 Tueri.
1324 2370 1341 2395 l.
1354 2371 1416 2404 Sy.
1437 2368 1517 2395 Tueri
1537 2370 1575 2401 (iu
1594 2368 1723 2398 libertate.
1743 2377 1763 2393 s.
1783 2368 1809 2393 in
1828 2366 1905 2393 liber-

1068 2416 1128 2441 tatis
1148 2414 1238 2443 sorma,
1257 2423 1293 2438 sc.
1313 2422 1406 2438 servos
1425 2412 1619 2442 manumissos.)
1640 2410 1696 2436 Gai.
1710 2409 1752 2436 111.
1766 2411 1806 2436 56.
1836 2409 1905 2436 Con-

1068 2467 1178 2483 servare.
1199 2456 1239 2482 Cf.
1260 2454 1283 2480 h.
1303 2464 1326 2480 v.
1347 2456 1368 2488 3.
1387 2457 1411 2481 2.
1448 2454 1543 2480 Ratum
1563 2453 1673 2483 habere.
1697 2452 1825 2489 Recipere
1844 2454 1904 2490 (pa-

1070 2501 1164 2530 ctum.)
1196 2498 1272 2524 Stare
1291 2499 1410 2534 (pacto.)
1431 2497 1460 2523 sr.
1481 2499 1504 2522 7.
1530 2497 1552 2529 3.
1574 2498 1596 2522 7.
1617 2495 1646 2522 fr.
1668 2497 1706 2521 13.
1726 2495 1748 2528 3.
1770 2497 1792 2521 l.
1811 2495 1841 2522 fr.
1861 2496 1903 2523 28.

1068 1947 1098 1970 Iu
1106 1955 1137 1970 ηι.

1045 2542 1046 2571 ξ
1068 2553 1107 2580 pr.
1127 2542 1207 2575 331.
1228 2549 1266 2575 sq.
1291 2539 1323 2565 (18
1347 2545 1413 2577 pact.
1433 2542 1457 2566 2.
1479 2542 1518 2565 14.
1543 2539 1572 2564 fr.
1594 2540 1632 2564 12.
1653 2548 1693 2575 pr.
1718 2538 1798 2571 331.
1821 2539 1903 2575 sq.=4.

1069 2585 1100 2611 de
1119 2588 1186 2621 pact.
1206 2582 1259 2608 dot.
1278 2584 1320 2609 23.
1339 2585 1362 2609 4.
1398 2583 1428 2609 11.
1445 2584 1511 2616 01).
1532 2581 1660 2608 Occidere
1679 2581 1815 2618 (captivos
1835 2581 1903 2614 etc.)

1045 2623 1046 2626 ¹
1069 2627 1109 2654 Cf.
1128 2626 1153 2652 h.
1173 2636 1195 2652 v.
1217 2626 1238 2659 3.
1260 2627 1282 2652 1.
1319 2626 1440 2655 Arctare,
1465 2624 1506 2650 vel
1526 2634 1667 2660 prorogare
1686 2624 1831 2660 (tempus.)
1861 2623 1902 2650 Cf.

1045 2669 1046 2672 ’
1068 2680 1091 2696 v.
1111 2669 1227 2694 Arctare.
1248 2668 1311 2701 3.1.

1350 2668 1453 2694 Venire.
1474 2682 1504 2686 ——
1525 2667 1638 2692 Servari.
1658 2666 1687 2692 fr.
1707 2668 1730 2692 7.
1750 2667 1831 2700 3.10.
1851 2667 1902 2701 Qu.

1069 2722 1100 2739 ex
1121 2722 1141 2737 8.
1162 2712 1186 2737 in
1200 2720 1271 2748 poss.
1286 2712 1326 2736 42.
1341 2712 1363 2736 4.
1394 2710 1434 2737 lll.
1452 2711 1516 2737 011.
1537 2709 1630 2735 Omnia
1650 2708 1746 2735 caduca
1764 2709 1830 2735 fisco
1848 2710 1902 2734 vin-

1069 2755 1202 2786 dicantur,
1233 2753 1279 2779 sed
1305 2758 1408 2779 servato
1434 2754 1489 2778 iure
1514 2753 1620 2788 antiquo
1646 2751 1736 2778 liberis
1761 2757 1809 2778 etc.
1840 2750 1900 2787 le.

1068 2796 1151 2824 XVII.
1169 2798 1194 2822 2.
1230 2795 1314 2832 Magni
1333 2795 1428 2822 facient
1446 2794 1635 2832 provinciales,
1654 2796 1753 2821 servari
1771 2794 1822 2821 sibi
1841 2803 1900 2820 con-

1410 2839 1458 2864 lll
