2197 3121
157 1564 160 1568 ⁴
214 1524 249 1551 D.
263 1526 305 1551 41.
327 1526 349 1550 1.
386 1524 430 1550 111.
447 1526 513 1552 Cn.
533 1523 613 1550 Solus
633 1523 794 1551 lucrifacere.
809 1541 841 1544 —
860 1524 973 1551 Lucrum
989 1536 1056 1551 com-

951 157 1039 189 LUC
1066 176 1104 182 —
1128 158 1228 189 LUD.

212 242 243 269 fr.
263 243 302 268 13.
322 252 361 279 pr.
381 247 427 268 rat.
448 251 502 268 rem
522 241 580 268 hab.
594 241 635 267 46.
650 240 674 266 8.
695 238 727 266 cf.
746 238 777 266 fr.
791 241 832 266 27.
853 249 885 266 ex
898 249 940 276 qu.
955 250 976 266 c.
994 240 1052 266 mai.

212 285 236 310 4.
256 285 279 310 6.
320 285 354 311 Et
378 295 521 322 usucapere
544 293 638 322 posse,
663 287 688 309 et
712 282 813 309 fructus
838 287 864 309 et
886 284 1052 309 accessiones

212 326 315 354 lucrari.
341 327 371 354 sr.
390 330 414 354 2.
440 328 461 361 3.
482 330 505 354 1.
529 327 561 354 de
584 327 610 352 in
634 325 702 352 diem
721 325 778 352 add.
801 327 841 352 18.
860 327 884 351 2.
920 324 1052 352 Lucrandi

212 371 297 396 animo
317 370 522 408 adprehendere,
541 379 566 395 v.
585 368 695 395 auferre.
714 368 744 394 fr.
764 370 787 395 5.
807 369 829 402 3.
849 369 872 394 6.
893 367 923 395 sr.
943 370 965 394 9.
987 369 1008 402 3.
1027 369 1051 394 8.

213 411 246 439 de
264 413 294 439 A.
314 413 344 440 R.
359 414 391 440 D.
412 415 453 439 41.
475 415 497 439 l.
534 411 593 438 Non
613 411 709 438 debere
727 410 822 438 lucrari
842 420 874 437 ex
892 410 990 443 (alieno
1010 411 1053 437 da-

212 465 283 487 mno,
302 467 325 483 v.
346 456 429 488 dolo.)
449 455 478 482 fr.
500 457 538 481 12.
558 454 588 480 fr.
608 455 651 480 ⁴28.
670 453 703 480 de
722 453 747 480 d.
766 464 799 480 1n.
817 456 841 480 4.
860 455 885 480 3.

249 499 487 526 Lucu-ativae.
508 499 582 524 Cum
595 500 685 523 luero
698 499 901 524 coniunctus.
922 497 1051 528 Damni,

213 543 261 567 vel
284 543 405 573 oneris,
429 550 551 575 expers.
594 539 612 565 I.
633 541 694 574 Sy.
718 539 882 566 Liberalitas.
913 538 1052 565 Lucrativa

214 593 298 610 causa.
319 583 368 611 Th.
383 583 413 610 C.
428 582 471 609 vl.
485 584 526 609 27.
547 593 568 609 c.
584 584 624 609 16.
644 583 665 616 3.
679 584 704 609 3.
724 582 756 609 de
775 587 859 618 agent.
879 583 906 608 in
924 581 978 608 reb.
993 581 1051 608 XII.

215 628 237 652 l.
258 637 278 653 c.
300 629 357 653 107.
377 636 398 653 c.
420 627 476 652 173.
502 626 523 659 3.
543 627 566 652 3.
588 625 620 651 de
636 625 772 652 decurion.
808 625 938 656 Donatio,
959 624 1053 651 Lucra-

214 670 304 696 tivum.
333 680 354 696 c.
376 670 413 696 19.
444 679 464 695 c.
484 671 525 694 22.
551 668 583 694 de
602 668 652 694 SS.
675 667 737 694 eccl.
764 669 785 694 l.
805 669 829 694 2.
860 667 908 694 Iul.
933 678 972 705 ep.
993 678 1052 694 nov.

214 722 236 739 c.
252 714 308 739 114.
329 713 351 746 3
365 714 422 738 510.
460 711 503 738 111.
524 713 590 739 Cn.
610 711 639 737 Si
657 715 757 748 partem
775 711 834 747 quis
854 710 973 743 redemit,
992 720 1053 748 pars

214 754 293 781 altera
317 766 348 781 ex
374 764 450 781 causa
475 754 601 780 lucrativa
624 754 772 780 accesserit.
801 753 832 780 fr.
857 755 881 780 4.
909 754 930 788 3.
956 756 996 780 14.
1021 753 1054 780 de

213 807 323 824 manum.
340 799 381 823 40.
403 800 425 824 l.
463 796 522 823 Non
542 808 575 824 ex
593 796 718 823 lucrativa
738 806 814 822 causa
834 800 990 823 testamento
1011 796 1055 823 ali-

213 840 277 876 quid
296 841 373 878 capit.
393 840 441 866 sed
460 840 596 877 proprium
613 840 731 876 recipere
749 839 861 866 videtur.
882 839 954 866 Paul.
974 839 1018 866 IV.
1032 841 1053 865 l.

213 883 235 916 §.
258 885 279 910 1.
300 884 331 910 cf.
358 883 387 910 11.
410 885 448 909 17.
469 883 490 917 3.
510 884 534 909 8.
571 882 601 908 Si
624 881 733 908 fundum
752 882 815 908 mibi
834 882 947 909 alienum
966 881 1056 909 vendi-

213 925 293 957 deris,
314 931 339 953 et
358 926 400 952 hic
421 936 453 952 ex
474 935 550 951 causa
569 924 694 951 lucrativa
714 935 787 951 meus
807 925 891 952 factus
905 926 947 952 sit.
967 925 997 951 fr.
1014 926 1053 951 13.

213 969 236 1003 3.
257 971 296 995 15.
322 969 354 995 de
372 969 404 995 A.
425 969 454 995 E.
475 968 506 995 V.
528 969 566 993 19.
588 969 610 993 l.
631 967 662 994 cf.
690 967 719 994 fr.
742 970 781 994 17.
806 967 836 994 fr.
859 970 898 994 19.
923 967 955 994 de
975 968 1008 994 Ο.
1029 972 1055 994 et

213 1011 245 1038 A.
265 1013 307 1038 44.
328 1013 350 1038 7.
371 1011 401 1038 fr.
422 1013 463 1037 83.
487 1011 508 1044 3.
528 1012 551 1036 6.
576 1009 608 1036 de
628 1009 659 1036 V.
681 1010 714 1036 Ο.
734 1012 774 1037 45.
797 1013 819 1037 1.
857 1011 944 1037 Causa
958 1031 964 1043 ‚
988 1021 1054 1047 quae

213 1064 298 1091 prope
317 1054 469 1080 lucrativam
491 1052 570 1079 habet
589 1053 799 1089 adquisitionem.
824 1053 854 1080 fr.
875 1055 898 1079 4.
919 1054 941 1087 3.
960 1056 1001 1080 31.
1022 1053 1054 1080 de

214 1096 239 1122 d.
259 1107 291 1123 m.
316 1107 370 1124 exc.
395 1098 436 1122 44.
456 1098 480 1122 4.
517 1095 588 1122 Haec
612 1097 715 1133 species
740 1097 921 1133 possessionis
947 1101 972 1123 et
995 1106 1056 1123 nsu-

215 1140 333 1176 capionis
357 1140 433 1166 etiam
456 1138 583 1165 lucrativa
603 1143 729 1170 vocatur.
753 1149 812 1166 nam
836 1140 923 1165 sciens
943 1140 1055 1176 quisque

214 1192 269 1209 rem
288 1182 397 1209 alienam
417 1181 554 1208 lucrifacit.
575 1181 631 1208 Gai.
646 1181 675 1208 ll.
690 1183 731 1208 56.
746 1191 785 1219 sq.
804 1184 845 1209 60.
882 1182 1054 1209 Extrinsecus

215 1224 273 1251 data
293 1226 401 1262 pignora
425 1224 551 1251 lucrativa
575 1224 694 1250 habeant.
720 1224 769 1251 Th.
790 1224 820 1251 C.
841 1224 883 1251 111.
903 1226 926 1251 6.
948 1236 969 1252 c.
991 1227 1013 1251 1.
1033 1225 1056 1251 si

213 1278 288 1305 prov.
316 1267 391 1294 Rect.
421 1267 452 1293 cf.
476 1266 547 1293 XIV.
573 1270 596 1294 3.
623 1277 644 1293 c.
670 1268 709 1293 10.
738 1267 770 1294 de
797 1269 891 1305 pistor.
920 1272 945 1294 et
973 1267 1055 1294 catab.

215 1310 313 1345 Quinta
333 1320 394 1347 pars
414 1311 470 1336 eius
491 1311 589 1347 speciei
608 1310 673 1336 fisco
694 1309 820 1336 lucrativa
839 1310 994 1337 vindicetur.
1018 1311 1054 1337 lb.
1077 1309 1079 1317 ¹

213 1352 284 1379 XIV.
303 1355 345 1380 22.
366 1363 387 1380 c.
408 1354 429 1379 l.
450 1352 483 1379 de
502 1363 598 1379 saccar.
619 1352 772 1390 Descriptio
793 1353 926 1380 lucrativa.
946 1353 1009 1380 lust.
1024 1353 1055 1380 C.

214 1396 247 1423 X.
265 1398 307 1422 35.

250 1439 509 1466 Luerifacere.
547 1440 697 1465 anrari.
734 1437 753 1464 1.
780 1440 841 1473 Sy.
872 1438 986 1466 Lucrum
1014 1439 1056 1465 ha-

214 1482 285 1508 here.
307 1482 363 1508 Gai.
383 1481 424 1508 111.
447 1483 504 1507 151.
542 1480 658 1507 Lucrari.
682 1480 712 1507 fr.
732 1483 756 1508 5.
776 1483 812 1516 33.
835 1484 856 1508 1.
877 1483 900 1508 6.
922 1481 954 1508 de
972 1482 1003 1508 A.
1024 1482 1056 1508 R.

215 1568 355 1594 municare.
376 1566 432 1593 Gai.
452 1566 467 1592 1.
484 1566 499 1593 l.
519 1566 714 1603 consequetur,
734 1572 762 1594 ut
781 1567 829 1594 hac
847 1569 974 1594 servitute
993 1568 1057 1594 libe-

216 1615 304 1642 retur.
325 1615 351 1636 et
369 1609 536 1646 superficiem
555 1609 707 1636 lucrifaciat.
732 1610 762 1637 fr.
782 1612 822 1637 66.
843 1611 865 1644 3
885 1612 908 1637 4.
929 1610 961 1637 de
979 1611 1056 1647 legat.

216 1652 235 1679 Ι.
255 1654 321 1685 (30.)
358 1653 425 1684 Dos,
445 1662 521 1688 quam
541 1652 678 1679 lucrifacit.
698 1652 728 1679 fr.
749 1655 771 1679 6.
793 1653 824 1679 ad
843 1653 873 1680 L.
894 1653 963 1680 Falc.
977 1655 1018 1680 35.
1032 1655 1056 1679 2.

216 1695 293 1731 Aqua
312 1711 344 1715 —
363 1696 441 1722 tacite
460 1694 559 1721 lucrifit
578 1695 609 1721 ab
630 1706 674 1727 eo,
694 1697 739 1732 qui
759 1696 838 1723 ducit.
858 1695 888 1722 fr.
902 1697 926 1722 3.
946 1696 967 1730 3.
981 1698 1005 1723 3.
1026 1696 1058 1723 de
1078 1693 1080 1706 ¹

217 1748 284 1774 aqua
303 1743 374 1774 quot.
396 1740 438 1764 43.
458 1740 499 1764 20.
537 1738 704 1774 Quocunque
727 1738 806 1765 modo
830 1738 1001 1765 hereditatem
1020 1739 1058 1765 lu-

218 1780 373 1807 crifacturus
394 1782 451 1817 quis
472 1781 514 1806 sit.
539 1780 569 1806 fr.
591 1782 613 1806 1.
637 1781 659 1814 3.
679 1782 704 1807 9.
729 1782 752 1806 si
771 1791 814 1817 qu.
838 1791 888 1807 om.
914 1792 934 1807 c.
954 1786 1056 1808 testam.

217 1825 259 1850 29.
283 1826 307 1849 4.
344 1822 538 1849 Luerifaciendi
563 1833 640 1849 causa
664 1822 787 1849 vendere.
816 1823 845 1849 fr.
866 1824 890 1849 4.
919 1823 1001 1857 310.
1025 1823 1058 1850 de

218 1875 308 1903 usurp.
328 1868 369 1892 41.
389 1867 412 1892 3.

254 1910 455 1936 LucrosuS.
475 1907 604 1941 (Adiect.)
624 1909 762 1934 Lucrum
775 1910 933 1944 adferens.
952 1909 982 1935 H.
991 1911 1057 1943 011.

219 1951 372 1988 Captiosus.
398 1950 439 1977 Cf.
460 1951 484 1977 h.
504 1961 527 1976 v.
552 1951 617 1984 31.
655 1950 813 1977 Damnosus.
839 1950 881 1978 Cf.
906 1951 929 1977 h.
953 1962 977 1978 v.
1010 1951 1059 1978 Lu-

219 2004 324 2022 crosum
344 2004 411 2021 esse.
433 2010 462 2014 —-
483 1993 593 2020 Nocere.
613 1992 642 2019 fr.
663 1995 686 2020 3.
707 1994 727 2027 3
750 1995 771 2020 l.
792 1993 824 2019 de
842 1993 932 2020 tribut.
953 1999 1000 2022 act.
1018 1997 1057 2021 14.

219 2039 243 2064 4.
281 2037 323 2064 111.
341 2039 407 2065 Cn.
432 2037 559 2072 Quamvis
578 2036 682 2062 lucrosa
702 2037 737 2062 sit
756 2038 808 2069 (sc.
829 2036 991 2070 hereditas.)
1012 2048 1059 2064 uec

220 2080 302 2107 ullum
322 2080 416 2107 habeat.
435 2080 563 2106 damnum.
584 2078 614 2105 fr.
628 2081 651 2105 9.
671 2079 692 2113 3.
706 2081 730 2105 3.
751 2079 783 2105 de
802 2084 868 2106 auct.
888 2084 914 2105 et
933 2090 1004 2107 cons.
1017 2081 1058 2106 26.

221 2124 245 2149 8.
265 2123 296 2150 cf.
316 2123 346 2150 fr.
368 2125 390 2149 7.
411 2123 431 2156 3.
452 2125 475 2149 5.
496 2122 528 2148 de
547 2123 639 2148 minor.
652 2123 676 2148 4.
695 2123 720 2148 4.
756 2122 829 2148 Bona
844 2138 875 2142 ——
890 2122 1060 2159 publicabun-

222 2170 273 2197 tur,
292 2171 347 2197 aut,
367 2167 390 2192 si
410 2175 461 2191 non
480 2165 617 2191 videantur
636 2163 754 2196 lucrosa,
774 2165 950 2192 creditoribus
970 2175 1061 2192 conce-

223 2206 324 2234 dentur.
344 2208 373 2235 fr.
393 2210 417 2234 8.
437 2209 459 2242 3.
481 2210 502 2234 l.
523 2208 574 2243 Qu.
595 2212 696 2234 testam.
716 2207 762 2234 fac.
783 2219 808 2245 p.
827 2209 868 2234 28.
889 2210 912 2234 l.

261 2250 436 2278 Lucrum.
458 2253 668 2281 Commodum,
685 2252 852 2284 Quaestus.
872 2250 890 2277 1.
902 2252 963 2286 Sy.
984 2251 1061 2278 Com-

224 2292 337 2319 modum.
357 2293 398 2319 Cf.
419 2293 442 2320 h.
461 2303 485 2319 v.
505 2294 526 2327 3.
549 2295 569 2320 l.
606 2293 825 2321 Emolumentum.
846 2293 887 2320 Cf.
908 2293 932 2320 h.
952 2304 974 2320 v.
995 2295 1016 2328 3.
1039 2296 1060 2320 l.

224 2335 364 2372 Proprium
384 2335 440 2361 lieri
458 2336 575 2362 alicuius
613 2335 700 2362 Lucro
720 2336 812 2362 cedere
832 2338 855 2363 ei
887 2336 916 2362 fr.
935 2338 975 2363 68.
996 2338 1017 2371 3
1038 2339 1060 2363 1.

225 2378 256 2405 sr.
270 2380 311 2404 69.
332 2378 361 2404 fr.
377 2379 416 2403 70.
436 2378 472 2411 33.
494 2381 514 2405 1.
535 2389 586 2415 sqq
614 2379 646 2405 de
666 2379 746 2405 usufr.
767 2381 789 2405 7.
812 2381 834 2405 1.
871 2379 901 2405 ll.
922 2381 989 2414 Op.
1010 2380 1062 2406 Da—

226 2431 321 2447 mnum.
342 2420 382 2446 Cf.
402 2420 426 2446 h.
440 2430 464 2446 V.
482 2422 504 2454 3
525 2424 547 2448 l.
584 2422 783 2449 Detrimentum.
804 2421 870 2447 Nov.
891 2421 948 2448 Val.
968 2422 1010 2448 111.
1030 2422 1063 2449 de
1084 2440 1085 2452 1

227 2465 307 2500 episc.
328 2463 379 2489 iud.
398 2462 427 2488 11.
448 2463 489 2488 35.
509 2473 529 2489 c.
546 2466 568 2490 1.
588 2464 609 2497 3
629 2466 652 2492 9.
690 2464 731 2490 Ill.
754 2465 820 2492 Cn.
839 2464 874 2490 Vt
894 2469 919 2491 et
938 2470 1062 2501 quaestus

228 2511 251 2533 et
273 2506 338 2532 lucri
362 2506 427 2531 socii
452 2506 512 2531 siut.
536 2505 566 2532 fr.
588 2508 626 2532 13.
650 2518 699 2544 pro
724 2517 777 2533 soc.
804 2507 843 2533 17.
863 2510 887 2533 2.
926 2506 988 2533 Sive
1012 2507 1063 2533 sol·
1085 2525 1086 2533 1

228 2549 314 2575 vendo
334 2553 395 2574 sunt
414 2548 490 2574 bona.
511 2548 566 2574 sive
585 2558 637 2575 non
656 2555 725 2581 sunt,
744 2551 800 2576 sive
819 2549 939 2576 damnum
959 2550 1064 2581 habent.

229 2593 285 2618 sive
310 2591 418 2617 lucrum.
443 2590 472 2616 fr.
493 2592 516 2615 3.
536 2600 576 2626 pr.
600 2590 631 2616 de
653 2592 683 2618 B.
703 2592 731 2619 P.
750 2594 791 2619 37.
813 2595 834 2619 1.
871 2592 946 2619 Adeo
974 2592 1065 2619 heredi

229 2635 363 2661 minimum
389 2632 550 2669 relinquere.
575 2637 603 2658 ut
625 2644 677 2659 non
701 2635 837 2672 expediret
860 2635 963 2667 heredi,
987 2636 1064 2662 huius
1086 2631 1087 2639 ¹

230 2678 296 2704 lucri
316 2677 395 2713 gratia
420 2676 500 2701 totius
520 2675 672 2702 hereditatis
696 2687 772 2704 onera
792 2679 929 2705 sustinere.
959 2678 1015 2705 Gai.
1034 2678 1065 2704 11.
1087 2671 1088 2712 J

229 2721 289 2746 226.
308 2722 366 2745 254.
404 2718 496 2754 'Neque
515 2718 668 2744 hereditatis
687 2718 786 2747 lucrum
806 2721 838 2747 ad
856 2721 991 2748 mulierem
1010 2731 1066 2758 per·
1087 2722 1089 2730 ²

231 2764 332 2793 tinere.
357 2761 403 2788 sed
423 2777 455 2780 —
475 2760 507 2787 ad
525 2761 618 2787 fiscum
642 2763 786 2798 pervenire.
810 2763 840 2790 fr.
861 2766 901 2790 13.
928 2764 959 2790 de
978 2764 1003 2790 h.
1023 2774 1065 2800 qu.

233 2811 261 2832 ut
279 2805 375 2841 indign.
395 2805 436 2830 34.
456 2805 479 2830 9.
517 2803 630 2831 Pensare
655 2804 755 2830 lucrum
779 2815 835 2832 cum
854 2806 956 2833 damno.
975 2806 1005 2833 [Γ.
1028 2809 1066 2833 11.
1088 2807 1090 2831 ¹.

1873 162 1937 192 553

1097 240 1130 267 (le
1148 239 1180 267 Ν.
1195 240 1227 267 G.
1246 241 1270 267 3.
1290 242 1314 266 5.
1352 240 1414 268 Sive
1434 251 1464 268 ex
1483 241 1601 278 peculio,
1617 257 1647 260 —
1662 242 1718 267 sive
1737 251 1769 268 ex
1787 241 1936 269 adventicio

1097 282 1183 315 lucro,
1208 282 1357 316 (redemtus
1380 285 1440 317 sit.)
1470 284 1500 311 fr.
1525 286 1548 311 4.
1572 285 1638 318 3.1.
1663 283 1695 310 de
1720 294 1829 311 manum.
1851 287 1891 311 40.
1913 287 1934 311 1.

1097 325 1196 363 Turpia
1215 320 1286 352 luth-a
1305 326 1460 359 (heredibus
1480 337 1585 363 quoque
1605 328 1777 364 extorqueri.)
1802 327 1831 354 fr.
1852 330 1875 353 5.
1895 337 1935 364 pr.

1097 368 1129 394 de
1149 369 1258 395 calumn.
1282 370 1306 395 3.
1327 370 1349 395 6.
1387 369 1471 396 Lucra
1490 370 1522 397 de
1541 371 1606 396 fisco
1631 375 1738 407 captata.
1771 370 1820 396 Th.
1841 370 1872 397 C.
1892 369 1935 397 Vl.

1095 413 1137 437 22.
1163 422 1184 438 c.
1205 413 1227 438 l.
1254 411 1287 438 de
1305 411 1398 439 honor.
1418 412 1501 439 codic.
1539 412 1625 439 Lucro
1650 413 1743 440 cedere
1767 412 1935 446 (adversario

1097 454 1165 487 etc.)
1194 453 1251 481 Gai.
1270 454 1314 481 IV.
1339 456 1380 481 13.
1400 454 1430 481 cf.
1460 454 1531 482 Paul.
1551 455 1580 481 II.
1600 457 1642 482 22.
1667 456 1690 489 3.
1715 457 1737 484 1.
1775 454 1829 482 Suo
1852 455 1935 488 lucro,

1097 506 1149 522 non
1169 507 1226 523 meo
1247 497 1384 524 commodo
1404 498 1500 524 studet.
1527 498 1557 524 fr.
1577 500 1600 524 6.
1625 499 1646 532 3
1665 500 1688 524 3.
1713 498 1746 525 de
1765 497 1796 525 N.
1816 498 1848 525 G.
1867 500 1891 525 3.
1911 501 1935 525 5.

1097 539 1210 572 sentire,
1230 539 1336 572 Facere,
1355 540 1464 567 lucrum.
1484 540 1514 566 fr.
1534 542 1557 566 6.
1578 550 1616 577 pr.
1637 540 1668 567 de
1688 542 1731 568 off.
1748 540 1836 568 Pracs.
1852 543 1873 567 1.
1895 542 1934 568 18.

1097 581 1127 608 fr.
1147 585 1189 609 22.
1218 583 1239 617 3.
1261 584 1283 609 l.
1308 593 1341 610 ex
1364 593 1406 620 qu.
1431 593 1451 609 c.
1477 584 1535 609 mai.
1554 585 1578 609 4.
1598 586 1621 610 6.
1652 584 1680 610 sr.
1702 586 1723 610 7.
1748 594 1786 621 pr.
1807 583 1935 610 commod.

1099 626 1138 651 13.
1158 626 1180 651 6.

1132 669 1354 695 Luctamen.
1376 670 1539 700 Certatio,
1560 670 1719 704 Iurgium.
1756 669 1774 695 1.
1786 670 1847 703 Sy.
1867 668 1937 696 Con—

1097 710 1193 737 ssictus.
1214 710 1255 737 Cf.
1275 710 1299 738 h.
1319 721 1343 737 v.
1381 711 1422 737 ΙΙΙ.
1444 712 1510 738 Gn.
1529 710 1725 748 Adpellatiouis
1744 728 1776 731 —
1795 712 1937 739 discrimen

1098 754 1256 790 competenti
1276 753 1365 780 subire
1386 753 1532 780 luctamine.
1554 753 1603 780 Th.
1625 754 1655 781 C.
1675 754 1719 781 XI.
1740 756 1782 781 30.
1802 766 1823 781 e.
1843 757 1884 782 40.
1904 755 1938 782 de

1098 806 1156 833 app.
1178 800 1203 822 et
1221 806 1297 833 poen.
1322 796 1363 823 De
1377 798 1540 834 proprietate
1558 796 1695 824 luctamen.
1715 797 1752 823 Il).
1767 796 1810 824 IV.
1823 800 1866 824 21.
1880 808 1900 824 c.
1913 800 1935 824 1.

1097 848 1136 875 pr.
1157 839 1240 874 Quor.
1260 839 1353 865 bonor.

1133 882 1302 908 Luc-tari.
1341 883 1484 916 Corpore
1504 890 1629 910 certare
1647 893 1715 910 cum
1732 885 1814 915 alio.
1834 884 1937 910 Lucra

1097 926 1296 950 contendere.
1338 924 1380 950 111.
1407 926 1473 952 Cn.
1498 924 1527 951 Si
1552 927 1610 962 quis
1635 930 1718 952 certet
1742 942 1774 945 —
1799 926 1937 958 currendo,

1098 966 1230 999 saliendo,
1256 966 1396 998 luctando,
1415 968 1562 1004 pugnando.
1592 968 1621 995 fr.
1641 970 1665 995 2.
1689 969 1711 1002 3.
1733 970 1755 994 1.
1780 968 1812 995 de
1831 968 1937 995 aleator.

1100 1011 1139 1035 ll.
1159 1012 1182 1036 5.

1134 1053 1356 1079 Luctuosus.
1380 1052 1508 1087 (Adiect.)
1545 1054 1576 1087 ξ.
1598 1054 1632 1079 1.
1652 1055 1774 1080 Luc-tui
1792 1056 1938 1081 destina-

1099 1102 1157 1122 tus.
1195 1094 1237 1121 111.
1258 1096 1323 1122 Cn.
1349 1095 1496 1132 Antequam
1522 1096 1558 1123 IX
1582 1096 1638 1122 dies
1663 1096 1777 1123 luctuosi
1796 1102 1937 1124 transeant.

1099 1137 1145 1165 lul.
1167 1148 1206 1175 ep.
1227 1148 1286 1163 nov.
1312 1148 1332 1164 c.
1355 1140 1411 1165 107.
1438 1139 1459 1172 3.
1478 1140 1537 1165 376,
1574 1138 1733 1166 Lurtuosior
1757 1141 1806 1166 erit
1829 1140 1938 1169 reditus.

1100 1191 1176 1217 quam
1201 1180 1343 1207 discessus.
1376 1180 1425 1207 Th.
1447 1181 1477 1208 C.
1501 1181 1546 1207 IX.
1571 1183 1611 1208 43.
1638 1192 1658 1208 c.
1679 1184 1700 1208 1.
1726 1182 1748 1215 3.
1767 1184 1791 1208 2.
1816 1182 1848 1209 de
1871 1188 1938 1209 sent.

1099 1234 1168 1262 pass.
1196 1241 1225 1244 —
1251 1224 1282 1257 §-
1303 1225 1338 1250 2.
1365 1225 1413 1250 Aa
1434 1231 1565 1251 mortem
1585 1227 1848 1259 propinquorum
1871 1235 1939 1259 spe·

1099 1274 1200 1299 claris,
1218 1269 1396 1293 liberorum
1407 1269 1604 1300 praesertim
1618 1274 1811 1294 nostrorum.
1831 1268 1861 1294 ll.
1871 1270 1938 1302 Op·

1100 1310 1147 1337 Sui
1172 1309 1219 1336 filii
1243 1319 1295 1335 non
1319 1314 1416 1345 gratam
1440 1309 1611 1336 hereditatem
1635 1309 1765 1342 relictam,
1794 1310 1841 1337 sed
1864 1311 1941 1337 triste

1099 1353 1200 1380 lucrum
1219 1352 1271 1378 sibi
1290 1351 1376 1388 lugeat
1400 1351 1567 1388 adquisitum.
1592 1363 1613 1379 c.
1635 1354 1674 1379 11.
1702 1363 1792 1379 comm.
1818 1352 1850 1379 de
1869 1363 1939 1379 succ.

1099 1398 1122 1423 6.
1143 1397 1183 1422 59.
1204 1395 1235 1422 cf.
1255 1395 1284 1421 L.
1304 1394 1379 1421 Rom.
1399 1395 1478 1431 Burg.
1493 1395 1543 1422 Tit.
1558 1397 1599 1422 28.
1621 1395 1663 1429 [al.
1680 1396 1732 1429 11.]
1769 1395 1877 1422 Matrem
1896 1406 1940 1422 no-

1100 1440 1206 1465 vissima
1231 1437 1334 1464 laedere
1358 1437 1507 1470 voluntate,
1530 1448 1579 1465 nec
1604 1438 1751 1465 luctuosam
1771 1440 1793 1465 ei
1813 1448 1861 1464 nec
1880 1438 1941 1475 legi-

1101 1483 1187 1508 timam
1212 1480 1361 1517 relinquere
1384 1482 1541 1518 portionem.
1571 1481 1621 1508 Th.
1640 1481 1671 1508 C.
1691 1481 1721 1508 11.
1749 1483 1787 1508 19.
1813 1491 1834 1507 e.
1859 1483 1883 1507 2.
1908 1481 1941 1508 de

1101 1525 1172 1551 inoll'.
1196 1529 1297 1550 testam.

1136 1569 1288 1594 Luctus.
1343 1568 1491 1593 Testatio
1521 1568 1645 1593 doloris
1676 1577 1754 1602 erga
1787 1573 1940 1594 mortuos.

1101 1610 1142 1637 111.
1162 1611 1228 1638 Gn.
1256 1608 1314 1635 Nisi
1339 1610 1498 1646 impatientia
1519 1609 1632 1641 doloris,
1657 1615 1700 1636 aut
1719 1609 1802 1636 morbi
1821 1609 1941 1636 luctusve

1101 1653 1221 1685 alicuius,
1241 1652 1366 1685 (fecerit.)
1387 1652 1416 1678 fr.
1436 1653 1477 1678 38.
1497 1652 1519 1686 3.
1536 1654 1574 1678 12.
1595 1652 1627 1679 de
1646 1663 1722 1690 poen.
1737 1654 1777 1679 48.
1794 1654 1832 1678 19.
1856 1651 1942 1679 Luctu

1102 1695 1254 1722 feminarum
1279 1695 1425 1727 deminuto,
1450 1696 1552 1721 tristior
1574 1694 1694 1727 habitus,
1719 1700 1872 1731 caeteraque
1891 1695 1943 1722 hoc

1102 1748 1183 1774 genus
1202 1739 1313 1774 insignia
1333 1738 1533 1770 (remittuntur.)
1553 1747 1574 1763 c.
1596 1738 1635 1763 15.
1656 1747 1688 1764 ex
1708 1747 1750 1773 qn.
1769 1748 1791 1764 c.
1811 1737 1897 1764 insam.
1917 1740 1941 1764 2.

1104 1783 1142 1806 12.
1180 1780 1283 1806 Habere
1302 1780 1399 1806 luctum
1419 1781 1558 1806 memoriae
1578 1780 1695 1816 (patris.)
1715 1780 1745 1807 fr.
1759 1783 1801 1807 25.
1816 1791 1856 1818 pr.
1870 1780 1903 1807 de
1916 1780 1941 1807 h.

1103 1834 1145 1860 qu.
1165 1827 1219 1849 not.
1244 1823 1289 1850 inf.
1308 1824 1332 1848 3.
1352 1824 1376 1848 2.
1413 1821 1509 1848 Nullus
1533 1822 1619 1848 luctus
1644 1828 1684 1849 est
1707 1824 1843 1860 (sponsi.)
1867 1823 1897 1851 fr.
1917 1825 1941 1851 9.

1102 1867 1123 1900 3.
1140 1868 1161 1892 1.
1181 1865 1216 1893 ib.
1230 1867 1254 1892 3.
1268 1867 1291 1892 2.
1313 1864 1429 1902 Tempus
1449 1864 1544 1891 luctus.
1564 1865 1594 1891 fr.
1608 1867 1631 1892 8.
1652 1865 1682 1892 fr.
1698 1867 1737 1892 10.
1758 1875 1796 1902 sq.
1817 1866 1850 1892 ib.
1861 1868 1885 1892 3.
1899 1868 1924 1893 2.

1138 1908 1383 1936 Lucubratio.
1425 1909 1567 1943 Vigilia.
1604 1907 1623 1934 I.
1642 1907 1942 1943 SyffiLuctlbrationes,

1079 1983 1081 1986 ι
1103 1951 1214 1988 vigiliae
1233 1950 1434 1988 (prudentium.)
1463 1950 1557 1977 Coust.
1578 1950 1627 1977 Th.
1646 1950 1677 1977 ll.
1701 1950 1734 1977 de
1753 1950 1802 1978 Th.
1823 1951 1854 1978 C.
1875 1956 1941 1978 auct.

1103 1994 1144 2021 Pr.
1165 1995 1187 2028 3.
1208 1996 1230 2021 1.
1250 1992 1341 2027 (ch.
1362 2003 1386 2030 p.
1407 1994 1444 2026 9.)

1137 2038 1384 2064 Luculentus.
1422 2035 1559 2069 (Adiect.)
1596 2037 1779 2063 Dilucidus.
1816 2036 1858 2063 ΙΙΙ.
1875 2038 1942 2064 Gn·

1104 2079 1326 2111 constitutiones,
1346 2083 1419 2105 antea
1440 2078 1571 2110 confusas,
1591 2079 1617 2105 in
1636 2078 1795 2105 luculentam
1813 2079 1942 2106 ereximus

1105 2123 1309 2150 consonantiam.
1330 2121 1449 2148 Proocm.
1468 2121 1531 2148 lust.
1551 2122 1572 2155 3.
1593 2124 1616 2148 2.

1140 2167 1277 2192 Lucus.
1316 2166 1409 2191 Silva
1434 2166 1551 2196 minor,
1575 2166 1742 2199 religione
1766 2174 1861 2191 sacer.
1898 2164 1941 2190 Ill.

1106 2210 1171 2237 Cn.
1192 2208 1257 2235 Viae
1275 2207 1403 2245 publicae,
1422 2206 1533 2238 limites,
1553 2207 1616 2239 luci⁷
1637 2208 1682 2243 qui
1700 2206 1808 2233 fundum
1826 2211 1941 2243 tangunt.

1106 2251 1136 2278 fr.
1151 2253 1174 2277 7.
1194 2251 1216 2285 3
1235 2253 1257 2277 l.
1277 2250 1310 2277 de
1329 2251 1408 2287 peric.
1426 2255 1451 2276 et
1471 2260 1562 2275 comm.
1583 2250 1622 2275 18.
1642 2250 1665 2275 6.
1702 2249 1871 2286 Daphnensis
1889 2249 1942 2275 luci

1106 2295 1132 2321 in
1151 2294 1237 2330 Syria,
1256 2292 1299 2320 vel
1318 2292 1422 2319 Perseis
1441 2294 1467 2318 in
1487 2292 1618 2329 Aegypto,
1637 2292 1752 2319 arbores.
1773 2302 1793 2318 c.
1815 2294 1836 2317 1.
1856 2301 1895 2327 sq.
1910 2290 1942 2317 de

1106 2347 1223 2374 cupress.
1245 2338 1284 2362 ll.
1306 2337 1345 2362 77.

1141 2380 1319 2406 Lucusta.
1357 2377 1397 2404 Cf.
1418 2388 1440 2403 v.
1460 2377 1583 2403 Locusta.
1603 2378 1624 2411 3.
1644 2379 1668 2403 2.

1142 2423 1304 2449 Ludere.
1326 2421 1356 2452 §-
1371 2421 1404 2446 1.
1425 2422 1543 2446 Lusum
1563 2430 1668 2455 agere.
1706 2418 1746 2444 111.
1767 2419 1832 2445 Cn·
1850 2417 1943 2444 Aleam

1084 2494 1086 2502 Ι
1108 2465 1151 2499 [al.
1172 2464 1248 2497 Alea]
1268 2462 1366 2489 ludere.
1404 2462 1442 2493 Is.
1467 2462 1535 2500 apud
1555 2473 1632 2499 quem
1651 2461 1704 2487 alea
1723 2461 1810 2487 lusum
1828 2469 1887 2486 esse
1906 2460 1943 2487 di-

1109 2513 1189 2535 cetur.
1213 2507 1242 2533 fr.
1262 2507 1302 2531 26.
1328 2505 1361 2531 de
1385 2506 1459 2532 iniur.
1479 2507 1519 2532 47.
1542 2507 1581 2531 10.
1602 2504 1632 2531 cf.
1658 2504 1686 2530 fr.
1709 2505 1730 2529 l.
1755 2513 1793 2539 pr.
1818 2503 1898 2536 331.
1917 2505 1941 2530 4.

1085 2575 1086 2581 .
1109 2551 1141 2578 de
1160 2550 1264 2576 alvator.
1286 2550 1326 2574 ll.
1346 2550 1369 2574 5.
1408 2548 1474 2575 Cum
1498 2548 1550 2585 pila
1575 2546 1677 2582 qnidam
1700 2545 1826 2571 luderent.
1851 2545 1880 2572 sr.
1902 2548 1941 2572 ll.

1085 2589 1087 2628 ξ
1108 2604 1147 2631 pr.
1169 2592 1199 2618 cf.
1219 2592 1248 2618 fr.
1269 2593 1309 2617 52.
1336 2592 1357 2625 3
1377 2593 1400 2617 4.
1425 2591 1456 2617 ad
1476 2590 1504 2617 L.
1525 2591 1592 2625 Aqu.
1613 2590 1636 2615 9.
1656 2590 1680 2614 2.
1716 2588 1744 2614 In
1764 2598 1819 2614 eam
1837 2598 1891 2614 rem
1909 2588 1943 2615 fa-

1109 2636 1195 2662 miliae
1213 2634 1304 2661 ludere
1328 2635 1496 2671 permittitur.
1521 2633 1550 2658 fr.
1570 2633 1593 2657 4.
1618 2641 1656 2668 pr.
1677 2630 1709 2657 cf.
1734 2630 1763 2657 fr.
1783 2633 1806 2657 2.
1827 2630 1859 2657 de
1879 2631 1943 2657 alea-

1111 2684 1158 2705 tor.
1182 2679 1221 2703 11.
1241 2679 1264 2703 5.
1285 2693 1315 2697 -—
1336 2678 1366 2711 §0
1388 2679 1422 2703 2.
1449 2677 1606 2705 Irridere,
1629 2675 1779 2700 Illudere.
1815 2673 1857 2700 III.
1878 2675 1943 2702 Gn.

1110 2721 1192 2748 Moris
1211 2730 1269 2746 esse
1288 2719 1438 2750 ludendum,
1459 2718 1505 2744 hac
1524 2717 1580 2752 lege
1599 2715 1770 2743 decernimus
1793 2715 1842 2743 Th.
1863 2716 1893 2743 C.
1912 2716 1942 2742 Il.

1088 2783 1089 2795 .
1110 2766 1134 2789 4.
1159 2773 1180 2789 c.
1201 2765 1224 2789 5.
1249 2763 1281 2789 de
1306 2762 1414 2788 denunc.
1440 2771 1461 2785 v.
1488 2758 1549 2785 edit.
1576 2758 1606 2785 cf.
1630 2758 1660 2785 11.
1678 2761 1719 2786 27.
1749 2770 1769 2786 c.
1791 2761 1813 2785 l.
1837 2760 1857 2793 3
1878 2761 1901 2785 6.
1920 2760 1941 2785 si

1112 2810 1174 2833 cert.
1194 2811 1247 2843 pet.
1267 2805 1299 2832 de
1319 2805 1379 2831 chir.

1472 2847 1505 2871 70
