2197 3121
1030 164 1133 197 CON.

216 259 276 285 gere
295 249 520 286 (possessionem,
540 258 564 274 v.
584 247 725 284 tempora).
745 246 775 273 fr.
797 248 836 272 12.
856 246 874 273 1.
895 246 927 273 de
947 256 1054 284 usucap.
1076 250 1078 263 ¹

216 294 240 317 2.
260 292 284 318 6.
326 291 370 318 111.
395 293 460 319 Gn.
492 290 545 326 Qui
564 290 589 316 b.
609 290 624 316 f.
645 294 777 326 acceptam
797 290 1008 327 possessionem,
1029 294 1054 316 et

217 335 405 363 continuatam.
435 343 483 360 nec
502 334 673 369 interruptam
692 332 873 368 inquietudine
892 331 947 357 litis
966 336 1055 358 tenue-

216 381 284 403 runt.
311 387 332 403 0.
351 379 374 403 2.
396 376 428 403 de
446 385 561 413 praescr.
583 374 599 400 l.
620 379 637 400 t.
659 376 681 400 7.
700 376 741 401 333.
782 375 811 401 In
837 376 892 401 suis
912 374 1054 401 heredibus

216 418 281 445 adeo
298 430 310 445 a
331 424 415 445 morte
434 419 568 445 testatoris
583 428 669 444 reruni
683 417 896 444 hereditariarum
911 417 1054 443 dominium
1075 430 1077 439 1

217 463 396 493 continuatur,
417 466 444 488 ut
463 466 511 487 etc.
540 459 612 486 Paul.
632 459 676 486 lv.
695 462 719 487 8.
740 461 761 494 5.
782 461 805 486 6.
826 459 855 486 fr.
877 461 917 485 19.
937 460 958 493 5.
978 461 1002 485 5.
1022 459 1054 486 de
1075 482 1076 496 χ

217 510 293 531 castr.
313 515 370 541 pec.
390 506 431 530 49.
452 506 492 530 17.
511 503 541 530 l'r.
557 504 614 529 138.
634 513 673 540 pr.
693 503 726 529 de
744 503 775 529 R.
795 502 813 528 I.
833 504 874 528 50.
896 503 935 528 17.
973 501 1054 528 Inter-

215 547 283 574 valla
306 552 453 584 temporum
478 547 505 572 in
529 545 713 572 continuandis
738 545 870 572 oneribus.
903 544 934 571 fr.
957 546 996 571 18.
1022 545 1054 571 ad

215 591 309 616 munic.
339 592 379 616 50.
401 592 423 616 1.
459 588 495 615 Vt
514 599 599 625 neque
618 588 781 626 duplomate,
805 587 898 614 diebus
924 598 952 613 ac
972 589 1054 614 nocti·
1075 590 1076 619 J

214 632 277 661 bus.
298 638 323 659 et
342 633 412 659 omni
431 636 587 668 tempestate
607 636 751 664 contemta,
771 632 821 657 iter
840 632 993 657 continuare
1013 641 1054 657 co·
1075 626 1076 659 ¹

215 680 297 712 gatur.
317 675 348 701 fr.
366 676 420 701 137.
441 674 463 708 5.
482 676 507 700 2.
527 673 559 701 de
578 674 655 701 V.0.
675 676 716 699 45.
729 675 751 700 l.
772 672 803 699 cf.
823 672 853 699 fr.
872 675 915 700 38.
934 674 956 707 5.
978 675 1000 700 l.
1021 684 1053 700 ex
1075 685 1076 696 ι

215 714 258 755 ‘1¹¹-
279 728 299 744 c.
319 718 377 744 mai.
396 719 419 743 4.
440 718 463 744 6.

251 760 522 788 Confinuatiln.
552 759 674 793 (Advb.)
713 760 885 786 Continuo.
922 759 966 786 111.
987 760 1076 787 ctu*

214 803 264 830 Per
283 807 453 829 commeatum
472 813 524 828 uon
545 802 715 829 continuatim
733 802 896 839 praestitum.
927 812 948 828 c.
969 804 992 829 9.
1021 802 1053 828 de

213 847 324 883 proxim.
345 845 372 871 S.
393 846 471 872 scrin.
492 847 532 871 12.
554 846 593 871 19.

252 888 508 915 continuatio.
549 889 785 921 Perpetuatio,
817 889 1051 915 Persei-eratin.

213 931 232 957 1.
256 932 317 965 Sy.
349 930 467 956 Adsidua
487 931 666 956 contrectatio.
704 929 875 956 Continuatio
896 930 965 957 furti.
986 930 1015 957 fr.
1028 932 1051 957 9.
1074 953 1075 965 ¹

212 984 252 1011 pr.
272 974 303 1000 fr.
323 975 364 999 67.
385 974 406 1007 5.
425 975 449 999 2.
470 972 502 999 de
520 972 581 999 furt.
601 974 642 999 47.
661 975 686 999 2.
723 972 765 999 111.
784 974 849 1000 Cn.
874 973 991 1000 Dominii
1011 974 1053 1000 ad-

213 1017 298 1054 eptio,
323 1026 371 1053 per
390 1016 612 1042 continuationem
635 1016 825 1052 possessionis.
854 1015 916 1053 Ylp.
935 1017 1007 1044 XIX.
1027 1018 1050 1043 8.

213 1059 242 1086 fr.
261 1061 285 1085 3.
306 1058 338 1085 de.
357 1068 446 1095 usurp.
466 1060 508 1084 41.
528 1060 551 1084 3.
590 1058 750 1090 Successor,
775 1058 806 1084 ad
831 1069 908 1095 quem
927 1070 1052 1097 pervene-

212 1104 247 1129 rit
266 1101 404 1129 statuliber
422 1111 471 1138 per
489 1101 598 1127 dominii
618 1101 737 1127 translati
761 1102 990 1128 continuationem.
1020 1102 1050 1128 fr.

211 1147 252 1172 31.
271 1155 310 1182 pr.
331 1144 363 1170 de
383 1143 499 1170 statulib.
526 1146 567 1170 40.
588 1146 611 1170 7.
655 1144 860 1170 continuatione
884 1145 962 1171 animi
981 1144 1052 1171 vide-

211 1193 254 1214 tur
272 1187 338 1223 legis
362 1187 517 1213 auctoritate
541 1186 644 1213 fecisse.
674 1186 744 1213 Coll.
764 1186 816 1213 LL.
837 1187 870 1214 Μ.
890 1187 933 1214 IV.
953 1190 978 1214 2.
1015 1187 1051 1214 Vt

210 1231 237 1257 in
256 1231 333 1257 unius
353 1230 520 1267 correptione
535 1240 673 1267 personae,
693 1231 716 1256 si
730 1229 762 1256 ad
775 1230 802 1256 id
816 1231 977 1257 continuatio
991 1241 1051 1268 pec-
1071 1240 1073 1259 ¹.

211 1274 261 1300 cati
280 1272 415 1310 impulerit
434 1277 483 1299 etc.
504 1283 525 1298 c.
540 1274 563 1298 6.
584 1273 605 1306 5.
619 1274 644 1299 3.
664 1272 697 1299 de
716 1273 794 1299 modo
815 1274 931 1300 mulctar.
952 1275 974 1300 1.
990 1276 1031 1300 54.

246 1316 444 1343 Continuo.
469 1315 582 1348 (Advb.)
614 1316 644 1348 §-
665 1317 699 1342 l.
729 1317 919 1352 Confestim.
947 1316 965 1343 I.
987 1318 1048 1351 Sy.

209 1359 312 1386 Statim.
342 1358 399 1385 Gai.
418 1358 448 1384 Π.
469 1359 526 1384 194.
547 1368 586 1394 sq.
606 1360 664 1384 204.
684 1360 743 1384 213.
774 1358 803 1385 1”1“,
823 1360 847 1385 6.
867 1360 888 1393 5.
909 1361 931 1386 7.
957 1359 987 1386 fr.
1008 1362 1047 1385 15.

209 1401 242 1428 de
260 1403 349 1428 iniust..
373 1406 442 1438 rupt.
466 1402 508 1427 28.
527 1402 552 1427 3
594 1400 624 1427 11.
651 1402 717 1434 Op.
751 1401 815 1427 Post
841 1402 965 1439 (aliquod
984 1408 1048 1429 tem-

208 1447 281 1482 pus).
301 1444 331 1470 fr.
352 1446 392 1470 60.
413 1444 461 1470 sol.
481 1448 555 1470 matr.
574 1445 616 1469 24.
635 1445 659 1470 3.
686 1444 716 1470 l'r.
738 1447 777 1471 18.
798 1445 833 1479 55.
850 1447 872 1471 l.
893 1456 932 1482 sq.
952 1446 985 1472 de.
1004 1446 1049 1472 do·
1070 1460 1071 1474 1

208 1493 260 1514 nat.
279 1488 321 1514 39.
341 1489 364 1513 5.
403 1486 481 1513 Cout.
502 1486 615 1513 liberari.
635 1502 667 1505 —
687 1487 901 1524 Exspectandum
921 1499 988 1515 esse.
1017 1489 1047 1515 t'r.

208 1532 232 1557 6.
251 1541 291 1568 pr.
312 1530 333 1564 5.
347 1532 371 1555 2.
392 1529 424 1555 de
444 1529 519 1555 cond.
539 1528 626 1555 indeb.
649 1531 687 1556 12.
703 1532 726 1557 6.
764 1530 806 1557 III.
821 1533 887 1559 Gn.
907 1531 970 1557 Sive
990 1533 1047 1568 ipso
1069 1542 1071 1548 ·

209 1574 262 1600 ictu
281 1573 397 1610 perierit.
417 1577 461 1598 aut
480 1573 605 1598 continuo
625 1572 779 1599 submersus
799 1579 852 1606 est.
873 1580 916 1601 aut
935 1574 1048 1600 lassatus

208 1617 235 1642 vi
253 1616 368 1642 fluminis
388 1616 473 1641 victus
495 1616 611 1652 perierit.
641 1615 671 1642 sr.
693 1618 715 1642 7.
740 1617 761 1650 5.
783 1618 805 1643 7.
830 1617 862 1644 ad
880 1617 910 1644 L.
930 1618 998 1654 Aqu.
1023 1620 1047 1644 9.
1069 1630 1070 1650 3

208 1660 233 1684 2.
275 1657 408 1684 Continuo
433 1657 560 1690 (alicuius
587 1659 672 1691 lieri).
697 1659 807 1686 simulac
831 1661 853 1686 si
877 1661 973 1687 dixi-rit
998 1666 1046 1687 etc.

209 1699 240 1726 fr.
258 1702 300 1726 20.
325 1700 357 1726 de
376 1705 430 1737 opt.
450 1710 474 1726 v.
495 1700 569 1727 elect.
593 1702 635 1727 33.
655 1703 678 1727 5.
716 1701 828 1729 Perinde
851 1703 993 1736 habentur,
1019 1715 1047 1730 ac

209 1744 232 1769 si
252 1747 320 1769 cont.
340 1743 388 1769 sub
403 1747 506 1780 tempus
520 1744 612 1769 mortis
626 1743 736 1770 heredes
750 1747 923 1773 exstitissent.
944 1748 972 1773 t'r.
989 1749 1045 1773 193.

208 1785 241 1812 de
260 1785 291 1811 R.
310 1784 328 1811 1.
348 1787 389 1811 50.
410 1787 449 1812 17.
481 1802 514 1805 —
545 1787 575 1819 §.
600 1788 636 1813 2.
666 1789 807 1816 Promte.
837 1791 963 1823 Aperte.
1002 1789 1044 1816 ΙΙΙ.

209 1829 276 1856 Cn.
313 1827 367 1853 Sed
390 1828 435 1854 ubi
458 1827 566 1854 libertas
592 1831 730 1865 competit,
753 1836 822 1857 cont.
847 1831 986 1858 dicendum
1006 1837 1046 1858 est

209 1875 258 1897 etc.
287 1870 317 1896 fr.
339 1872 361 1896 l.
381 1870 402 1904 5.
422 1872 445 1896 4.
466 1871 488 1896 si
507 1871 530 1896 is
549 1881 592 1907 qn.
613 1877 715 1898 testam.
735 1872 780 1899 lib.
801 1875 842 1899 47.
862 1875 885 1900 4.
907 1890 938 1894 -
959 1876 989 1909 §.
1008 1876 1044 1901 3.

208 1915 384 1940 Secundum
416 1915 576 1940 rationem
607 1918 819 1948 computandi
847 1924 1037 1951 perpetuam

207 1955 238 1982 II.
262 1957 329 1989 ⁰11.
362 1954 433 1981 Vtile
458 1956 663 1987 (numerandum
688 1959 920 1994 quinquennium).
949 1960 979 1987 t'r.
1003 1962 1045 1987 31.

207 1998 240 2025 ad
257 1997 288 2025 L.
307 1998 354 2024 Iul.
375 1997 407 2024 de
426 1997 506 2024 adult.
523 1997 568 2025 48.
589 2002 612 2026 5.
650 2000 692 2027 lll.
709 2002 775 2028 Cn.
805 2001 883 2028 Cont.
904 2003 997 2030 cedere
1010 2004 1046 2029 in-

207 2042 295 2078 cipere
320 2040 406 2074 (diem
428 2040 635 2075 satisdationis).
668 2042 698 2069 11.
718 2046 742 2070 4.
768 2044 800 2070 de
824 2044 876 2071 div.
902 2049 981 2082 temp.
1006 2056 1045 2083 pr.

207 2085 248 2110 44.
267 2086 292 2110 3.

243 2127 464 2153 Continuus.
485 2126 614 2161 (Adiect.)
644 2128 674 2161 §.
689 2130 723 2155 1.
756 2130 945 2163 Continens,
967 2134 1046 2159 Con-

208 2170 330 2204 tiguus.
367 2169 385 2195 I.
406 2171 467 2204 Sy.
497 2170 632 2201 Confinia.
653 2171 785 2198 Continuo
804 2173 943 2209 (praedia).
963 2174 1045 2202 1129,

208 2211 238 2237 fr.
257 2212 298 2237 31.
323 2211 355 2238 de
375 2212 402 2238 S.
422 2212 450 2238 P.
470 2212 501 2239 R.
521 2214 545 2239 8.
564 2215 588 2239 3.
614 2213 645 2239 fr.
666 2215 688 2240 7.
708 2215 730 2248 5.
751 2217 773 2242 l.
799 2226 891 2242 comm.
912 2217 1001 2254 praed.
1021 2220 1044 2244 8.

208 2255 231 2279 4.
269 2253 411 2291 contigua,
436 2254 568 2282 Continua
593 2257 770 2292 (provincia).
802 2257 851 2284 Th.
873 2258 903 2286 C.
924 2259 979 2286 Vll.
1005 2263 1044 2287 18.

208 2307 229 2322 c.
249 2297 273 2322 8.
293 2297 315 2330 5.
333 2299 358 2323 2.
381 2297 414 2324 de
433 2298 560 2325 desertor.
589 2299 634 2325 XI.
654 2300 695 2325 30.
721 2310 741 2326 0.
761 2302 803 2326 45.
829 2311 849 2327 c.
869 2303 910 2328 63.
934 2302 966 2329 de
985 2314 1044 2340 app.

208 2343 234 2365 et
252 2348 330 2375 poen.
351 2355 380 2358 —
402 2341 432 2373 ξ.
453 2343 489 2368 2.
525 2344 715 2376 Perpetuus,
741 2344 808 2369 Nou
828 2346 1044 2379 interruptus.

1071 1350 1072 1359 ἵ
1093 1323 1117 1346 8.
1137 1320 1220 1353 §.16.
1245 1318 1276 1345 fr.
1298 1321 1337 1345 10.
1357 1329 1396 1356 pr.
1423 1319 1455 1346 de
1474 1321 1546 1347 inoll'.
1567 1325 1669 1347 testam.
1693 1322 1717 1346 5.
1736 1322 1760 1345 2.

1875 168 1939 199 213

1100 247 1149 274 Th.
1165 247 1195 274 C.
1215 247 1271 274 VII.
1291 249 1315 274 8.
1336 259 1357 275 c.
1382 250 1420 275 10.
1441 249 1462 283 5.
1482 251 1506 275 2.
1527 249 1559 275 de
1577 249 1674 276 metali.
1695 265 1726 268 —
1746 249 1776 282 §-
1791 250 1828 275 3.
1849 250 1937 276 Com-

1097 292 1271 324 putationi
1300 293 1444 318 strictae
1474 294 1657 324 subiectus,
1696 303 1773 327 quae
1805 294 1936 325 impedi-

1099 335 1195 360 menti
1221 335 1344 360 veniam
1372 344 1432 360 uon
1456 337 1613 362 admittit.
1650 335 1680 362 II.
1702 338 1769 369 ⁰11.
1801 335 1936 366 Continui,

1099 392 1131 395 —
1149 375 1236 402 Vtiles
1256 375 1344 409 (dies,
1364 386 1388 402 v.
1410 378 1469 403 anni
1490 378 1566 411 eto).
1596 377 1626 404 fr.
1647 380 1669 405 1.
1690 379 1711 412 5.
1731 380 1754 405 9.
1780 378 1812 404 de
1831 387 1934 414 agnose.

1099 423 1124 444 et
1144 418 1227 445 alend.
1247 421 1289 445 25.
1308 420 1332 445 3.
1362 418 1392 445 sr.
1414 421 1453 445 ll.
1474 421 1511 454 55.
1531 423 1554 447 4.
1575 431 1633 457 sqq.
1659 421 1688 448 tr.
1708 423 1750 448 29.
1770 422 1791 455 5.
1811 423 1834 447 5.
1855 420 1887 447 ad
1906 420 1934 446 L.

1098 461 1145 488 Iul.
1165 462 1197 488 de
1217 461 1296 488 adult.
1316 462 1357 488 48.
1377 463 1400 488 5.
1438 462 1516 490 Dies.
1541 464 1637 499 quibus
1663 465 1754 491 scieris
1773 465 1934 501 poterisque.

1075 499 1076 520 ¹
1099 520 1131 523 —
1159 504 1285 531 Continui
1308 504 1372 531 dieS.
1405 504 1462 531 Gai.
1485 505 1515 532 II.
1542 508 1598 532 172.
1623 517 1662 543 sq.
1697 506 1758 544 le.
1782 506 1866 533 XXII.
1892 509 1934 532 32.

1098 545 1232 583 Vulgaris.
1262 563 1294 567 --
1322 547 1453 574 Contiuua
1483 550 1605 581 (cretio).
1643 549 1754 576 111.].1.
1800 549 1841 576 111.
1868 551 1934 577 Cn.

1099 589 1166 616 Cum
1185 595 1287 627 tempus
1306 590 1392 617 luctus
1412 592 1564 618 continuum
1584 598 1632 621 est.
1651 594 1743 619 merito
1763 598 1789 619 et
1806 593 1934 629 ignoranti

1098 632 1168 658 cedit
1187 643 1218 659 ex
1238 632 1280 659 die
1299 634 1399 660 mortis.
1429 633 1459 660 fr.
1479 636 1503 660 8.
1528 634 1560 661 (le
1579 635 1604 661 li.
1624 646 1666 671 qu.
1687 641 1741 662 not.
1760 636 1846 662 iotam.
1865 636 1889 661 3.
1909 637 1933 661 2.

1097 675 1180 712 Longi
1199 678 1326 713 temporis
1344 679 1517 714 praescriptio
1542 679 1610 704 inter
1632 684 1783 715 prm-sentes
1809 679 1933 705 continuo

1099 718 1217 745 decennii
1237 721 1322 756 spatio
1348 736 1380 739 —
1401 720 1640 757 comprehenditur.
1674 720 1745 746 Paul.
1766 721 1797 747 V.
1819 723 1843 747 2.
1868 721 1888 754 5.
1908 721 1933 746 3.

1099 761 1230 788 Continua
1253 767 1370 799 tempora
1395 764 1524 789 numerari
1551 764 1629 800 (post
1653 764 1870 797 restitutionem).
1902 763 1931 789 t'r.

1097 806 1138 831 24.
1158 805 1179 838 5.
1199 807 1222 831 3.
1243 805 1275 831 ad
1295 805 1321 831 S.
1343 805 1373 832 C.
1394 805 1487 832 Vellei.
1509 806 1549 831 16.
1571 808 1592 832 l.
1629 806 1704 833 Iubet
1724 817 1752 832 ea
1765 806 1873 833 Praetor
1886 815 1934 842 per

1097 847 1154 874 dies
1173 849 1312 874 continuos
1325 849 1410 875 XXX.
1424 848 1556 885 possideri
1570 854 1595 875 et
1608 850 1747 886 proscribi.
1767 849 1824 875 Gai.
1838 848 1880 875 111.
1892 850 1932 875 79.

1133 891 1286 918 Contra.
1316 891 1475 928 (Prae-pos.)
1513 892 1544 925 ᾖ.
1567 893 1602 919 1.
1633 895 1682 920 Ex
1704 895 1850 924 adverso,
1876 892 1933 918 Ob-

1099 935 1186 960 riam.
1225 932 1243 959 I.
1265 934 1326 967 Sy.
1356 933 1482 970 Impacta.
1507 945 1528 961 s.
1554 934 1670 972 Impulsa
1689 936 1796 969 (navis)
1816 936 1855 965 in.
1883 933 1933 960 Ve-

1097 977 1172 1002 niens
1193 980 1283 1002 coutra
1304 976 1444 1009 (alteram).
1474 977 1504 1003 fr.
1523 979 1565 1003 29.
1585 978 1622 1011 55.
1641 980 1665 1004 2.
1686 988 1743 1015 sqq.
1764 978 1796 1004 ad
1814 977 1844 1004 L.
1863 977 1931 1013 Aqu.

1096 1020 1120 1045 9.
1139 1021 1164 1044 2.
1184 1035 1215 1038 -
1236 1020 1266 1052 §.
1287 1020 1321 1045 2.
1351 1021 1521 1046 Adversus.
1558 1020 1577 1046 I.
1592 1021 1652 1054 Sy.
1677 1021 1757 1056 Quod
1775 1021 1933 1047 contrarium

1097 1066 1137 1088 est
1155 1062 1296 1094 (naturae).
1333 1061 1413 1097 Quod
1427 1067 1516 1088 contra
1537 1064 1674 1096 (naturam.
1693 1064 1830 1097 nascitur).
1849 1063 1879 1090 fr.
1890 1064 1932 1089 38.

1097 1105 1128 1131 de
1148 1104 1179 1131 V.
1200 1104 1227 1131 S.
1251 1107 1293 1131 50.
1314 1106 1354 1131 16.
1395 1104 1540 1131 Adversus.
1575 1105 1606 1132 fr.
1627 1108 1666 1132 10.
1687 1116 1725 1143 pr.
1750 1107 1772 1140 5.
1794 1109 1815 1133 l.
1840 1106 1870 1132 l'r.
1891 1108 1931 1132 11.

1096 1148 1128 1174 de
1146 1147 1244 1185 postul.
1263 1149 1288 1173 3.
1309 1149 1330 1174 1.
1373 1147 1402 1174 11.
1427 1149 1494 1182 ΟΡ.
1526 1147 1591 1175 Tam
1615 1154 1704 1175 contra
1730 1151 1826 1179 civem.
1855 1159 1932 1185 quam

1095 1201 1143 1228 pro
1164 1201 1194 1216 eo
1215 1192 1312 1227 (posse
1331 1200 1436 1217 servum
1456 1192 1569 1217 civitatis
1594 1192 1737 1228 torqueri).
1769 1192 1797 1218 1“1,
1817 1193 1840 1218 6.
1865 1192 1930 1225 5.1.

1096 1234 1127 1260 11(-
1146 1233 1176 1260 Ῑί.
1198 1234 1230 1259 1).
1258 1235 1279 1260 l.
1299 1234 1323 1260 8.
1355 1233 1386 1259 cf.
1410 1233 1442 1260 fr.
1460 1236 1502 1261 25.
1528 1234 1559 1261 de
1578 1234 1631 1261 LL.
1658 1236 1679 1260 l.
1703 1236 1728 1260 3.
1773 1234 1930 1261 Secundum.

1095 1277 1151 1303 Gai.
1172 1277 1201 1303 11.
1223 1279 1280 1302 125.
1301 1286 1340 1313 sq.
1363 1278 1419 1303 147.
1440 1287 1498 1314 sqq.
1529 1277 1589 1314 Ylp.
1609 1276 1730 1303 XXVIII.
1751 1279 1772 1303 l.
1793 1287 1832 1313 sq.
1852 1280 1876 1303 5.
1900 1277 1930 1303 fr.

1788 1320 1818 1346 fr.
1837 1321 1879 1346 37.
1899 1319 1931 1346 do

1094 1362 1170 1389 cond.
1191 1366 1216 1388 et
1235 1361 1301 1388 dem.
1321 1364 1362 1388 35.
1384 1364 1406 1388 1.
1434 1362 1465 1389 fr.
1486 1366 1526 1390 52.
1551 1364 1572 1398 5.
1592 1366 1616 1389 5.
1641 1363 1673 1390 de
1693 1363 1726 1389 Ο.
1746 1368 1772 1389 et
1790 1363 1821 1389 A.
1846 1364 1887 1389 44.
1908 1365 1931 1389 7.

1092 1405 1134 1431 111.
1161 1406 1227 1432 Gn.
1255 1405 1367 1440 Quoties
1387 1411 1477 1432 contra
1497 1406 1581 1442 legem
1599 1406 1665 1432 nihil
1688 1407 1723 1432 sit
1747 1405 1869 1432 futurum.
1900 1405 1930 1432 fr.

1092 1450 1134 1475 37.
1154 1447 1171 1474 l.
1191 1449 1232 1473 35.
1254 1449 1276 1474 l.
1306 1448 1337 1474 cl‘.
1358 1448 1388 1474 fr.
1407 1450 1448 1475 29.
1474 1459 1513 1485 sq.
1540 1449 1572 1476 de
1590 1449 1643 1476 LL.
1674 1451 1696 1475 1.
1716 1451 1740 1475 3.
1782 1448 1841 1475 Nisi
1864 1448 1931 1475 sorte

1093 1491 1119 1517 id
1139 1496 1228 1517 contra
1248 1500 1277 1517 se
1296 1490 1382 1519 habet.
1404 1493 1463 1528 quia
1484 1497 1532 1519 etc,
1562 1492 1593 1519 fr.
1614 1493 1653 1518 18.
1682 1492 1765 1525 510.
1789 1492 1821 1518 de
1845 1491 1930 1518 damn.

1093 1534 1137 1560 inf.
1156 1535 1197 1560 39.
1217 1536 1241 1559 2.
1285 1533 1390 1569 Quodsi
1415 1540 1504 1561 contra
1523 1535 1549 1561 id
1569 1534 1748 1561 reluctandum
1768 1536 1931 1561 existimave-

1093 1577 1133 1602 rit.
1163 1575 1214 1603 Th.
1234 1575 1264 1602 C.
1284 1576 1317 1602 X.
1341 1579 1365 1603 3.
1392 1587 1412 1603 c.
1433 1579 1456 1603 4.
1482 1577 1514 1604 de
1538 1578 1587 1605 loc.
1607 1578 1679 1604 fund.
1700 1579 1747 1604 iur.
1768 1578 1853 1615 emph.
1889 1577 1930 1604 Ne

1092 1624 1183 1645 contra
1206 1629 1265 1645 eum
1287 1620 1399 1656 piscatio
1424 1619 1562 1656 thyunaria
1586 1625 1745 1647 exerceatur.
1773 1620 1804 1647 fr.
1831 1622 1870 1647 13.
1888 1631 1929 1657 pr.

1092 1672 1183 1688 comm.
1203 1661 1291 1698 praed.
1311 1666 1335 1689 ὅ,
1356 1665 1379 1689 4.
1416 1662 1567 1690 Introducta
1587 1669 1676 1690 contra
1695 1663 1808 1700 aliquem
1827 1663 1928 1697 (actio).

1092 1705 1148 1731 Gai.
1168 1704 1212 1731 IV.
1231 1706 1274 1731 38.
1310 1705 1355 1731 Vti
1375 1710 1465 1731 contra
1489 1705 1563 1732 illum
1586 1706 1739 1739 (formula).
1766 1706 1803 1732 lb.
1823 1705 1867 1732 IV.
1887 1708 1928 1733 46.

1092 1747 1238 1784 Compelli,
1267 1753 1295 1773 ut
1321 1748 1420 1784 aliquid
1445 1753 1534 1774 contra
1559 1750 1725 1786 propositum
1748 1759 1825 1776 suum
1843 1749 1927 1776 saciat.

1090 1790 1127 1816 lb.
1147 1790 1177 1815 ll.
1191 1791 1249 1815 243.
1278 1790 1419 1816 Abstineat
1433 1790 1464 1816 ab
1479 1801 1509 1817 eo
1524 1790 1600 1823 sacto.
1621 1791 1692 1828 quod
1712 1797 1802 1818 contra
1817 1802 1929 1819 conven-

1091 1833 1189 1858 tionem
1208 1832 1291 1858 fieret.
1311 1832 1341 1859 fr.
1354 1834 1411 1859 189.
1432 1833 1464 1860 de
1484 1833 1515 1860 V.
1536 1833 1562 1860 S.
1582 1836 1623 1860 50.
1641 1837 1680 1861 16.
1717 1834 1811 1861 Mulier
1829 1836 1928 1872 ingrata

1091 1874 1156 1901 facta
1175 1879 1265 1901 contra
1287 1880 1425 1912 patronum
1449 1886 1532 1902 suum.
1567 1876 1597 1902 fr.
1616 1879 1658 1903 21.
1678 1887 1717 1914 pr.
1747 1877 1798 1913 Qu.
1825 1883 1885 1904 met.
1906 1889 1927 1905 c.

1090 1920 1114 1944 4.
1133 1920 1158 1944 2.
1187 1934 1219 1937 —
1250 1918 1281 1951 §-
1301 1919 1338 1944 3.
1371 1920 1477 1946 Circa.
1515 1919 1557 1945 111,
1578 1921 1642 1947 Gn.
1672 1920 1734 1955 Qui,
1754 1930 1812 1946 cum
1832 1922 1858 1947 in
1877 1932 1928 1948 ma-

1090 1962 1200 1997 gistratu
1219 1965 1302 1992 esset,
1327 1971 1416 1988 corum
1441 1961 1505 1998 quid
1528 1962 1619 1988 fecerit
1643 1967 1734 1989 contra
1752 1963 1865 1990 hominis
1885 1974 1927 1990 ne-

1091 2014 1154 2035 cem,
1175 2003 1246 2040 quod
1265 2003 1366 2040 legibus
1386 2006 1544 2041 permissum
1562 2015 1616 2031 non
1635 2007 1677 2032 sit.
1697 2006 1728 2033 fr.
1748 2008 1772 2032 4.
1792 2016 1831 2043 pr.
1851 2007 1884 2033 ad
1896 2007 1925 2034 L.

1091 2046 1154 2073 Cor.
1174 2046 1206 2073 de
1225 2047 1300 2072 sicar.
1321 2048 1362 2073 48.
1381 2051 1405 2074 8.

1127 2089 1280 2116 Contra.
1309 2089 1421 2123 (Advb.)
1452 2091 1483 2125 ᾗ.
1499 2092 1534 2117 1.
1563 2093 1612 2118 Ex
1630 2094 1763 2119 diverso.
1801 2095 1836 2120 111
1855 2104 1925 2120 eon-

1091 2134 1241 2159 trarium.
1279 2131 1298 2158 1.
1317 2134 1378 2167 Sy.
1405 2133 1446 2160 Ex
1466 2134 1579 2160 diverso.
1612 2133 1668 2160 Gai.
1688 2134 1718 2161 Il.
1740 2137 1779 2161 78.
1802 2136 1846 2163 IV.
1868 2138 1924 2163 109.

1091 2174 1120 2201 sr.
1140 2176 1181 2201 28.
1202 2185 1240 2212 pr.
1265 2175 1346 2208 55.1.
1367 2186 1406 2212 sq.
1432 2176 1464 2203 de
1482 2181 1549 2214 pact.
1573 2179 1598 2203 2.
1618 2179 1658 2203 14.
1700 2177 1731 2204 ll.
1752 2180 1819 2212 01).
1849 2179 1925 2210 Esse,

1090 2233 1122 2236 —
1143 2216 1242 2243 Contra
1262 2228 1328 2244 esse.
1350 2229 1373 2244 v.
1393 2219 1425 2245 Et
1446 2225 1544 2251 contra,
1564 2230 1616 2246 non
1636 2230 1702 2247 esse.
1730 2221 1761 2247 l'r.
1781 2223 1839 2247 242.
1859 2222 1880 2255 5.
1899 2223 1923 2246 2.

1090 2259 1122 2286 de
1137 2259 1167 2285 Y.
1180 2260 1207 2286 S.
1227 2262 1268 2286 50.
1285 2262 1324 2287 16.
1346 2261 1402 2288 Gai.
1416 2262 1460 2288 IY.
1477 2265 1533 2289 109.
1562 2262 1633 2289 Idem
1647 2268 1695 2295 est,
1715 2274 1738 2290 v.
1752 2263 1825 2295 Item,
1840 2265 1861 2289 si
1875 2268 1923 2289 ete.

1090 2318 1122 2322 —-
1143 2302 1255 2335 Contra,
1274 2304 1304 2329 si.
1334 2303 1364 2330 fr.
1384 2306 1407 2330 2.
1428 2305 1464 2338 55.
1484 2307 1507 2331 3.
1529 2315 1586 2342 sqq.
1607 2306 1639 2332 de
1658 2306 1689 2332 V.
1710 2306 1743 2332 Ο.
1763 2308 1803 2333 45.
1825 2309 1846 2332 l.
1876 2306 1924 2331 Ea-

1090 2345 1148 2371 dem
1167 2347 1268 2372 ratioue
1286 2346 1425 2383 probatum
1450 2353 1496 2374 est.
1522 2364 1554 2368 —
1578 2348 1676 2375 Contra
1701 2349 1833 2385 probatur.
1866 2348 1922 2374 Gai.

208 2381 226 2407 I.
247 2383 308 2416 Sy.
338 2381 522 2416 Quotidianus.
550 2384 582 2410 fr.
602 2386 624 2411 7.
650 2384 777 2420 Quemad.
798 2388 887 2413 servit.
907 2389 931 2414 8.
952 2390 975 2415 6.
1012 2389 1043 2415 II.
1066 2378 1067 2389 ¹
1089 2388 1119 2414 11.
1141 2390 1180 2414 77.
1200 2399 1240 2425 sq.
1283 2389 1325 2415 111.
1350 2391 1416 2417 Cn.
1446 2390 1558 2423 Contra.
1587 2402 1663 2427 quam
1686 2392 1742 2427 lege
1764 2389 1923 2417 venditionis

209 2425 276 2457 011.
308 2423 463 2458 Continuis,
487 2442 519 2446 —
542 2427 661 2454 Alternis
686 2429 804 2461 (anuis).
837 2429 867 2456 l'r.
889 2431 911 2456 7.
935 2430 952 2457 l.
976 2432 1000 2458 8.
1019 2433 1043 2458 6.
1066 2431 1067 2450 ¹
1090 2435 1191 2457 cautum
1212 2436 1259 2463 est⁷
1280 2431 1382 2459 fecisse.
1412 2432 1441 2459 fr.
1456 2435 1479 2460 6.
1499 2435 1564 2468 5.1.
1584 2434 1616 2460 de
1636 2444 1702 2460 serv.
1723 2437 1823 2470 export.
1844 2434 1883 2460 18.
1899 2435 1921 2460 7.

207 2466 238 2493 sr.
258 2468 282 2492 2.
296 2476 335 2503 pr.
356 2466 407 2502 Qu.
427 2468 495 2494 mod.
514 2470 596 2496 ususf.
617 2472 639 2496 7.
659 2472 682 2496 4.
721 2470 855 2498 Continuo
876 2474 996 2500 triennio.
1011 2491 1043 2494 —
1065 2490 1066 2494 =
1089 2473 1120 2499 sr.
1141 2474 1164 2499 4.
1185 2474 1206 2506 5.
1228 2476 1249 2500 l.
1270 2474 1302 2500 de
1322 2474 1352 2501 V,
1373 2475 1405 2502 O.
1425 2478 1466 2503 45.
1488 2479 1509 2503 l.
1548 2477 1659 2509 Contra.
1683 2486 1758 2512 quam
1780 2475 1923 2503 humanita-

208 2508 331 2535 Nondum
351 2514 443 2536 exacto
462 2515 579 2548 tempore
597 2513 711 2540 triennii.
740 2514 771 2541 fr.
791 2517 832 2541 40.
857 2516 878 2549 5.
898 2518 922 2542 2.
943 2516 975 2543 de
994 2522 1044 2543 sta·
1089 2517 1122 2542 tis
1148 2518 1214 2542 ratio
1242 2516 1370 2554 deposcit.
1404 2518 1488 2545 Vatic.
1514 2520 1535 2553 5.
1554 2522 1612 2545 245.
1651 2519 1748 2544 Contra
1767 2517 1878 2545 habetur
1894 2520 1921 2545 in

207 2551 283 2578 tuJib.
302 2553 343 2578 40.
357 2553 380 2578 7.
399 2552 429 2579 fr.
444 2553 485 2579 38.
500 2554 522 2587 5.
535 2556 559 2580 3.
579 2554 612 2581 de
630 2554 732 2583 liberali
751 2567 773 2583 c.
792 2559 834 2584 40.
852 2560 891 2584 12.
921 2559 963 2585 Ill.
977 2561 1043 2587 Gn.
1064 2560 1066 2589 1
1089 2564 1137 2585 etc.
1166 2558 1196 2585 fr.
1210 2561 1251 2585 20.
1264 2570 1303 2596 pr.
1324 2560 1375 2596 Qu.
1396 2566 1496 2588 testam.
1517 2561 1563 2587 fac.
1583 2572 1607 2598 p.
1626 2563 1666 2585 23-
1682 2562 1704 2586 l.
1742 2560 1771 2586 Si
1791 2562 1849 2597 quis
1862 2572 1922 2588 con-

207 2594 287 2621 Tales
311 2599 373 2620 sunt
396 2597 549 2627 servitutes.
578 2602 606 2623 ut
631 2608 684 2625 non
707 2599 819 2626 habeant
844 2606 939 2627 certam
963 2604 1044 2629 conti·
1064 2590 1065 2639 ¹
1088 2607 1126 2628 tra
1146 2604 1293 2634 tentaverit.
1313 2613 1337 2629 v.
1356 2605 1465 2630 venerit.
1494 2604 1542 2630 Th.
1558 2603 1587 2629 C.
1601 2602 1659 2628 XV.
1681 2604 1719 2628 12.
1741 2614 1761 2630 c.
1781 2606 1805 2630 2.
1825 2605 1857 2631 de
1870 2605 1921 2642 gla-

207 2647 337 2673 nuamque
356 2640 562 2674 possessionem.
581 2638 611 2665 fr.
627 2642 666 2667 14.
680 2652 719 2678 pr.
739 2642 771 2669 de
785 2645 874 2670 servit.
894 2648 918 2670 8.
933 2647 956 2670 1.
987 2645 1042 2672 ¹Nec
1063 2656 1064 2687 }
1087 2645 1179 2671 diator.
1198 2644 1269 2671 XVI.
1288 2647 1312 2671 2.
1333 2656 1354 2672 c.
1374 2649 1415 2673 40.
1435 2647 1467 2673 de
1487 2648 1565 2682 episc.
1586 2644 1648 2671 eccl.
1686 2645 1725 2671 Ne
1744 2646 1807 2682 quid
1827 2647 1921 2674 tumul-

207 2681 339 2706 continuis
375 2680 559 2708 sterilitatibus
590 2683 715 2711 tantidem
746 2687 800 2719 (sc.
831 2687 1040 2720 aestimabitur).
1087 2689 1189 2714 tuosius
1209 2693 1299 2714 contra
1313 2689 1420 2716 accidat.
1450 2687 1630 2715 C011.LL.M.
1650 2688 1692 2714 111.
1705 2690 1729 2715 3.
1760 2689 1838 2716 Malle
1851 2690 1920 2723 (red-

206 2724 297 2758 quanti
316 2723 440 2750 secundis
459 2724 597 2751 fructibus.
617 2724 649 2751 fr.
668 2727 709 2752 63.
729 2728 788 2761 52.
809 2728 841 2755 ad
859 2728 889 2755 L.
910 2729 979 2756 Falc.
999 2732 1039 2757 35.
1062 2731 1064 2755 ἱ
1086 2730 1206 2762 hibere),
1235 2730 1277 2757 vel
1301 2737 1398 2758 contra.
1435 2731 1465 2757 fr.
1490 2732 1531 2756 35.
1559 2729 1591 2756 de
1615 2730 1700 2757 Aedil.
1726 2731 1802 2758 edict.
1829 2735 1871 2759 21.
1897 2735 1919 2759 l.

205 2767 230 2791 2.
268 2765 417 2792 Continuus
436 2766 511 2792 labor
528 2777 577 2804 per
595 2767 652 2793 dies
672 2773 823 2806 noctesque.
843 2771 874 2798 fr.
889 2773 929 2798 18.
949 2783 988 2809 pr.
1009 2773 1041 2800 de
1061 2763 1063 2791 ¹
1086 2774 1214 2799 Ouamvis
1233 2773 1345 2810 placeat,
1364 2779 1449 2799 tamen
1468 2777 1558 2799 contra
1577 2773 1740 2810 responderi.
1760 2775 1790 2801 fr.
1806 2777 1844 2801 16.
1859 2776 1880 2809 5.
1894 2777 1917 2801 6.

207 2807 292 2835 Aedil.
313 2808 389 2835 edict.
414 2811 455 2836 21.
472 2811 494 2836 l.
525 2809 707 2837 Acceleratum
726 2816 803 2848 atque
818 2815 969 2841 continuum
982 2817 1038 2842 iter.
1085 2798 1118 2842 Jd
1137 2816 1164 2842 S.
1186 2815 1216 2842 C.
1238 2815 1316 2842 Treb.
1335 2816 1376 2842 36.
1398 2817 1419 2841 l.
1449 2814 1480 2841 cf.
1500 2815 1531 2842 fr.
1551 2818 1591 2842 12.
1615 2817 1637 2851 5.
1658 2819 1680 2844 1.
1704 2817 1737 2844 de
1754 2822 1802 2844 tut.
1823 2823 1847 2843 et
1865 2827 1917 2844 cur.
