2197 3121
277 171 341 202 232

282 254 311 279 Ιί·.
329 254 353 279 3.
373 253 394 287 ξ.
416 254 438 279 7.
464 253 500 278 uti
519 252 620 289 possid.
641 252 682 277 453.
703 253 743 278 17.
782 250 825 277 lll.
845 251 912 278 sn.
943 250 1026 278 Cuius
1046 249 1124 277 aedes

281 306 361 333 supra
381 300 487 332 cryptas
508 300 605 321 essent.
638 294 667 320 fr.
686 296 711 320 3.
731 295 753 328 ξ.
774 295 797 320 7.
817 293 833 320 l.
853 296 896 320 43.
916 296 956 320 Π.

319 337 579 372 Crystallinus.
600 336 729 369 (Adievt.)
759 338 807 363 Ex
825 339 985 372 crystallo
1000 337 1124 372 factus.

284 381 324 408 111.
344 382 410 408 (Ἦ.
438 379 528 406 Vitrea
543 380 640 406 escaria
655 384 679 405 et
693 380 804 416 potoria.
824 396 857 399 —
876 379 1010 406 Murrhina
1030 383 1053 404 ct
1069 388 1126 414 cry-

283 424 396 450 stallina.
433 423 464 449 sr.
483 424 507 449 3.
533 422 570 456 ἐξ.
590 423 614 448 3.
635 432 675 458 sq.
701 421 734 448 de
757 422 852 460 snpell.
878 422 926 458 leg.
954 423 996 449 33.
1023 423 1062 447 10.
1092 421 1124 447 cl‘.

284 466 356 493 l'aul.
376 466 418 492 111.
438 468 461 492 (i.
482 466 503 499 ξ.
523 467 565 490 67.

319 509 481 536 Cubare.
518 509 726 540 Adcumbere,
756 509 950 535 Decumbere
994 506 1037 533 III.
1059 508 1125 535 Cn.

287 551 401 578 Mancre.
426 550 469 577 vel
493 560 613 582 vescere.
638 550 746 577 cubare.
767 551 808 577 wl
829 555 984 588 pernoctare
1004 550 1047 584 (in
1067 551 1125 587 ipso

285 594 327 621 dei
346 594 471 631 templo).
509 592 559 620 Tb.
580 594 611 620 C.
631 593 676 620 IX.
701 596 742 620 45.
768 604 789 620 c.
809 596 833 620 4.
854 603 892 631 pr.
918 593 950 620 de
973 593 999 620 h.
1024 603 1067 630 qu.
1094 592 1126 619 ad

285 637 349 664 eccl.
386 636 473 663 Noctu
492 638 560 663 iutra
579 636 729 663 cubiculum
742 646 831 663 secum
846 635 984 663 cubantem
1005 636 1127 670 (uxorem

287 681 400 713 necare).
419 679 449 707 fr.
468 681 493 706 3.
512 680 534 714 §.
553 682 577 706 2.
598 679 630 706 cf.
650 679 680 706 fr.
702 681 742 706 14.
763 679 795 706 de
815 679 842 706 S.
863 679 894 706 C.
915 679 996 706 Silan.
1016 681 1058 705 29.
1078 681 1102 705 5.

321 723 598 750 Cubicularius.
628 723 658 755 ς’.
679 724 713 749 l.
744 725 878 754 Servus,
903 725 952 749 vel
974 724 1128 753 libertus,

286 777 302 793 (ι
321 768 489 792 cubiculo„
508 765 551 792 Ill.
566 767 631 793 Cn.
651 765 782 791 Muliones
802 770 828 791 et
847 766 993 795 institores,
1013 781 1046 784 —
1067 765 1128 791 item

287 808 470 839 obsonatores,
489 813 515 835 et
533 809 658 839 vestiarii,
679 812 704 833 et
724 807 862 840 cellararii,
882 813 908 835 et
922 807 1084 836 cubicularii.
1104 812 1131 833 et
1152 818 1153 827 1

287 852 388 883 arcarii,
408 856 434 878 et
449 852 535 888 coqui.
555 850 626 877 Paul.
647 850 689 877 111.
710 852 733 876 6.
753 851 775 884 ᾗ.
791 853 831 877 72.
852 850 881 877 fr.
893 852 935 877 65.
949 861 988 888 pr.
1008 850 1129 886 delegat.

289 895 331 921 [Π.
345 894 412 928 (32.)
427 894 457 921 fr.
468 896 526 920 203.
547 893 580 920 de
592 893 624 920 V.
639 892 666 920 S.
686 895 728 920 50.
743 895 782 920 16.
815 894 844 920 Si
857 893 981 920 libertum
993 899 1131 930 paternum

288 943 398 976 propter
411 937 460 964 hoc
473 937 613 968 accusavit.
633 936 762 963 medicum
777 936 844 963 forte
858 938 949 974 patris,
970 942 1014 963 aut
1027 936 1132 962 cubicu-
1153 951 1154 955 =

289 981 390 1008 larium.
410 985 453 1007 aut
469 990 546 1016 quem
565 979 644 1006 alium
663 980 707 1016 qui
727 980 795 1006 circa
813 985 914 1017 patrem
933 979 1025 1005 fuerat.
1045 978 1075 1005 sr.
1091 979 1131 1004 14.
1154 977 1155 986 ¹

289 1025 311 1059 ξ.
327 1026 349 1050 7.
370 1023 402 1050 de
416 1023 477 1049 bon.
492 1022 578 1049 libert.
597 1024 639 1048 38.
655 1024 679 1049 2.
700 1038 732 1042 -
752 1023 783 1056 §.
798 1024 833 1049 2.
858 1024 1030 1056 Principis
1049 1023 1133 1048 cubi-

289 1069 358 1094 culo
376 1067 574 1101 praefectus.
602 1064 644 1091 III.
657 1066 722 1093 Gn.
741 1065 842 1092 Omnes
861 1064 1023 1096 cubicularii.
1039 1065 1083 1101 qui
1101 1063 1133 1090 de

290 1114 382 1135 nostro
401 1107 522 1135 cubiculo
542 1112 646 1135 exeunt.
667 1118 687 1134 c.
701 1110 726 1134 2.
738 1118 796 1145 sqq.
817 1108 849 1134 de
869 1118 990 1145 praepos,
1005 1107 1033 1134 S.
1049 1106 1132 1133 cubic.

292 1155 332 1178 12.
351 1154 375 1178 5.
416 1151 587 1178 Naxiwarum
611 1150 722 1177 culmina
747 1151 915 1187 dignitatum,
945 1150 1133 1178 consistoriani

291 1205 396 1232 quoque
425 1195 547 1225 comites,
576 1195 670 1220 notarii
699 1195 775 1220 etiam
801 1195 900 1226 nostri,
929 1198 955 1221 ct
980 1192 1134 1220 cubicularii

291 1248 382 1265 omn-*s
401 1242 478 1274 atque
498 1236 726 1263 esi-cubiculariis.
756 1236 805 1263 Th.
826 1236 856 1263 C.
875 1237 920 1264 XI.
942 1238 982 1263 16.
1003 1246 1025 1263 c.
1041 1238 1080 1262 15.
1093 1245 1134 1272 pr.

291 1277 325 1307 de
344 1285 409 1307 extr.
429 1290 450 1306 s.
470 1279 541 1305 sord.
579 1278 749 1316 Praepositus
768 1279 811 1306 vel
830 1281 996 1317 primicerius
1016 1279 1043 1306 S.
1064 1279 1136 1305 cubi·
1156 1286 1157 1296 ¹

292 1323 357 1351 culi.
386 1323 542 1354 castrensis,
568 1332 655 1348 comes
681 1321 708 1348 S.
729 1323 824 1354 vestis.
850 1323 946 1349 caeteri
972 1321 1134 1353 cubicularii,

292 1367 416 1402 magister
434 1365 582 1392 officiorum
601 1369 649 1391 etc.
678 1365 714 1391 lb.
725 1365 771 1391 XI.
786 1367 825 1393 12³¹.
841 1376 862 1392 c.
875 1367 897 1392 l.
918 1366 972 1401 Qui
991 1376 1005 1392 a
1024 1364 1134 1403 praebit.
1156 1367 1157 1372 ¹

293 1410 370 1436 tiron.

328 1452 564 1479 Cubiculum.
602 1451 632 1484 ἓ.
651 1453 686 1478 l.
712 1453 887 1484 Couclave,
906 1453 939 1478 in
958 1461 1018 1486 quo
1037 1457 1136 1478 noctu

293 1498 451 1522 cubamus.
496 1494 538 1521 Ill.
562 1496 627 1522 Cn.
662 1494 757 1521 Statim
786 1499 864 1531 atque
894 1494 972 1521 ducta
996 1498 1037 1520 est
1060 1503 1135 1524 uxor.

293 1538 412 1574 quamvis
432 1537 548 1563 nondum
567 1538 593 1563 iu
618 1537 767 1564 cubiculum
791 1539 878 1564 mariti
901 1538 1012 1563 venerit.
1043 1536 1074 1562 fr.
1095 1538 1135 1562 15.

294 1581 327 1607 de
346 1580 422 1607 cond.
443 1585 469 1606 et
488 1580 554 1607 dem.
574 1582 615 1607 35.
637 1583 660 1606 1.
697 1580 726 1606 In
746 1580 861 1606 triclinio
881 1590 938 1612 suo,
958 1579 1002 1606 vel
1020 1580 1047 1605 in
1067 1579 1138 1606 cubi-

295 1623 364 1655 culo,
383 1639 415 1643 —-
434 1623 475 1650 Ex
495 1623 630 1653 cubiculo,
649 1622 691 1649 vcl
711 1622 822 1655 exedra.
843 1622 1007 1656 (effundere,
1031 1632 1055 1648 v.
1076 1622 1139 1648 dcii-

295 1668 378 1700 ccre).
410 1666 440 1692 sr.
462 1668 501 1693 19.
521 1676 561 1703 pr.
586 1666 618 1693 de
638 1666 665 1692 S.
685 1665 714 1692 P.
734 1665 766 1692 V.
786 1669 810 1691 ὅ.
830 1668 854 1692 2.
881 1665 910 1692 sr.
930 1667 954 1692 5.
975 1666 996 1700 ξ.
1016 1667 1040 1691 2.
1061 1664 1094 1691 de
1112 1665 1137 1691 li.

295 1719 338 1746 qu.
358 1708 436 1735 effud.
456 1711 479 1736 9.
499 1711 523 1736 3.
544 1725 576 1729 -
595 1710 627 1743 §.
647 1710 683 1736 ἓ.
712 1710 886 1743 Principis
905 1711 1063 1735 conclave.
1094 1707 1138 1734 Ill.

295 1754 362 1780 (711.
391 1752 443 1788 Qui
468 1753 535 1778 sacri
560 1751 674 1779 cubiculi
697 1752 783 1777 nostri
807 1751 879 1778 fuere
902 1752 1056 1789 praepositi.
1088 1750 1138 1777 Th.

296 1795 327 1822 C.
347 1794 390 1822 VI.
410 1798 433 1822 8.
454 1805 475 1821 c.
496 1797 519 1821 1.
539 1795 571 1821 de
591 1805 712 1832 praepos
734 1794 761 1821 S.
777 1794 861 1820 cubic.
882 1794 927 1821 Xl.
944 1796 983 1820 18.
1004 1804 1026 1821 c.
1042 1796 1064 1820 l.
1086 1794 1140 1829 Qui
1160 1800 1161 1803 ’

297 1848 310 1864 a
329 1838 438 1875 praebit.
458 1839 536 1864 tiron.
574 1838 627 1873 Qui
641 1837 668 1864 S.
688 1842 781 1864 nostro
801 1837 923 1864 cubiculo
943 1838 1070 1864 serviunt.
1102 1837 1139 1863 lb.
1160 1834 1162 1852 ²

296 1881 330 1907 X.
352 1882 390 1907 lo.
411 1891 432 1907 c.
451 1882 493 1907 34.
514 1880 546 1907 de
564 1882 638 1918 petit.
659 1885 685 1907 ct
704 1880 773 1907 ultro
794 1879 846 1907 dat.

298 1967 394 2003 gitivos
413 1967 560 2002 inquirere,
580 1967 745 2002 scrutarique
765 1965 861 1992 cubilia
875 1971 952 2003 atque
970 1967 1081 2002 vestigia
1099 1975 1141 1992 oc-

300 2009 461 2036 cultantium.
488 2008 518 2035 l'r.
538 2011 562 2035 3.
583 2008 616 2035 de
635 2008 735 2045 fugitiv.
758 2010 797 2035 ll.
818 2011 842 2035 4.

335 2052 504 2080 Cubitus.
543 2053 710 2083 Mensura,
730 2062 745 2078 α
759 2054 858 2088 flexu
878 2053 984 2078 cubiti
1002 2053 1042 2078 ad
1060 2061 1142 2077 sum·

300 2097 444 2121 mitatem
468 2097 567 2121 medii
589 2096 699 2130 digiti.
737 2094 779 2120 111.
805 2096 870 2122 (711.
902 2094 931 2121 Si
952 2095 1011 2130 quis
1031 2093 1143 2131 posthae

300 2147 348 2174 per
367 2137 527 2175 Aegyptum.
554 2139 621 2164 intra
645 2137 771 2164 Xllnium
796 2138 924 2167 cubitum,
948 2137 1064 2163 fluminis
1088 2136 1143 2163 Nili

301 2180 355 2207 ulla
374 2180 469 2206 fluenta
489 2197 521 2200 —
545 2181 720 2218 usurpavi-rit.
755 2179 805 2206 Th.
827 2180 858 2206 C.
879 2180 923 2206 IX.
947 2182 988 2206 32.
1015 2190 1036 2207 c.
1059 2182 1080 2206 l.
1110 2179 1142 2206 de
1163 2181 1164 2190 ¹

302 2222 356 2249 Nili
376 2233 429 2258 agg.

339 2266 527 2293 Cum-ullus.
576 2269 658 2294 Pars
682 2269 796 2298 *vestim
825 2276 886 2301 qua
910 2272 1008 2300 caput
1031 2271 1060 2292 et
1088 2266 1142 2292 Ιιιι-

304 2311 380 2336 meri
405 2315 569 2341 teguntur.
611 2309 654 2336 llI.
674 2311 740 2337 (111.
769 2310 868 2336 Servos
893 2318 956 2335 sane
975 2309 1090 2334 omnium
1109 2323 1141 2327 —

305 2357 347 2378 aut
367 2351 472 2387 byrrliis
493 2352 529 2377 uti
549 2353 733 2387 permittimus}
753 2357 798 2379 aut
816 2351 936 2379 cuculli&
964 2351 1001 2377 lb.
1015 2350 1086 2379 XIV.
1103 2353 1143 2377 10.

308 2406 327 2420 r.
351 2397 372 2421 l.
392 2395 414 2428 ξ.
433 2396 458 2420 2.
479 2393 511 2419 d·-
531 2393 620 2420 babitu
641 2406 692 2431 quo
712 2397 749 2422 uti
769 2406 812 2433 op.

341 2438 519 2464 rucuma.

307 2480 336 2506 Si
356 2479 443 2516 lapide
462 2481 601 2516 percussit.
621 2485 665 2506 aut
689 2491 809 2509 cucuma.
829 2486 881 2513 aut.
906 2491 964 2507 cum
989 2480 1056 2506 sorti·
1079 2481 1146 2506 rixa-

309 2527 393 2553 retur,
414 2522 481 2548 l'vrro
502 2523 641 2559 percussit.
674 2523 743 2549 Coll.
768 2523 821 2550 LL.
847 2524 879 2551 M.
900 2523 918 2550 1.
937 2525 961 2550 6.
987 2523 1017 2549 fr.
1039 2525 1060 2549 1.
1080 2523 1101 2557 ξ
1121 2525 1146 2549 3.

310 2565 339 2590 ad
359 2564 389 2591 L.
408 2565 470 2591 Cor.
491 2564 523 2591 de
541 2566 587 2591 sic.
606 2566 647 2591 48.
667 2568 690 2591 8.

345 2608 575 2635 Cuoumeua.
608 2609 748 2635 Cucuma
768 2611 902 2635 minuta.
934 2609 976 2635 Ill.
993 2610 1060 2637 (771.
1080 2608 1148 2635 Cum

312 2665 342 2668 -
363 2649 439 2676 S‹·ius
459 2651 486 2676 in
510 2660 540 2676 vo
563 2652 618 2683 (sc.
638 2650 731 2677 domus
751 2651 828 2684 loco)
854 2651 947 2678 silvam
971 2653 1098 2684 sevisset,
1122 2653 1149 2678 in

312 2702 362 2728 qua
383 2692 452 2719 labra
474 2698 498 2719 ct
518 2693 676 2720 cucumellas
700 2695 801 2731 positas
827 2693 941 2721 liaberet.
974 2696 1004 2721 fr.
1026 2696 1064 2720 17.
1084 2694 1105 2728 §.
1127 2695 1148 2720 l.

313 2736 334 2760 si
355 2736 442 2760 svm-it.
462 2738 485 2760 8.
505 2738 527 2762 5.

349 2778 549 2805 Cucurnia.
587 2779 627 2806 Cf.
647 2789 672 2806 v.
693 2780 830 2807 Cui-cunia.

350 2821 508 2848 cudere.
546 2823 677 2854 Perire,
710 2825 857 2858 Signare.
899 2821 942 2848 111.
963 2823 1029 2850 Gn.
1066 2821 1101 2848 Vt
1125 2823 1152 2849 in

561 2439 621 2464 Fas
640 2448 769 2465 aeneum
791 2445 983 2465 ventrosum.
1020 2437 1063 2463 Ill.
1078 2438 1144 2465 Gn.
1165 2433 1167 2456 '¹
1189 2438 1323 2475 Repudia,
1344 2437 1449 2474 culpae,
1469 2436 1657 2473 culparumquv
1676 2437 1859 2462 coercitiones.
1891 2435 1958 2462 Nov.
1978 2434 2028 2462 Th.

1009 167 1098 200 CRY
1124 186 1163 192 —
1188 166 1286 199 CUL.

1168 251 1282 276 monetis
1314 254 1413 276 tautum
1443 251 1543 277 nostris
1574 250 1708 278 cudendae
1738 253 1864 289 pecuniae
1895 251 2010 278 studium

1169 293 1357 329 frequentetur.
1387 292 1437 319 Th.
1458 292 1488 320 C.
1509 293 1554 320 IX.
1578 295 1619 319 21.
1646 304 1666 320 c.
1686 296 1710 320 3.
1741 294 1773 321 cs.
1794 305 1815 321 c.
1835 297 1876 322 10.
1901 294 1933 321 de
1953 294 2010 321 sals.

1169 341 1265 362 monet.

1205 378 1365 406 Culcita.
1404 380 1598 414 stragulum
1619 381 1858 406 dormitorium.
1888 380 2011 408 HLCn.

1170 421 1335 453 Aeramenta,
1356 420 1427 453 lecti,
1447 421 1565 451 culcitae.
1585 422 1696 460 pulvini.
1716 422 1842 449 subsellia
1863 427 1911 449 etc.
1938 422 2012 449 Paul.

1171 464 1214 490 Ill.
1234 466 1258 490 6.
1278 465 1299 498 ξ.
1320 465 1360 490 56.
1387 464 1418 490 cs.
1439 464 1469 490 fr.
1489 466 1513 490 3.
1533 475 1572 502 pr.
1597 465 1630 491 de
1649 465 1744 502 supell.
1764 465 1813 501 leg.
1832 467 1874 492 33.
1896 467 1936 492 10.
1973 465 2012 492 Ne

1171 507 1283 543 lignum.
1303 511 1346 533 aut
1366 506 1464 537 oleum,
1491 507 1636 535 culcitaeve
1655 513 1806 545 poscantur.
1836 508 1886 535 Tb.
1905 508 1937 535 C.
1956 507 2012 534 Vll.

1148 577 1149 582 ,
1171 552 1195 577 9.
1216 561 1237 577 c.
1256 552 1281 576 3.
1311 549 1343 576 cs.
1364 559 1385 575 c.
1405 552 1429 576 2.
1456 560 1475 576 c.
1497 552 1521 577 4.
1546 550 1579 577 de
1598 551 1703 587 salgam.
1746 551 1774 577 ln
1800 552 1931 578 communi
1954 550 2014 577 loco

1152 848 1153 868 l
1175 852 1196 885 ξ.
1219 853 1240 876 l.
1261 850 1293 877 de
1312 851 1387 876 instr.
1407 849 1456 886 leg.
1475 852 1517 877 33.
1538 853 1560 877 7.

1172 593 1310 620 dormiant.
1330 592 1426 627 singuli
1446 592 1552 629 quidem
1572 595 1598 620 in
1617 594 1720 621 culcitis
1741 595 1805 621 suiS.
1835 593 1883 620 lul.
1898 604 1938 631 ep.
1953 603 2013 620 nov.

1173 647 1194 663 c.
1214 638 1238 662 4.
1258 637 1279 670 ξ.
1302 638 1340 662 15.

1208 679 1363 710 sulcus,
1389 688 1410 704 s.
1436 679 1600 706 Cuneus.
1638 680 1669 713 ξ.
1693 681 1728 706 1.
1767 680 1856 711 Vter,
1881 681 1920 705 ad
1937 680 2015 715 frn—

1172 723 1273 749 meuti
1304 723 1349 748 rel
1374 723 1444 748 vini
1472 732 1559 748 usum
1586 729 1736 757 paratus.
1777 721 1820 748 Ill.
1840 723 1907 749 Gn.
1941 721 2016 756 Quae

1174 763 1397 802 exportandorum
1417 763 1547 791 fructuum
1567 775 1644 791 causa
1663 770 1800 803 parantur.
1825 781 1859 785 —
1878 763 1960 791 veluti
1979 764 2017 790 iu-

1174 812 1260 834 menta
1280 812 1306 833 et
1323 807 1456 835 vehicula.
1476 813 1500 834 et
1520 818 1614 840 naves.
1635 813 1660 835 et
1679 818 1768 845 cupae.
1789 813 1814 834 et
1833 807 1909 834 culei.
1929 806 1959 833 fr.
1975 808 2016 832 12.

1603 851 1672 877 Istos
1697 850 1787 878 culeos
1812 861 1870 877 cum
1889 850 1967 876 Seius
1991 850 2017 875 in

1175 894 1270 920 horreo
1290 893 1413 925 haberet,
1432 894 1530 920 missus
1550 904 1582 921 ex
1602 894 1691 920 officio
1710 904 1828 920 annonae
1848 893 1966 920 centurio
1985 891 2019 918 ad

1176 946 1304 963 annonam
1329 936 1445 962 sustulit.
1484 936 1514 963 sr.
1538 938 1579 963 43.
1604 938 1625 971 ξ.
1652 939 1674 963 l.
1699 937 1732 963 de
1755 938 1825 974 pign.
1850 941 1899 962 act.
1928 937 1969 962 13.
1994 936 2017 961 7.

1177 980 1246 1006 Viuo
1265 979 1359 1014 legato.
1380 984 1452 1006 utres
1472 989 1524 1006 non
1544 979 1722 1010 debebuntur.
1747 990 1779 1006 ne
1803 979 1893 1006 culeos
1914 978 2019 1016 quidem

1178 1023 1268 1050 deberi
1287 1022 1355 1049 dico.
1380 1022 1411 1049 fr.
1430 1023 1454 1049 3.
1474 1023 1496 1056 §.
1517 1024 1540 1049 l.
1560 1022 1592 1049 de
1611 1024 1664 1049 trit.
1683 1024 1754 1049 vino.
1773 1024 1816 1049 33.
1836 1024 1860 1049 6.
1881 1038 1913 1042 —
1933 1022 1965 1055 ξ.
1981 1022 2018 1047 ².

1182 1068 1269 1098 Vter,
1297 1076 1355 1100 quo
1379 1067 1572 1092 insuebatur
1593 1068 1785 1100 parricida,
1812 1072 1845 1092 ut
1864 1066 2020 1092 abiicere·

1155 1124 1156 1127 ¹
1178 1116 1232 1136 tur
1250 1111 1283 1135 in
1305 1110 1537 1145 profluentem.
1579 1108 1621 1135 III.
1642 1110 1708 1136 Cn.
1736 1108 1771 1135 Vt
1790 1108 1920 1145 parricida
1939 1107 2020 1143 virgis

1161 1898 1163 1920 g
1185 1893 1236 1910 rec.
1264 1881 1315 1909 Tb.
1336 1881 1367 1908 C.
1389 1881 1479 1914 (ch.
1499 1892 1525 1919 p.
1539 1882 1576 1915 6.)

333 1924 477 1951 Cubile.
514 1925 691 1955 Latebrae,
712 1925 901 1960 Refugium.
938 1923 980 1949 111.
1001 1923 1068 1951 Gn.
1092 1921 1141 1949 Fu-

1178 1153 1328 1188 sanguineis
1342 1151 1505 1183 verberatus,
1525 1150 1620 1178 deiude
1634 1151 1719 1178 culleo
1733 1152 1852 1178 insuatur
1872 1160 1929 1177 cum
1949 1159 2020 1180 cane,

1178 1195 1247 1232 gallo
1267 1194 1424 1231 gallinaceo.
1449 1195 1538 1231 vipera
1559 1199 1583 1220 et
1603 1195 1690 1225 simia3
1714 1194 1809 1221 deiude
1828 1195 1855 1221 in
1873 1203 1944 1220 mare
1961 1202 2021 1230 pro·

1179 1238 1287 1265 fundum
1307 1237 1398 1265 culeus
1417 1238 1534 1264 iactatur.
1559 1237 1590 1264 fr.
1604 1238 1627 1264 9.
1641 1247 1681 1274 pr.
1701 1236 1734 1264 de
1752 1237 1781 1263 L.
1801 1237 1893 1274 Pomp.
1913 1236 1946 1263 de
1964 1245 2021 1273 par-

1179 1281 1253 1308 ricid.
1276 1282 1318 1307 48.
1338 1282 1362 1307 9.
1398 1280 1448 1307 Th.
1468 1280 1500 1307 C.
1518 1280 1564 1307 IX.
1590 1282 1630 1307 15.
1655 1291 1676 1307 e.
1696 1282 1719 1307 1.
1744 1280 1777 1306 de
1800 1281 1894 1317 parric.
1924 1278 1956 1305 cf.
1974 1277 2020 1305 XI.
2036 1278 2040 1285 “’

1179 1326 1220 1351 36.
1241 1335 1262 1351 c.
1282 1325 1306 1350 4.
1327 1323 1410 1360 Quor.
1431 1333 1491 1361 app.
1510 1333 1535 1349 n.
1555 1333 1607 1349 rec.
1636 1322 1709 1350 Paul.
1729 1322 1761 1349 V.
1780 1324 1822 1349 24.
1842 1323 1864 1357 ξ.
1885 1324 1908 1348 l.

1216 1369 1386 1395 culmen.
1430 1367 1461 1400 §.
1486 1368 1530 1393 l.
1555 1368 1746 1402 Fastigium
1775 1366 1966 1401 dignitatis.
2002 1364 2021 1390 l.

1156 1410 1158 1431 ἶ
1181 1412 1242 1445 Sy.
1271 1409 1412 1447 Splendor.
1441 1409 1563 1445 Fastigia,
1584 1408 1705 1436 Culmina
1720 1408 1908 1445 (dignitatum).
1928 1407 1978 1435 Th.
1991 1406 2022 1434 C.

1180 1454 1225 1480 vl.
1244 1455 1268 1480 6.
1289 1464 1310 1480 c.
1331 1455 1353 1479 l.
1378 1453 1411 1480 de
1431 1452 1510 1479 Coss.
1534 1452 1579 1478 XI.
1602 1454 1642 1479 16.
1662 1463 1684 1479 c.
1706 1453 1745 1479 15.
1772 1452 1804 1479 de
1824 1456 1890 1478 extr.
1909 1461 1930 1477 s.
1950 1450 2022 1477 sord.

1180 1497 1223 1524 Ill.
1245 1498 1310 1524 (7η.
1344 1495 1474 1523 Nox-erint
1498 1494 1611 1527 iudices.
1637 1495 1746 1522 cuilibet
1770 1495 1877 1522 culmini
1895 1494 2023 1520 honorive.

1180 1539 1372 1578 praesidentes.
1402 1539 1440 1565 lb.
1460 1539 1504 1565 IX.
1525 1540 1566 1565 36.
1587 1549 1610 1565 c.
1628 1541 1652 1565 2.
1674 1543 1700 1565 ut
1720 1539 1787 1565 intra
1806 1548 1864 1565 ann.
1885 1538 1956 1564 crim.
1993 1537 2024 1564 Si

1182 1584 1242 1620 quis
1262 1581 1401 1608 consulatu
1420 1586 1446 1608 et
1464 1581 1636 1619 praefectura.
1656 1581 1699 1608 vel
1713 1581 1826 1608 culmine
1838 1580 1944 1608 militari
1964 1590 2024 1607 con-

1183 1627 1291 1663 spicuus
1311 1629 1359 1651 est.
1390 1624 1427 1651 lb.
1447 1623 1491 1651 Vl.
1515 1626 1539 1651 6.
1560 1634 1580 1650 c.
1603 1626 1624 1650 l.
1650 1623 1666 1650 l.
1709 1624 1795 1650 Simili
1819 1624 1913 1660 iugiter
1932 1622 2025 1649 infula-

1183 1679 1239 1695 rum
1259 1667 1402 1705 splendore
1426 1667 1559 1697 decorari.
1584 1671 1613 1693 ut
1636 1676 1688 1693 non
1712 1666 1825 1693 culmine
1845 1666 2026 1702 discingantur

1183 1710 1298 1747 aequali.
1324 1710 1371 1737 sed
1391 1715 1517 1747 tempore.
1546 1709 1583 1736 lb.
1604 1709 1648 1736 VI.
1667 1711 1709 1736 30.
1734 1720 1755 1736 c.
1775 1712 1817 1736 24.
1843 1709 1875 1736 de
1894 1708 1976 1735 Palat.
1995 1708 2023 1735 S.

1183 1754 1262 1790 lai-gg.
1283 1769 1315 1773 —-
1335 1754 1366 1787 ξ.
1387 1755 1423 1780 2.
1452 1755 1597 1785 Titulus,
1617 1754 1773 1787 Principi
1792 1754 1840 1779 vel
1857 1753 2026 1786 superiori

1184 1798 1404 1832 magistratui
1422 1798 1575 1823 tributus.
1613 1795 1630 1821 I.
1647 1796 1708 1830 Sy.
1732 1794 1835 1822 Numen
1853 1793 2025 1832 (imperiale).

1185 1851 1205 1867 c.
1228 1841 1267 1866 16.
1293 1839 1325 1866 de
1349 1838 1427 1865 indic.
1452 1840 1476 1865 3.
1498 1841 1520 1865 l.
1557 1838 1717 1875 Magnitudo.
1751 1837 1832 1864 Gesta
1856 1839 1883 1864 in
1907 1837 1968 1864 Seu.
1993 1836 2026 1863 de

1180 1873 1189 1883 ι
1615 1880 1755 1908 Celsitudo
1775 1881 1852 1914 (tua).
1880 1879 1947 1907 Νῦν.
1960 1879 2026 1906 Mar-

1186 1927 1251 1953 cian.
1272 1925 1305 1952 de
1322 1924 1412 1962 praed.
1433 1925 1481 1951 civ.
1503 1935 1572 1951 omn.
1592 1924 1634 1951 III.
1654 1926 1679 1951 3.
1700 1934 1721 1951 c.
1742 1925 1765 1950 1.
1785 1923 1823 1957 §§.
1842 1924 1867 1949 3.
1887 1932 1927 1958 sq.

1222 1969 1354 2001 Culpa.
1392 1968 1423 2001 ξ.
1440 1969 1475 1994 l.
1500 1969 1614 1999 labes,
1638 1968 1770 1994 Vitium.
1806 1965 1850 1992 111.
1870 1966 1936 1992 Cn.
1956 1964 2026 1991 Con-

1190 2016 1298 2043 tractus,
1318 2011 1375 2037 sine
1394 2010 1447 2037 ulla
1467 2010 1543 2047 culpa
1563 2009 1718 2036 celebratus.
1747 2007 1797 2035 Th.
1812 2007 1843 2034 C.
1862 2007 1904 2034 Ill.
1926 2009 1948 2033 1.
1969 2009 2025 2034 c.l.

1187 2053 1219 2080 de
1238 2058 1321 2080 contr.
1341 2058 1400 2079 emt.
1421 2069 1453 2072 —
1474 2053 1505 2087 §.
1527 2054 1562 2079 8.
1591 2053 1698 2083 Noxa,
1718 2052 1903 2082 Peccatum,
1924 2052 2028 2085 Impu-

1186 2098 1273 2124 tatio
1298 2097 1468 2131 quaelibet.
1509 2094 1528 2121 I.
1553 2095 1614 2129 Sy.
1649 2094 1753 2121 Iniuria.
1782 2092 2026 2120 C011.LL.M.11.

1163 2144 1165 2180 j
1186 2142 1210 2166 5.
1230 2138 1286 2165 Vll.
1306 2140 1330 2164 3.
1351 2138 1381 2164 fr.
1395 2140 1419 2164 5.
1440 2138 1462 2172 ξ.
1483 2139 1505 2164 l.
1525 2137 1558 2163 ad
1572 2136 1600 2163 L.
1615 2137 1683 2174 Aqu.
1703 2138 1727 2164 9.
1746 2138 1770 2162 2.
1806 2135 1949 2162 Delictum.
1977 2136 2026 2173 Ep.

1187 2183 1248 2208 inst.
1269 2181 1328 2207 Gaii
1347 2180 1378 2206 ll.
1397 2182 1421 2207 9.
1440 2191 1480 2217 pr.
1499 2180 1530 2207 II.
1551 2182 1591 2207 11.
1611 2181 1633 2214 §.
1651 2182 1673 2206 1.
1711 2179 1824 2206 Causam
1837 2178 1941 2205 dissidii
1954 2188 2028 2216 prae-

1162 2231 1164 2243 <
1187 2226 1288 2251 stitisse
1308 2223 1399 2250 videri.
1437 2223 1524 2260 Culpa
1543 2224 1599 2250 eius
1619 2223 1760 2250 divortium
1778 2221 1881 2248 sactum.
1907 2220 1968 2259 le.
1982 2221 2027 2248 VI.

1189 2270 1228 2294 10.
1258 2267 1344 2294 vatic.
1365 2267 1387 2300 ξ.
1408 2268 1465 2292 107,
1489 2266 1519 2293 fr.
1539 2268 1581 2292 22.
1601 2266 1622 2300 ς.
1644 2267 1666 2292 7.
1686 2265 1716 2291 sr.
1736 2266 1777 2290 38.
1799 2264 1828 2290 fr.
1848 2265 1889 2290 44.
1910 2265 1932 2298 ς,
1954 2266 1976 2291 1.
1996 2264 2027 2291 fr.

1188 2312 1228 2336 45.
1250 2309 1298 2336 sol.
1319 2310 1428 2336 matrim.
1448 2311 1490 2335 24.
1504 2311 1528 2335 3.
1549 2308 1578 2335 fr.
1594 2310 1633 2334 ll.
1653 2308 1675 2341 ξ.
1691 2309 1730 2334 13.
1751 2307 1782 2334 ad
1796 2306 1825 2333 L.
1840 2306 1886 2333 Iul.
1902 2307 1934 2333 de
1947 2306 2027 2334 adult.

1188 2355 1229 2379 48.
1250 2355 1274 2379 5.
1312 2352 1355 2378 III.
1368 2353 1434 2380 Gn.
1458 2352 1487 2378 Si
1507 2352 1566 2388 quis
1586 2352 1610 2377 in
1632 2362 1659 2377 ea
1679 2350 1768 2387 culpa.
1788 2350 1829 2376 vel
1850 2351 1957 2377 crimine
1976 2349 2029 2376 sue>

1189 2398 1223 2423 rit
1247 2395 1436 2432 deprehensus.
1472 2394 1521 2421 Th.
1548 2393 1578 2420 C.
1602 2393 1646 2419 IX.
1671 2395 1695 2419 3
1720 2404 1741 2419 c.
1761 2395 1785 2419 2.
1814 2393 1846 2419 de
1871 2398 1936 2419 cust.
1960 2403 2027 2419 reor.

1190 2481 1219 2508 11.
1241 2481 1273 2507 dc
1292 2480 1384 2518 repud.
1403 2479 1421 2505 l.
1444 2481 1483 2505 12.
1504 2490 1524 2505 c.
1548 2481 1568 2505 l.
1589 2480 1610 2514 ς’.
1634 2481 1655 2505 l.
1677 2479 1707 2505 cl‘.
1729 2478 1778 2505 Th.
1794 2479 1824 2505 C.
1845 2478 1886 2505 [Il.
1907 2480 1948 2505 16.
1968 2488 1988 2505 c.
2003 2480 2027 2504 2.

1191 2524 1249 2550 eod.
1270 2525 1309 2550 tit.
1340 2522 1400 2549 Non
1419 2522 1450 2548 ab
1470 2532 1500 2547 eo
1521 2522 1597 2559 culpa
1616 2521 1777 2548 dissociandi
1795 2522 1953 2547 matrimonii
1970 2530 2029 2558 pro-

1192 2566 1274 2598 cedit,
1299 2567 1344 2602 qui
1368 2570 1416 2591 cte.
1451 2563 1534 2591 Yatic.
1559 2565 1580 2599 ς’.
1602 2567 1659 2591 121.
1697 2564 1726 2591 Si
1746 2564 1835 2601 culpa,
1859 2563 1902 2590 vel
1926 2567 2028 2601 sponte,

1194 2626 1225 2629 -
1245 2609 1382 2647 possessio
1401 2608 1496 2633 amissa
1515 2608 1556 2634 sit.
1587 2607 1617 2634 fr.
1636 2610 1678 2634 29.
1702 2608 1724 2641 §.
1745 2609 1767 2634 l.
1794 2607 1826 2634 de
1845 2607 1921 2633 eviet.
1944 2607 1985 2632 21.
2004 2607 2028 2631 2.

1195 2652 1279 2679 Fundi
1298 2651 1436 2678 deterioris
1456 2650 1516 2676 sacti
1536 2655 1561 2676 et
1580 2650 1681 2677 cultura
1700 2660 1752 2676 non
1771 2650 1919 2679 exercitati,
1942 2652 1967 2674 et
1990 2658 2030 2674 ae-

1194 2695 1343 2721 dificiorum
1362 2703 1414 2719 non
1434 2692 1591 2720 refectorum
1605 2693 1681 2730 culpa
1699 2693 1820 2725 (arbitrio
1834 2691 1926 2719 iudicis
1939 2691 2030 2717 sarciri

1194 2737 1304 2775 potest).
1323 2735 1396 2762 Paul.
1416 2735 1445 2761 11.
1466 2737 1507 2762 18.
1526 2736 1583 2770 §.2
1603 2735 1634 2762 cf.
1655 2736 1685 2762 sr.
1706 2737 1719 2762 7
1748 2736 1770 2770 §.
1792 2737 1830 2761 12.
1850 2733 1882 2761 de
1900 2733 1932 2760 A.
1951 2733 1982 2760 R.
1996 2733 2029 2760 D.

1194 2782 1236 2806 41.
1258 2781 1280 2805 1.
1317 2778 1377 2805 Non
1396 2780 1488 2811 teneri,
1508 2779 1559 2805 nisi
1577 2777 1651 2814 fugae
1669 2778 1802 2815 praestitit
1819 2776 1928 2814 culpam.
1956 2776 1987 2803 fr.
2005 2779 2029 2803 5.

1196 2823 1218 2857 §.
1239 2823 1279 2848 13.
1309 2821 1436 2849 commod.
1462 2823 1502 2848 13.
1525 2823 1549 2848 (5.
1595 2820 1699 2848 Abesse
1722 2820 1797 2857 culpa
1821 2829 1834 2845 a
1856 2828 1897 2845 mc
1919 2818 2030 2846 videtur.

1999 2861 2029 2888 fr.
