2197 3121
956 148 1051 179 VND
1068 167 1106 172 —

224 229 311 256 chium
329 229 470 265 redigatur,
491 234 520 256 ut
538 245 570 249 —
590 229 633 261 sit,
653 228 723 255 unde
742 229 797 266 poti
817 229 912 266 possit.
932 229 1005 257 Paul.
1024 229 1068 256 IV.

223 274 247 299 6.
274 273 295 306 5.
319 273 375 299 Ι.Β.
401 272 481 298 Pnem
505 271 605 304 „Vnde
630 273 743 309 proximi
763 272 901 307 cognati,“
926 282 949 299 v.
970 272 1069 305 „Vnde

223 314 358 350 legitimi‚·‘
379 316 490 352 (petere,
510 325 533 341 v.
554 315 695 351 accipere.)
720 314 750 341 l'r.
773 316 794 341 1.
814 315 835 348 5.
855 315 880 340 9.
906 314 974 341 unde
994 325 1067 351 cogn.

222 359 265 384 38.
285 360 310 384 8.
330 373 361 378 --
386 358 416 390 ξ.
437 359 473 384 2.
498 359 522 384 Α
548 367 609 392 qua
631 368 779 392 persona.
818 356 848 383 II.
871 358 938 390 Op.
959 357 997 389 Is,
1022 358 1066 394 qui

222 405 303 438 petet.
324 415 355 419 —
375 400 409 432 Is,
429 399 499 426 unde
518 404 628 436 petetur.
649 399 690 427 Fr.
710 400 740 426 L.
761 399 856 426 Servil.
877 409 897 425 c.
917 403 941 426 δ.
963 410 1003 436 sq.
1024 399 1065 426 Fr.

221 442 252 470 L.
280 442 375 470 Mamil.
404 453 425 469 c.
445 444 470 468 5.
499 442 529 469 fr.
549 444 590 469 60.
619 443 640 477 5.
660 446 684 470 2.
713 443 792 469 locat.
813 443 851 469 19.
870 444 894 468 2.
931 441 975 468 Ill.
998 443 1064 470 Gn.

222 486 277 521 Qui
295 495 402 512 uxorem
421 485 550 512 ducturus
570 490 637 517 erat,
657 486 688 512 ab
709 496 753 517 eo,
773 484 842 511 unde
861 484 978 511 ducenda
1000 490 1064 516 erat,

221 528 405 565 stipulabatur.
425 527 469 554 Fr.
490 528 576 554 Servii
596 527 723 566 Sulpicii,
750 527 830 554 [cti.
854 527 904 564 Ap.
930 527 998 554 Geli.
1019 527 1062 554 IV.

220 573 245 597 4.
266 571 319 606 Qui
338 572 361 596 ei
375 570 503 602 vendidit,
523 571 592 597 unde
612 576 639 598 tu
658 572 753 597 emisti.
775 570 804 596 fr.
821 571 859 595 15.
880 570 936 604 5.1.
959 570 991 597 de
1010 570 1062 597 div.

220 618 300 650 temp.
320 623 420 651 praesc.
441 615 483 640 44.
501 616 526 640 3.
546 630 578 633 -
598 615 629 647 §0
650 616 688 641 3.
708 616 757 641 Ex
776 623 838 647 qna
857 623 895 639 re.
932 612 975 640 111.
996 615 1062 641 Gn·

219 656 304 688 Dare,
325 672 356 675 —
376 657 433 682 sive
452 656 484 682 de
504 666 565 689 suo,
590 658 647 683 sive
665 667 696 683 ex
716 655 867 682 venditione
886 665 970 682 rerum
991 655 1064 682 here·
1084 679 1085 683 ,

219 698 379 729 ditariarum.
399 700 456 725 sive
476 699 544 726 unde
564 698 684 725 voluerit.
708 698 739 724 sr.
761 699 800 723 12.
822 708 858 735 pr.
885 698 917 724 de
937 698 1011 734 legat.
1032 698 1062 724 II.

219 742 288 773 (31.)
312 741 394 772 Dedi,
419 741 488 768 unde
512 742 620 768 l'aceres.
644 741 674 768 fr.
695 742 736 767 78.
760 741 782 774 5.
801 742 826 766 2.
845 740 877 767 ad
897 740 962 767 S.C.
983 740 1062 767 Treb.

218 785 259 810 36.
282 785 303 810 l.
325 784 354 810 l'r.
374 786 415 810 52.
435 785 458 818 5.
478 787 501 810 5.
522 784 554 810 de
574 784 633 810 furt.
653 784 694 809 47.
707 785 731 809 2.
770 783 798 809 Si
818 784 853 809 sit
868 784 892 809 in
908 783 1062 814 hereditate,
1082 779 1084 787 ¹

219 826 288 853 unde
308 827 420 864 pretium
440 831 596 864 praestetur.
617 826 647 852 i'r.
667 826 707 851 53.
727 826 750 859 5.
771 827 793 852 7.
814 825 846 852 de
865 826 941 861 legat.
955 825 972 852 1.
994 827 1061 859 (30.)

217 884 251 888 —
271 870 302 902 ξ.
324 871 362 896 l.
385 872 444 896 1¹er
463 872 553 904 qnod.
582 871 723 902 Propter
742 871 831 903 qaod.
868 868 911 894 Ill.
933 870 999 896 011.
1020 869 1059 895 Ex

218 912 268 938 hoc
288 912 375 938 edicto
396 928 425 933 -
447 913 580 949 competit.
601 910 676 937 Vnde
695 910 803 948 adparet
823 916 871 937 etc.
892 912 921 937 l'r.
940 912 963 936 6.
984 911 1021 944 55.
1036 914 1059 937 4.

216 965 257 992 sq.
278 955 310 982 de
335 955 427 981 edend.
451 957 476 981 2.
497 956 535 981 13.
571 953 677 980 Nullam
701 954 834 980 contrahit
858 953 1060 990 obligationenn

216 997 286 1024 unde
307 1014 336 1018 —
357 998 490 1024 vindicare
508 996 613 1034 quidem
632 1001 721 1034 potest
739 1002 788 1023 etc.
808 996 865 1024 Gai.
879 997 902 1023 ll
922 998 964 1023 82.
984 996 1060 1023 Vnde

216 1040 328 1071 dicitur,
352 1051 375 1066 v.
395 1040 507 1078 placuit,
527 1050 551 1066 v.
571 1049 727 1076 responsum
753 1044 801 1066 est.
827 1044 876 1066 etc.
900 1039 937 1066 Id.
956 1039 998 1066 111.
1018 1041 1058 1066 94.

217 1085 273 1110 132.
297 1086 353 1110 lsl.
373 1085 432 1109 200.
451 1081 496 1109 IV.
518 1083 557 1108 11.
587 1081 693 1108 Titulus
714 1098 745 1101 —
766 1083 971 1114 constitutionis,
990 1082 1060 1109 unde

216 1125 336 1153 consulta
360 1130 401 1151 est
424 1130 513 1151 nostra
538 1124 684 1151 clementia.
710 1124 778 1151 Nov.
802 1125 925 1152 Anthem.
945 1126 978 1152 de
997 1126 1058 1152 bon.

214 1179 270 1196 vac.
292 1168 333 1195 Vl.
353 1170 378 1195 3.
399 1178 421 1194 c.
442 1169 465 1194 l.
485 1177 524 1204 pr.
545 1182 576 1186 —-
597 1167 628 1200 θ’.
649 1169 685 1194 5.
709 1169 792 1194 Vnde
811 1171 904 1200 unde,
925 1171 942 1195 i.
960 1180 980 1195 c.
1004 1170 1058 1195 Vn-

213 1214 379 1246 decunque.
418 1210 460 1236 111.
481 1211 547 1238 Gn.
574 1210 658 1244 Quam
678 1212 727 1243 (sc.
748 1212 909 1247 portionem)
929 1221 961 1237 ex
980 1211 1057 1237 bouis

213 1255 354 1283 maternis,
374 1253 415 1279 vel
436 1252 506 1279 uude
525 1251 594 1278 unde
613 1252 657 1285 [al.
678 1252 868 1290 indecunquc.]
889 1255 1056 1290 quaesiverit.

213 1296 263 1324 Th.
285 1295 316 1323 C.
337 1295 403 1322 VIII.
425 1298 464 1322 18.
486 1305 507 1322 c.
529 1297 568 1321 10.
588 1305 627 1332 ρι’.
647 1295 680 1322 de
700 1301 807 1323 matern.
828 1297 888 1323 bon.

246 1340 520 1371 Vndecunque.
549 1338 672 1372 (Advb.)
700 1341 750 1366 Ex
769 1350 955 1375 quocunque
974 1343 1055 1372 loco,

210 1393 235 1410 v.
255 1383 380 1413 ordine,
402 1391 421 1407 v.
435 1383 662 1416 fundamento.
694 1381 736 1408 111.
752 1384 819 1410 Cn.
835 1382 949 1409 Collecti
963 1383 1055 1410 undec.

210 1423 344 1461 discipuli.
375 1423 424 1450 Tb.
445 1423 475 1450 C.
495 1423 567 1450 XIV.
587 1425 612 1450 9.
638 1435 659 1451 c.
679 1427 702 1451 3.
727 1435 766 1463 pr.
795 1425 828 1451 de
855 1425 925 1453 stud.
954 1425 1054 1453 liberal.

211 1468 267 1494 urb.
287 1467 318 1493 R.
338 1466 489 1492 Profectum
509 1467 541 1493 ad
561 1477 590 1493 se
609 1468 702 1494 uudec.
727 1469 897 1505 (suscipere.)
918 1468 954 1495 lb.
974 1469 992 1495 I.
1015 1471 1053 1495 12.

210 1521 232 1537 c.
250 1512 275 1537 3.
304 1509 336 1536 de
363 1508 464 1535 adsess.
493 1508 604 1537 domest.
632 1510 733 1537 Vndec.
761 1512 892 1548 acceperit
915 1511 944 1538 B.
965 1511 1053 1538 Pnem.

209 1554 241 1580 l'r.
254 1555 278 1579 2.
298 1553 375 1586 §.16.
396 1552 428 1578 ad
448 1552 515 1578 S.C.
536 1552 608 1579 Tert.
628 1555 668 1580 38.
685 1556 724 1580 17.
744 1553 944 1590 Qualecuuquffi
965 1560 990 1581 et
1009 1565 1054 1581 uu-

209 1596 321 1632 decunq.
342 1595 503 1628 (dominium
522 1594 709 1631 adquisitum.)
734 1596 764 1623 fr.
789 1598 826 1623 11.
853 1597 874 1630 5.
895 1599 919 1623 5.
944 1597 976 1624 de
997 1608 1052 1624 exc.

209 1640 247 1666 rei
267 1638 319 1665 iud.
339 1639 380 1664 114.
401 1640 424 1663 2.
443 1638 484 1664 Ex
504 1640 601 1675 operi8‚
621 1655 653 1658 —
673 1639 715 1666 vel
735 1639 827 1666 uudec.
847 1639 952 1674 (dare.)
978 1641 1007 1668 l'r.
1027 1643 1051 1667 3.

209 1682 232 1715 5.
252 1683 276 1708 8.
296 1681 329 1708 (Ie
348 1680 465 1707 statulib.
485 1682 525 1706 40.
547 1682 569 1708 7.

243 1724 430 1756 Vndillue.
450 1723 561 1756 (Advb.)
591 1725 621 1758 ξ.
643 1726 677 1752 l·
697 1727 746 1752 Ex
766 1736 809 1752 ⁰111
818 1727 851 1752 ui
866 1732 970 1759 parte.
1007 1725 1050 1752 111.

209 1769 276 1795 Cn.
306 1767 334 1793 Si
354 1767 439 1792 onmia
459 1766 576 1802 undique
599 1768 625 1793 in
645 1777 721 1794 unam
740 1768 923 1805 aequalitatem
943 1779 1052 1795 concur-

208 1815 274 1837 rant.
295 1810 324 1836 l'r.
344 1812 368 1835 8.
389 1809 421 1835 de
440 1813 508 1845 pact.
533 1811 557 1835 2.
578 1811 616 1836 14.
637 1809 758 1847 Vndique
777 1822 941 1838 concessum.
967 1822 988 1838 c.
1008 1813 1049 1838 37.

207 1863 247 1890 pr.
268 1853 300 1879 de
320 1853 392 1878 inoss'.
414 1857 516 1878 testam.
535 1854 560 1878 3.
579 1854 621 1879 28.
641 1867 672 1872 —
693 1854 724 1886 δ.
739 1855 774 1880 2.
796 1856 854 1881 Per
874 1857 988 1881 omnia.
1008 1854 1049 1880 111.

207 1897 275 1923 Cn.
295 1894 390 1922 Testes
411 1894 527 1931 undique
546 1895 642 1927 idonei,
663 1901 688 1922 et
707 1898 777 1923 omni
798 1899 953 1934 exceptione
973 1899 1050 1924 maio-

207 1948 257 1965 res.
278 1949 299 1964 c.
322 1940 360 1964 14.
381 1938 413 1964 de
433 1943 516 1965 contr.
538 1943 562 1964 et
582 1949 674 1965 comm.
694 1940 755 1977 stip.
776 1942 799 1966 8.
820 1942 860 1967 38.

241 1983 409 2015 Vngere,
440 1991 461 2007 S.
487 1983 676 2015 Vnguere.
716 1983 792 2009 Oleo
820 1986 968 2010 oblinere.
1006 1983 1049 2010 111.

206 2025 273 2052 Cn.
292 2023 444 2060 Vnguenta,
464 2024 559 2060 quibus
579 2024 737 2051 valetudinis
757 2036 833 2052 causa
853 2028 998 2062 unguimur.
1019 2026 1049 2053 fr.
1071 2054 1073 2060 ⁴

205 2069 247 2094 25.
268 2068 289 2100 5.
313 2069 351 2093 1⁶2.
372 2067 403 2093 ci'.
424 2067 453 2094 l'r.
473 2069 514 2093 21.
535 2068 556 2101 5.
580 2069 600 2093 l.
621 2066 654 2093 de
673 2078 735 2094 auro
756 2079 807 2105 arg.
826 2071 867 2095 34.
887 2073 911 2096 2.
940 2069 1050 2095 Medica·
1071 2062 1073 2102 l
1095 2070 1219 2102 (venire.)
1239 2068 1269 2094 fr.
1289 2071 1331 2095 35.
1351 2070 1372 2103 5.
1393 2071 1415 2096 6.
1436 2070 1469 2096 de
1488 2075 1571 2097 contr.
1592 2075 1652 2096 emt.
1675 2072 1712 2096 18.
1735 2072 1757 2097 l.

205 2115 321 2137 mentum
341 2110 418 2136 alicui
438 2109 565 2141 iufundit,
591 2126 621 2130 —
646 2110 688 2136 vel
708 2112 730 2137 si
750 2122 807 2138 eum
828 2113 902 2139 unxit
921 2112 989 2138 malo
1009 2123 1050 2139 ve-

207 2162 283 2180 neno.
305 2153 335 2180 fr.
356 2156 379 2180 9.
400 2154 420 2187 5
444 2155 464 2179 l.
485 2153 516 2179 ad
535 2152 564 2179 L.
586 2153 652 2189 Aqu.
672 2155 696 2180 9.
716 2157 739 2180 2.

241 2195 535 2229 Vnguentarius.
555 2195 683 2229 (Adit-ct.)
705 2199 750 2223 Ad
768 2205 966 2234 unguentum
983 2209 1050 2232 per-

207 2239 321 2263 tinens.
357 2238 375 2264 l.
389 2240 449 2273 ΞΛ.
470 2238 497 2264 1η
518 2239 614 2275 quibus
634 2245 695 2265 sunt
714 2246 852 2276 unguenta,
874 2241 1048 2277 Vnguentaria

207 2280 302 2313 (vasa.)
327 2279 356 2306 l'r.
375 2284 416 2308 25.
443 2282 525 2316 510.
550 2281 582 2308 de
607 2292 669 2308 auro
689 2293 740 2319 arg.
759 2285 801 2309 34.
821 2286 844 2310 2.
869 2283 941 2311 Paul.
962 2284 1003 2312 111.
1024 2286 1047 2312 6.

206 2323 220 2357 5
247 2324 288 2349 83.

240 2366 492 2398 Vnguentum.
539 2370 658 2394 Saccus
684 2371 835 2403 pinguis,
865 2380 923 2404 qno
952 2373 1047 2406 ungi-

206 2418 229 2434 711
240 2418 283 2434 ur.
321 2407 363 2433 111.
385 2409 450 2434 Cn·
474 2408 619 2445 vnguentis
639 2410 744 2446 legatis,
765 2422 816 2438 non
842 2417 941 2439 tantum
966 2424 993 2439 ra
1013 2413 1048 2440 le-

205 2455 262 2487 gata
281 2450 418 2481 videntur,
443 2451 537 2486 quibus
561 2455 700 2489 unguimur
723 2454 867 2491 voluptatis
891 2465 980 2487 causa,
1000 2457 1047 2483 sed

206 2498 231 2519 et
250 2493 425 2519 valetudinis:
444 2493 528 2529 qualia
549 2502 609 2522 sunt
629 2507 801 2533 commagena,
821 2497 947 2533 glaucina.
967 2500 1046 2531 crina,

206 2552 236 2556 —-
257 2535 365 2562 nardum
385 2545 486 2572 purum.
507 2536 536 2562 fr.
555 2539 596 2564 21.
616 2540 637 2572 5.
660 2542 680 2566 l.
706 2540 736 2566 fr.
755 2543 795 2566 25.
820 2540 841 2573 5
863 2542 902 2566 12.
927 2541 959 2567 de.
983 2552 1044 2568 auro

204 2588 256 2615 arg.
275 2580 317 2604 34.
336 2581 360 2604 2.
398 2578 520 2610 Odores,
544 2584 569 2605 et
588 2588 716 2617 unguenta
737 2585 850 2615 (emere,
870 2588 896 2609 et
915 2583 946 2610 ad
967 2584 1044 2611 sunus

204 2622 332 2657 erogare.)
351 2620 381 2647 l'r.
401 2623 425 2647 3.
446 2621 467 2654 5.
487 2622 511 2647 6.
531 2621 564 2648 de
583 2623 609 2648 in
628 2633 681 2650 rem
699 2636 785 2652 verso.
808 2627 847 2652 15.
860 2628 884 2652 3.
906 2626 936 2652 cf.
958 2626 987 2653 sr.
1001 2629 1042 2654 37.

204 2674 243 2701 pr.
263 2663 295 2689 (1(ι
314 2663 385 2699 relig.
409 2666 447 2690 11.
468 2666 490 2690 7.
528 2664 555 2690 Iu
576 2665 703 2697 obsonio,
723 2674 766 2694 aut
786 2670 811 2695 in
832 2670 979 2704 unguentis⁷
1000 2674 1043 2695 aut

204 2707 230 2733 in
250 2706 355 2732 cibariis
375 2706 559 2743 (impendere.)
581 2707 610 2734 sr.
630 2710 672 2734 31.
693 2709 714 2742 5.
734 2712 758 2737 9.
779 2711 811 2738 cf.
830 2711 861 2738 fr.
882 2713 904 2738 7.
925 2712 946 2745 5.
968 2714 990 2738 1.
1010 2711 1042 2738 de

204 2748 264 2775 don.
285 2750 330 2774 int.
350 2748 381 2775 V.
400 2751 441 2775 24.
463 2751 485 2776 l.

238 2791 391 2826 Vnguis.
432 2794 573 2827 Vngula,
594 2793 795 2827 (tormentorum
814 2797 917 2832 genus.)
944 2797 963 2824 I.
979 2798 1039 2831 Sy·

1121 149 1208 180 VNI.
1870 153 1954 184 1013

1114 230 1241 267 Vngulae‚
1263 231 1378 267 Vngues,
1398 232 1514 269 Vestigia
1534 232 1690 266 (serarum.)
1717 243 1738 259 c.
1759 234 1780 259 1.
1801 233 1833 260 de
1852 235 1953 261 emend.

1114 283 1182 300 serv.
1202 276 1225 300 9.
1247 276 1286 300 14.
1307 274 1356 301 Th.
1378 275 1409 302 C.
1429 275 1473 302 IX.
1496 278 1535 302 12.
1555 286 1576 302 c.
1598 277 1620 302 1.
1641 276 1699 303 eod.
1718 276 1763 303 IX.
1785 278 1823 303 16.
1844 287 1865 303 c.
1879 279 1902 304 6.
1921 278 1954 304 de

1112 316 1223 343 malefic.

1146 361 1305 394 Vngula.
1343 361 1374 394 ᾖ.
1395 363 1429 388 1.
1456 362 1594 388 Calceus
1613 371 1761 394 corneus,
1781 362 1880 399 (pedes
1900 373 1952 390 mu—

1111 403 1185 428 niens
1205 402 1380 436 animalium.)
1416 403 1458 430 III.
1480 405 1546 431 Gn.
1573 403 1639 430 Cuu]
1660 420 1691 424 -
1712 414 1771 431 caro
1795 405 1953 441 erogabitur,

1110 445 1219 480 ungulas
1245 446 1352 482 orisque
1376 446 1555 473 tantummodo
1575 448 1749 473 summitatem
1769 448 1893 484 praecidi.
1914 448 1950 475 lb.

1110 487 1164 514 Vll.
1185 490 1208 514 4.
1229 498 1250 514 c.
1269 490 1293 514 2.
1313 487 1345 514 de
1364 498 1433 524 erog.
1453 488 1507 515 mil.
1527 499 1585 515 ann.
1605 505 1637 509 -
1657 490 1688 523 §0
1709 491 1743 516 2.
1768 491 1951 518 Tormenta-

1108 540 1174 557 rum
1191 541 1306 565 genus,
1327 532 1446 567 (ungues
1467 531 1577 558 serarum
1597 532 1740 565 referens.)
1776 532 1795 559 1.
1815 535 1878 568 Sy.
1898 533 1951 560 Vn—

1107 574 1172 609 guis.
1193 573 1234 599 Cf.
1254 572 1278 599 h.
1298 583 1322 599 v.
1360 573 1403 600 III.
1424 575 1490 601 Gn.
1518 574 1560 601 Sit
1579 574 1670 601 eculeo
1694 575 1812 608 deditus,
1837 576 1952 613 ungulis-

1107 625 1157 651 que
1176 615 1341 642 sulcantibus
1360 615 1440 643 latera
1459 617 1573 654 perierat
1592 628 1699 655 poenas.
1725 618 1774 645 Tb.
1795 618 1826 645 C.
1845 618 1890 645 ῙΧ.
1912 620 1951 646 16.

1108 668 1128 684 c.
1148 659 1172 684 6.
1192 657 1224 684 de
1243 658 1353 686 malefic.

1141 701 1293 728 Vnieus.
1322 702 1462 734 (Adiect.)
1494 704 1591 735 Vnus,
1613 705 1816 738 Singularis.
1854 704 1950 739 LSy.

1107 742 1195 769 Solus.
1220 742 1261 770 Cf.
1281 743 1305 770 1ι.
1325 754 1348 770 v.
1386 745 1430 771 III.
1451 746 1517 772 Cn.
1547 745 1647 772 Vnicus
1672 756 1765 773 servus
1791 746 1949 779 ‚.fan1iliae“

1107 785 1284 823 adpellatione
1304 796 1356 813 nou
1376 788 1533 814 continetur.
1563 788 1602 815 Ne
1626 788 1678 815 duo
1705 789 1809 826 quidem
1827 789 1949 816 familiam

1107 828 1212 855 faciunt.
1234 828 1264 856 fr.
1285 831 1326 855 40.
1346 830 1367 861 5.
1387 832 1410 856 3.
1430 830 1462 856 de
1482 830 1513 857 V.
1528 830 1555 857 S.
1576 833 1616 857 50.
1638 833 1677 858 16.
1715 831 1816 858 Lumen
1835 833 1949 864 unicum,

1105 871 1147 897 vel
1167 871 1255 898 brevis
1275 872 1404 909 supellex.
1425 874 1455 900 l'r.
1476 875 1499 899 6.
1519 874 1540 907 5.
1561 875 1584 899 5.
1604 873 1636 900 dc
1656 874 1699 900 off.
1720 873 1807 901 Praes.
1829 877 1850 901 l.
1873 876 1912 902 18.

1139 915 1357 942 Vniformis.
1386 916 1524 949 (Adiect.)
1552 918 1702 943 Eiusdem
1721 919 1865 953 formae,
1891 920 1947 945 Ae-

1105 958 1223 989 qualis.
1262 957 1303 984 III.
1325 960 1391 986 Cn.
1412 958 1554 985 Peculiaris
1575 960 1599 985 in
1619 959 1739 995 singulis,
1761 976 1792 979 —
1813 966 1882 987 certa
1902 971 1949 998 per

1104 1008 1211 1034 paucos,
1230 1015 1262 1019 —
1283 1002 1420 1028 uniformis
1439 1003 1465 1028 in
1479 1007 1588 1028 cunctos
1608 1002 1751 1035 (indictio.)
1772 1002 1821 1030 Th.
1841 1004 1871 1030 C.
1891 1003 1947 1030 Ml.

1104 1042 1127 1067 7.
1148 1051 1169 1068 c.
1188 1043 1213 1068 3.
1237 1041 1270 1068 de
1294 1043 1429 1079 ponderat.
1455 1044 1570 1071 Pretium
1595 1044 1730 1071 uuil'oriue.
1756 1056 1777 1071 c.
1795 1049 1820 1073 3.
1844 1046 1876 1072 de
1896 1051 1947 1073 vet.

1103 1085 1223 1110 numism.
1243 1089 1297 1121 pot.
1319 1087 1357 1112 ll.
1381 1089 1417 1112 10.
1455 1086 1605 1114 Vnil'ormes
1631 1088 1750 1124 querelas
1776 1089 1869 1115 iisdem
1894 1089 1947 1116 sere

1104 1127 1369 1154 sermocinationibus
1389 1129 1512 1156 volutare.
1533 1129 1617 1157 Vatic.
1637 1131 1658 1164 5.
1678 1133 1720 1157 35.

1138 1170 1246 1196 W'nio.
1286 1172 1481 1206 Nlargarila
1498 1175 1668 1207 grandior.
1690 1173 1732 1200 111,
1747 1176 1813 1202 Cn.
1833 1175 1874 1201 Do
1890 1174 1946 1211 lego

1103 1227 1135 1232 -—
1155 1213 1278 1238 unionem
1297 1223 1354 1240 cum
1374 1214 1530 1250 hyacinthis.
1550 1215 1643 1242 Postea
1658 1218 1778 1244 unionem
1799 1217 1879 1244 solvit
1898 1223 1946 1244 etc.

1103 1254 1132 1282 fr.
1153 1256 1177 1281 6.
1197 1265 1236 1292 pr.
1260 1255 1292 1282 de
1317 1266 1380 1282 auro
1400 1267 1450 1293 arg.
1470 1259 1512 1283 34.
1531 1260 1555 1284 2.
1594 1258 1709 1286 Vniones
1735 1271 1834 1291 emere.
1859 1271 1882 1286 v.
1909 1261 1947 1297 pi-

1101 1299 1175 1333 gnori
1201 1297 1270 1324 dare.
1296 1298 1326 1324 l'r.
1346 1301 1369 1325 5.
1394 1299 1427 1326 ib.
1447 1301 1489 1326 34.
1509 1303 1533 1326 2.
1559 1300 1588 1327 fr.
1608 1304 1632 1328 4.
1656 1303 1677 1336 ἓ.
1697 1305 1722 1329 8.
1741 1303 1773 1330 de
1793 1303 1817 1329 d.
1837 1313 1868 1329 m.
1890 1313 1945 1329 exc.

1100 1342 1141 1367 44.
1162 1343 1186 1367 4.

1134 1383 1263 1410 Vnire.
1302 1385 1520 1420 Cnniuugere,
1547 1388 1718 1420 Copulare.
1756 1387 1774 1414 1.
1795 1389 1856 1422 Sy.
1876 1388 1946 1414 Con-

1100 1426 1157 1453 l'usa
1182 1431 1207 1453 et
1231 1427 1315 1458 unita,
1339 1426 1419 1453 mixta
1444 1427 1557 1460 (bona.)
1583 1428 1613 1455 fr.
1636 1431 1657 1456 Ι.
1677 1430 1760 1464 512.
1782 1429 1813 1457 de
1832 1436 1943 1468 separat.

1098 1471 1140 1496 42.
1151 1471 1174 1496 6.
1194 1469 1225 1496 II.
1241 1471 1309 1503 Op.
1328 1468 1355 1495 In
1370 1469 1459 1506 plures
1473 1475 1562 1507 partes
1576 1471 1668 1504 divisa,
1681 1488 1712 1491 —
1724 1471 1802 1499 Vnita
1821 1479 1946 1500 contextu

1099 1512 1278 1538 aedificiorum
1298 1513 1351 1545 (sc.
1372 1512 1491 1547 domus.)
1517 1513 1546 1540 fr.
1569 1516 1609 1541 15.
1633 1515 1655 1549 5.
1677 1516 1716 1540 13.
1741 1515 1773 1541 de
1793 1515 1878 1542 damn.
1898 1516 1943 1543 inf.

1099 1557 1141 1582 39.
1161 1557 1184 1582 ⁵2.

1132 1598 1278 1624 Vnitas.
1316 1600 1375 1625 Res
1395 1601 1496 1626 unita.
1517 1600 1771 1627 Indiuidnum.1.
1789 1602 1851 1635 Sy.
1869 1600 1943 1628 Vnus

1098 1645 1239 1667 contextus
1260 1642 1368 1673 (actus.)
1388 1640 1474 1668 Vnum
1494 1642 1615 1678 idemque
1635 1648 1746 1680 tempus.
1767 1643 1796 1670 fr.
1816 1646 1858 1670 21.
1878 1645 1899 1678 5.
1918 1646 1942 1670 3.

1098 1684 1151 1719 Qui
1170 1689 1272 1710 testam.
1288 1683 1334 1710 fac.
1354 1693 1379 1720 ρ.
1399 1685 1440 1711 28.
1463 1686 1484 1710 1.
1504 1685 1525 1718 ξ.
1545 1687 1570 1711 3.
1590 1685 1607 1711 1.
1629 1685 1661 1712 de
1674 1691 1775 1712 testam.
1791 1686 1847 1713 ord.
1861 1689 1940 1713 2.10.

1097 1726 1127 1752 fr.
1150 1728 1206 1753 137.
1225 1737 1264 1763 pr.
1294 1726 1326 1752 de
1352 1726 1381 1752 V.
1402 1726 1434 1753 Ο.
1459 1729 1500 1754 45.
1522 1729 1543 1754 1.
1580 1727 1636 1754 Vua
1666 1728 1758 1755 deitas.
1788 1729 1942 1756 Divinitatis

1097 1771 1191 1795 unitas.
1216 1769 1266 1795 Th.
1291 1768 1323 1796 C.
1349 1769 1419 1796 XVI.
1443 1771 1465 1796 l.
1490 1780 1510 1796 c.
1536 1772 1560 1796 2.
1584 1780 1623 1808 pr.
1649 1781 1670 1797 c.
1690 1773 1713 1798 3.
1739 1771 1771 1798 de
1797 1772 1849 1798 fide
1874 1772 1941 1798 cath.

1095 1811 1138 1837 III.
1154 1813 1220 1839 Cn.
1245 1811 1304 1838 Non
1324 1812 1486 1844 coalescere,
1511 1823 1558 1839 nec
1577 1814 1701 1840 unitatem
1721 1825 1778 1841 cum
1799 1819 1867 1841 terra
1886 1825 1942 1841 mea

1096 1854 1189 1881 facere.
1209 1854 1239 1881 fr.
1259 1856 1283 1881 9.
1303 1855 1325 1889 5.
1345 1858 1368 1881 2.
1389 1855 1421 1881 de
1441 1855 1525 1882 damn.
1546 1856 1589 1883 inf.
1607 1858 1650 1883 39.
1669 1859 1694 1882 2.
1731 1856 1825 1884 Vnitas
1845 1867 1941 1884 sermo-

1096 1898 1144 1923 nis.
1166 1908 1186 1923 c.
1208 1899 1230 1923 1.
1249 1898 1332 1931 5.10.
1353 1898 1385 1924 de
1405 1898 1493 1925 caduc.
1518 1898 1574 1925 toll.
1595 1900 1619 1925 6.
1638 1901 1679 1926 51.
1716 1900 1758 1926 Ad
1784 1901 1942 1926 communio-

1072 1957 1073 1967 i
1095 1941 1136 1966 nis
1156 1939 1241 1966 redire
1261 1942 1394 1967 unitatem.
1415 1941 1464 1968 Th.
1485 1941 1514 1968 C.
1535 1941 1604 1968 XVI.
1625 1944 1648 1968 5.
1669 1953 1690 1969 c.
1710 1944 1751 1969 62.
1772 1943 1806 1969 de
1824 1943 1921 1969 haeret.

1130 1983 1420 2011 Vniversaliter.
1455 1984 1577 2017 (Advb.)
1610 1986 1771 2012 Vniverse.
1816 1985 1846 2012 11.
1872 1987 1939 2019 ΟΡ.

1095 2026 1123 2052 Iu
1143 2025 1244 2061 singula
1265 2036 1375 2063 corpora
1401 2031 1472 2053 certo
1497 2028 1595 2064 pretio.
1616 2043 1648 2047 -—
1674 2027 1750 2053 Vniv.
1777 2038 1829 2054 uuo
1853 2029 1938 2064 pretio

1130 2112 1379 2139 Vniversitas.
1410 2113 1441 2146 §.
1457 2114 1492 2140 1.
1512 2115 1670 2140 collectio
1690 2123 1808 2145 rernm,
1828 2114 1884 2146 (ant
1897 2123 1938 2139 va-

1071 2154 1072 2183 }
1094 2155 1140 2180 riis
1161 2154 1316 2191 corporibus
1337 2160 1472 2186 constans,
1497 2161 1540 2182 ant
1563 2157 1663 2181 unitate
1681 2155 1798 2181 eiusdem
1818 2157 1937 2192 corporis

1095 2196 1307 2233 comprehensa.)
1343 2197 1372 2224 lI.
1393 2200 1460 2231 Op.
1480 2197 1587 2233 Singula
1609 2199 1700 2234 capita.
1720 2213 1751 2217 —
1773 2198 1936 2225 Vniversitas

1093 2241 1187 2276 gregis.
1207 2240 1237 2266 l'r.
1258 2242 1299 2266 70.
1319 2241 1340 2273 5.
1359 2242 1383 2267 3.
1404 2240 1436 2266 de
1456 2240 1536 2266 usufr.
1558 2242 1579 2266 7.
1597 2242 1617 2266 1.
1639 2240 1758 2267 Vnivers.
1780 2241 1900 2271 aedilicii,
1914 2251 1935 2267 s.

1093 2282 1204 2309 aedium.
1225 2299 1256 2302 —
1277 2283 1400 2318 Singulae
1420 2293 1470 2313 res.
1491 2283 1630 2319 exquibus
1645 2289 1755 2310 constat.
1776 2284 1805 2310 fr.
1821 2286 1843 2310 7.
1858 2285 1935 2318 5.11.

1093 2325 1126 2352 de
1145 2326 1176 2351 A.
1196 2325 1227 2351 R.
1248 2325 1281 2351 D.
1301 2327 1341 2351 41.
1366 2328 1385 2351 1.
1411 2326 1440 2352 [ι’.
1460 2327 1501 2352 23.
1521 2336 1559 2363 ρι’.
1585 2326 1617 2352 de
1642 2336 1730 2362 usurp.
1751 2328 1792 2352 41.
1811 2328 1835 2353 3.
1860 2327 1890 2352 l'r.
1911 2330 1934 2352 8.

1094 2369 1144 2403 Qu.
1170 2369 1195 2393 vi
1219 2373 1262 2393 aut
1287 2367 1318 2393 cl.
1338 2370 1379 2393 43.
1399 2370 1440 2394 24.
1470 2368 1634 2395 Vniversitas
1664 2368 1744 2394 fundi.
1774 2385 1806 2388 —
1835 2368 1933 2395 Pru-tio.

1093 2410 1201 2446 Singula
1221 2420 1290 2446 pars.
1311 2409 1340 2436 fr.
1359 2412 1400 2436 30.
1422 2410 1479 2437 fam.
1506 2413 1597 2438 ercisc.
1624 2413 1662 2437 10.
1683 2414 1706 2437 2.
1733 2411 1763 2437 sr.
1785 2413 1823 2437 10.
1849 2411 1881 2437 de
1900 2411 1935 2438 le-

1092 2458 1141 2490 gat.
1167 2453 1197 2479 11.
1219 2454 1286 2485 (31.)
1323 2451 1365 2478 111.
1387 2454 1453 2480 Gn.
1478 2454 1507 2480 Si
1531 2453 1609 2480 modo
1633 2455 1790 2480 universitas
1814 2464 1933 2481 consum-

1092 2497 1213 2522 mationis
1238 2495 1269 2521 ad
1294 2495 1480 2522 conductorem
1501 2498 1633 2533 pertinuit.
1657 2496 1685 2523 fr.
1706 2499 1747 2523 51.
1772 2498 1793 2530 5.
1815 2499 1836 2524 1.
1857 2497 1932 2524 locat.

1093 2540 1131 2565 19.
1151 2541 1177 2565 2.
1213 2538 1236 2565 C
1256 2538 1352 2564 solutis
1373 2549 1404 2565 ex
1424 2540 1608 2571 universitate,
1632 2544 1683 2565 tam
1709 2550 1740 2566 ex
1765 2544 1837 2566 sorte
1857 2551 1933 2576 quam

1090 2592 1122 2608 ex
1142 2592 1233 2618 poena.
1255 2581 1284 2608 sr.
1307 2583 1345 2607 10.
1366 2581 1398 2607 de
1418 2592 1448 2607 eo
1469 2592 1510 2617 qu.
1533 2592 1552 2608 c.
1574 2582 1623 2608 loc.
1645 2584 1684 2608 13.
1704 2585 1728 2608 4.
1766 2582 1931 2610 Vniversitas

1065 2630 1067 2637 '
1088 2635 1209 2660 agrorum
1228 2625 1295 2651 intra
1314 2625 1381 2651 fines
1402 2626 1529 2660 cuiusque
1549 2626 1670 2651 civitatis.
1690 2625 1720 2651 fr.
1740 2627 1799 2652 239.
1819 2627 1839 2660 5.
1855 2629 1878 2652 ὅ,
1898 2626 1931 2651 de

1088 2666 1119 2694 V.
1135 2667 1161 2693 S.
1181 2669 1222 2693 50.
1238 2669 1276 2694 16.
1298 2683 1329 2687 —-
1350 2668 1380 2700 ξ.
1395 2669 1480 2694 LA.
1502 2669 1604 2701 Copia
1624 2670 1761 2695 omnium
1780 2671 1929 2696 bonorum

1086 2712 1215 2745 singuli
1232 2712 1385 2743 hominia,
1406 2711 1481 2743 (item
1500 2710 1640 2746 peculiaris
1655 2710 1782 2737 bonorum
1797 2710 1928 2741 collectio,

1086 2757 1177 2789 utputa
1197 2752 1245 2779 dos
1265 2752 1391 2784 mulieris.
1411 2753 1452 2779 vel
1473 2753 1624 2789 peculium.)
1660 2753 1679 2780 I.
1701 2755 1762 2788 Sy.
1783 2753 1929 2779 Vniversae

1084 2805 1135 2822 res.
1154 2796 1235 2823 Bona.
1261 2795 1289 2822 fr.
1311 2797 1350 2822 13.
1375 2796 1397 2829 5.
1417 2797 1441 2822 8.
1461 2796 1491 2822 fr.
1513 2797 1552 2822 18.
1577 2796 1599 2830 5.
1619 2798 1642 2823 2.
1670 2797 1700 2824 fr.
1719 2799 1761 2822 ⁴20.
1786 2796 1808 2829 5.
1830 2797 1869 2822 10.
1895 2796 1932 2822 de
