2197 3121
246 173 312 204 318

248 265 288 292 pr.
309 253 341 281 de
361 253 421 280 don.
443 255 488 280 int.
508 253 540 280 V.
560 256 601 279 21.
625 255 645 279 l.
683 252 836 279 Praetorem
854 261 907 278 non
926 256 997 279 recte
1016 251 1096 288 parti-

248 298 299 324 bus
320 298 375 324 suis
395 297 525 324 functum:
545 297 634 323 debuit
656 297 724 322 euim
738 297 796 332 ipse
809 300 926 321 statuere
945 299 971 320 et
990 293 1095 330 eligere.
1117 280 1118 305 I

250 346 337 367 utrum
356 341 437 375 magis
457 345 506 366 etc.
532 340 561 366 fr.
583 341 605 364 7.
631 339 652 372 5.
672 343 696 365 ⁴.
722 338 754 365 (1(-
779 338 833 365 reb.
858 348 911 365 cor.
937 347 979 374 qu.
1005 346 1026 363 s.
1047 341 1094 363 tut.
1117 338 1119 365 ³.

248 386 292 410 27.
311 385 334 410 9.
372 382 415 409 Ius
430 393 505 409 suum
525 382 662 417 eligentes.
681 381 717 408 id.
732 381 803 418 quod
816 386 909 418 putant
927 380 978 406 sibi
992 389 1096 417 compe·
1117 416 1118 419 Ἴ

249 432 314 454 tere.
335 436 388 452 non
407 427 533 451 amittant.
558 425 588 451 I'r.
611 426 650 452 19.
676 424 709 451 de
728 424 801 451 inoff.
821 429 923 451 testam.
943 425 968 450 5.
987 425 1013 450 2.
1051 422 1096 449 Al-

250 475 304 496 tera
325 471 379 501 (sc.
404 468 523 500 actione)
548 467 647 499 electa,
667 467 775 494 alteram
795 468 922 494 consumi.
942 465 974 493 fr.
993 467 1036 492 34.
1056 476 1095 503 pr.

250 512 282 539 de
302 512 335 538 0.
356 517 379 538 «21
402 512 431 537 A.
457 513 497 536 44.
524 512 546 537 7.
589 510 618 537 Si
645 511 671 537 iu
695 512 812 548 optionis
832 510 917 546 legato
940 514 1033 546 captus
1052 510 1095 540 sit,

250 555 312 582 dum
332 554 409 591 elegit
429 554 595 580 deteriorem.
616 553 647 580 fr.
669 555 691 580 7.
712 554 734 587 5
756 555 777 580 7.
798 553 830 580 de
849 554 942 579 minor.
957 554 981 578 4.
995 554 1019 578 4.
1049 551 1095 578 Illa

250 603 293 624 aut
313 597 356 624 illa
377 607 428 629 res.
443 602 526 623 utram
540 596 619 633 eliget
632 596 789 629 (venditor.)
810 596 840 623 fr.
854 598 896 622 25.
910 606 950 633 pr.
965 595 998 622 de
1013 600 1095 622 contr.
1118 600 1119 607 ¹

250 646 310 668 emt.
333 643 372 666 18.
394 642 416 666 1.
453 639 575 676 Eligeudi
594 639 743 666 arbitrium.
763 649 787 665 v.
808 638 925 665 libertas.
945 638 976 665 fr.
994 639 1037 665 26.
1056 648 1096 675 pr.
1118 648 1119 652 ¹

250 685 273 710 si
293 694 336 720 qu.
357 693 407 709 om.
428 694 448 710 c.
470 688 530 710 test.
549 684 591 709 29.
612 684 635 708 4.
656 682 687 709 fr.
702 684 742 708 71.
762 682 784 716 5.
802 683 822 708 l.
843 681 876 708 de
896 681 972 708 cond.
987 686 1013 708 et
1027 680 1096 707 dem.

248 728 290 753 35.
318 728 339 752 1.

284 769 469 796 Elimare.
498 770 616 796 Polire.
646 767 688 794 111.
709 769 776 796 Cn.
796 767 893 794 Libros
913 783 945 788 -—
965 772 992 794 et
1010 766 1098 803 legere

251 817 276 838 vt
295 812 410 839 elimare.
431 822 452 838 c.
474 814 495 838 1.
515 813 537 845 5.
557 814 581 837 4.
603 811 635 838 de
654 816 707 837 vet.
728 812 784 838 inre
804 810 888 837 enucl.
910 812 933 837 1.
955 812 995 836 17.

285 856 486 882 Elimatus.
507 854 628 887 (Partic.)
656 856 865 889 Perpoln‘tus,
886 855 1095 889 Exquiritut.
1119 852 1120 873 l

250 898 294 925 IlI.
315 899 381 926 Gn.
405 897 544 933 Quidquid
569 907 601 924 ex
624 897 666 924 his
690 897 755 924 utile
774 902 853 933 atque
872 898 1051 935 aptissimum,
1071 901 1098 923 ct

250 941 368 977 undique
386 942 421 967 sit
441 940 582 966 elimatum.
603 951 624 967 c.
638 942 662 966 2.
682 941 766 974 5.11.
786 940 803 966 l.
824 940 840 967 l.
863 943 885 967 1.
906 942 946 967 17.
984 939 1021 966 Vt
1040 950 1053 965 a
1071 944 1098 965 te.
1119 941 1120 944 ’

249 984 359 1022 probata
379 989 457 1020 atque
477 983 579 1009 elimata
599 983 631 1010 ad
645 993 694 1010 uos
708 982 838 1010 desideria
852 983 1024 1020 perferantur.
1046 981 1097 1008 Th.

251 1027 282 1054 C.
302 1026 359 1053 XII.
382 1028 421 1052 12.
442 1036 463 1052 c.
483 1028 506 1052 8.
527 1026 560 1053 de
580 1026 657 1063 legat.
682 1031 707 1053 et
733 1026 803 1053 decr.
823 1025 911 1052 Manet
929 1025 1098 1062 manebitque

250 1075 379 1108 perpetuo
399 1069 502 1096 elimata
521 1069 604 1106 gloria
629 1069 803 1096 conditorum.
824 1068 918 1095 Coust.
945 1068 995 1095 Th.
1015 1068 1046 1095 11.
1065 1068 1098 1095 de

251 1113 301 1140 Th.
322 1113 352 1140 C.
373 1117 440 1139 auct.
461 1113 482 1147 5.
496 1114 521 1139 3.
542 1112 632 1146 (ch.
653 1123 678 1149 p.
700 1113 753 1145 10.)

285 1156 512 1183 Eliminare.
550 1157 732 1190 Expellere.
771 1154 788 1181 1.
810 1156 872 1189 Sy.
910 1154 1018 1181 Arcere.
1046 1153 1096 1181 Th.
1120 1155 1121 1163 ¹

252 1199 283 1226 C.
303 1199 347 1225 IV.
369 1201 409 1225 15.
430 1210 452 1226 c.
474 1201 496 1225 1.
517 1198 551 1225 de
571 1200 679 1235 quiuqu.
699 1208 814 1235 praescr.

286 1243 462 1269 Elocare.
499 1243 680 1268 Lot-atione
704 1244 735 1268 in
759 1243 862 1268 alium
883 1242 1040 1277 conferre.
1078 1240 1097 1267 1.
1120 1250 1121 1256 ’

252 1286 314 1319 Sy.
334 1284 435 1311 Loeare
454 1285 634 1320 (vectigalia.)
658 1284 688 1311 I'r.
709 1286 732 1311 9.
757 1284 779 1317 5.
806 1286 828 1310 1.
854 1283 884 1310 sr.
907 1286 946 1310 ll.
971 1284 1053 1318 55.1.
1073 1285 1098 1310 5.

252 1327 283 1354 fr.
305 1329 345 1354 15.
366 1327 398 1353 de
417 1327 549 1364 publicau.
569 1330 610 1354 39.
630 1330 654 1354 4.
691 1327 806 1363 Erogare
832 1326 973 1365 (praedia.)
994 1326 1044 1354 Th.
1066 1326 1097 1353 C.

252 1370 284 1397 V.
306 1373 346 1397 13.
367 1381 388 1397 c.
410 1373 450 1397 15.
472 1381 493 1397 c.
516 1373 555 1397 17.
576 1370 680 1404 (ku.)

286 1414 474 1441 Elocutio.
513 1415 644 1445 Dictiu,
672 1415 801 1441 Oratio.
838 1413 869 1440 H.
895 1415 963 1448 ΟΡ.
993 1412 1099 1439 Intelle-

254 1461 320 1483 ctus.
340 1456 370 1483 fr.
383 1458 423 1483 13.
444 1457 476 1483 de
495 1457 574 1483 solut.
595 1458 637 1484 46.
656 1458 680 1484 3.
701 1457 787 1483 sr.12.
807 1458 829 1491 5.
843 1458 868 1484 2.
888 1462 935 1483 rat.
955 1467 1018 1483 rem.
1039 1456 1099 1483 hab.

251 1501 293 1526 46.
313 1501 336 1525 8.
375 1499 417 1526 111.
447 1501 513 1528 Gn.
542 1499 656 1527 Pluralis
683 1499 805 1526 elocutio.
831 1500 861 1527 fr.
888 1502 928 1526 12.
953 1499 985 1527 de
1010 1495 1101 1526 testib.

250 1545 292 1569 22.
313 1544 336 1569 5.
374 1541 532 1569 Plenissima
551 1543 618 1570 luce.
639 1548 663 1569 et
683 1542 876 1580 perfectissima
896 1542 1054 1575 elocutione,
1075 1548 1101 1569 et

251 1586 397 1612 iustissima
420 1586 485 1612 iuris
509 1588 610 1613 ratione
634 1587 763 1613 succincti
788 1586 838 1618 (sc.
861 1587 1052 1612 sententiarum
1071 1585 1101 1612 li-

251 1628 314 1662 bri.)
335 1627 385 1655 Th.
406 1627 437 1655 C.
456 1627 476 1654 I.
495 1630 519 1655 4.
540 1639 561 1655 c.
581 1631 606 1655 2.
626 1628 732 1662 (ch.)
760 1628 792 1655 de
812 1638 882 1666 resp.
902 1628 980 1666 prud.
1019 1628 1101 1663 Quod
1122 1652 1123 1660 ,

251 1672 332 1708 magis
352 1670 490 1697 intellectu
508 1673 625 1709 percipi.
646 1682 724 1708 quam
743 1671 893 1698 elocutione
913 1671 957 1705 [al.
978 1682 1011 1699 ex
1029 1671 1101 1698 locu-

252 1714 335 1748 tione]
356 1715 469 1751 exprimi
489 1720 589 1752 posset.
610 1715 642 1742 sr.
663 1717 702 1742 13.
722 1714 740 1741 l.
759 1716 802 1741 46.
821 1716 845 1741 3.

286 1758 476 1793 Elogium·
496 1758 527 1790 §.
552 1760 586 1785 1.
608 1760 769 1785 Clausala
789 1759 928 1785 adiecta.
967 1759 1100 1785 Adscri-

250 1803 330 1835 ptio.
368 1800 411 1826 111.
423 1801 491 1828 Gn.
511 1800 612 1827 Idcirco
632 1800 746 1837 elogium
764 1800 826 1827 huic
845 1800 932 1827 edicto
951 1800 1101 1827 subiectum

254 1848 303 1875 est,
324 1845 398 1870 cuius
417 1843 498 1870 verba
517 1844 581 1871 haec
599 1849 670 1870 sunt.
690 1843 720 1870 I'r.
733 1845 775 1871 38.
796 1844 818 1878 5.
833 1846 857 1870 5.
874 1843 907 1870 de
920 1843 1008 1870 Aedil.
1022 1839 1100 1870 edict.

252 1888 295 1912 21.
318 1888 338 1912 1.
383 1886 432 1918 Vt,
453 1897 510 1913 cum
531 1888 655 1923 cognovit
675 1892 700 1913 et
720 1888 870 1919 constituit,
890 1888 1007 1913 remittat
1026 1886 1100 1914 illum

255 1939 314 1956 cum
333 1928 419 1965 elogio
443 1929 476 1955 ad
496 1939 567 1956 eum.
593 1931 637 1966 qui
661 1931 814 1967 provinciae
833 1935 945 1967 praeest.
966 1930 996 1957 sr.
1018 1932 1058 1957 11.
1077 1931 1100 1965 5.

254 1974 278 1998 ].
299 1971 330 1999 cs.
351 1971 380 1998 fr.
401 1973 424 1999 6.
449 1982 488 2009 pr.
513 1973 535 2006 5.
557 1974 578 1998 l.
608 1972 641 1999 de
665 1978 732 2000 cust.
757 1979 782 1999 et
805 1973 893 2000 exhib.
918 1974 960 1999 45.
980 1974 1005 1999 3.
1026 1973 1056 1999 fr.
1075 1975 1100 1999 3.

254 2025 294 2052 pr.
314 2015 346 2041 de
365 2014 396 2042 R.
417 2015 450 2042 Μ.
471 2017 512 2042 49.
534 2017 573 2041 lss.
595 2015 644 2042 Th.
666 2015 696 2043 C.
711 2015 778 2043 VIII.
799 2017 823 2042 S.
844 2026 865 2042 c.
886 2017 910 2042 9.
931 2015 963 2042 de
983 2021 1100 2042 exsecut.
1122 2016 1124 2033 V

255 2063 278 2084 et
300 2063 383 2085 exact.
415 2057 484 2085 Cum
502 2057 616 2094 elogium
636 2063 718 2096 pater.
739 2069 796 2085 cuin
816 2059 899 2085 filium
919 2058 1101 2090 exheredaret,

255 2102 456 2138 proposuisset.
481 2105 507 2127 et
531 2101 673 2128 adiecisset
691 2107 802 2139 propter
825 2112 881 2129 eam
900 2112 1004 2128 causam
1024 2101 1102 2129 exhe-

256 2143 347 2170 redare
367 2148 415 2170 etc.
436 2143 466 2170 fr.
488 2145 528 2170 14.
553 2144 574 2178 5.
594 2146 618 2171 2.
644 2144 677 2171 de
696 2145 741 2171 lib.
762 2150 787 2171 et
807 2145 895 2182 posth.
915 2146 957 2171 28.
976 2147 1001 2172 2.
1026 2145 1056 2172 fr.
1078 2147 1100 2171 1.

256 2187 278 2220 5.
298 2188 321 2212 9.
343 2186 375 2212 dv
394 2187 473 2213 Carb.
493 2186 533 2213 ed.
553 2189 595 2213 37.
618 2189 657 2213 10.
678 2187 728 2214 Th.
749 2188 779 2215 C.
801 2188 831 2214 Y.
853 2190 875 2214 1.
897 2198 918 2215 c.
939 2190 962 2214 4.
983 2189 1004 2223 5.
1024 2190 1048 2215 2.
1069 2188 1102 2215 de

257 2229 327 2265 legit.
347 2229 457 2256 hert-(Iit.
481 2229 583 2256 Naevio
603 2246 635 2250 -
656 2241 714 2257 cum
738 2230 788 2258 hoc
813 2230 898 2267 elogio
918 2231 1103 2258 fideicommis-
1123 2221 1124 2237 ³

257 2281 315 2298 snm
335 2271 449 2308 reliquit.
471 2272 500 2299 fr.
519 2274 560 2300 37.
582 2273 603 2307 5.
622 2275 647 2299 2.
668 2273 700 2300 de
719 2273 795 2310 legat.
815 2274 858 2301 111.
878 2275 946 2308 (32.)
967 2283 999 2295 -·—
1019 2276 1050 2308 §.
1065 2276 1101 2302 ᾖ.

262 2316 403 2341 ΓΙιίηιαε
432 2318 618 2342 voluntatis
641 2318 834 2344 declaratio.
872 2317 890 2344 I.
917 2319 979 2353 Sy.
1011 2316 1125 2344 Testa-³

258 2362 387 2384 mentum.
413 2358 470 2384 sive
494 2368 664 2395 quan-cunque
689 2358 779 2385 ultima
804 2359 935 2387 voluutas.
974 2360 1102 2398 Suprema

257 2406 318 2427 vota
339 2400 524 2427 deficientium.
544 2401 635 2437 Elogia
656 2401 781 2435 (ultima.)
802 2412 823 2429 c.
839 2405 879 2430 17.
893 2413 933 2440 sq.
954 2403 986 2430 de
999 2408 1102 2430 testam.

258 2443 311 2470 mil.
332 2446 356 2470 6.
375 2445 418 2470 21.
439 2454 459 2470 c.
479 2447 503 2470 8.
524 2454 563 2480 sq.
603 2446 654 2479 Qu.
675 2450 734 2471 test.
755 2444 801 2472 I'ac.
822 2456 847 2483 p.
867 2448 891 2472 6.
904 2448 947 2473 22.
968 2456 988 2473 c.
1009 2448 1050 2473 23.
1071 2446 1104 2473 du
1125 2459 1126 2463 =

260 2491 362 2513 testam.
382 2492 407 2512 et
428 2486 547 2523 quemad.
567 2488 590 2513 6.
611 2489 651 2513 23.
690 2487 732 2514 III.
748 2490 813 2516 Cn.
834 2488 1041 2521 Testamentum,
1060 2489 1104 2515 vel

261 2529 330 2556 aliud
351 2529 469 2556 ultimum
489 2529 609 2566 elogium.
635 2540 656 2556 c.
681 2532 699 2556 l.
725 2531 809 2564 514.
835 2532 867 2559 de
893 2532 982 2559 caduc.
1001 2532 1059 2559 toll.
1079 2534 1103 2558 6.

260 2573 301 2598 51.
322 2583 343 2599 c.
362 2574 387 2599 2.
408 2583 447 2610 sq.
469 2582 560 2600 comm.
581 2572 613 2599 dc
632 2583 743 2599 manum.
764 2576 787 2600 7.
807 2577 846 2601 15.
884 2575 1048 2603 Mortuerum
1068 2575 1105 2602 ul-
1125 2566 1126 2571 ¹

261 2615 321 2640 tima
342 2615 432 2651 elogia.
454 2627 475 2643 c.
494 2618 535 2642 35.
555 2616 577 2650 5.
591 2617 615 2642 3.
635 2615 668 2643 de
688 2616 759 2642 inoff.
781 2622 882 2645 testam.
902 2620 925 2644 3.
940 2621 982 2644 28.
1019 2618 1048 2644 Si
1068 2619 1104 2644 iu-

262 2662 302 2682 ter
321 2657 414 2684 fratres
434 2661 516 2696 patris
537 2659 649 2695 elogium
669 2661 844 2696 compositum
863 2662 905 2687 sit.
933 2673 955 2688 c.
975 2663 1015 2687 12.
1036 2671 1103 2687 com-

262 2709 332 2726 mun.
354 2706 401 2727 utr.
422 2702 474 2729 iud.
493 2704 518 2728 3.
538 2704 579 2729 38.
1126 2731 1127 2743 χ

298 2744 502 2776 ΕΙοᾳιιθῑΙδ.
541 2746 706 2772 Dieertus.
744 2744 868 2772 111.C¹11.
887 2745 927 2772 Ex
947 2746 988 2772 his
1007 2746 1105 2773 Treba·
1126 2752 1127 2759 ¹

264 2787 315 2812 tius
335 2786 446 2822 peritior
464 2786 605 2819 Cascellio,
626 2787 774 2815 Cascellius
794 2787 919 2815 Trebatio
940 2788 1106 2825 eloquentior
1126 2800 1128 2824 ¹.

264 2828 347 2855 I'uisse
367 2827 470 2855 dit-itur.
490 2829 588 2857 ofilius
607 2836 720 2868 utroque
739 2831 850 2858 doctior.
870 2831 900 2858 fr.
920 2834 944 2858 2.
969 2831 992 2865 5.
1012 2834 1052 2857 45.
1073 2831 1106 2858 (1ιὲ

984 169 1054 200 ELI
1080 187 1119 193 —
1145 168 1246 200 ΕΜΔ.

1141 252 1174 277 0.
1194 251 1213 278 I.
1235 253 1257 277 1.
1277 252 1301 277 2.
1341 250 1397 278 Viri
1423 251 1634 289 eloquentissimi
1657 252 1734 286 (fisci
1752 255 1882 291 patroni.)
1902 265 1923 281 e.
1941 256 1983 281 66.

1141 294 1173 320 de
1193 294 1328 321 decurion.
1351 295 1391 320 10.
1410 296 1452 321 31.

1175 337 1420 370 Eloquentia.
1457 340 1637 366 Facundia.
1656 339 1674 365 1.
1691 340 1755 374 Sy.
1774 338 1914 366 Facundia.
1934 338 1984 366 Th.

1141 380 1172 407 C.
1192 379 1264 407 XIV.
1283 382 1307 407 9.
1329 390 1350 406 c.
1369 382 1394 406 3.
1415 379 1449 406 de
1467 380 1537 407 stud.
1557 381 1632 408 liber.
1653 381 1709 409 urb.
1729 381 1762 408 R.
1781 381 1824 408 111.
1836 383 1901 410 Cn·
1920 382 1985 409 Plus

1117 458 1118 461 Ἴ
1141 423 1318 460 eloquentiae,
1338 433 1415 460 quam
1433 424 1561 451 scientiae
1579 425 1644 451 iuris
1664 426 1785 462 (operam
1804 424 1897 458 dedit.)
1917 424 1946 452 sr.
1959 427 1984 451 2.

1141 467 1162 501 5.
1182 468 1224 493 4¹).
1244 466 1277 493 de
1297 466 1330 493 Ο.
1350 466 1368 493 1.
1390 468 1412 492 1.
1425 468 1451 493 2.
1471 466 1592 502 Quorum
1608 469 1656 500 (sc.
1672 468 1877 501 causidicorum)
1896 468 1985 499 vitani,

1142 509 1319 546 eloquentiam
1331 523 1361 528 —
1379 508 1501 546 explorat
1520 512 1670 537 auctoritas.
1690 510 1758 538 Nov.
1773 510 1877 537 Valent.
1891 510 1934 537 111.
1953 510 1986 537 de

1141 552 1240 590 postul.
1261 552 1290 579 Π.
1311 554 1351 579 ll.
1371 563 1393 578 c.
1409 554 1430 579 l.
1450 563 1490 589 pr.
1511 551 1682 580 Clarissimae
1695 554 1863 590 eloquentiae
1880 553 1985 580 lumina.

1142 606 1164 622 c.
1184 597 1207 622 6.
1228 606 1266 633 pr.
1287 595 1320 622 de
1338 595 1430 622 advoc.
1450 595 1502 622 div.
1523 595 1646 623 iudicum.
1665 599 1690 624 2.
1709 601 1734 624 8.

1177 639 1329 672 Eloqui.
1369 640 1530 665 Oratione
1551 642 1661 674 palam
1682 642 1844 676 proferre.
1881 639 1901 666 I.
1925 641 1987 674 Sy.

1142 681 1328 708 Pronunciare.
1353 681 1383 708 fr.
1409 683 1448 708 13.
1473 682 1495 716 5.
1519 683 1543 708 6.
1564 682 1597 709 de
1620 683 1646 710 h.
1674 693 1717 720 qu.
1737 687 1791 709 not.
1811 682 1899 710 infam.
1918 684 1942 709 3.
1961 685 1986 709 2.

1142 725 1185 751 111.
1207 726 1274 753 Gn·
1310 724 1413 756 Mutus,
1434 741 1463 745 -
1485 726 1530 761 qni
1555 725 1644 762 eloqui
1667 726 1733 753 nihil
1756 731 1854 764 potest.
1879 726 1901 760 5.
1920 727 1944 752 3.
1965 725 1983 752 1.

1118 785 1120 798 ⁴
1143 770 1195 803 Qu.
1216 778 1269 794 uon
1289 773 1330 794 est
1348 778 1430 805 perm.
1451 767 1499 795 fac.
1518 773 1620 795 testam.
1640 771 1664 796 2.
1683 771 1722 795 12.
1760 769 1842 805 Quod
1861 769 1987 801 sentiunt,

1118 814 1120 851 ζ
1142 810 1300 847 eloquantur
1319 810 1433 837 decretis
1458 811 1581 838 conditis.
1608 811 1658 838 Tb.
1679 812 1710 839 C.
1728 812 1786 839 XII.
1808 814 1848 839 12.
1869 822 1891 838 c.
1913 814 1934 838 1.
1955 811 1988 838 de

1142 854 1218 890 legat.
1240 859 1265 880 et.
1284 853 1355 880 decr.

1176 897 1394 930 Eloquium.
1432 897 1463 931 ξ.
1483 899 1518 925 l·
1538 899 1748 932 Eloquentia.
1786 897 1830 924 ΙΙΙ.
1848 899 1914 926 Gn.
1934 897 1988 933 Qui

1143 939 1240 966 studiis
1260 944 1285 966 et
1305 939 1411 977 eloquio
1425 940 1520 977 dignus
1533 942 1618 977 primo
1633 940 1693 967 loco
1707 940 1848 967 videbitur.
1867 940 1904 967 lb.
1916 940 1987 967 XIV.

1119 974 1121 1017 ἶ
1145 985 1167 1009 1.
1189 993 1210 1009 c.
1232 985 1254 1009 1.
1275 982 1307 1009 de
1326 982 1414 1010 decur.
1434 983 1492 1009 urb.
1521 982 1552 1010 11.
1581 998 1615 1002 -
1644 984 1674 1017 §.
1698 985 1734 1011 2.
1763 985 1907 1016 Relatio,
1928 985 1988 1010 De-

1143 1027 1322 1052 uunciatn'o.
1359 1025 1402 1052 III.
1429 1027 1495 1054 (7η.
1520 1026 1595 1062 Quae
1614 1027 1739 1064 pietatem
1758 1032 1875 1053 nostram
1894 1042 1927 1046 —
1946 1026 1990 1053 de-

1144 1078 1252 1095 cernere
1271 1069 1357 1105 coegit
1376 1068 1510 1106 eloquium
1530 1069 1658 1103 (Comitis
1677 1075 1703 1096 ct
1723 1069 1823 1106 legati.)
1842 1069 1880 1096 lb.
1899 1069 1944 1097 XI.
1966 1071 1988 1096 1.

1120 1135 1121 1147 3
1144 1122 1166 1138 c.
1185 1113 1228 1138 34.
1248 1111 1280 1138 de
1300 1122 1358 1139 anu.
1378 1117 1404 1139 et
1423 1112 1484 1139 trib.

1172 1156 1356 1182 'Elucere·
1394 1157 1571 1189 Adparere.
1608 1155 1651 1182 ΙΠ.
1673 1156 1740 1183 Gn.
1777 1155 1880 1182 'Nomen
1899 1155 1990 1183 adiun—

1120 1196 1121 1224 ἶ
1143 1198 1256 1235 gendum
1275 1203 1324 1227 est.
1345 1202 1373 1224 ut
1392 1197 1493 1224 eluceat
1513 1197 1546 1224 de
1565 1207 1617 1235 quo
1636 1202 1749 1225 testator
1766 1200 1884 1226 sensisse
1902 1199 1989 1226 videa-

1144 1246 1193 1268 tur.
1214 1240 1287 1267 Paul.
1301 1240 1346 1267 IV.
1367 1242 1407 1267 14.
1427 1242 1491 1275 5.1.

1177 1285 1360 1311 Eludere.
1398 1286 1559 1316 1Hadere,
1591 1285 1848 1311 circumvenire.
1886 1285 1905 1312 I.
1926 1286 1989 1320 Sy.

1144 1327 1286 1354 Lusorium
1306 1337 1373 1353 esse.
1409 1326 1490 1354 Eludi
1508 1337 1598 1365 posse.
1622 1327 1654 1354 fr.
1673 1329 1715 1354 30.
1740 1327 1773 1354 de
1798 1337 1849 1354 rec.
1871 1338 1913 1364 qu.
1934 1328 1988 1355 arb.

1144 1372 1168 1397 4.
1188 1372 1212 1397 8.
1233 1370 1264 1396 fr.
1285 1371 1325 1397 75.
1346 1370 1378 1397 de
1396 1370 1476 1397 indic.
1496 1373 1520 1397 5.
1541 1373 1564 1397 1.
1601 1370 1645 1397 III.
1670 1371 1737 1398 Gn.
1775 1370 1805 1397 Id
1827 1371 1895 1397 enim
1915 1370 1990 1398 Prae-

1145 1419 1187 1440 tor
1206 1413 1367 1445 introduxit,
1390 1423 1423 1440 ne
1447 1413 1598 1440 eluderetur
1621 1414 1704 1445 actio,
1729 1423 1782 1440 non
1806 1418 1835 1440 ut
1855 1415 1933 1441 etiam
1952 1413 1991 1441 lu-

1146 1467 1219 1483 crum
1238 1456 1342 1482 Iaceret.
1362 1455 1393 1482 fr.
1407 1457 1449 1483 26.
1469 1467 1508 1494 pr.
1528 1457 1561 1483 de
1580 1467 1641 1484 nox.
1661 1461 1710 1483 act.
1724 1458 1748 1483 9.
1762 1458 1786 1482 4.
1824 1456 1860 1483 Se
1879 1456 1990 1483 falso—

1146 1500 1275 1537 profiteri,
1295 1498 1327 1525 ad
1347 1498 1491 1526 eludendas
1511 1499 1597 1536 legum
1616 1501 1776 1527 sanctiones.
1795 1499 1880 1526 Vatic.
1894 1500 1916 1534 5.
1930 1501 1989 1526 273.

1146 1542 1188 1569 Ad
1207 1541 1364 1569 eludendam
1376 1542 1518 1579 legitimam
1531 1545 1734 1575 accusationem,
1753 1543 1927 1581 praetendere
1940 1548 1989 1570 etc.

1146 1586 1176 1613 sr.
1197 1587 1237 1612 11.
1258 1586 1280 1619 5.
1300 1587 1324 1612 9.
1345 1585 1377 1612 ad
1395 1585 1425 1612 L.
1446 1586 1494 1613 lul.
1514 1586 1546 1613 de
1566 1586 1647 1613 adult.
1667 1588 1708 1614 48.
1729 1588 1753 1613 5.

1180 1630 1335 1656 Emere.
1373 1630 1490 1662 Lucre,
1510 1631 1650 1656 Abolere.
1686 1629 1729 1656 III.
1750 1630 1816 1657 Gn.
1848 1628 1990 1656 Immensu-

1145 1682 1203 1699 rum
1223 1672 1385 1699 cruciatuum
1404 1672 1487 1699 semel
1505 1671 1605 1699 eluisse
1618 1671 1756 1709 supplicia.
1777 1671 1827 1699 Th.
1843 1672 1874 1699 C.
1888 1672 1934 1699 IX.
1948 1674 1989 1699 40.

1146 1726 1167 1742 c.
1191 1717 1233 1741 22.
1258 1714 1291 1741 de
1314 1724 1392 1751 poen.
1418 1714 1449 1741 cf.
1475 1714 1542 1741 Nor.
1566 1715 1701 1742 Maiorian.
1726 1715 1758 1742 de
1785 1715 1897 1742 adulter.
1934 1714 1991 1742 Nec

1145 1757 1255 1796 speciali
1279 1758 1409 1794 rescripto
1433 1763 1521 1784 notam
1547 1757 1634 1785 eluere
1658 1758 1702 1792 [al.
1723 1758 1826 1792 eruere]
1851 1763 1990 1785 mereatur.

1122 1811 1123 1839 j
1146 1801 1195 1828 Th.
1217 1800 1247 1828 C.
1267 1800 1325 1827 XII.
1346 1802 1368 1826 1.
1389 1810 1411 1827 c.
1430 1802 1472 1827 85.
1497 1800 1529 1827 de
1553 1801 1687 1828 decuriou.
1713 1801 1744 1828 cf.
1770 1801 1834 1828 lust.
1855 1800 1886 1828 C.
1906 1811 1928 1828 c.
1947 1802 1989 1828 33.

1122 1841 1123 1848 ¹
1146 1844 1204 1872 eod.
1226 1846 1265 1870 10.
1285 1845 1327 1870 31.

1180 1889 1360 1921 Elugere.
1398 1888 1535 1914 Luctum
1563 1889 1759 1915 concinnare
1785 1897 1841 1922 per
1868 1889 1990 1914 iuratum

1145 1938 1278 1965 tempus.
1315 1929 1334 1956 1.
1355 1931 1418 1965 Sy.
1455 1929 1566 1967 Lugere.
1585 1929 1670 1956 Vatic.
1696 1930 1733 1964 55.
1757 1932 1816 1957 320.
1836 1939 1876 1966 sq.
1897 1929 1926 1956 fr.
1948 1931 1988 1956 11.

1146 1975 1184 2008 55.
1205 1976 1228 2001 1.
1248 1975 1272 2000 3.
1293 1973 1323 2000 I'r.
1343 1974 1384 1999 23.
1412 1972 1445 2000 de
1464 1973 1488 2000 h.
1510 1983 1552 2010 qu.
1572 1978 1626 2000 not.
1646 1973 1732 1999 iufam.
1751 1974 1776 1999 3.
1795 1975 1820 1999 2.
1857 1972 1900 1999 111.
1922 1973 1989 2001 Gn.

1148 2016 1275 2054 Tempus,
1295 2026 1348 2053 quo
1367 2017 1408 2042 vir
1427 2015 1589 2053 elugeretur,
1615 2017 1660 2052 qui
1679 2015 1749 2042 solet
1768 2014 1874 2051 elugeri.
1895 2014 1925 2041 fr.
1948 2017 1988 2041 ll.

1147 2060 1169 2094 5.
1190 2062 1212 2086 1.
1234 2060 1267 2086 cl'.
1287 2059 1318 2086 fr.
1339 2061 1361 2086 l.
1382 2058 1413 2085 fr.
1434 2061 1473 2085 10.
1494 2060 1515 2093 5.
1538 2061 1559 2085 l.
1579 2059 1615 2086 ib.
1634 2060 1658 2085 3.
1678 2061 1703 2085 2.

1180 2104 1379 2130 Eluscare.
1416 2103 1554 2129 Luscum
1577 2103 1703 2138 faeere.
1741 2100 1784 2127 111.
1805 2102 1872 2129 Gn.
1909 2101 1990 2129 Inter-

1123 2164 1124 2176 .
1146 2146 1242 2177 ficere,
1268 2150 1312 2172 aut
1337 2144 1456 2171 eluscare
1480 2154 1593 2171 servum.
1613 2144 1643 2171 sr.
1663 2146 1704 2170 27.
1730 2143 1762 2170 de
1781 2145 1883 2181 piguor.
1903 2146 1945 2171 20.
1967 2146 1988 2171 l.

1147 2189 1178 2216 cs.
1198 2188 1229 2215 fr.
1249 2190 1272 2215 5.
1293 2189 1315 2223 5.
1335 2189 1359 2215 3.
1379 2187 1412 2214 ad
1430 2187 1460 2214 L.
1474 2187 1543 2224 Aqu.
1562 2189 1586 2214 9.
1606 2189 1630 2214 2.
1667 2186 1806 2214 Hominem
1825 2186 1990 2214 debilitatum

1147 2232 1280 2263 exhibere.
1300 2230 1342 2257 vel
1362 2230 1515 2257 eluscatum.
1535 2230 1566 2257 [Γ.
1581 2231 1621 2256 17.
1640 2229 1672 2256 ad
1691 2229 1778 2256 exhib.
1799 2231 1839 2256 10.
1858 2232 1882 2256 4.

1181 2277 1388 2302 Emanare.
1417 2274 1448 2308 §.
1469 2275 1504 2301 1.
1529 2274 1722 2305 Decurrere,
1744 2275 1846 2300 Abire.
1878 2272 1908 2299 11.
1921 2274 1990 2307 ⁰1²·

1123 2343 1125 2356 ξ
1148 2318 1196 2345 Sin
1215 2323 1320 2354 tempus
1340 2317 1433 2344 annale
1452 2317 1617 2344 emanaverit.
1637 2331 1670 2335 —·
1689 2315 1759 2342 Intra
1779 2315 1805 2342 id
1824 2317 1946 2353 spatium.
1967 2326 1989 2343 c.

1150 2363 1189 2387 12.
1209 2361 1232 2394 5.
1251 2363 1275 2387 2.
1296 2360 1328 2387 dc
1347 2361 1422 2398 petit.
1442 2358 1531 2386 hered.
1549 2360 1574 2385 3.
1593 2359 1635 2385 31.
1663 2373 1697 2378 —
1726 2359 1757 2393 ξ.
1776 2360 1811 2386 Β.
1836 2360 1989 2391 Prodire,

1148 2405 1356 2431 Deucerzdere.
1392 2402 1435 2429 111.
1457 2403 1524 2430 (7η.
1555 2401 1595 2428 Ex
1612 2401 1679 2437 lege.
1699 2411 1723 2428 v.
1743 2401 1844 2434 S.Cto‚
1864 2411 1946 2428 eman.
1966 2401 1987 2435 5.

1147 2449 1190 2473 24.
1210 2446 1228 2473 1.
1248 2446 1281 2473 de
1300 2447 1396 2472 action.
1415 2447 1439 2471 4.
1459 2446 1483 2471 6.
1504 2455 1525 2471 c.
1542 2446 1565 2471 7.
1585 2455 1618 2471 ne
1637 2444 1669 2471 de
1688 2450 1748 2471 stat.
1768 2444 1882 2472 defunct.
1904 2446 1927 2471 7.
1946 2445 1987 2470 21.

1125 2512 1126 2517 .
1149 2490 1263 2525 Quoties
1277 2488 1309 2515 ad
1323 2489 1379 2515 eius
1393 2487 1518 2514 iudicium
1536 2487 1659 2524 specialis
1679 2492 1784 2514 nostrae
1802 2488 1909 2525 pietatis
1924 2496 1990 2513 ema—

1149 2533 1250 2559 naverit
1268 2532 1360 2558 iussio.
1381 2541 1402 2557 c.
1421 2532 1446 2557 3.
1465 2530 1487 2564 5.
1506 2532 1528 2556 2.
1551 2530 1595 2557 ubi
1615 2530 1703 2557 Sonat.
1723 2540 1747 2557 v.
1767 2530 1868 2557 clariss.
1887 2532 1911 2557 3.
1930 2531 1971 2556 24.

1182 2574 1453 2607 Emancipato.
1490 2574 1517 2600 E
1536 2575 1699 2608 mancipio
1719 2576 1893 2601 dimittere.
1919 2573 1987 2600 Ma-

1149 2619 1349 2644 numisaione
1367 2618 1603 2643 interveniente
1622 2619 1674 2643 sai
1691 2618 1772 2643 iuris
1790 2618 1930 2653 efficere
1947 2617 1987 2641 11·-

1148 2663 1244 2687 beros.
1281 2659 1300 2685 1.
1321 2661 1387 2693 Sy..
1403 2658 1586 2686 Manumittere
1605 2659 1717 2692 (liberos
1736 2660 1822 2693 suos.)
1845 2658 1875 2686 fr.
1894 2660 1935 2684 28.
1955 2657 1988 2684 de

1126 2697 1127 2702 ¹
1150 2703 1238 2740 adopt.
1259 2704 1282 2728 l.
1303 2704 1326 2728 7.
1346 2702 1376 2728 fr.
1396 2703 1438 2728 92.
1459 2701 1491 2729 de
1510 2702 1586 2729 cond.
1606 2707 1632 2728 ct
1651 2702 1718 2729 dem.
1737 2704 1817 2729 35.1.
1853 2701 1988 2728 Potestate.

1149 2746 1290 2777 dimittere,
1310 2744 1358 2772 Sui
1376 2745 1440 2772 iuris
1460 2744 1566 2772 efficere
1585 2744 1702 2779 (silium.)
1722 2745 1752 2772 fr.
1772 2746 1812 2772 28.
1833 2744 1849 2770 1.
1870 2745 1892 2770 1.
1914 2745 1936 2770 7.
1956 2743 1986 2770 H.

1151 2791 1219 2822 01).
1239 2787 1268 2814 Iu
1288 2793 1427 2825 potestate.
1447 2798 1468 2815 s.
1489 2788 1593 2819 familia,
1612 2798 1754 2815 remanere.
1769 2802 1800 2807 —
1814 2787 1986 2824 Emancipari.

1127 2866 1128 2871 1
1151 2831 1207 2858 Gai.
1228 2830 1258 2857 11.
1280 2833 1336 2857 136.
1357 2841 1396 2868 sq.
1417 2830 1478 2869 Vll).
1497 2830 1617 2858 XXVHI.
1637 2834 1661 2858 2.
1681 2841 1740 2867 sqq.
1759 2831 1783 2856 8.
1820 2828 1892 2856 Paul.
1912 2829 1942 2855 V.
1963 2832 1985 2856 9.
