2197 3121
989 174 1058 203 PHI
1072 192 1113 196 --
1124 173 1202 205 Ple.

222 258 305 285 Italici
330 264 399 285 sunt.
428 258 459 285 fr.
483 259 506 285 S.
535 258 557 292 9.
577 258 600 284 8.
626 256 658 283 de
683 255 781 282 censib.
805 257 846 282 50.
868 257 907 281 15.
950 255 1063 282 Colonia

222 301 411 338 Philippensis,
431 311 452 327 s.
471 300 689 338 Philippensium.
710 298 740 325 fr.
760 300 784 325 6.
804 298 838 324 ib.
858 300 899 324 50.
918 299 957 324 15.
978 298 1011 325 ef.
1032 298 1062 325 fr.

222 346 265 371 32.
286 344 317 371 ad
337 344 402 371 SC.
424 344 502 371 Treb.
522 344 563 370 36.
585 344 606 369 l.

262 399 471 432 Philippus.
510 399 660 424 Nummus
684 398 886 430 Pltilippeus.
929 395 971 422 111.
997 397 1063 424 Cn.

224 442 305 478 Quod
324 443 380 469 eius
400 443 449 474 (sc.
469 441 532 471 auri,
552 439 595 465 vel
615 439 735 475 argenti)
756 438 841 475 aliqua
861 438 941 465 forma
962 444 1002 465 est
1021 449 1063 465 ex-

223 495 353 522 pressum,
372 484 454 511 veluti
473 494 539 520 quae
550 481 668 519 Philippi
681 487 750 513 sunt,
770 483 884 518 itemque
901 483 1064 508 numismata.

224 527 254 554 fr.
274 530 316 554 27.
336 528 357 562 9.
376 529 400 554 4.
421 527 453 553 de
472 536 535 552 auro
556 535 607 561 arg.
626 527 667 551 34.
687 527 711 551 2.

262 577 539 611 Philosophari.
578 577 770 610 Sapientiae
791 577 926 602 studere.
963 574 980 601 1.
1001 577 1063 610 Sy.

224 620 387 658 Philosophi.
426 619 494 645 Vere
519 618 747 656 philosophantes.
771 617 801 643 fr.
821 619 844 644 S.
871 618 892 651 3.
913 620 936 643 4.
957 617 989 644 de
1009 629 1063 645 vac.

225 668 251 689 et.
269 673 324 689 exc.
338 664 379 689 50.
393 665 416 688 5.

261 714 518 747 Philosophia.
538 712 734 746 Sapientiae
753 712 902 737 studium.
940 711 982 737 111.
997 713 1063 739 Cn.

224 756 319 783 Veram
342 756 551 794 philosophiam,
575 765 627 781 non
646 752 805 784 simulatam,
831 753 969 781 adfectare.
990 754 1019 780 l'r.
1042 757 1063 781 1.

223 800 245 834 3.
268 801 289 826 l.
309 799 342 826 de
361 799 379 826 1.
400 805 425 826 et
443 799 462 826 1.
483 801 505 826 l.
527 800 548 825 1.
569 798 599 824 cf.
625 796 674 824 Th.
695 795 725 822 C.
744 795 813 822 XIII.
834 799 857 822 3.
878 807 898 823 c.
920 799 942 823 7.
963 797 994 823 de
1015 808 1065 824 lne-

224 841 273 868 dic.
294 847 320 868 et
338 842 404 879 prof.
443 842 618 873 Grammatici,
638 845 764 870 oratores.
784 844 861 875 atque
880 839 1065 877 philosophiae

223 890 416 922 praeceptores
444 885 480 911 lb.
501 896 523 911 c.
544 886 583 911 16.
620 882 817 919 Philosophiam
837 882 959 919 religiosa
979 888 1065 909 mente

222 929 366 965 suscipere.
386 928 453 954 Nov.
472 928 562 955 Maior.
583 927 615 953 de
634 927 787 952 sanctimen.
807 924 850 951 IV.
872 926 894 951 6.
915 936 936 952 c.
954 927 974 952 l.
994 936 1033 963 pr.

263 980 525 1012 Philosophus.
565 980 625 1011 Qui
651 978 896 1012 philosophiam
922 978 1065 1012 profite-

223 1028 284 1048 tur.
322 1022 340 1048 1.
361 1023 423 1056 Sy.
443 1021 577 1058 Sophista.
598 1020 627 1047 fr.
647 1022 671 1047 6.
691 1021 763 1054 991.
782 1029 822 1056 sq.
842 1021 865 1046 5.
886 1019 918 1045 (le
937 1024 1064 1046 excusatt.

223 1066 264 1091 27.
288 1067 309 1090 1.
331 1064 381 1091 Th.
396 1064 426 1091 C.
442 1063 483 1090 VI.
497 1065 538 1089 21.
560 1074 580 1089 e.
597 1065 619 1089 1.
640 1063 672 1090 de
692 1062 759 1100 prof.
780 1072 822 1099 qu.
842 1063 868 1088 iu
888 1062 952 1088 urbe
971 1062 1064 1089 Const.

222 1107 294 1134 XIV.
315 1109 338 1134 9.
368 1118 389 1134 c.
407 1109 432 1133 3.
458 1107 479 1140 3.
501 1108 522 1132 1.
549 1106 582 1132 de
605 1106 675 1132 stud.
696 1106 771 1132 liber.
792 1105 848 1132 urb.
868 1105 898 1131 R.

224 1149 324 1177 Philos.
344 1160 459 1176 summae
478 1149 583 1176 Stoicae
603 1150 753 1186 sapientiae.
779 1148 810 1175 fr.
829 1151 853 1174 2.
874 1148 906 1175 de
924 1148 977 1175 LL.
999 1151 1021 1175 l.
1040 1152 1064 1176 3.

224 1192 256 1220 cs.
276 1193 325 1220 Th.
346 1192 377 1219 C.
398 1192 441 1218 Vl.
461 1195 485 1219 4.
506 1203 528 1218 c.
549 1194 589 1218 12.
609 1192 641 1218 de
661 1191 744 1218 Praet.
766 1196 791 1217 et
811 1192 862 1227 Qu.
899 1191 1065 1229 Philosophi,

223 1237 267 1272 qui
287 1246 315 1262 se
334 1235 486 1272 frequentes
510 1240 589 1271 atque
612 1234 691 1261 utiles
714 1245 762 1272 per
786 1234 895 1261 eandem
917 1234 1065 1262 studiorum

222 1283 320 1305 sectam
340 1278 561 1304 contendentibus
580 1277 714 1315 praebent.
735 1278 764 1304 fr.
785 1280 808 1304 ὅ.
829 1278 850 1311 9.
870 1279 893 1303 -1,
914 1277 946 1304 de
965 1288 1019 1304 vac.
1040 1283 1065 1304 et

222 1331 311 1348 excuS.
331 1324 372 1347 50.
392 1323 415 1347 5.
437 1321 468 1347 cf.
496 1320 524 1347 fr.
545 1321 568 1347 6,
593 1321 617 1355 9.
635 1323 659 1347 5.
684 1321 716 1347 de
736 1326 863 1347 excusati.
883 1322 924 1347 27.
945 1323 968 1347 1.
1006 1320 1065 1347 Phi-

221 1364 338 1401 losophi,
359 1369 384 1390 et
403 1363 512 1395 medici,
532 1368 558 1389 et
577 1363 711 1395 rhetores.
732 1368 757 1389 et
775 1365 948 1399 grammatici,
969 1363 1064 1400 quibus

220 1417 269 1444 per
297 1407 363 1433 hanc
390 1406 583 1444 professionem
611 1407 760 1433 immunitas
789 1406 844 1433 dari
871 1406 948 1433 solet.
981 1406 1063 1433 Vatic.

221 1451 243 1484 3.
270 1452 327 1477 149.
370 1449 429 1476 Non
454 1454 543 1476 exacta
568 1451 680 1485 gravitas
710 1454 735 1476 et
763 1451 923 1482 constantia,
953 1451 1027 1487 quasi
1052 1461 1064 1476 a

220 1492 401 1530 philosopho,
429 1492 602 1519 desideretur.
630 1492 662 1518 fr.
687 1493 726 1519 18.
755 1503 794 1530 pr.
819 1492 851 1519 de
874 1492 961 1520 Aedil.
987 1492 1063 1519 edict.

220 1538 262 1562 21.
283 1537 306 1562 1.

258 1586 428 1619 Philyra.
472 1586 616 1612 Materia
645 1596 657 1612 e
678 1587 822 1622 frutice,
850 1596 975 1621 papyro
1003 1597 1063 1613 non

221 1631 374 1656 absimili.
412 1628 455 1654 III.
475 1629 540 1655 Cn.
566 1628 680 1654 Chartae
705 1628 851 1660 volmuina,
875 1629 917 1655 vel
937 1629 1064 1655 membra-

222 1681 282 1701 nae.
312 1677 337 1698 et
356 1671 485 1709 philyrae.
509 1670 581 1697 Paul.
601 1670 642 1697 III.
663 1672 686 1697 6.
707 1672 728 1705 9.
748 1674 789 1698 87.
811 1671 842 1698 cf.
862 1672 892 1698 fr.
912 1674 954 1698 52.
973 1682 1012 1710 pr.
1032 1672 1065 1698 de

222 1714 298 1750 legat.
318 1714 360 1740 111.
385 1715 452 1747 (32.)

262 1757 480 1785 Phocensis.
523 1758 570 1782 Ad
596 1759 774 1784 Phocaeam
800 1759 981 1792 pertinens,
1007 1758 1064 1790 (ur-

223 1800 282 1826 bem
295 1801 403 1826 minoris
417 1800 567 1835 Phrygiae.)
604 1799 646 1825 111.
659 1801 724 1827 Gn.
745 1799 936 1831 phocensibus,
957 1800 1001 1834 [al.
1016 1800 1065 1826 Fo-

223 1842 359 1874 censibus.
379 1853 398 1868 s.
420 1842 599 1871 Fonensibus.
619 1852 640 1868 s,
660 1842 811 1869 forensibus
831 1849 879 1870 etc.
904 1843 1064 1870 Phoenicen·

222 1885 329 1920 sibus't]
349 1885 391 1912 vel
410 1885 642 1912 Proconnensibus
662 1885 775 1911 metallis
796 1885 859 1912 dari.
880 1886 950 1913 Coll.
964 1886 1016 1912 LL.
1030 1886 1064 1913 M.

222 1928 280 1955 XV.
296 1930 320 1954 3.

260 1971 474 2002 Phoenice,
501 1981 522 1996 s.
550 1971 770 1997 Phoenicia.
817 1972 919 2006 Regio
948 1973 1065 2006 Syriae

223 2016 401 2041 maritima.
438 2013 481 2039 111.
497 2015 563 2041 Cn.
582 2013 610 2039 In
630 2013 707 2048 Syria
721 2013 852 2040 Phoenice
870 2029 902 2033 —
923 2013 1065 2050 Tyriorum
1086 2027 1088 2047 κ,

223 2056 333 2083 colonia.
349 2072 381 2076 -
400 2056 548 2082 Laodicena
568 2055 670 2082 colonia
689 2057 715 2082 in
734 2056 811 2092 Syria
832 2055 923 2083 Coele.
943 2057 973 2083 fr.
989 2059 1010 2083 1.
1024 2067 1064 2094 pr.

223 2100 245 2133 3.
263 2101 288 2126 3.
308 2099 339 2126 cl'.
361 2099 391 2125 fr.
406 2100 430 2125 8.
450 2100 471 2132 3.
484 2100 508 2125 3.
529 2098 561 2125 de
580 2099 679 2125 censib.
693 2101 735 2125 50.
750 2101 789 2125 15.
826 2099 897 2126 Inter
915 2099 1065 2126 Phoenicen

224 2146 250 2167 et
268 2141 441 2168 Palaestinam
461 2143 509 2168 sita
530 2141 667 2175 (colonia.)
686 2142 717 2168 fr.
732 2144 754 2168 1.
775 2142 796 2176 3.
811 2144 834 2169 3.
855 2142 871 2168 l.
891 2144 931 2168 50.
949 2144 988 2169 15.
1015 2143 1065 2169 Per
1086 2130 1087 2180 1

1086 2181 1087 2211 3
1108 2188 1150 2212 27.
1175 2186 1196 2219 ξ.
1216 2187 1240 2211 5.
1265 2184 1295 2210 fr.
1315 2186 1357 2210 25.
1383 2183 1414 2209 (Ie
1434 2183 1465 2209 R.
1486 2182 1517 2209 v.
1537 2184 1560 2208 6.
1583 2184 1604 2208 1.
1642 2182 1709 2208 Cum
1736 2183 1823 2219 pictor
1845 2184 1871 2208 in
1895 2193 1951 2219 per-

268 2271 299 2294 10
327 2269 342 2296 d
376 2270 400 2297 d.
466 2271 491 2297 ff
535 2272 563 2296 Ρ
586 2272 619 2296 60
665 2270 687 2297 C
759 2270 766 2296 1
799 2272 804 2277 “
840 2271 877 2297 Ph
933 2273 938 2278 ¹
1015 2271 1046 2298 T}
1086 2271 1087 2280 ¹
1109 2229 1168 2265 gula
1192 2229 1314 2265 clypeum
1338 2226 1380 2253 vel
1404 2226 1518 2252 tabulam
1543 2226 1689 2261 expositam
1709 2224 1851 2251 habuisset.
1876 2226 1906 2251 fr.
1926 2227 1949 2251 5.

226 2280 247 2295 e.
302 2290 306 2295 .
345 2280 359 2296 e
394 2281 427 2297 ιν.
447 2281 462 2297 o
485 2281 517 2297 ic.
548 2276 571 2296 ⁶...
623 2292 627 2296 .
690 2280 756 2297 ousu
770 2281 820 2297 aris
880 2281 994 2298 oemees.
1048 2283 1064 2298 ι.

224 2186 373 2221 provincias
392 2185 615 2222 Mesopotamiam,
634 2199 664 2203 —
687 2184 791 2220 Syriam
809 2185 960 2214 secundam.
983 2185 1065 2212 Phoe-

225 2228 326 2258 nicium,
346 2227 519 2254 Libanensem
539 2233 587 2254 etc.
608 2238 628 2253 c.
651 2230 690 2253 10.
711 2228 742 2254 de
761 2228 836 2254 aedif.
856 2230 923 2265 priv.
937 2232 961 2255 δ.
977 2231 1016 2255 10.
1032 2229 1063 2255 cl'.

225 2312 257 2337 C.
277 2311 333 2338 Vll.
351 2314 392 2338 22.
412 2323 433 2339 e.
452 2315 476 2340 9.
496 2313 529 2340 de
547 2313 584 2339 fil.
605 2313 708 2340 militar.
727 2313 784 2340 XII.
806 2315 827 2340 l.
848 2324 868 2340 c.
890 2316 948 2341 175.
970 2314 1003 2341 de
1022 2314 1065 2341 de-

226 2364 325 2381 curion.

262 2397 545 2426 Phoenicensis.
583 2399 624 2426 Cf.
645 2409 668 2425 v.
689 2398 844 2425 Phocensis.

263 2439 454 2466 Phormio.
495 2442 594 2476 Teges
622 2452 657 2469 ex
685 2444 793 2468 iuncis
821 2448 981 2469 contexta.
1021 2441 1064 2469 111.

226 2484 293 2510 Cn·
322 2481 402 2517 Quod
426 2484 480 2515 (sc.
504 2486 620 2517 acetum)
644 2484 827 2521 exstinguendi
850 2484 965 2511 incendii
988 2495 1064 2511 causa

226 2530 344 2563 paratur.
369 2526 431 2551 item
451 2529 589 2557 centones,
609 2543 639 2548 —
661 2533 686 2554 et
704 2528 874 2565 Phormiones
894 2527 942 2561 [al.
961 2527 1066 2554 formio-

226 2568 294 2601 nes.]
315 2572 341 2593 et
359 2568 493 2604 spongiae.
514 2572 539 2593 et
557 2567 646 2595 hamae
665 2575 713 2597 etc.
733 2571 764 2597 fr.
779 2573 818 2597 12.
838 2571 860 2604 9.
878 2572 917 2597 18.
938 2571 970 2597 de
989 2572 1064 2598 instr.

226 2611 274 2647 leg.
295 2611 336 2637 33.
356 2612 379 2636 7.

263 2652 527 2679 photinianus.
554 2655 600 2679 Ad
617 2655 855 2683 haereticorum
873 2667 975 2692 genus
992 2667 1064 2691 per-

227 2698 340 2723 tinens.
378 2694 420 2720 111.
440 2696 506 2722 Cn.
526 2695 697 2722 Photinianae
715 2697 782 2725 labis
802 2700 994 2726 contaminatio.
1015 2699 1064 2726 Th.

228 2738 259 2766 C.
279 2737 348 2764 XVI.
369 2739 391 2763 5.
419 2747 440 2764 c.
460 2740 484 2764 6.
504 2738 573 2772 9.1.
594 2738 626 2765 de
644 2738 741 2766 haeret.
777 2741 941 2773 Eunomiani,
960 2757 993 2761 —
1012 2742 1066 2769 Do·
1087 2771 1088 2774 ,

228 2782 347 2808 natistae.
363 2796 393 2800 —
407 2780 565 2807 photiniani.
578 2780 704 2808 Pauliani.
719 2798 749 2802 —-
764 2782 915 2812 Manichaei.
934 2785 970 2812 lb.
992 2796 1012 2812 c.
1025 2787 1065 2812 65.

229 2824 250 2856 ξ.
271 2826 294 2849 2.

935 1105 978 1132 111.
999 1107 1064 1134 Gn.
1086 1106 1088 1115 ¹

1887 176 1948 205 715

1146 258 1326 290 Phryges.
1363 258 1616 283 Haereticorum
1644 262 1738 282 secta.
1775 255 1793 282 1,
1813 257 1874 290 Sy.
1900 256 1948 283 Ca·

1108 299 1258 337 taphrygae.
1277 298 1344 325 Nov.
1359 298 1408 325 Th.
1423 299 1452 326 11.
1474 300 1506 326 de
1524 299 1579 326 Iud.
1594 299 1612 327 I.
1626 300 1649 326 6.
1670 310 1690 325 c.
1707 301 1729 325 1.
1749 299 1770 332 3.
1784 300 1808 325 9.
1827 298 1869 324 III.
1882 299 1948 326 Gn·

1108 342 1260 374 Manichaei,
1279 341 1322 368 vel
1341 341 1459 378 Phryges
1479 342 1524 375 [al.
1542 342 1681 378 Phrygae‚]
1706 343 1762 368 sive
1781 341 1949 368 Priscilliani-

1108 390 1171 411 stae.
1192 384 1242 411 Th.
1262 383 1293 411 C.
1313 383 1384 411 XVI.
1404 387 1427 411 5.
1449 396 1470 411 c.
1491 387 1532 411 40.
1552 396 1591 422 pr.
1612 396 1633 411 c.
1653 386 1694 411 59,
1714 384 1746 411 dc
1765 384 1862 410 haeret.

1146 427 1324 462 Phrygia.
1349 429 1451 463 Regio
1471 430 1569 454 Asiae
1588 429 1730 454 minoris.
1760 427 1880 454 HLCn.
1899 426 1949 453 Per

1085 486 1086 500 1
1108 470 1268 506 Bithyniam,
1288 470 1499 508 Paphlagoniam,
1519 470 1643 507 Lydiam.
1664 486 1696 490 -—
1720 470 1859 506 Phrygiam
1882 469 1949 495 salu-

1108 519 1198 540 tarem.
1219 513 1268 540 Th.
1289 513 1319 540 C.
1339 513 1357 540 1.
1377 515 1400 539 6.
1422 523 1443 539 c.
1462 516 1483 540 1.
1503 513 1608 545 (ch.)
1628 513 1660 539 de
1679 513 1723 539 off.
1744 512 1795 539 Prf.
1816 512 1862 539 Vr.
1898 512 1949 539 Co-

1108 566 1164 583 mes
1182 556 1307 585 Galatiae.
1327 556 1370 583 vel
1388 556 1525 592 Phrygiae.
1546 555 1593 582 Iul.
1609 566 1649 592 ep.
1664 566 1723 582 nov.
1744 566 1765 582 c.
1781 558 1838 582 120.
1854 556 1876 590 3.
1889 557 1948 582 525.

1109 599 1140 625 cf.
1161 610 1180 625 c.
1198 601 1236 625 17.
1257 599 1279 632 3.
1293 601 1333 626 62.
1362 599 1472 626 Prae-ses
1493 598 1620 635 Phrygiae
1635 598 1794 625 Pacatianae.
1814 598 1851 625 lb.
1871 609 1893 625 c.
1909 600 1948 625 15.

1109 643 1147 676 ξς.
1170 644 1210 668 52.
1230 643 1271 668 63.

1148 687 1395 719 Phylarchus.
1417 687 1651 711 Saracenorum
1669 686 1868 720 praefectus.
1905 683 1948 711 111.

1110 729 1175 755 Cn.
1196 727 1256 753 Non
1275 729 1364 754 timeat
1379 737 1464 763 neque
1477 726 1579 758 ducein,
1599 737 1683 763 neque
1697 727 1878 764 ph)larchum‚
1898 728 1913 754 i.
1927 738 1947 754 e.

1110 770 1300 797 Saracenorum
1320 770 1419 796 ducem.
1439 769 1486 796 Iul.
1507 780 1547 807 ep.
1567 780 1626 796 nov.
1647 780 1668 796 c.
1688 772 1729 796 95.
1749 770 1771 803 3.
1785 771 1844 796 356.

1148 814 1375 840 Piacularis.
1396 812 1524 845 (Adiect.)
1548 815 1711 840 Vltionem
1730 819 1757 839 ct
1774 815 1949 848 purgatio-

1109 866 1173 883 nem
1197 858 1382 891 flagitans.
1423 855 1441 882 1.
1462 858 1523 890 Sy·
1554 855 1634 892 Impia
1659 855 1820 888 (doctrina.)
1849 855 1897 882 Th.
1918 855 1948 882 C.

1108 898 1180 925 XVI.
1199 900 1222 924 6.
1243 909 1264 924 c.
1284 901 1307 924 2.
1328 900 1350 932 9.
1372 901 1393 925 1.
1414 909 1446 924 ne
1466 898 1492 925 S.
1514 898 1583 935 bapt.
1620 898 1663 925 III.
1682 900 1748 926 Cn.
1773 897 1879 924 Crimen
1898 900 1951 936 pia-

1110 941 1197 968 culare
1217 942 1413 973 (committere.)
1434 941 1469 967 Ib.
1490 951 1511 967 c.
1531 943 1554 967 6.
1575 951 1614 977 pr.

1147 985 1361 1011 Piaculum.
1411 985 1441 1017 §0
1464 985 1499 1010 1.
1539 985 1760 1020 Sacrificium
1789 992 1950 1020 purgato-

1086 1039 1088 1054 ι
1109 1030 1200 1054 rium.
1237 1026 1279 1053 III.
1299 1028 1365 1054 011.
1390 1026 1538 1053 Secretiore
1557 1026 1660 1063 piaculo
1680 1025 1761 1052 larem
1779 1028 1838 1063 igue
1858 1043 1890 1047 —-
1909 1038 1951 1054 ve-

1110 1071 1202 1097 nerari.
1231 1069 1266 1096 Ib.
1286 1068 1358 1095 XVI.
1380 1071 1419 1095 10.
1448 1080 1469 1095 c.
1491 1072 1530 1095 12.
1557 1079 1595 1106 pr.
1620 1068 1651 1095 de
1675 1079 1766 1106 pagan.
1791 1086 1824 1089 —-
1861 1071 1892 1104 §.
1914 1071 1950 1097 2.

1110 1115 1297 1149 Flagitium
1319 1115 1522 1146 expiandum.
1559 1112 1602 1138 III.
1624 1113 1690 1139 Gn.
1719 1114 1794 1147 Quae
1818 1114 1875 1139 sine
1898 1114 1951 1150 pia-

1110 1156 1169 1183 culo
1189 1166 1241 1182 non
1260 1160 1374 1193 possunt
1393 1155 1539 1192 praeteriri.
1559 1154 1589 1181 fr.
1610 1156 1632 1180 7.
1659 1156 1681 1188 3.
1700 1157 1724 1181 3.
1745 1155 1777 1181 de
1796 1156 1852 1181 iure
1871 1155 1951 1182 delib.

1109 1202 1150 1226 25.
1164 1201 1188 1225 8.
1209 1199 1240 1225 ci'.
1261 1198 1332 1224 Paul.
1354 1197 1371 1224 1.
1391 1199 1433 1224 21.
1453 1197 1475 1230 9.
1495 1199 1519 1223 4.
1557 1197 1711 1233 Mysten-ium
1731 1208 1846 1235 perenne
1866 1203 1952 1225 custo-

1110 1242 1190 1271 diant.
1210 1243 1245 1268 sit
1264 1241 1317 1268 illis
1337 1240 1468 1277 piaculum
1487 1240 1548 1266 inde
1567 1240 1711 1266 discedere.
1732 1240 1781 1267 Th.
1803 1240 1833 1267 C.
1850 1241 1907 1267 ΧΠ.
1928 1243 1951 1267 1.

1110 1296 1131 1312 c.
1153 1288 1210 1311 122.
1236 1284 1268 1311 (Ie
1292 1284 1426 1310 decurion.
1472 1282 1589 1309 Necandi
1614 1283 1721 1309 infantis
1747 1285 1813 1320 piac.
1837 1284 1950 1319 adgredi.

1109 1328 1146 1355 Ib.
1167 1328 1211 1354 lx.
1234 1329 1273 1354 14.
1298 1337 1319 1353 c.
1341 1329 1363 1353 1.
1383 1326 1415 1353 ad
1434 1326 1463 1352 L.
1485 1326 1566 1353 Corn.
1586 1326 1619 1352 de
1638 1327 1713 1352 sicar.
1751 1327 1839 1353 Durae
1858 1327 1952 1354 frontis

1109 1371 1270 1397 obstinatum
1289 1371 1355 1407 piac.
1374 1369 1442 1396 Nov.
1463 1369 1513 1396 Th.
1533 1369 1563 1396 II.
1584 1368 1616 1395 de
1635 1369 1691 1396 Iud.
1710 1369 1728 1395 l.
1748 1370 1772 1395 6.
1792 1380 1815 1395 c.
1834 1371 1854 1395 1.
1875 1371 1896 1403 3.
1914 1372 1935 1396 l.

1147 1414 1274 1440 Piare.
1312 1415 1475 1448 Pnrgare,
1500 1415 1647 1439 Plan-are.
1684 1411 1727 1438 III.
1747 1413 1813 1440 Cn.
1841 1411 1952 1439 pacifica

1109 1457 1209 1484 ultione
1228 1472 1259 1476 -—
1280 1455 1373 1494 pianda
1394 1460 1435 1481 est
1454 1456 1611 1488 (maiestas)
1630 1455 1667 1481 Ib.
1687 1465 1708 1481 c.
1730 1457 1751 1481 l.
1771 1455 1793 1488 9
1813 1456 1836 1481 8.

1147 1500 1298 1526 Picare.
1334 1500 1410 1525 Pice
1433 1500 1574 1525 oblinere
1598 1498 1720 1530 (rimas.)
1757 1496 1800 1523 III.
1820 1499 1886 1525 (721.
1906 1497 1952 1524 Fa-

1110 1544 1171 1574 cito,
1191 1543 1308 1573 statuito,
1329 1541 1470 1571 occludito.
1490 1542 1637 1578 picatoque.
1658 1539 1700 1565 Fr.
1718 1539 1784 1575 legis
1798 1541 1891 1577 parieti
1906 1541 1951 1567 fac.

1110 1585 1239 1623 (Spangb.
1259 1596 1283 1622 p.
1304 1586 1358 1617 72.)
1395 1583 1437 1610 Ad
1460 1588 1625 1620 praesentem
1644 1593 1720 1609 usum
1740 1583 1790 1619 pic.
1811 1583 1897 1616 (dolia
1916 1585 1953 1610 vi-

1110 1630 1203 1659 naria.)
1223 1628 1253 1654 fr.
1275 1629 1314 1653 19.
1335 1627 1357 1660 9
1377 1628 1402 1653 2.
1422 1626 1500 1652 locat.
1521 1628 1561 1652 19.
1580 1628 1605 1652 2.

1147 1671 1316 1699 Picaria.
1340 1671 1458 1701 Locus,
1479 1671 1532 1696 ubi
1549 1671 1607 1703 pia·
1626 1670 1802 1705 effoditur.
1828 1668 1869 1694 III.
1887 1670 1952 1696 Gn.

1110 1714 1227 1751 Vectigal
1248 1717 1355 1751 portus,
1376 1727 1408 1731 ·—
1428 1712 1490 1737 item
1509 1711 1664 1743 salinarum,
1685 1716 1710 1737 et
1728 1710 1907 1743 metallorum.
1928 1717 1953 1738 et

1086 1789 1087 1797 ἵ
1109 1758 1266 1795 picariarum
1290 1754 1339 1788 [al.
1368 1755 1566 1792 piscariarum]
1596 1754 1627 1780 fr.
1649 1755 1689 1780 17.
1717 1754 1739 1788 3.
1766 1756 1788 1780 l.
1815 1753 1846 1780 de
1872 1753 1904 1780 V.
1925 1754 1952 1781 S.

1109 1803 1150 1826 50.
1168 1802 1207 1826 16.

1147 1843 1345 1869 Picenum.
1382 1841 1483 1874 Regio
1504 1841 1630 1866 Italiae
1650 1840 1688 1871 (in
1708 1849 1752 1865 ora
1769 1840 1848 1865 maris
1861 1839 1951 1866 Adria-

1109 1886 1180 1918 tici.)
1217 1884 1258 1911 111.
1280 1885 1346 1911 Gn.
1369 1882 1495 1909 Picenum
1520 1887 1545 1908 et
1565 1881 1674 1912 Tuscia,
1702 1882 1897 1909 suburbicariae
1916 1894 1954 1909 re-

1109 1930 1208 1965 gione-S.
1229 1926 1280 1953 Th.
1295 1926 1327 1953 C.
1341 1925 1386 1952 XI.
1400 1927 1442 1951 28.
1463 1935 1483 1952 c.
1501 1927 1540 1951 12.
1560 1925 1592 1952 de
1611 1924 1710 1960 indulg.
1730 1924 1840 1952 debitor.
1862 1926 1893 1952 cf.
1908 1926 1952 1953 IX.

1086 1965 1087 1972 ἵ
1108 1974 1150 1998 30.
1171 1981 1192 1997 c.
1215 1973 1236 1996 1.
1255 1979 1295 2006 sq.
1316 1969 1395 2004 Quib.
1416 1978 1506 2005 equor.
1527 1978 1566 1994 us.
1604 1966 1761 2004 Campania,
1782 1967 1892 2000 Tuscia,
1914 1968 1953 1995 Pi-

1110 2024 1210 2044 cenum,
1230 2013 1364 2039 Samnium
1384 2017 1432 2038 etc.
1454 2011 1490 2038 lb.
1504 2011 1549 2037 XI.
1563 2012 1605 2037 28.
1626 2021 1647 2036 e.
1665 2011 1688 2036 7.
1709 2009 1741 2036 cf.
1755 2010 1799 2036 XI.
1814 2012 1855 2037 30.
1875 2021 1895 2037 c.
1910 2013 1952 2038 27.

1110 2057 1142 2084 de
1161 2067 1220 2094 app.
1241 2061 1266 2082 et
1284 2065 1362 2092 poen.
1381 2054 1412 2080 fr.
1432 2056 1473 2080 41.
1494 2055 1515 2088 9.
1534 2056 1558 2080 2.
1579 2053 1611 2080 de
1630 2052 1707 2089 legat.
1728 2053 1769 2079 III.
1791 2054 1857 2085 (532.)

1146 2101 1289 2127 Pictor.
1326 2099 1490 2132 Pingendi
1514 2098 1648 2131 peritus.
1686 2096 1728 2122 III.
1750 2097 1815 2123 Cn.
1840 2096 1952 2124 Puerum

1110 2160 1142 2163 —
1162 2142 1275 2173 erudire,
1295 2157 1327 2160 —
1346 2140 1414 2167 forte
1434 2141 1562 2177 pictorem
1581 2144 1624 2165 aut
1644 2139 1778 2165 librarium
1798 2139 1900 2167 docere.
1921 2140 1950 2166 fr.

1109 2273 1132 2306 3.
1153 2274 1192 2298 12.
1219 2271 1251 2297 de.
1275 2271 1300 2297 h.
1325 2280 1368 2306 qu.
1393 2269 1474 2295 deiec.
1499 2270 1522 2294 9.
1547 2269 1571 2293 3.
1613 2268 1818 2294 Instrumentum
1841 2268 1950 2304 pictoris

1109 2315 1230 2351 legatum.
1251 2312 1323 2339 Paul.
1344 2312 1384 2338 III.
1404 2314 1428 2338 6.
1448 2312 1469 2345 3.
1490 2312 1530 2337 63.

1147 2356 1349 2384 Pictorius.
1369 2354 1498 2386 <Adiect.)
1519 2355 1771 2388 Adpingendum
1790 2359 1949 2386 spectans.

1109 2400 1151 2428 III.
1166 2401 1232 2428 Cn.
1252 2398 1312 2425 Non
1331 2397 1467 2428 officiales,
1487 2396 1534 2423 sed
1553 2395 1661 2422 fabriles
1680 2398 1728 2428 (sc.
1743 2396 1859 2432 operae,)
1878 2395 1951 2422 velut

1111 2443 1160 2477 [al.
1179 2442 1239 2475 vel]
1265 2441 1405 2478 pictoriae,
1429 2439 1472 2466 vel
1496 2439 1569 2466 aliae.
1595 2438 1624 2465 fr.
1644 2440 1685 2464 26.
1710 2438 1731 2471 3.
1754 2440 1792 2463 12.
1817 2437 1849 2463 de
1873 2438 1949 2465 cond.

1110 2486 1197 2513 indeb.
1219 2487 1257 2510 12.
1277 2485 1301 2509 6.
1322 2482 1353 2509 cf.
1374 2482 1404 2508 fr.
1423 2485 1465 2509 23.
1485 2492 1525 2519 sq.
1545 2481 1578 2508 de
1597 2491 1669 2518 oper.
1690 2480 1775 2506 libert.
1795 2481 1836 2506 38.
1857 2483 1879 2507 1.

1147 2529 1318 2555 Pictura.
1356 2526 1386 2558 ἓ.
1406 2527 1441 2552 l.
1471 2527 1532 2552 Ars
1552 2525 1718 2558 pingendi.
1756 2522 1799 2550 111.
1819 2524 1885 2550 Cn.
1910 2523 1950 2550 Pi-

1110 2577 1198 2598 cturae
1216 2569 1391 2606 professores.
1412 2568 1462 2594 Th.
1482 2567 1513 2594 C.
1533 2566 1602 2593 XIII.
1622 2568 1645 2592 4.
1667 2576 1686 2591 e.
1707 2567 1730 2591 4.
1751 2565 1783 2591 de
1803 2576 1891 2593 excus.
1911 2577 1949 2593 ar-

1110 2614 1148 2641 tif,
1169 2629 1200 2633 —-
1221 2613 1251 2645 ἕ.
1272 2613 1307 2638 2·
1337 2613 1461 2638 Tabula
1484 2612 1582 2644 picta.
1620 2608 1663 2634 III.
1683 2609 1749 2635 Cn.
1768 2608 1797 2634 Si
1816 2609 1842 2634 in
1861 2609 1949 2636 tabula

1110 2667 1165 2683 mea
1185 2655 1279 2691 aliquis
1298 2654 1421 2691 pinxerit,
1442 2669 1473 2672 —
1493 2651 1607 2678 tabulam
1625 2652 1744 2688 picturae
1763 2651 1864 2678 cedere.
1891 2652 1947 2679 Gai.

1109 2700 1139 2726 11.
1160 2700 1200 2724 78.
1238 2697 1360 2729 Colores⁷
1380 2702 1405 2722 et
1424 2697 1549 2732 picturae.
1570 2699 1595 2720 et
1614 2704 1750 2726 marmora,
1771 2698 1796 2720 et
1810 2694 1904 2730 sigilla,
1923 2699 1948 2720 et

1111 2743 1133 2769 si
1153 2741 1216 2778 quid
1235 2740 1268 2767 ad
1292 2740 1384 2767 domus
1409 2743 1535 2764 ornatum.
1561 2736 1590 2763 fr.
1613 2738 1652 2763 13.
1679 2737 1700 2770 9.
1721 2738 1743 2763 7.
1769 2736 1801 2763 de
1824 2736 1904 2763 usufr.
1925 2738 1947 2762 7.

1113 2787 1135 2811 l.
1156 2784 1187 2810 cf.
1207 2783 1237 2810 fr.
1256 2785 1298 2810 39.
1317 2783 1382 2816 9.1.
1403 2781 1434 2807 de
1454 2779 1543 2806 hered.
1564 2785 1616 2817 pet.
1636 2782 1660 2806 5.
1678 2781 1703 2806 3.
1723 2779 1784 2816 le.
1804 2778 1847 2805 Yl.
1863 2781 1902 2805 17.
1916 2793 1947 2797 —

1089 2854 1091 2865 ,
1113 2829 1144 2862 9.
1159 2828 1197 2854 3.
1217 2829 1297 2854 Pars
1317 2825 1503 2852 vestimenti
1522 2833 1579 2850 acu
1596 2825 1696 2858 picta.
1734 2822 1775 2849 111.
1790 2823 1855 2849 Gn.
1875 2821 1948 2856 Quae

1450 2866 1506 2892 90²*
