<?xml version="1.0" encoding="UTF-8"?>
<!DOCTYPE html PUBLIC "-//W3C//DTD XHTML 1.0 Transitional//EN"
    "http://www.w3.org/TR/xhtml1/DTD/xhtml1-transitional.dtd">
<html xmlns="http://www.w3.org/1999/xhtml" xml:lang="en" lang="en">
 <head>
  <title>
</title>
<meta http-equiv="Content-Type" content="text/html;charset=utf-8" />
  <meta name='ocr-system' content='tesseract 3.04.00' />
  <meta name='ocr-capabilities' content='ocr_page ocr_carea ocr_par ocr_line ocrx_word'/>
</head>
<body>
  <div class='ocr_page' id='page_1' title='image "./manualelatinitat00dirk_0333.png"; bbox 0 0 2197 3121; ppageno 0'>
   <div class='ocr_carea' id='block_1_1' title="bbox 0 1737 20 3121">
    <p class='ocr_par' dir='ltr' id='par_1_1' title="bbox 0 1737 20 3121">
     <span class='ocr_line' id='line_1_1' title="bbox 0 1737 20 3121; baseline 0 0"><span class='ocrx_word' id='word_1_1' title='bbox 0 1737 20 3121; x_wconf 95' lang='lat' dir='ltr'> </span> 
     </span>
    </p>
   </div>
   <div class='ocr_carea' id='block_1_2' title="bbox 957 171 1238 203">
    <p class='ocr_par' dir='ltr' id='par_1_2' title="bbox 957 171 1238 203">
     <span class='ocr_line' id='line_1_2' title="bbox 957 171 1238 203; baseline 0.007 -2"><span class='ocrx_word' id='word_1_2' title='bbox 957 171 1049 201; x_wconf 75' lang='lat' dir='ltr'>EMA</span> <span class='ocrx_word' id='word_1_3' title='bbox 1074 189 1112 195; x_wconf 89' lang='lat'><strong>—</strong></span> <span class='ocrx_word' id='word_1_4' title='bbox 1138 172 1238 203; x_wconf 84' lang='lat' dir='ltr'>EME.</span> 
     </span>
    </p>
   </div>
   <div class='ocr_carea' id='block_1_3' title="bbox 220 252 1068 2258">
    <p class='ocr_par' dir='ltr' id='par_1_3' title="bbox 223 252 1068 1147">
     <span class='ocr_line' id='line_1_3' title="bbox 226 252 1068 291; baseline -0.002 -10"><span class='ocrx_word' id='word_1_5' title='bbox 226 256 248 289; x_wconf 87' lang='lat'>5.</span> <span class='ocrx_word' id='word_1_6' title='bbox 268 256 292 281; x_wconf 99' lang='lat'>4.</span> <span class='ocrx_word' id='word_1_7' title='bbox 312 254 342 281; x_wconf 82' lang='lat' dir='ltr'>fr.</span> <span class='ocrx_word' id='word_1_8' title='bbox 365 256 404 280; x_wconf 87' lang='lat'>17.</span> <span class='ocrx_word' id='word_1_9' title='bbox 429 265 467 291; x_wconf 89' lang='lat' dir='ltr'>pr.</span> <span class='ocrx_word' id='word_1_10' title='bbox 493 254 526 281; x_wconf 84' lang='lat' dir='ltr'>de</span> <span class='ocrx_word' id='word_1_11' title='bbox 545 254 576 282; x_wconf 79' lang='lat' dir='ltr'>R.</span> <span class='ocrx_word' id='word_1_12' title='bbox 601 253 632 281; x_wconf 69' lang='lat' dir='ltr'>N.</span> <span class='ocrx_word' id='word_1_13' title='bbox 652 255 694 280; x_wconf 74' lang='lat'>23.</span> <span class='ocrx_word' id='word_1_14' title='bbox 712 256 736 280; x_wconf 81' lang='lat'>2.</span> <span class='ocrx_word' id='word_1_15' title='bbox 774 253 894 279; x_wconf 75' lang='lat' dir='ltr'>Filiifam.</span> <span class='ocrx_word' id='word_1_16' title='bbox 914 263 936 279; x_wconf 92' lang='lat' dir='ltr'>s.</span> <span class='ocrx_word' id='word_1_17' title='bbox 956 252 1004 279; x_wconf 90' lang='lat' dir='ltr'>Sui</span> <span class='ocrx_word' id='word_1_18' title='bbox 1024 253 1068 279; x_wconf 89' lang='lat' dir='ltr'>he-</span> 
     </span>
     <span class='ocr_line' id='line_1_4' title="bbox 227 295 1067 335; baseline -0.004 -11"><span class='ocrx_word' id='word_1_19' title='bbox 227 297 311 324; x_wconf 86' lang='lat' dir='ltr'>redes.</span> <span class='ocrx_word' id='word_1_20' title='bbox 333 312 362 316; x_wconf 93' lang='lat'>—-</span> <span class='ocrx_word' id='word_1_21' title='bbox 383 297 555 335; x_wconf 85' lang='lat' dir='ltr'>Emancipati.</span> <span class='ocrx_word' id='word_1_22' title='bbox 579 297 610 324; x_wconf 88' lang='lat' dir='ltr'>fr.</span> <span class='ocrx_word' id='word_1_23' title='bbox 630 298 653 323; x_wconf 86' lang='lat'>7.</span> <span class='ocrx_word' id='word_1_24' title='bbox 680 297 701 330; x_wconf 87' lang='lat'>5.</span> <span class='ocrx_word' id='word_1_25' title='bbox 724 297 762 322; x_wconf 85' lang='lat'>18.</span> <span class='ocrx_word' id='word_1_26' title='bbox 787 295 820 322; x_wconf 82' lang='lat' dir='ltr'>de</span> <span class='ocrx_word' id='word_1_27' title='bbox 843 300 911 333; x_wconf 87' lang='lat' dir='ltr'>pact.</span> <span class='ocrx_word' id='word_1_28' title='bbox 930 298 955 322; x_wconf 78' lang='lat'>2.</span> <span class='ocrx_word' id='word_1_29' title='bbox 977 297 1016 321; x_wconf 86' lang='lat'>14.</span> <span class='ocrx_word' id='word_1_30' title='bbox 1037 295 1067 322; x_wconf 82' lang='lat' dir='ltr'>t&#39;r.</span> 
     </span>
     <span class='ocr_line' id='line_1_5' title="bbox 228 338 1067 377; baseline -0.001 -11"><span class='ocrx_word' id='word_1_31' title='bbox 228 342 250 366; x_wconf 98' lang='lat'>7.</span> <span class='ocrx_word' id='word_1_32' title='bbox 270 350 309 377; x_wconf 85' lang='lat' dir='ltr'>pr.</span> <span class='ocrx_word' id='word_1_33' title='bbox 329 339 361 366; x_wconf 84' lang='lat' dir='ltr'>de</span> <span class='ocrx_word' id='word_1_34' title='bbox 381 340 495 376; x_wconf 74' lang='lat' dir='ltr'>religios.</span> <span class='ocrx_word' id='word_1_35' title='bbox 517 342 556 366; x_wconf 92' lang='lat'>11.</span> <span class='ocrx_word' id='word_1_36' title='bbox 578 342 600 366; x_wconf 89' lang='lat'>7.</span> <span class='ocrx_word' id='word_1_37' title='bbox 620 339 681 376; x_wconf 63' lang='lat' dir='ltr'>le.</span> <span class='ocrx_word' id='word_1_38' title='bbox 701 338 784 365; x_wconf 79' lang='lat' dir='ltr'>XXII.</span> <span class='ocrx_word' id='word_1_39' title='bbox 807 340 845 365; x_wconf 86' lang='lat'>14.</span> <span class='ocrx_word' id='word_1_40' title='bbox 865 340 907 364; x_wconf 86' lang='lat'>23.</span> <span class='ocrx_word' id='word_1_41' title='bbox 945 338 987 365; x_wconf 86' lang='grc'><strong>111.</strong></span> <span class='ocrx_word' id='word_1_42' title='bbox 1002 340 1067 366; x_wconf 67' lang='grc' dir='ltr'><strong>(7η.</strong></span> 
     </span>
     <span class='ocr_line' id='line_1_6' title="bbox 226 382 1067 419; baseline -0.001 -11"><span class='ocrx_word' id='word_1_43' title='bbox 226 382 366 409; x_wconf 74' lang='lat' dir='ltr'>Naturales</span> <span class='ocrx_word' id='word_1_44' title='bbox 392 383 481 416; x_wconf 90' lang='lat' dir='ltr'>liberi,</span> <span class='ocrx_word' id='word_1_45' title='bbox 504 393 557 410; x_wconf 89' lang='lat' dir='ltr'>non</span> <span class='ocrx_word' id='word_1_46' title='bbox 580 382 666 409; x_wconf 91' lang='lat' dir='ltr'>solum</span> <span class='ocrx_word' id='word_1_47' title='bbox 690 392 757 418; x_wconf 87' lang='lat' dir='ltr'>quos</span> <span class='ocrx_word' id='word_1_48' title='bbox 781 383 806 408; x_wconf 92' lang='lat' dir='ltr'>in</span> <span class='ocrx_word' id='word_1_49' title='bbox 826 386 957 419; x_wconf 74' lang='lat' dir='ltr'><strong>potestate</strong></span> <span class='ocrx_word' id='word_1_50' title='bbox 976 382 1067 407; x_wconf 83' lang='lat' dir='ltr'>mortis</span> 
     </span>
     <span class='ocr_line' id='line_1_7' title="bbox 227 423 1067 463; baseline -0.004 -11"><span class='ocrx_word' id='word_1_51' title='bbox 227 430 346 463; x_wconf 86' lang='lat' dir='ltr'>tempore</span> <span class='ocrx_word' id='word_1_52' title='bbox 367 425 453 458; x_wconf 86' lang='lat' dir='ltr'>habet,</span> <span class='ocrx_word' id='word_1_53' title='bbox 474 425 521 452; x_wconf 86' lang='lat' dir='ltr'>sed</span> <span class='ocrx_word' id='word_1_54' title='bbox 541 426 617 452; x_wconf 82' lang='lat' dir='ltr'>etiam</span> <span class='ocrx_word' id='word_1_55' title='bbox 637 425 791 462; x_wconf 83' lang='lat' dir='ltr'>emancipati</span> <span class='ocrx_word' id='word_1_56' title='bbox 810 429 835 451; x_wconf 84' lang='lat' dir='ltr'>et</span> <span class='ocrx_word' id='word_1_57' title='bbox 853 425 880 450; x_wconf 89' lang='lat' dir='ltr'>in</span> <span class='ocrx_word' id='word_1_58' title='bbox 899 423 1067 460; x_wconf 86' lang='lat' dir='ltr'>adoptionem</span> 
     </span>
     <span class='ocr_line' id='line_1_8' title="bbox 227 466 1067 504; baseline -0.004 -9"><span class='ocrx_word' id='word_1_59' title='bbox 227 468 288 494; x_wconf 79' lang='lat' dir='ltr'>dati.</span> <span class='ocrx_word' id='word_1_60' title='bbox 310 468 366 495; x_wconf 85' lang='lat' dir='ltr'>Gai.</span> <span class='ocrx_word' id='word_1_61' title='bbox 387 469 429 495; x_wconf 88' lang='grc' dir='ltr'>ΙΙΙ,</span> <span class='ocrx_word' id='word_1_62' title='bbox 453 470 495 495; x_wconf 79' lang='lat'>41.</span> <span class='ocrx_word' id='word_1_63' title='bbox 521 467 553 494; x_wconf 90' lang='lat' dir='ltr'>cf.</span> <span class='ocrx_word' id='word_1_64' title='bbox 572 468 591 494; x_wconf 95' lang='lat' dir='ltr'>I.</span> <span class='ocrx_word' id='word_1_65' title='bbox 613 470 669 494; x_wconf 82' lang='lat'>1-35.</span> <span class='ocrx_word' id='word_1_66' title='bbox 706 468 885 504; x_wconf 82' lang='lat' dir='ltr'>Emancipare,</span> <span class='ocrx_word' id='word_1_67' title='bbox 905 471 931 493; x_wconf 86' lang='lat' dir='ltr'>et</span> <span class='ocrx_word' id='word_1_68' title='bbox 950 468 989 493; x_wconf 83' lang='lat' dir='ltr'>sic</span> <span class='ocrx_word' id='word_1_69' title='bbox 1008 466 1067 492; x_wconf 83' lang='lat' dir='ltr'>ado-</span> 
     </span>
     <span class='ocr_line' id='line_1_9' title="bbox 226 508 1067 548; baseline -0.004 -11"><span class='ocrx_word' id='word_1_70' title='bbox 226 516 309 548; x_wconf 83' lang='lat' dir='ltr'>ptare.</span> <span class='ocrx_word' id='word_1_71' title='bbox 329 511 359 538; x_wconf 83' lang='lat' dir='ltr'>fr.</span> <span class='ocrx_word' id='word_1_72' title='bbox 382 513 421 538; x_wconf 91' lang='lat'>15.</span> <span class='ocrx_word' id='word_1_73' title='bbox 441 511 463 545; x_wconf 89' lang='lat'>5</span> <span class='ocrx_word' id='word_1_74' title='bbox 484 512 507 537; x_wconf 93' lang='lat' dir='ltr'>l.</span> <span class='ocrx_word' id='word_1_75' title='bbox 527 510 558 537; x_wconf 74' lang='lat' dir='ltr'>fr.</span> <span class='ocrx_word' id='word_1_76' title='bbox 577 512 618 537; x_wconf 88' lang='lat'>41.</span> <span class='ocrx_word' id='word_1_77' title='bbox 639 511 671 537; x_wconf 89' lang='lat' dir='ltr'>de</span> <span class='ocrx_word' id='word_1_78' title='bbox 690 510 777 548; x_wconf 81' lang='lat' dir='ltr'>adopt.</span> <span class='ocrx_word' id='word_1_79' title='bbox 799 512 821 536; x_wconf 96' lang='grc'>1.</span> <span class='ocrx_word' id='word_1_80' title='bbox 842 512 864 536; x_wconf 91' lang='lat'>7.</span> <span class='ocrx_word' id='word_1_81' title='bbox 886 509 918 535; x_wconf 79' lang='lat' dir='ltr'>cf.</span> <span class='ocrx_word' id='word_1_82' title='bbox 939 508 970 535; x_wconf 77' lang='lat' dir='ltr'>fr.</span> <span class='ocrx_word' id='word_1_83' title='bbox 990 511 1013 534; x_wconf 87' lang='lat'>5.</span> <span class='ocrx_word' id='word_1_84' title='bbox 1035 508 1067 535; x_wconf 88' lang='lat' dir='ltr'>de</span> 
     </span>
     <span class='ocr_line' id='line_1_10' title="bbox 226 551 1068 590; baseline -0.004 -10"><span class='ocrx_word' id='word_1_85' title='bbox 226 554 298 590; x_wconf 74' lang='lat' dir='ltr'>grad.</span> <span class='ocrx_word' id='word_1_86' title='bbox 319 559 344 580; x_wconf 83' lang='lat' dir='ltr'>et</span> <span class='ocrx_word' id='word_1_87' title='bbox 363 554 441 580; x_wconf 79' lang='lat' dir='ltr'>adtin.</span> <span class='ocrx_word' id='word_1_88' title='bbox 465 555 506 580; x_wconf 72' lang='lat'>38.</span> <span class='ocrx_word' id='word_1_89' title='bbox 533 556 571 580; x_wconf 87' lang='lat'>10.</span> <span class='ocrx_word' id='word_1_90' title='bbox 611 553 664 589; x_wconf 86' lang='lat' dir='ltr'>Qui</span> <span class='ocrx_word' id='word_1_91' title='bbox 688 555 714 580; x_wconf 90' lang='lat' dir='ltr'>in</span> <span class='ocrx_word' id='word_1_92' title='bbox 737 553 845 580; x_wconf 85' lang='lat' dir='ltr'>alterius</span> <span class='ocrx_word' id='word_1_93' title='bbox 864 557 996 589; x_wconf 71' lang='lat' dir='ltr'><strong>potestate</strong></span> <span class='ocrx_word' id='word_1_94' title='bbox 1015 551 1068 578; x_wconf 85' lang='lat' dir='ltr'>t&#39;ue-</span> 
     </span>
     <span class='ocr_line' id='line_1_11' title="bbox 227 594 1067 634; baseline -0.004 -11"><span class='ocrx_word' id='word_1_95' title='bbox 227 598 269 628; x_wconf 81' lang='lat' dir='ltr'>rit,</span> <span class='ocrx_word' id='word_1_96' title='bbox 288 602 415 634; x_wconf 83' lang='lat' dir='ltr'>posteave</span> <span class='ocrx_word' id='word_1_97' title='bbox 434 607 509 633; x_wconf 88' lang='lat' dir='ltr'>quam</span> <span class='ocrx_word' id='word_1_98' title='bbox 528 597 551 623; x_wconf 91' lang='lat' dir='ltr'>is</span> <span class='ocrx_word' id='word_1_99' title='bbox 565 599 752 634; x_wconf 74' lang='lat' dir='ltr'>emancipatus,</span> <span class='ocrx_word' id='word_1_100' title='bbox 769 596 953 626; x_wconf 76' lang='lat' dir='ltr'>manumissus.</span> <span class='ocrx_word' id='word_1_101' title='bbox 973 594 1067 621; x_wconf 79' lang='lat' dir='ltr'>aliena-</span> 
     </span>
     <span class='ocr_line' id='line_1_12' title="bbox 226 639 561 677; baseline 0.003 -12"><span class='ocrx_word' id='word_1_102' title='bbox 226 644 304 665; x_wconf 84' lang='lat' dir='ltr'>tusve</span> <span class='ocrx_word' id='word_1_103' title='bbox 323 639 408 666; x_wconf 85' lang='lat' dir='ltr'>suerit.</span> <span class='ocrx_word' id='word_1_104' title='bbox 429 640 458 666; x_wconf 82' lang='lat' dir='ltr'>fr.</span> <span class='ocrx_word' id='word_1_105' title='bbox 480 641 502 666; x_wconf 97' lang='lat'>1.</span> <span class='ocrx_word' id='word_1_106' title='bbox 522 650 561 677; x_wconf 84' lang='lat' dir='ltr'>pr.</span> 
     </span>
     <span class='ocr_line' id='line_1_13' title="bbox 226 681 1067 716; baseline -0.002 -8"><span class='ocrx_word' id='word_1_107' title='bbox 226 681 299 708; x_wconf 85' lang='lat' dir='ltr'>Paul.</span> <span class='ocrx_word' id='word_1_108' title='bbox 320 682 349 708; x_wconf 92' lang='lat' dir='ltr'>II.</span> <span class='ocrx_word' id='word_1_109' title='bbox 368 684 410 708; x_wconf 75' lang='lat'>25.</span> <span class='ocrx_word' id='word_1_110' title='bbox 431 683 452 716; x_wconf 89' lang='lat'>5.</span> <span class='ocrx_word' id='word_1_111' title='bbox 471 684 495 709; x_wconf 90' lang='lat'>4.</span> <span class='ocrx_word' id='word_1_112' title='bbox 534 682 581 709; x_wconf 82' lang='lat' dir='ltr'>Sui</span> <span class='ocrx_word' id='word_1_113' title='bbox 598 684 662 709; x_wconf 83' lang='lat' dir='ltr'>iuris</span> <span class='ocrx_word' id='word_1_114' title='bbox 682 682 741 708; x_wconf 84' lang='lat' dir='ltr'>sacti</span> <span class='ocrx_word' id='word_1_115' title='bbox 755 681 841 712; x_wconf 80' lang='lat' dir='ltr'>liberi,</span> <span class='ocrx_word' id='word_1_116' title='bbox 862 697 893 700; x_wconf 96' lang='lat'><strong>—</strong></span> <span class='ocrx_word' id='word_1_117' title='bbox 913 682 969 707; x_wconf 86' lang='lat' dir='ltr'>sive</span> <span class='ocrx_word' id='word_1_118' title='bbox 983 690 1067 707; x_wconf 75' lang='lat' dir='ltr'>eman·</span> 
     </span>
     <span class='ocr_line' id='line_1_14' title="bbox 227 723 1064 762; baseline -0.002 -11"><span class='ocrx_word' id='word_1_119' title='bbox 227 726 306 762; x_wconf 86' lang='lat' dir='ltr'>cipati</span> <span class='ocrx_word' id='word_1_120' title='bbox 325 730 394 756; x_wconf 83' lang='lat' dir='ltr'>sunt,</span> <span class='ocrx_word' id='word_1_121' title='bbox 414 726 471 751; x_wconf 81' lang='lat' dir='ltr'>sive</span> <span class='ocrx_word' id='word_1_122' title='bbox 490 725 553 751; x_wconf 88' lang='lat' dir='ltr'>alias</span> <span class='ocrx_word' id='word_1_123' title='bbox 574 727 693 752; x_wconf 83' lang='lat' dir='ltr'>exierunt</span> <span class='ocrx_word' id='word_1_124' title='bbox 717 724 749 751; x_wconf 89' lang='lat' dir='ltr'>de</span> <span class='ocrx_word' id='word_1_125' title='bbox 772 725 855 761; x_wconf 88' lang='lat' dir='ltr'>patris</span> <span class='ocrx_word' id='word_1_126' title='bbox 875 729 1014 761; x_wconf 84' lang='lat' dir='ltr'>potestate.</span> <span class='ocrx_word' id='word_1_127' title='bbox 1035 723 1064 750; x_wconf 79' lang='lat' dir='ltr'>fr.</span> 
     </span>
     <span class='ocr_line' id='line_1_15' title="bbox 227 767 1066 804; baseline -0.001 -11"><span class='ocrx_word' id='word_1_128' title='bbox 227 770 249 794; x_wconf 95' lang='lat'>1.</span> <span class='ocrx_word' id='word_1_129' title='bbox 270 769 292 802; x_wconf 89' lang='lat'>5.</span> <span class='ocrx_word' id='word_1_130' title='bbox 312 769 335 795; x_wconf 85' lang='grc'>6,</span> <span class='ocrx_word' id='word_1_131' title='bbox 355 768 388 794; x_wconf 87' lang='lat' dir='ltr'>de</span> <span class='ocrx_word' id='word_1_132' title='bbox 407 768 437 794; x_wconf 84' lang='lat' dir='ltr'>B.</span> <span class='ocrx_word' id='word_1_133' title='bbox 458 767 486 794; x_wconf 91' lang='lat' dir='ltr'>P.</span> <span class='ocrx_word' id='word_1_134' title='bbox 507 778 528 794; x_wconf 93' lang='lat' dir='ltr'>c.</span> <span class='ocrx_word' id='word_1_135' title='bbox 549 773 566 794; x_wconf 89' lang='lat' dir='ltr'>t.</span> <span class='ocrx_word' id='word_1_136' title='bbox 585 770 627 795; x_wconf 93' lang='lat'>37.</span> <span class='ocrx_word' id='word_1_137' title='bbox 647 770 672 794; x_wconf 85' lang='lat'>4.</span> <span class='ocrx_word' id='word_1_138' title='bbox 708 767 880 804; x_wconf 79' lang='lat' dir='ltr'>Emancipare</span> <span class='ocrx_word' id='word_1_139' title='bbox 900 767 1018 799; x_wconf 78' lang='lat' dir='ltr'>(filium.)</span> <span class='ocrx_word' id='word_1_140' title='bbox 1038 771 1066 793; x_wconf 91' lang='lat' dir='ltr'>ut</span> 
     </span>
     <span class='ocr_line' id='line_1_16' title="bbox 226 809 1064 848; baseline -0.001 -12"><span class='ocrx_word' id='word_1_141' title='bbox 226 815 302 837; x_wconf 79' lang='lat' dir='ltr'>exeat</span> <span class='ocrx_word' id='word_1_142' title='bbox 325 810 357 837; x_wconf 89' lang='lat' dir='ltr'>de</span> <span class='ocrx_word' id='word_1_143' title='bbox 380 811 463 848; x_wconf 85' lang='lat' dir='ltr'>patria</span> <span class='ocrx_word' id='word_1_144' title='bbox 487 816 627 848; x_wconf 70' lang='lat' dir='ltr'>potestate.</span> <span class='ocrx_word' id='word_1_145' title='bbox 651 810 681 837; x_wconf 82' lang='lat' dir='ltr'>fr.</span> <span class='ocrx_word' id='word_1_146' title='bbox 701 811 742 836; x_wconf 88' lang='lat'>36.</span> <span class='ocrx_word' id='word_1_147' title='bbox 768 820 807 847; x_wconf 87' lang='lat' dir='ltr'>pr.</span> <span class='ocrx_word' id='word_1_148' title='bbox 832 810 865 836; x_wconf 86' lang='lat' dir='ltr'>de</span> <span class='ocrx_word' id='word_1_149' title='bbox 888 809 977 847; x_wconf 88' lang='lat' dir='ltr'>adopt.</span> <span class='ocrx_word' id='word_1_150' title='bbox 999 811 1021 835; x_wconf 94' lang='lat'>1.</span> <span class='ocrx_word' id='word_1_151' title='bbox 1042 811 1064 835; x_wconf 77' lang='lat'>7.</span> 
     </span>
     <span class='ocr_line' id='line_1_17' title="bbox 224 852 1065 891; baseline 0 -12"><span class='ocrx_word' id='word_1_152' title='bbox 224 853 399 890; x_wconf 82' lang='lat' dir='ltr'>Emancipari,</span> <span class='ocrx_word' id='word_1_153' title='bbox 420 858 498 890; x_wconf 85' lang='lat' dir='ltr'>atque</span> <span class='ocrx_word' id='word_1_154' title='bbox 517 855 552 880; x_wconf 85' lang='lat' dir='ltr'>ita</span> <span class='ocrx_word' id='word_1_155' title='bbox 571 854 710 891; x_wconf 85' lang='lat' dir='ltr'>pristinum</span> <span class='ocrx_word' id='word_1_156' title='bbox 729 854 770 879; x_wconf 89' lang='lat' dir='ltr'>ius</span> <span class='ocrx_word' id='word_1_157' title='bbox 790 863 952 890; x_wconf 83' lang='lat' dir='ltr'>recuperare.</span> <span class='ocrx_word' id='word_1_158' title='bbox 974 852 1004 879; x_wconf 89' lang='lat' dir='ltr'>fr.</span> <span class='ocrx_word' id='word_1_159' title='bbox 1023 854 1065 879; x_wconf 72' lang='lat'>33,</span> 
     </span>
     <span class='ocr_line' id='line_1_18' title="bbox 225 895 1066 933; baseline -0.001 -11"><span class='ocrx_word' id='word_1_160' title='bbox 225 896 257 922; x_wconf 82' lang='lat' dir='ltr'>cs.</span> <span class='ocrx_word' id='word_1_161' title='bbox 278 896 308 922; x_wconf 74' lang='lat' dir='ltr'>fr.</span> <span class='ocrx_word' id='word_1_162' title='bbox 328 898 369 922; x_wconf 87' lang='lat'>32.</span> <span class='ocrx_word' id='word_1_163' title='bbox 395 907 435 933; x_wconf 81' lang='lat' dir='ltr'>pr.</span> <span class='ocrx_word' id='word_1_164' title='bbox 461 896 495 922; x_wconf 89' lang='lat' dir='ltr'>ib.</span> <span class='ocrx_word' id='word_1_165' title='bbox 522 899 544 923; x_wconf 96' lang='lat' dir='ltr'>l.</span> <span class='ocrx_word' id='word_1_166' title='bbox 565 898 587 923; x_wconf 90' lang='lat'>7.</span> <span class='ocrx_word' id='word_1_167' title='bbox 625 896 678 931; x_wconf 90' lang='lat' dir='ltr'>Qui</span> <span class='ocrx_word' id='word_1_168' title='bbox 698 897 876 933; x_wconf 83' lang='lat' dir='ltr'>emancipatus</span> <span class='ocrx_word' id='word_1_169' title='bbox 897 901 951 927; x_wconf 69' lang='lat' dir='ltr'>est,</span> <span class='ocrx_word' id='word_1_170' title='bbox 972 912 1000 916; x_wconf 82' lang='lat'><em>-</em></span> <span class='ocrx_word' id='word_1_171' title='bbox 1022 895 1066 921; x_wconf 84' lang='lat' dir='ltr'>hic</span> 
     </span>
     <span class='ocr_line' id='line_1_19' title="bbox 224 938 1064 972; baseline 0 -8"><span class='ocrx_word' id='word_1_172' title='bbox 224 940 266 965; x_wconf 87' lang='lat' dir='ltr'>sui</span> <span class='ocrx_word' id='word_1_173' title='bbox 290 940 354 966; x_wconf 90' lang='lat' dir='ltr'>iuris</span> <span class='ocrx_word' id='word_1_174' title='bbox 380 940 490 966; x_wconf 76' lang='lat' dir='ltr'>effectus</span> <span class='ocrx_word' id='word_1_175' title='bbox 516 944 563 965; x_wconf 89' lang='lat' dir='ltr'>etc.</span> <span class='ocrx_word' id='word_1_176' title='bbox 588 938 618 965; x_wconf 87' lang='lat' dir='ltr'>fr.</span> <span class='ocrx_word' id='word_1_177' title='bbox 641 940 697 965; x_wconf 87' lang='lat'>195.</span> <span class='ocrx_word' id='word_1_178' title='bbox 722 939 744 972; x_wconf 89' lang='lat'>5.</span> <span class='ocrx_word' id='word_1_179' title='bbox 764 941 788 965; x_wconf 79' lang='lat'>2.</span> <span class='ocrx_word' id='word_1_180' title='bbox 809 939 842 965; x_wconf 88' lang='lat' dir='ltr'>de</span> <span class='ocrx_word' id='word_1_181' title='bbox 861 938 893 965; x_wconf 85' lang='lat' dir='ltr'>V.</span> <span class='ocrx_word' id='word_1_182' title='bbox 914 938 941 965; x_wconf 92' lang='lat' dir='ltr'>S.</span> <span class='ocrx_word' id='word_1_183' title='bbox 962 941 1003 965; x_wconf 85' lang='lat'>50.</span> <span class='ocrx_word' id='word_1_184' title='bbox 1025 940 1064 964; x_wconf 87' lang='lat'>16.</span> 
     </span>
     <span class='ocr_line' id='line_1_20' title="bbox 223 981 1063 1019; baseline 0.001 -12"><span class='ocrx_word' id='word_1_185' title='bbox 223 981 388 1019; x_wconf 86' lang='lat' dir='ltr'>Emancipati</span> <span class='ocrx_word' id='word_1_186' title='bbox 408 982 497 1014; x_wconf 85' lang='lat' dir='ltr'>liberi,</span> <span class='ocrx_word' id='word_1_187' title='bbox 521 992 579 1009; x_wconf 90' lang='lat' dir='ltr'>cum</span> <span class='ocrx_word' id='word_1_188' title='bbox 599 981 726 1008; x_wconf 74' lang='lat' dir='ltr'>desierint</span> <span class='ocrx_word' id='word_1_189' title='bbox 745 983 785 1008; x_wconf 86' lang='lat' dir='ltr'>sui</span> <span class='ocrx_word' id='word_1_190' title='bbox 805 981 916 1008; x_wconf 84' lang='lat' dir='ltr'>heredes</span> <span class='ocrx_word' id='word_1_191' title='bbox 937 992 996 1008; x_wconf 87' lang='lat' dir='ltr'>esse</span> <span class='ocrx_word' id='word_1_192' title='bbox 1015 987 1063 1008; x_wconf 86' lang='lat' dir='ltr'>etc.</span> 
     </span>
     <span class='ocr_line' id='line_1_21' title="bbox 224 1024 1064 1062; baseline 0.001 -12"><span class='ocrx_word' id='word_1_193' title='bbox 224 1024 281 1050; x_wconf 73' lang='lat' dir='ltr'>Gai.</span> <span class='ocrx_word' id='word_1_194' title='bbox 307 1024 350 1051; x_wconf 90' lang='grc'><strong>111.</strong></span> <span class='ocrx_word' id='word_1_195' title='bbox 377 1026 416 1051; x_wconf 86' lang='grc'>19.</span> <span class='ocrx_word' id='word_1_196' title='bbox 440 1025 481 1050; x_wconf 77' lang='grc'>26.</span> <span class='ocrx_word' id='word_1_197' title='bbox 527 1024 581 1060; x_wconf 85' lang='lat' dir='ltr'>Qui</span> <span class='ocrx_word' id='word_1_198' title='bbox 605 1025 797 1062; x_wconf 85' lang='lat' dir='ltr'>emancipatus,</span> <span class='ocrx_word' id='word_1_199' title='bbox 822 1030 865 1051; x_wconf 90' lang='lat' dir='ltr'>aut</span> <span class='ocrx_word' id='word_1_200' title='bbox 890 1024 1064 1051; x_wconf 79' lang='lat' dir='ltr'>exheredatus</span> 
     </span>
     <span class='ocr_line' id='line_1_22' title="bbox 224 1067 1064 1105; baseline 0 -12"><span class='ocrx_word' id='word_1_201' title='bbox 224 1068 281 1094; x_wconf 89' lang='lat' dir='ltr'>erit.</span> <span class='ocrx_word' id='word_1_202' title='bbox 302 1068 380 1103; x_wconf 82' lang='lat' dir='ltr'>quive</span> <span class='ocrx_word' id='word_1_203' title='bbox 398 1067 526 1093; x_wconf 80' lang='lat' dir='ltr'>abstinuit</span> <span class='ocrx_word' id='word_1_204' title='bbox 545 1077 574 1094; x_wconf 89' lang='lat' dir='ltr'>se</span> <span class='ocrx_word' id='word_1_205' title='bbox 593 1067 745 1094; x_wconf 85' lang='lat' dir='ltr'>hereditate.</span> <span class='ocrx_word' id='word_1_206' title='bbox 765 1067 796 1094; x_wconf 85' lang='lat' dir='ltr'>fr.</span> <span class='ocrx_word' id='word_1_207' title='bbox 815 1070 839 1094; x_wconf 73' lang='lat'>2.</span> <span class='ocrx_word' id='word_1_208' title='bbox 860 1078 898 1105; x_wconf 88' lang='lat' dir='ltr'>pr.</span> <span class='ocrx_word' id='word_1_209' title='bbox 919 1067 971 1103; x_wconf 87' lang='lat' dir='ltr'>Qu.</span> <span class='ocrx_word' id='word_1_210' title='bbox 992 1078 1012 1094; x_wconf 89' lang='lat' dir='ltr'>c.</span> <span class='ocrx_word' id='word_1_211' title='bbox 1034 1077 1064 1093; x_wconf 91' lang='lat' dir='ltr'>eo</span> 
     </span>
     <span class='ocr_line' id='line_1_23' title="bbox 224 1110 544 1147; baseline 0 -11"><span class='ocrx_word' id='word_1_212' title='bbox 224 1120 267 1146; x_wconf 84' lang='lat' dir='ltr'>qu.</span> <span class='ocrx_word' id='word_1_213' title='bbox 287 1111 313 1136; x_wconf 89' lang='lat' dir='ltr'>iu</span> <span class='ocrx_word' id='word_1_214' title='bbox 333 1110 364 1136; x_wconf 80' lang='lat' dir='ltr'>al.</span> <span class='ocrx_word' id='word_1_215' title='bbox 384 1114 439 1147; x_wconf 85' lang='lat' dir='ltr'>pot.</span> <span class='ocrx_word' id='word_1_216' title='bbox 460 1111 500 1136; x_wconf 88' lang='lat'>14.</span> <span class='ocrx_word' id='word_1_217' title='bbox 519 1112 544 1136; x_wconf 92' lang='lat'>5.</span> 
     </span>
    </p>

    <p class='ocr_par' dir='ltr' id='par_1_4' title="bbox 220 1152 1064 2087">
     <span class='ocr_line' id='line_1_24' title="bbox 258 1152 1064 1188; baseline 0 -9"><span class='ocrx_word' id='word_1_218' title='bbox 258 1152 538 1186; x_wconf 69' lang='lat' dir='ltr'>Eluancipatio.</span> <span class='ocrx_word' id='word_1_219' title='bbox 576 1153 607 1186; x_wconf 82' lang='lat'>§.</span> <span class='ocrx_word' id='word_1_220' title='bbox 632 1154 667 1180; x_wconf 86' lang='lat' dir='ltr'>l.</span> <span class='ocrx_word' id='word_1_221' title='bbox 694 1155 865 1180; x_wconf 65' lang='lat' dir='ltr'>Alienatio</span> <span class='ocrx_word' id='word_1_222' title='bbox 886 1164 944 1188; x_wconf 81' lang='lat' dir='ltr'>per</span> <span class='ocrx_word' id='word_1_223' title='bbox 962 1163 1013 1179; x_wconf 83' lang='lat' dir='ltr'>aes</span> <span class='ocrx_word' id='word_1_224' title='bbox 1036 1160 1064 1180; x_wconf 84' lang='lat' dir='ltr'>et</span> 
     </span>
     <span class='ocr_line' id='line_1_25' title="bbox 222 1195 1063 1230; baseline 0 -8"><span class='ocrx_word' id='word_1_225' title='bbox 222 1198 347 1222; x_wconf 77' lang='lat' dir='ltr'>libram.</span> <span class='ocrx_word' id='word_1_226' title='bbox 388 1197 603 1229; x_wconf 62' lang='lat' dir='ltr'>Maur-illatio.</span> <span class='ocrx_word' id='word_1_227' title='bbox 642 1196 659 1222; x_wconf 93' lang='lat' dir='ltr'>l.</span> <span class='ocrx_word' id='word_1_228' title='bbox 677 1197 739 1230; x_wconf 74' lang='lat' dir='ltr'>Sy.</span> <span class='ocrx_word' id='word_1_229' title='bbox 776 1195 826 1222; x_wconf 87' lang='lat' dir='ltr'>Per</span> <span class='ocrx_word' id='word_1_230' title='bbox 849 1206 893 1222; x_wconf 89' lang='lat' dir='ltr'>aes</span> <span class='ocrx_word' id='word_1_231' title='bbox 918 1201 944 1222; x_wconf 85' lang='lat' dir='ltr'>et</span> <span class='ocrx_word' id='word_1_232' title='bbox 962 1196 1063 1228; x_wconf 85' lang='lat' dir='ltr'>libram,</span> 
     </span>
     <span class='ocr_line' id='line_1_26' title="bbox 222 1238 1063 1276; baseline 0 -11"><span class='ocrx_word' id='word_1_233' title='bbox 222 1238 272 1265; x_wconf 89' lang='lat' dir='ltr'>Per</span> <span class='ocrx_word' id='word_1_234' title='bbox 291 1239 525 1276; x_wconf 88' lang='lat' dir='ltr'>emancipationem</span> <span class='ocrx_word' id='word_1_235' title='bbox 545 1239 764 1272; x_wconf 85' lang='lat' dir='ltr'>(testamentum.)</span> <span class='ocrx_word' id='word_1_236' title='bbox 786 1239 807 1272; x_wconf 90' lang='lat'>5.</span> <span class='ocrx_word' id='word_1_237' title='bbox 830 1241 852 1265; x_wconf 98' lang='lat' dir='ltr'>l.</span> <span class='ocrx_word' id='word_1_238' title='bbox 872 1239 890 1265; x_wconf 95' lang='lat' dir='ltr'>I.</span> <span class='ocrx_word' id='word_1_239' title='bbox 910 1239 942 1265; x_wconf 89' lang='lat' dir='ltr'>de</span> <span class='ocrx_word' id='word_1_240' title='bbox 961 1244 1063 1265; x_wconf 79' lang='lat' dir='ltr'>testam.</span> 
     </span>
     <span class='ocr_line' id='line_1_27' title="bbox 222 1280 1062 1319; baseline 0.001 -12"><span class='ocrx_word' id='word_1_241' title='bbox 222 1281 278 1307; x_wconf 92' lang='lat' dir='ltr'>ord.</span> <span class='ocrx_word' id='word_1_242' title='bbox 297 1283 322 1307; x_wconf 79' lang='lat'>2.</span> <span class='ocrx_word' id='word_1_243' title='bbox 344 1283 383 1307; x_wconf 83' lang='lat'>10.</span> <span class='ocrx_word' id='word_1_244' title='bbox 408 1280 440 1307; x_wconf 85' lang='lat' dir='ltr'>cf.</span> <span class='ocrx_word' id='word_1_245' title='bbox 460 1281 502 1308; x_wconf 87' lang='lat' dir='ltr'>Fr.</span> <span class='ocrx_word' id='word_1_246' title='bbox 522 1280 605 1308; x_wconf 88' lang='lat' dir='ltr'>Laelii</span> <span class='ocrx_word' id='word_1_247' title='bbox 626 1281 722 1308; x_wconf 87' lang='lat' dir='ltr'>Felicis</span> <span class='ocrx_word' id='word_1_248' title='bbox 746 1281 779 1308; x_wconf 87' lang='lat' dir='ltr'>ad</span> <span class='ocrx_word' id='word_1_249' title='bbox 798 1281 850 1317; x_wconf 85' lang='lat' dir='ltr'>Qu.</span> <span class='ocrx_word' id='word_1_250' title='bbox 870 1282 992 1308; x_wconf 82' lang='lat' dir='ltr'>Mucium.</span> <span class='ocrx_word' id='word_1_251' title='bbox 1012 1281 1062 1319; x_wconf 89' lang='lat' dir='ltr'>Ap.</span> 
     </span>
     <span class='ocr_line' id='line_1_28' title="bbox 222 1323 1063 1362; baseline 0.001 -12"><span class='ocrx_word' id='word_1_252' title='bbox 222 1323 291 1350; x_wconf 85' lang='lat' dir='ltr'>Gell.</span> <span class='ocrx_word' id='word_1_253' title='bbox 310 1323 372 1350; x_wconf 80' lang='lat' dir='ltr'>XV.</span> <span class='ocrx_word' id='word_1_254' title='bbox 392 1325 434 1350; x_wconf 75' lang='lat'>2’.</span> <span class='ocrx_word' id='word_1_255' title='bbox 471 1324 514 1350; x_wconf 86' lang='grc'><strong>111.</strong></span> <span class='ocrx_word' id='word_1_256' title='bbox 538 1326 604 1352; x_wconf 77' lang='lat' dir='ltr'>Cn.</span> <span class='ocrx_word' id='word_1_257' title='bbox 643 1325 718 1360; x_wconf 89' lang='lat' dir='ltr'>Quae</span> <span class='ocrx_word' id='word_1_258' title='bbox 738 1324 892 1356; x_wconf 76' lang='lat' dir='ltr'>donatione,</span> <span class='ocrx_word' id='word_1_259' title='bbox 918 1326 1063 1362; x_wconf 82' lang='lat' dir='ltr'>emancipa-</span> 
     </span>
     <span class='ocr_line' id='line_1_29' title="bbox 221 1366 1063 1404; baseline 0.002 -12"><span class='ocrx_word' id='word_1_260' title='bbox 221 1367 305 1398; x_wconf 81' lang='lat' dir='ltr'>tione,</span> <span class='ocrx_word' id='word_1_261' title='bbox 326 1366 374 1400; x_wconf 78' lang='lat' dir='ltr'>[al.</span> <span class='ocrx_word' id='word_1_262' title='bbox 395 1367 611 1404; x_wconf 82' lang='lat' dir='ltr'>mancipatione.]</span> <span class='ocrx_word' id='word_1_263' title='bbox 632 1367 673 1393; x_wconf 79' lang='lat' dir='ltr'>vel</span> <span class='ocrx_word' id='word_1_264' title='bbox 693 1368 719 1393; x_wconf 91' lang='lat' dir='ltr'>in</span> <span class='ocrx_word' id='word_1_265' title='bbox 738 1369 795 1394; x_wconf 81' lang='lat' dir='ltr'>iure</span> <span class='ocrx_word' id='word_1_266' title='bbox 815 1369 936 1394; x_wconf 74' lang='lat' dir='ltr'>cessione</span> <span class='ocrx_word' id='word_1_267' title='bbox 955 1368 1063 1394; x_wconf 82' lang='lat' dir='ltr'>transse-</span> 
     </span>
     <span class='ocr_line' id='line_1_30' title="bbox 221 1408 1061 1444; baseline 0.002 -9"><span class='ocrx_word' id='word_1_268' title='bbox 221 1414 321 1436; x_wconf 86' lang='lat' dir='ltr'>runtur.</span> <span class='ocrx_word' id='word_1_269' title='bbox 347 1408 469 1436; x_wconf 85' lang='lat' dir='ltr'>Consult.</span> <span class='ocrx_word' id='word_1_270' title='bbox 494 1415 545 1436; x_wconf 89' lang='lat' dir='ltr'>vet.</span> <span class='ocrx_word' id='word_1_271' title='bbox 570 1409 647 1436; x_wconf 76' lang='lat' dir='ltr'>I.Cti.</span> <span class='ocrx_word' id='word_1_272' title='bbox 674 1420 694 1436; x_wconf 90' lang='lat' dir='ltr'>c.</span> <span class='ocrx_word' id='word_1_273' title='bbox 719 1412 743 1437; x_wconf 79' lang='lat'>6.</span> <span class='ocrx_word' id='word_1_274' title='bbox 764 1427 795 1430; x_wconf 97' lang='lat'><strong>—</strong></span> <span class='ocrx_word' id='word_1_275' title='bbox 816 1411 847 1444; x_wconf 85' lang='lat'>§.</span> <span class='ocrx_word' id='word_1_276' title='bbox 871 1412 906 1437; x_wconf 98' lang='grc'>2.</span> <span class='ocrx_word' id='word_1_277' title='bbox 932 1412 1061 1437; x_wconf 82' lang='lat' dir='ltr'>Libero-</span> 
     </span>
     <span class='ocr_line' id='line_1_31' title="bbox 220 1453 1062 1488; baseline 0.001 -10"><span class='ocrx_word' id='word_1_278' title='bbox 220 1462 288 1478; x_wconf 84' lang='lat' dir='ltr'>rnm</span> <span class='ocrx_word' id='word_1_279' title='bbox 307 1462 320 1478; x_wconf 84' lang='lat' dir='ltr'>e</span> <span class='ocrx_word' id='word_1_280' title='bbox 337 1454 455 1486; x_wconf 81' lang='lat' dir='ltr'>patria</span> <span class='ocrx_word' id='word_1_281' title='bbox 471 1459 638 1487; x_wconf 77' lang='lat' dir='ltr'>potestate</span> <span class='ocrx_word' id='word_1_282' title='bbox 656 1455 813 1480; x_wconf 73' lang='lat' dir='ltr'>dimissio.</span> <span class='ocrx_word' id='word_1_283' title='bbox 850 1453 868 1480; x_wconf 93' lang='lat' dir='ltr'>I.</span> <span class='ocrx_word' id='word_1_284' title='bbox 886 1455 947 1488; x_wconf 72' lang='lat' dir='ltr'>Sy.</span> <span class='ocrx_word' id='word_1_285' title='bbox 967 1453 1062 1480; x_wconf 84' lang='lat' dir='ltr'>Manci-</span> 
     </span>
     <span class='ocr_line' id='line_1_32' title="bbox 220 1494 1062 1534; baseline 0.004 -14"><span class='ocrx_word' id='word_1_286' title='bbox 220 1495 300 1531; x_wconf 83' lang='lat' dir='ltr'>patio.</span> <span class='ocrx_word' id='word_1_287' title='bbox 327 1494 368 1521; x_wconf 85' lang='lat' dir='ltr'>Cf.</span> <span class='ocrx_word' id='word_1_288' title='bbox 389 1494 413 1521; x_wconf 87' lang='lat' dir='ltr'>h.</span> <span class='ocrx_word' id='word_1_289' title='bbox 433 1505 457 1521; x_wconf 93' lang='lat' dir='ltr'>v.</span> <span class='ocrx_word' id='word_1_290' title='bbox 477 1496 498 1529; x_wconf 93' lang='lat'>5.</span> <span class='ocrx_word' id='word_1_291' title='bbox 517 1498 542 1521; x_wconf 80' lang='lat'>2.</span> <span class='ocrx_word' id='word_1_292' title='bbox 562 1495 603 1521; x_wconf 91' lang='lat' dir='ltr'>Ill.</span> <span class='ocrx_word' id='word_1_293' title='bbox 617 1497 682 1523; x_wconf 74' lang='lat' dir='ltr'>Gn.</span> <span class='ocrx_word' id='word_1_294' title='bbox 707 1495 736 1521; x_wconf 90' lang='lat' dir='ltr'>In</span> <span class='ocrx_word' id='word_1_295' title='bbox 755 1501 858 1534; x_wconf 85' lang='lat' dir='ltr'>tempus</span> <span class='ocrx_word' id='word_1_296' title='bbox 879 1498 1062 1533; x_wconf 83' lang='lat' dir='ltr'>emancipatio—</span> 
     </span>
     <span class='ocr_line' id='line_1_33' title="bbox 221 1537 1060 1574; baseline 0.004 -11"><span class='ocrx_word' id='word_1_297' title='bbox 221 1538 271 1565; x_wconf 86' lang='lat' dir='ltr'>nis.</span> <span class='ocrx_word' id='word_1_298' title='bbox 290 1537 333 1563; x_wconf 88' lang='lat' dir='ltr'>vel</span> <span class='ocrx_word' id='word_1_299' title='bbox 353 1548 411 1564; x_wconf 88' lang='lat' dir='ltr'>cum</span> <span class='ocrx_word' id='word_1_300' title='bbox 430 1539 471 1564; x_wconf 90' lang='lat' dir='ltr'>sui</span> <span class='ocrx_word' id='word_1_301' title='bbox 491 1539 556 1564; x_wconf 89' lang='lat' dir='ltr'>iuris</span> <span class='ocrx_word' id='word_1_302' title='bbox 576 1539 632 1565; x_wconf 80' lang='lat' dir='ltr'>erit.</span> <span class='ocrx_word' id='word_1_303' title='bbox 654 1538 726 1565; x_wconf 90' lang='lat' dir='ltr'>Paul.</span> <span class='ocrx_word' id='word_1_304' title='bbox 739 1539 782 1566; x_wconf 80' lang='lat' dir='ltr'>lv.</span> <span class='ocrx_word' id='word_1_305' title='bbox 804 1542 825 1566; x_wconf 94' lang='lat'>1.</span> <span class='ocrx_word' id='word_1_306' title='bbox 846 1540 928 1574; x_wconf 88' lang='lat'>5.12.</span> <span class='ocrx_word' id='word_1_307' title='bbox 949 1540 980 1566; x_wconf 85' lang='lat' dir='ltr'>ct&#39;.</span> <span class='ocrx_word' id='word_1_308' title='bbox 1001 1551 1022 1566; x_wconf 91' lang='lat' dir='ltr'>c.</span> <span class='ocrx_word' id='word_1_309' title='bbox 1037 1542 1060 1566; x_wconf 89' lang='lat'>5.</span> 
     </span>
     <span class='ocr_line' id='line_1_34' title="bbox 222 1580 1062 1620; baseline 0.004 -14"><span class='ocrx_word' id='word_1_310' title='bbox 222 1580 254 1606; x_wconf 86' lang='lat' dir='ltr'>de.</span> <span class='ocrx_word' id='word_1_311' title='bbox 274 1580 298 1606; x_wconf 86' lang='lat' dir='ltr'>d.</span> <span class='ocrx_word' id='word_1_312' title='bbox 319 1591 352 1606; x_wconf 91' lang='lat' dir='ltr'>m.</span> <span class='ocrx_word' id='word_1_313' title='bbox 371 1583 395 1607; x_wconf 82' lang='lat'>2.</span> <span class='ocrx_word' id='word_1_314' title='bbox 415 1583 456 1607; x_wconf 87' lang='lat'>21.</span> <span class='ocrx_word' id='word_1_315' title='bbox 495 1580 549 1607; x_wconf 68' lang='lat' dir='ltr'>Nec</span> <span class='ocrx_word' id='word_1_316' title='bbox 568 1581 727 1608; x_wconf 81' lang='lat' dir='ltr'>mortalitate</span> <span class='ocrx_word' id='word_1_317' title='bbox 746 1584 838 1620; x_wconf 77' lang='lat' dir='ltr'>patris,</span> <span class='ocrx_word' id='word_1_318' title='bbox 857 1583 905 1609; x_wconf 86' lang='lat' dir='ltr'>sed</span> <span class='ocrx_word' id='word_1_319' title='bbox 918 1584 1062 1620; x_wconf 83' lang='lat' dir='ltr'>emancipa-</span> 
     </span>
     <span class='ocr_line' id='line_1_35' title="bbox 222 1623 1060 1662; baseline 0.004 -13"><span class='ocrx_word' id='word_1_320' title='bbox 222 1624 292 1649; x_wconf 87' lang='lat' dir='ltr'>tione</span> <span class='ocrx_word' id='word_1_321' title='bbox 311 1623 461 1660; x_wconf 67' lang='lat' dir='ltr'>patrest‘am.</span> <span class='ocrx_word' id='word_1_322' title='bbox 481 1625 626 1650; x_wconf 85' lang='lat' dir='ltr'>constituti.</span> <span class='ocrx_word' id='word_1_323' title='bbox 646 1624 675 1650; x_wconf 81' lang='lat' dir='ltr'>fr.</span> <span class='ocrx_word' id='word_1_324' title='bbox 698 1626 737 1651; x_wconf 88' lang='lat'>15.</span> <span class='ocrx_word' id='word_1_325' title='bbox 775 1626 826 1661; x_wconf 92' lang='lat' dir='ltr'>Qu.</span> <span class='ocrx_word' id='word_1_326' title='bbox 847 1625 904 1652; x_wconf 79' lang='lat' dir='ltr'>dies</span> <span class='ocrx_word' id='word_1_327' title='bbox 924 1625 999 1662; x_wconf 80' lang='lat' dir='ltr'>legat.</span> <span class='ocrx_word' id='word_1_328' title='bbox 1018 1627 1060 1652; x_wconf 81' lang='lat'>36.</span> 
     </span>
     <span class='ocr_line' id='line_1_36' title="bbox 221 1665 1060 1706; baseline 0.004 -14"><span class='ocrx_word' id='word_1_329' title='bbox 221 1668 246 1692; x_wconf 76' lang='lat'>2.</span> <span class='ocrx_word' id='word_1_330' title='bbox 266 1666 297 1692; x_wconf 77' lang='lat' dir='ltr'>cf.</span> <span class='ocrx_word' id='word_1_331' title='bbox 317 1666 348 1693; x_wconf 77' lang='lat' dir='ltr'>fr.</span> <span class='ocrx_word' id='word_1_332' title='bbox 367 1668 426 1693; x_wconf 74' lang='lat'>2:39.</span> <span class='ocrx_word' id='word_1_333' title='bbox 451 1676 490 1703; x_wconf 86' lang='lat' dir='ltr'>pr.</span> <span class='ocrx_word' id='word_1_334' title='bbox 516 1665 548 1692; x_wconf 89' lang='lat' dir='ltr'>de</span> <span class='ocrx_word' id='word_1_335' title='bbox 567 1666 599 1693; x_wconf 92' lang='lat' dir='ltr'>V.</span> <span class='ocrx_word' id='word_1_336' title='bbox 620 1667 647 1693; x_wconf 91' lang='lat' dir='ltr'>S.</span> <span class='ocrx_word' id='word_1_337' title='bbox 672 1670 712 1693; x_wconf 87' lang='lat'>50.</span> <span class='ocrx_word' id='word_1_338' title='bbox 735 1670 773 1695; x_wconf 86' lang='lat'>16.</span> <span class='ocrx_word' id='word_1_339' title='bbox 815 1668 904 1695; x_wconf 78' lang='lat' dir='ltr'>Liberi</span> <span class='ocrx_word' id='word_1_340' title='bbox 925 1674 1060 1706; x_wconf 81' lang='lat' dir='ltr'>parentum</span> 
     </span>
     <span class='ocr_line' id='line_1_37' title="bbox 222 1709 1061 1748; baseline 0.004 -14"><span class='ocrx_word' id='word_1_341' title='bbox 222 1713 353 1745; x_wconf 73' lang='lat' dir='ltr'>potestate</span> <span class='ocrx_word' id='word_1_342' title='bbox 372 1709 516 1736; x_wconf 80' lang='lat' dir='ltr'>liberantur</span> <span class='ocrx_word' id='word_1_343' title='bbox 531 1711 746 1747; x_wconf 80' lang='lat' dir='ltr'>emancipatione,</span> <span class='ocrx_word' id='word_1_344' title='bbox 767 1712 782 1738; x_wconf 92' lang='lat' dir='ltr'>i.</span> <span class='ocrx_word' id='word_1_345' title='bbox 797 1722 818 1739; x_wconf 84' lang='lat' dir='ltr'>e.</span> <span class='ocrx_word' id='word_1_346' title='bbox 838 1713 870 1743; x_wconf 86' lang='lat' dir='ltr'>Si,</span> <span class='ocrx_word' id='word_1_347' title='bbox 890 1717 1061 1748; x_wconf 76' lang='lat' dir='ltr'>posteaquam</span> 
     </span>
     <span class='ocr_line' id='line_1_38' title="bbox 221 1752 1060 1791; baseline 0.004 -14"><span class='ocrx_word' id='word_1_348' title='bbox 221 1752 361 1788; x_wconf 84' lang='lat' dir='ltr'>mancipati</span> <span class='ocrx_word' id='word_1_349' title='bbox 379 1752 489 1784; x_wconf 86' lang='lat' dir='ltr'>suerint,</span> <span class='ocrx_word' id='word_1_350' title='bbox 513 1754 665 1779; x_wconf 79' lang='lat' dir='ltr'>manumissi</span> <span class='ocrx_word' id='word_1_351' title='bbox 689 1754 750 1780; x_wconf 86' lang='lat' dir='ltr'>siut.</span> <span class='ocrx_word' id='word_1_352' title='bbox 782 1754 843 1791; x_wconf 74' lang='lat' dir='ltr'>le.</span> <span class='ocrx_word' id='word_1_353' title='bbox 863 1755 896 1780; x_wconf 86' lang='lat' dir='ltr'>X.</span> <span class='ocrx_word' id='word_1_354' title='bbox 918 1756 940 1781; x_wconf 89' lang='lat'>1.</span> <span class='ocrx_word' id='word_1_355' title='bbox 965 1754 1022 1780; x_wconf 88' lang='lat' dir='ltr'>Gai.</span> <span class='ocrx_word' id='word_1_356' title='bbox 1042 1754 1060 1780; x_wconf 93' lang='lat'>1.</span> 
     </span>
     <span class='ocr_line' id='line_1_39' title="bbox 224 1793 1061 1832; baseline 0.005 -13"><span class='ocrx_word' id='word_1_357' title='bbox 224 1796 280 1820; x_wconf 71' lang='lat'>132.</span> <span class='ocrx_word' id='word_1_358' title='bbox 319 1793 348 1820; x_wconf 88' lang='lat' dir='ltr'>Si</span> <span class='ocrx_word' id='word_1_359' title='bbox 368 1796 430 1821; x_wconf 85' lang='lat' dir='ltr'>citra</span> <span class='ocrx_word' id='word_1_360' title='bbox 451 1796 683 1832; x_wconf 82' lang='lat' dir='ltr'>emancipationem</span> <span class='ocrx_word' id='word_1_361' title='bbox 703 1797 743 1822; x_wconf 90' lang='lat' dir='ltr'>sui</span> <span class='ocrx_word' id='word_1_362' title='bbox 764 1798 828 1823; x_wconf 88' lang='lat' dir='ltr'>iuris</span> <span class='ocrx_word' id='word_1_363' title='bbox 848 1797 931 1823; x_wconf 81' lang='lat' dir='ltr'>factus</span> <span class='ocrx_word' id='word_1_364' title='bbox 951 1799 998 1828; x_wconf 74' lang='lat' dir='ltr'>sit.</span> <span class='ocrx_word' id='word_1_365' title='bbox 1019 1797 1061 1823; x_wconf 82' lang='lat' dir='ltr'>vel</span> 
     </span>
     <span class='ocr_line' id='line_1_40' title="bbox 222 1836 1059 1876; baseline 0.001 -13"><span class='ocrx_word' id='word_1_366' title='bbox 222 1838 248 1863; x_wconf 85' lang='lat' dir='ltr'>in</span> <span class='ocrx_word' id='word_1_367' title='bbox 267 1836 435 1874; x_wconf 80' lang='lat' dir='ltr'>adoptionem</span> <span class='ocrx_word' id='word_1_368' title='bbox 455 1838 538 1864; x_wconf 85' lang='lat' dir='ltr'>(latus.</span> <span class='ocrx_word' id='word_1_369' title='bbox 558 1838 588 1864; x_wconf 76' lang='lat' dir='ltr'>fr.</span> <span class='ocrx_word' id='word_1_370' title='bbox 607 1840 632 1865; x_wconf 76' lang='lat'>2.</span> <span class='ocrx_word' id='word_1_371' title='bbox 653 1839 675 1872; x_wconf 83' lang='lat'>5.</span> <span class='ocrx_word' id='word_1_372' title='bbox 696 1841 719 1865; x_wconf 95' lang='grc'>1.</span> <span class='ocrx_word' id='word_1_373' title='bbox 757 1839 808 1874; x_wconf 90' lang='lat' dir='ltr'>Qu.</span> <span class='ocrx_word' id='word_1_374' title='bbox 829 1850 849 1866; x_wconf 91' lang='lat' dir='ltr'>c.</span> <span class='ocrx_word' id='word_1_375' title='bbox 870 1850 900 1865; x_wconf 92' lang='lat' dir='ltr'>eo</span> <span class='ocrx_word' id='word_1_376' title='bbox 920 1850 963 1876; x_wconf 87' lang='lat' dir='ltr'>qu.</span> <span class='ocrx_word' id='word_1_377' title='bbox 983 1841 1009 1865; x_wconf 94' lang='lat' dir='ltr'>in</span> <span class='ocrx_word' id='word_1_378' title='bbox 1029 1839 1059 1865; x_wconf 87' lang='lat' dir='ltr'>al.</span> 
     </span>
     <span class='ocr_line' id='line_1_41' title="bbox 221 1879 1061 1918; baseline 0.005 -14"><span class='ocrx_word' id='word_1_379' title='bbox 221 1884 276 1916; x_wconf 87' lang='lat' dir='ltr'>pot.</span> <span class='ocrx_word' id='word_1_380' title='bbox 298 1881 337 1905; x_wconf 92' lang='lat'>14.</span> <span class='ocrx_word' id='word_1_381' title='bbox 358 1881 382 1905; x_wconf 86' lang='lat'>5.</span> <span class='ocrx_word' id='word_1_382' title='bbox 403 1879 432 1905; x_wconf 80' lang='lat' dir='ltr'>fr.</span> <span class='ocrx_word' id='word_1_383' title='bbox 455 1882 475 1906; x_wconf 92' lang='lat'>1.</span> <span class='ocrx_word' id='word_1_384' title='bbox 495 1880 517 1913; x_wconf 91' lang='lat'>5.</span> <span class='ocrx_word' id='word_1_385' title='bbox 537 1882 561 1906; x_wconf 77' lang='lat'>4.</span> <span class='ocrx_word' id='word_1_386' title='bbox 582 1881 634 1916; x_wconf 88' lang='lat' dir='ltr'>Qu.</span> <span class='ocrx_word' id='word_1_387' title='bbox 654 1881 686 1907; x_wconf 88' lang='lat' dir='ltr'>de</span> <span class='ocrx_word' id='word_1_388' title='bbox 705 1892 761 1918; x_wconf 81' lang='lat' dir='ltr'>pec.</span> <span class='ocrx_word' id='word_1_389' title='bbox 782 1887 830 1908; x_wconf 80' lang='lat' dir='ltr'>act.</span> <span class='ocrx_word' id='word_1_390' title='bbox 851 1884 891 1908; x_wconf 82' lang='lat'>15.</span> <span class='ocrx_word' id='word_1_391' title='bbox 911 1884 936 1908; x_wconf 73' lang='lat'>⁴2.</span> <span class='ocrx_word' id='word_1_392' title='bbox 969 1882 1061 1908; x_wconf 87' lang='lat' dir='ltr'>Eman-</span> 
     </span>
     <span class='ocr_line' id='line_1_42' title="bbox 221 1922 1061 1962; baseline 0.005 -15"><span class='ocrx_word' id='word_1_393' title='bbox 221 1923 361 1959; x_wconf 83' lang='lat' dir='ltr'>cipationis</span> <span class='ocrx_word' id='word_1_394' title='bbox 381 1922 502 1949; x_wconf 86' lang='lat' dir='ltr'>libertate</span> <span class='ocrx_word' id='word_1_395' title='bbox 521 1923 641 1959; x_wconf 78' lang='lat' dir='ltr'>gaudere.</span> <span class='ocrx_word' id='word_1_396' title='bbox 675 1923 835 1951; x_wconf 79' lang='lat' dir='ltr'>Libertatem</span> <span class='ocrx_word' id='word_1_397' title='bbox 855 1926 1061 1962; x_wconf 79' lang='lat' dir='ltr'>emancipatione</span> 
     </span>
     <span class='ocr_line' id='line_1_43' title="bbox 221 1964 1059 2004; baseline 0.004 -13"><span class='ocrx_word' id='word_1_398' title='bbox 221 1965 316 2001; x_wconf 73' lang='lat' dir='ltr'>largiri.</span> <span class='ocrx_word' id='word_1_399' title='bbox 337 1964 386 1991; x_wconf 89' lang='lat' dir='ltr'>Th.</span> <span class='ocrx_word' id='word_1_400' title='bbox 407 1964 438 1991; x_wconf 92' lang='lat' dir='ltr'>C.</span> <span class='ocrx_word' id='word_1_401' title='bbox 458 1964 500 1991; x_wconf 89' lang='lat'>111.</span> <span class='ocrx_word' id='word_1_402' title='bbox 522 1967 544 1991; x_wconf 90' lang='lat'>7.</span> <span class='ocrx_word' id='word_1_403' title='bbox 565 1976 585 1992; x_wconf 85' lang='lat' dir='ltr'>c.</span> <span class='ocrx_word' id='word_1_404' title='bbox 608 1969 628 1993; x_wconf 92' lang='grc'>1.</span> <span class='ocrx_word' id='word_1_405' title='bbox 648 1977 688 2004; x_wconf 85' lang='lat' dir='ltr'>pr.</span> <span class='ocrx_word' id='word_1_406' title='bbox 709 1966 741 1993; x_wconf 85' lang='lat' dir='ltr'>de</span> <span class='ocrx_word' id='word_1_407' title='bbox 760 1972 833 2004; x_wconf 88' lang='lat' dir='ltr'>nupt.</span> <span class='ocrx_word' id='word_1_408' title='bbox 852 1966 920 1994; x_wconf 70' lang='lat' dir='ltr'>vlu.</span> <span class='ocrx_word' id='word_1_409' title='bbox 941 1970 981 1994; x_wconf 70' lang='lat'>18.</span> <span class='ocrx_word' id='word_1_410' title='bbox 1002 1978 1022 1994; x_wconf 85' lang='lat' dir='ltr'>c.</span> <span class='ocrx_word' id='word_1_411' title='bbox 1036 1970 1059 1994; x_wconf 85' lang='lat'>9.</span> 
     </span>
     <span class='ocr_line' id='line_1_44' title="bbox 221 2007 1061 2047; baseline 0.005 -14"><span class='ocrx_word' id='word_1_412' title='bbox 221 2008 243 2041; x_wconf 91' lang='lat'>5.</span> <span class='ocrx_word' id='word_1_413' title='bbox 262 2010 286 2034; x_wconf 83' lang='lat'>3.</span> <span class='ocrx_word' id='word_1_414' title='bbox 312 2007 343 2034; x_wconf 84' lang='lat' dir='ltr'>de</span> <span class='ocrx_word' id='word_1_415' title='bbox 367 2013 473 2034; x_wconf 85' lang='lat' dir='ltr'>matern.</span> <span class='ocrx_word' id='word_1_416' title='bbox 495 2008 555 2034; x_wconf 90' lang='lat' dir='ltr'>bon.</span> <span class='ocrx_word' id='word_1_417' title='bbox 590 2009 656 2036; x_wconf 81' lang='lat' dir='ltr'>Cum</span> <span class='ocrx_word' id='word_1_418' title='bbox 677 2020 724 2047; x_wconf 86' lang='lat' dir='ltr'>per</span> <span class='ocrx_word' id='word_1_419' title='bbox 749 2011 982 2047; x_wconf 82' lang='lat' dir='ltr'>emancipationem</span> <span class='ocrx_word' id='word_1_420' title='bbox 1001 2011 1061 2037; x_wconf 90' lang='lat' dir='ltr'>ado-</span> 
     </span>
     <span class='ocr_line' id='line_1_45' title="bbox 220 2050 663 2087; baseline 0.005 -11"><span class='ocrx_word' id='word_1_421' title='bbox 220 2051 276 2087; x_wconf 85' lang='lat' dir='ltr'>ptio</span> <span class='ocrx_word' id='word_1_422' title='bbox 296 2050 425 2077; x_wconf 85' lang='lat' dir='ltr'>dissoluta</span> <span class='ocrx_word' id='word_1_423' title='bbox 445 2052 487 2077; x_wconf 83' lang='lat' dir='ltr'>sit.</span> <span class='ocrx_word' id='word_1_424' title='bbox 508 2050 564 2078; x_wconf 91' lang='lat' dir='ltr'>Gai.</span> <span class='ocrx_word' id='word_1_425' title='bbox 584 2051 602 2078; x_wconf 91' lang='lat' dir='ltr'>I.</span> <span class='ocrx_word' id='word_1_426' title='bbox 622 2054 663 2078; x_wconf 82' lang='lat'>61.</span> 
     </span>
    </p>

    <p class='ocr_par' dir='ltr' id='par_1_5' title="bbox 222 2094 1060 2258">
     <span class='ocr_line' id='line_1_46' title="bbox 256 2094 1060 2128; baseline 0.006 -9"><span class='ocrx_word' id='word_1_427' title='bbox 256 2094 460 2121; x_wconf 78' lang='lat' dir='ltr'>Emanere.</span> <span class='ocrx_word' id='word_1_428' title='bbox 499 2095 639 2122; x_wconf 77' lang='lat' dir='ltr'>Diueine</span> <span class='ocrx_word' id='word_1_429' title='bbox 657 2098 777 2128; x_wconf 73' lang='lat' dir='ltr'>abesse,</span> <span class='ocrx_word' id='word_1_430' title='bbox 797 2099 884 2124; x_wconf 83' lang='lat' dir='ltr'>citra</span> <span class='ocrx_word' id='word_1_431' title='bbox 909 2107 1060 2124; x_wconf 74' lang='lat' dir='ltr'>commea-</span> 
     </span>
     <span class='ocr_line' id='line_1_47' title="bbox 222 2135 1060 2176; baseline 0.008 -16"><span class='ocrx_word' id='word_1_432' title='bbox 222 2141 296 2161; x_wconf 75' lang='lat' dir='ltr'>tum.</span> <span class='ocrx_word' id='word_1_433' title='bbox 331 2135 374 2162; x_wconf 92' lang='lat' dir='ltr'>III.</span> <span class='ocrx_word' id='word_1_434' title='bbox 395 2138 461 2164; x_wconf 76' lang='lat' dir='ltr'>Cu.</span> <span class='ocrx_word' id='word_1_435' title='bbox 498 2136 527 2163; x_wconf 91' lang='lat' dir='ltr'>Si</span> <span class='ocrx_word' id='word_1_436' title='bbox 546 2137 578 2163; x_wconf 89' lang='lat' dir='ltr'>ad</span> <span class='ocrx_word' id='word_1_437' title='bbox 598 2137 666 2164; x_wconf 83' lang='lat' dir='ltr'>diem</span> <span class='ocrx_word' id='word_1_438' title='bbox 685 2144 845 2166; x_wconf 86' lang='lat' dir='ltr'>commeatus</span> <span class='ocrx_word' id='word_1_439' title='bbox 864 2141 923 2176; x_wconf 78' lang='lat' dir='ltr'>quis</span> <span class='ocrx_word' id='word_1_440' title='bbox 947 2150 999 2166; x_wconf 88' lang='lat' dir='ltr'>non</span> <span class='ocrx_word' id='word_1_441' title='bbox 1019 2151 1060 2167; x_wconf 89' lang='lat' dir='ltr'>ve-</span> 
     </span>
     <span class='ocr_line' id='line_1_48' title="bbox 222 2177 1060 2214; baseline 0.01 -12"><span class='ocrx_word' id='word_1_442' title='bbox 222 2177 284 2209; x_wconf 75' lang='lat' dir='ltr'>niat.</span> <span class='ocrx_word' id='word_1_443' title='bbox 302 2179 410 2214; x_wconf 81' lang='lat' dir='ltr'>perinde</span> <span class='ocrx_word' id='word_1_444' title='bbox 429 2180 455 2205; x_wconf 91' lang='lat' dir='ltr'>in</span> <span class='ocrx_word' id='word_1_445' title='bbox 475 2190 533 2206; x_wconf 88' lang='lat' dir='ltr'>emn</span> <span class='ocrx_word' id='word_1_446' title='bbox 552 2181 719 2207; x_wconf 88' lang='lat' dir='ltr'>statuendum</span> <span class='ocrx_word' id='word_1_447' title='bbox 739 2187 787 2213; x_wconf 84' lang='lat' dir='ltr'>est,</span> <span class='ocrx_word' id='word_1_448' title='bbox 808 2193 837 2208; x_wconf 87' lang='lat' dir='ltr'>ac</span> <span class='ocrx_word' id='word_1_449' title='bbox 856 2184 878 2208; x_wconf 91' lang='lat' dir='ltr'>si</span> <span class='ocrx_word' id='word_1_450' title='bbox 904 2184 1060 2210; x_wconf 80' lang='lat' dir='ltr'>emansisset</span> 
     </span>
     <span class='ocr_line' id='line_1_49' title="bbox 223 2218 1058 2258; baseline 0.01 -14"><span class='ocrx_word' id='word_1_451' title='bbox 223 2218 265 2245; x_wconf 85' lang='lat' dir='ltr'>vel</span> <span class='ocrx_word' id='word_1_452' title='bbox 284 2219 452 2248; x_wconf 84' lang='lat' dir='ltr'>deseruisset.</span> <span class='ocrx_word' id='word_1_453' title='bbox 472 2222 503 2249; x_wconf 84' lang='lat' dir='ltr'>sr.</span> <span class='ocrx_word' id='word_1_454' title='bbox 522 2224 547 2249; x_wconf 85' lang='lat'>3.</span> <span class='ocrx_word' id='word_1_455' title='bbox 566 2224 588 2257; x_wconf 90' lang='lat'>5.</span> <span class='ocrx_word' id='word_1_456' title='bbox 609 2225 632 2250; x_wconf 90' lang='lat'>7.</span> <span class='ocrx_word' id='word_1_457' title='bbox 653 2223 684 2250; x_wconf 81' lang='lat' dir='ltr'>ef.</span> <span class='ocrx_word' id='word_1_458' title='bbox 709 2225 731 2258; x_wconf 91' lang='lat'>5.</span> <span class='ocrx_word' id='word_1_459' title='bbox 751 2226 774 2250; x_wconf 83' lang='lat'>4.</span> <span class='ocrx_word' id='word_1_460' title='bbox 799 2225 832 2251; x_wconf 82' lang='lat' dir='ltr'>de</span> <span class='ocrx_word' id='word_1_461' title='bbox 850 2225 881 2252; x_wconf 85' lang='lat' dir='ltr'>R.</span> <span class='ocrx_word' id='word_1_462' title='bbox 902 2225 936 2252; x_wconf 83' lang='grc' dir='ltr'>Μ.</span> <span class='ocrx_word' id='word_1_463' title='bbox 956 2228 997 2252; x_wconf 85' lang='lat'>49.</span> <span class='ocrx_word' id='word_1_464' title='bbox 1018 2227 1058 2252; x_wconf 89' lang='lat'>16.</span> 
     </span>
    </p>
   </div>
   <div class='ocr_carea' id='block_1_4' title="bbox 223 2261 1059 2338">
    <p class='ocr_par' dir='ltr' id='par_1_6' title="bbox 223 2261 1059 2338">
     <span class='ocr_line' id='line_1_50' title="bbox 223 2261 1059 2301; baseline 0.011 -14"><span class='ocrx_word' id='word_1_465' title='bbox 223 2261 277 2296; x_wconf 88' lang='lat' dir='ltr'>Qui</span> <span class='ocrx_word' id='word_1_466' title='bbox 296 2268 371 2289; x_wconf 80' lang='lat' dir='ltr'>nocte.</span> <span class='ocrx_word' id='word_1_467' title='bbox 389 2264 474 2301; x_wconf 81' lang='lat' dir='ltr'>aliqua</span> <span class='ocrx_word' id='word_1_468' title='bbox 493 2266 551 2292; x_wconf 90' lang='lat' dir='ltr'>siue</span> <span class='ocrx_word' id='word_1_469' title='bbox 572 2266 708 2293; x_wconf 86' lang='lat' dir='ltr'>voluntate</span> <span class='ocrx_word' id='word_1_470' title='bbox 728 2267 827 2294; x_wconf 88' lang='lat' dir='ltr'>domiui</span> <span class='ocrx_word' id='word_1_471' title='bbox 846 2269 1008 2295; x_wconf 86' lang='lat' dir='ltr'>emansisset.</span> <span class='ocrx_word' id='word_1_472' title='bbox 1029 2269 1059 2296; x_wconf 84' lang='lat' dir='ltr'>fr.</span> 
     </span>
     <span class='ocr_line' id='line_1_51' title="bbox 225 2305 706 2338; baseline 0.015 -9"><span class='ocrx_word' id='word_1_473' title='bbox 225 2306 263 2330; x_wconf 87' lang='lat'>17.</span> <span class='ocrx_word' id='word_1_474' title='bbox 283 2305 305 2338; x_wconf 97' lang='lat'>5</span> <span class='ocrx_word' id='word_1_475' title='bbox 325 2306 348 2331; x_wconf 87' lang='lat'>4.</span> <span class='ocrx_word' id='word_1_476' title='bbox 369 2305 400 2331; x_wconf 70' lang='lat' dir='ltr'>de</span> <span class='ocrx_word' id='word_1_477' title='bbox 417 2306 503 2334; x_wconf 83' lang='lat' dir='ltr'>Aedil.</span> <span class='ocrx_word' id='word_1_478' title='bbox 524 2308 601 2335; x_wconf 87' lang='lat' dir='ltr'>edict.</span> <span class='ocrx_word' id='word_1_479' title='bbox 620 2311 661 2335; x_wconf 83' lang='lat'>21.</span> <span class='ocrx_word' id='word_1_480' title='bbox 684 2311 706 2335; x_wconf 96' lang='lat'>1.</span> 
     </span>
    </p>
   </div>
   <div class='ocr_carea' id='block_1_5' title="bbox 257 2348 1058 2382">
    <p class='ocr_par' dir='ltr' id='par_1_7' title="bbox 257 2348 1058 2382">
     <span class='ocr_line' id='line_1_52' title="bbox 257 2348 1058 2382; baseline 0.012 -11"><span class='ocrx_word' id='word_1_481' title='bbox 257 2348 449 2376; x_wconf 79' lang='lat' dir='ltr'>Emansio.</span> <span class='ocrx_word' id='word_1_482' title='bbox 491 2352 656 2378; x_wconf 79' lang='lat' dir='ltr'>Delictum</span> <span class='ocrx_word' id='word_1_483' title='bbox 686 2356 875 2380; x_wconf 77' lang='lat' dir='ltr'>emansorz’a.</span> <span class='ocrx_word' id='word_1_484' title='bbox 918 2353 960 2380; x_wconf 90' lang='lat' dir='ltr'>III.</span> <span class='ocrx_word' id='word_1_485' title='bbox 992 2356 1058 2382; x_wconf 76' lang='lat' dir='ltr'>Cn.</span> 
     </span>
    </p>
   </div>
   <div class='ocr_carea' id='block_1_6' title="bbox 220 2388 1059 2853">
    <p class='ocr_par' dir='ltr' id='par_1_8' title="bbox 222 2388 1059 2510">
     <span class='ocr_line' id='line_1_53' title="bbox 222 2388 1059 2427; baseline 0.013 -14"><span class='ocrx_word' id='word_1_486' title='bbox 222 2388 320 2415; x_wconf 81' lang='lat' dir='ltr'>Levius</span> <span class='ocrx_word' id='word_1_487' title='bbox 340 2389 464 2417; x_wconf 84' lang='lat' dir='ltr'>delictum</span> <span class='ocrx_word' id='word_1_488' title='bbox 482 2395 640 2421; x_wconf 86' lang='lat' dir='ltr'>emansionis</span> <span class='ocrx_word' id='word_1_489' title='bbox 660 2395 779 2427; x_wconf 80' lang='lat' dir='ltr'>habetur,</span> <span class='ocrx_word' id='word_1_490' title='bbox 800 2401 827 2422; x_wconf 89' lang='lat' dir='ltr'>ut</span> <span class='ocrx_word' id='word_1_491' title='bbox 841 2398 941 2423; x_wconf 87' lang='lat' dir='ltr'>erronis</span> <span class='ocrx_word' id='word_1_492' title='bbox 960 2399 986 2424; x_wconf 90' lang='lat' dir='ltr'>in</span> <span class='ocrx_word' id='word_1_493' title='bbox 1006 2408 1059 2425; x_wconf 88' lang='lat' dir='ltr'>ser-</span> 
     </span>
     <span class='ocr_line' id='line_1_54' title="bbox 222 2431 1057 2475; baseline 0.013 -19"><span class='ocrx_word' id='word_1_494' title='bbox 222 2433 278 2458; x_wconf 77' lang='lat' dir='ltr'>vis:</span> <span class='ocrx_word' id='word_1_495' title='bbox 299 2431 457 2459; x_wconf 83' lang='lat' dir='ltr'>desertionis</span> <span class='ocrx_word' id='word_1_496' title='bbox 481 2438 596 2470; x_wconf 81' lang='lat' dir='ltr'>gravius,</span> <span class='ocrx_word' id='word_1_497' title='bbox 622 2443 650 2464; x_wconf 83' lang='lat' dir='ltr'>ut</span> <span class='ocrx_word' id='word_1_498' title='bbox 674 2439 700 2465; x_wconf 91' lang='lat' dir='ltr'>in</span> <span class='ocrx_word' id='word_1_499' title='bbox 720 2438 845 2475; x_wconf 81' lang='lat' dir='ltr'>fugitivis.</span> <span class='ocrx_word' id='word_1_500' title='bbox 865 2439 895 2466; x_wconf 84' lang='lat' dir='ltr'>I&#39;r.</span> <span class='ocrx_word' id='word_1_501' title='bbox 915 2441 938 2467; x_wconf 79' lang='lat'>4.</span> <span class='ocrx_word' id='word_1_502' title='bbox 959 2441 996 2474; x_wconf 84' lang='lat'>55.</span> <span class='ocrx_word' id='word_1_503' title='bbox 1018 2443 1057 2468; x_wconf 71' lang='lat'>14.</span> 
     </span>
     <span class='ocr_line' id='line_1_55' title="bbox 222 2474 540 2510; baseline 0.013 -10"><span class='ocrx_word' id='word_1_504' title='bbox 222 2484 262 2510; x_wconf 87' lang='lat' dir='ltr'>sq.</span> <span class='ocrx_word' id='word_1_505' title='bbox 282 2474 315 2500; x_wconf 83' lang='lat' dir='ltr'>(le</span> <span class='ocrx_word' id='word_1_506' title='bbox 333 2474 364 2501; x_wconf 84' lang='lat' dir='ltr'>R.</span> <span class='ocrx_word' id='word_1_507' title='bbox 386 2475 418 2501; x_wconf 89' lang='grc' dir='ltr'>Μ.</span> <span class='ocrx_word' id='word_1_508' title='bbox 439 2477 479 2502; x_wconf 81' lang='grc'>49.</span> <span class='ocrx_word' id='word_1_509' title='bbox 500 2479 540 2504; x_wconf 89' lang='lat'>16.</span> 
     </span>
    </p>

    <p class='ocr_par' dir='ltr' id='par_1_9' title="bbox 220 2518 1059 2674">
     <span class='ocr_line' id='line_1_56' title="bbox 257 2518 1058 2554; baseline 0.015 -12"><span class='ocrx_word' id='word_1_510' title='bbox 257 2518 455 2545; x_wconf 79' lang='lat' dir='ltr'>Emansor.</span> <span class='ocrx_word' id='word_1_511' title='bbox 512 2522 604 2548; x_wconf 73' lang='lat' dir='ltr'>Miles</span> <span class='ocrx_word' id='word_1_512' title='bbox 639 2526 729 2550; x_wconf 81' lang='lat' dir='ltr'>ultra</span> <span class='ocrx_word' id='word_1_513' title='bbox 760 2532 953 2553; x_wconf 77' lang='lat' dir='ltr'>commeatus</span> <span class='ocrx_word' id='word_1_514' title='bbox 984 2533 1058 2554; x_wconf 80' lang='lat' dir='ltr'>tem-</span> 
     </span>
     <span class='ocr_line' id='line_1_57' title="bbox 220 2561 1059 2603; baseline 0.014 -19"><span class='ocrx_word' id='word_1_515' title='bbox 220 2570 301 2594; x_wconf 76' lang='lat' dir='ltr'>pora</span> <span class='ocrx_word' id='word_1_516' title='bbox 320 2562 438 2588; x_wconf 72' lang='lat' dir='ltr'>absens.</span> <span class='ocrx_word' id='word_1_517' title='bbox 476 2561 568 2596; x_wconf 70' lang='lat' dir='ltr'>[Sy.</span> <span class='ocrx_word' id='word_1_518' title='bbox 588 2564 649 2599; x_wconf 83' lang='lat' dir='ltr'>Qui,</span> <span class='ocrx_word' id='word_1_519' title='bbox 669 2566 714 2592; x_wconf 86' lang='lat' dir='ltr'>diu</span> <span class='ocrx_word' id='word_1_520' title='bbox 732 2573 849 2603; x_wconf 69' lang='lat' dir='ltr'>vagatus,</span> <span class='ocrx_word' id='word_1_521' title='bbox 869 2568 900 2594; x_wconf 79' lang='lat' dir='ltr'>ad</span> <span class='ocrx_word' id='word_1_522' title='bbox 921 2573 1004 2595; x_wconf 83' lang='lat' dir='ltr'>castra</span> <span class='ocrx_word' id='word_1_523' title='bbox 1020 2580 1059 2596; x_wconf 85' lang='lat' dir='ltr'>re-</span> 
     </span>
     <span class='ocr_line' id='line_1_58' title="bbox 221 2602 1056 2646; baseline 0.014 -19"><span class='ocrx_word' id='word_1_524' title='bbox 221 2602 344 2638; x_wconf 71' lang='lat' dir='ltr'>greditur.</span> <span class='ocrx_word' id='word_1_525' title='bbox 365 2603 517 2631; x_wconf 81' lang='lat' dir='ltr'>Remansor.</span> <span class='ocrx_word' id='word_1_526' title='bbox 538 2605 567 2632; x_wconf 81' lang='lat' dir='ltr'>fr.</span> <span class='ocrx_word' id='word_1_527' title='bbox 587 2608 611 2633; x_wconf 88' lang='lat'>3.</span> <span class='ocrx_word' id='word_1_528' title='bbox 630 2607 652 2640; x_wconf 92' lang='lat'>5.</span> <span class='ocrx_word' id='word_1_529' title='bbox 664 2610 688 2634; x_wconf 80' lang='grc'>2.</span> <span class='ocrx_word' id='word_1_530' title='bbox 708 2609 738 2636; x_wconf 77' lang='lat' dir='ltr'>fr.</span> <span class='ocrx_word' id='word_1_531' title='bbox 758 2612 782 2636; x_wconf 85' lang='lat'>4.</span> <span class='ocrx_word' id='word_1_532' title='bbox 802 2611 879 2644; x_wconf 82' lang='lat'>513.</span> <span class='ocrx_word' id='word_1_533' title='bbox 900 2611 929 2638; x_wconf 79' lang='lat' dir='ltr'>l&#39;r.</span> <span class='ocrx_word' id='word_1_534' title='bbox 949 2614 973 2638; x_wconf 95' lang='lat'>5.</span> <span class='ocrx_word' id='word_1_535' title='bbox 993 2613 1015 2646; x_wconf 88' lang='lat'>5.</span> <span class='ocrx_word' id='word_1_536' title='bbox 1033 2614 1056 2639; x_wconf 86' lang='grc'>6.</span> 
     </span>
     <span class='ocr_line' id='line_1_59' title="bbox 222 2645 479 2674; baseline 0.008 -3"><span class='ocrx_word' id='word_1_537' title='bbox 222 2645 254 2671; x_wconf 89' lang='lat' dir='ltr'>de</span> <span class='ocrx_word' id='word_1_538' title='bbox 273 2645 303 2672; x_wconf 83' lang='lat' dir='ltr'>R.</span> <span class='ocrx_word' id='word_1_539' title='bbox 324 2645 357 2672; x_wconf 79' lang='lat' dir='ltr'>M.</span> <span class='ocrx_word' id='word_1_540' title='bbox 378 2648 418 2673; x_wconf 82' lang='lat'>49.</span> <span class='ocrx_word' id='word_1_541' title='bbox 440 2649 479 2674; x_wconf 88' lang='lat'>16.</span> 
     </span>
    </p>

    <p class='ocr_par' dir='ltr' id='par_1_10' title="bbox 220 2689 1057 2853">
     <span class='ocr_line' id='line_1_60' title="bbox 256 2689 1056 2733; baseline 0.014 -19"><span class='ocrx_word' id='word_1_542' title='bbox 256 2689 494 2716; x_wconf 73' lang='lat' dir='ltr'>Embamma-</span> <span class='ocrx_word' id='word_1_543' title='bbox 516 2692 758 2720; x_wconf 76' lang='lat' dir='ltr'>Condimeneum</span> <span class='ocrx_word' id='word_1_544' title='bbox 776 2705 813 2722; x_wconf 80' lang='lat' dir='ltr'>ex</span> <span class='ocrx_word' id='word_1_545' title='bbox 832 2703 930 2723; x_wconf 83' lang='lat' dir='ltr'>aceto.</span> <span class='ocrx_word' id='word_1_546' title='bbox 955 2697 973 2723; x_wconf 93' lang='grc' dir='ltr'>Ι.</span> <span class='ocrx_word' id='word_1_547' title='bbox 995 2699 1056 2733; x_wconf 77' lang='lat' dir='ltr'>Sy.</span> 
     </span>
     <span class='ocr_line' id='line_1_61' title="bbox 221 2730 1056 2768; baseline 0.016 -12"><span class='ocrx_word' id='word_1_548' title='bbox 221 2730 358 2757; x_wconf 78' lang='lat' dir='ltr'>intinctus.</span> <span class='ocrx_word' id='word_1_549' title='bbox 381 2731 412 2758; x_wconf 90' lang='lat' dir='ltr'>fr.</span> <span class='ocrx_word' id='word_1_550' title='bbox 432 2733 456 2758; x_wconf 87' lang='lat'>9.</span> <span class='ocrx_word' id='word_1_551' title='bbox 483 2733 504 2766; x_wconf 88' lang='lat'>5.</span> <span class='ocrx_word' id='word_1_552' title='bbox 524 2735 548 2759; x_wconf 83' lang='lat'>2.</span> <span class='ocrx_word' id='word_1_553' title='bbox 568 2733 601 2759; x_wconf 85' lang='lat' dir='ltr'>de</span> <span class='ocrx_word' id='word_1_554' title='bbox 620 2739 702 2761; x_wconf 86' lang='lat' dir='ltr'>contr.</span> <span class='ocrx_word' id='word_1_555' title='bbox 723 2741 781 2763; x_wconf 87' lang='lat' dir='ltr'>emt.</span> <span class='ocrx_word' id='word_1_556' title='bbox 802 2739 841 2764; x_wconf 81' lang='lat'>18.</span> <span class='ocrx_word' id='word_1_557' title='bbox 861 2741 884 2765; x_wconf 89' lang='lat'>1.</span> <span class='ocrx_word' id='word_1_558' title='bbox 920 2739 963 2766; x_wconf 93' lang='grc' dir='ltr'>ΠΙ.</span> <span class='ocrx_word' id='word_1_559' title='bbox 990 2742 1056 2768; x_wconf 78' lang='lat' dir='ltr'>Cn.</span> 
     </span>
     <span class='ocr_line' id='line_1_62' title="bbox 221 2772 1057 2814; baseline 0.014 -15"><span class='ocrx_word' id='word_1_560' title='bbox 221 2772 250 2799; x_wconf 89' lang='lat' dir='ltr'>Si</span> <span class='ocrx_word' id='word_1_561' title='bbox 269 2774 358 2800; x_wconf 88' lang='lat' dir='ltr'>vinum</span> <span class='ocrx_word' id='word_1_562' title='bbox 376 2784 429 2800; x_wconf 89' lang='lat' dir='ltr'>non</span> <span class='ocrx_word' id='word_1_563' title='bbox 448 2776 529 2805; x_wconf 84' lang='lat' dir='ltr'>acuit,</span> <span class='ocrx_word' id='word_1_564' title='bbox 550 2776 596 2802; x_wconf 89' lang='lat' dir='ltr'>sed</span> <span class='ocrx_word' id='word_1_565' title='bbox 616 2776 647 2803; x_wconf 91' lang='lat' dir='ltr'>ab</span> <span class='ocrx_word' id='word_1_566' title='bbox 666 2778 740 2804; x_wconf 89' lang='lat' dir='ltr'>initio</span> <span class='ocrx_word' id='word_1_567' title='bbox 760 2785 859 2807; x_wconf 84' lang='lat' dir='ltr'>acetum</span> <span class='ocrx_word' id='word_1_568' title='bbox 878 2782 938 2814; x_wconf 87' lang='lat' dir='ltr'>suit,</span> <span class='ocrx_word' id='word_1_569' title='bbox 959 2788 987 2809; x_wconf 87' lang='lat' dir='ltr'>ut</span> <span class='ocrx_word' id='word_1_570' title='bbox 1007 2794 1057 2810; x_wconf 82' lang='lat' dir='ltr'>em-</span> 
     </span>
     <span class='ocr_line' id='line_1_63' title="bbox 220 2815 1001 2853; baseline 0.014 -12"><span class='ocrx_word' id='word_1_571' title='bbox 220 2815 328 2843; x_wconf 74' lang='lat' dir='ltr'>bamma.</span> <span class='ocrx_word' id='word_1_572' title='bbox 349 2816 384 2843; x_wconf 65' lang='lat' dir='ltr'>lb.</span> <span class='ocrx_word' id='word_1_573' title='bbox 405 2816 421 2843; x_wconf 97' lang='lat' dir='ltr'>l.</span> <span class='ocrx_word' id='word_1_574' title='bbox 437 2816 453 2843; x_wconf 91' lang='lat' dir='ltr'>l.</span> <span class='ocrx_word' id='word_1_575' title='bbox 476 2817 507 2844; x_wconf 84' lang='lat' dir='ltr'>cf.</span> <span class='ocrx_word' id='word_1_576' title='bbox 528 2817 558 2844; x_wconf 83' lang='lat' dir='ltr'>fr.</span> <span class='ocrx_word' id='word_1_577' title='bbox 577 2820 600 2845; x_wconf 87' lang='grc'>9.</span> <span class='ocrx_word' id='word_1_578' title='bbox 620 2820 641 2853; x_wconf 91' lang='lat'>5.</span> <span class='ocrx_word' id='word_1_579' title='bbox 662 2821 684 2846; x_wconf 95' lang='lat' dir='ltr'>l.</span> <span class='ocrx_word' id='word_1_580' title='bbox 705 2819 738 2847; x_wconf 88' lang='lat' dir='ltr'>de</span> <span class='ocrx_word' id='word_1_581' title='bbox 756 2822 808 2848; x_wconf 90' lang='lat' dir='ltr'>trit.</span> <span class='ocrx_word' id='word_1_582' title='bbox 827 2824 897 2850; x_wconf 89' lang='lat' dir='ltr'>vino.</span> <span class='ocrx_word' id='word_1_583' title='bbox 916 2826 957 2851; x_wconf 82' lang='lat'>33.</span> <span class='ocrx_word' id='word_1_584' title='bbox 978 2827 1001 2852; x_wconf 89' lang='lat'>6.</span> 
     </span>
    </p>
   </div>
   <div class='ocr_carea' id='block_1_7' title="bbox 601 637 1088 676">
    <p class='ocr_par' dir='ltr' id='par_1_11' title="bbox 601 637 1088 676">
     <span class='ocr_line' id='line_1_64' title="bbox 601 637 1088 676; baseline -0.006 -10"><span class='ocrx_word' id='word_1_585' title='bbox 601 640 652 675; x_wconf 90' lang='lat' dir='ltr'>Qu.</span> <span class='ocrx_word' id='word_1_586' title='bbox 678 639 710 666; x_wconf 81' lang='lat' dir='ltr'>de</span> <span class='ocrx_word' id='word_1_587' title='bbox 734 638 819 676; x_wconf 87' lang='lat' dir='ltr'>pecul.</span> <span class='ocrx_word' id='word_1_588' title='bbox 845 643 893 664; x_wconf 85' lang='lat' dir='ltr'>act.</span> <span class='ocrx_word' id='word_1_589' title='bbox 920 640 960 664; x_wconf 89' lang='lat'>15.</span> <span class='ocrx_word' id='word_1_590' title='bbox 984 641 1007 664; x_wconf 76' lang='lat'>2.</span> <span class='ocrx_word' id='word_1_591' title='bbox 1034 637 1064 664; x_wconf 71' lang='lat' dir='ltr'>ct&#39;.</span> <span class='ocrx_word' id='word_1_592' title='bbox 1087 639 1088 644; x_wconf 60' lang='lat'>¹</span> 
     </span>
    </p>
   </div>
   <div class='ocr_carea' id='block_1_8' title="bbox 1078 254 1093 2865">
    <p class='ocr_par' dir='ltr' id='par_1_12' title="bbox 1078 254 1093 2865">
     <span class='ocr_line' id='line_1_65' title="bbox 1078 254 1093 2865; baseline 0 0"><span class='ocrx_word' id='word_1_593' title='bbox 1078 254 1093 2865; x_wconf 95' lang='lat' dir='ltr'> </span> 
     </span>
    </p>
   </div>
   <div class='ocr_carea' id='block_1_9' title="bbox 1891 174 1955 204">
    <p class='ocr_par' dir='ltr' id='par_1_13' title="bbox 1891 174 1955 204">
     <span class='ocr_line' id='line_1_66' title="bbox 1891 174 1955 204; baseline -0.016 0"><span class='ocrx_word' id='word_1_594' title='bbox 1891 174 1955 204; x_wconf 77' lang='lat'>319</span> 
     </span>
    </p>
   </div>
   <div class='ocr_carea' id='block_1_10' title="bbox 1111 253 1952 376">
    <p class='ocr_par' dir='ltr' id='par_1_14' title="bbox 1111 253 1952 376">
     <span class='ocr_line' id='line_1_67' title="bbox 1147 253 1941 292; baseline 0.001 -12"><span class='ocrx_word' id='word_1_595' title='bbox 1147 253 1446 281; x_wconf 67' lang='lat' dir='ltr'>Elnbateuficus.</span> <span class='ocrx_word' id='word_1_596' title='bbox 1467 254 1596 288; x_wconf 68' lang='lat' dir='ltr'>(Adiect.)</span> <span class='ocrx_word' id='word_1_597' title='bbox 1617 255 1647 282; x_wconf 79' lang='lat' dir='ltr'>cf.</span> <span class='ocrx_word' id='word_1_598' title='bbox 1669 266 1691 282; x_wconf 94' lang='lat' dir='ltr'>v.</span> <span class='ocrx_word' id='word_1_599' title='bbox 1712 255 1941 292; x_wconf 66' lang='lat' dir='ltr'>Emphyteuticus.</span> 
     </span>
     <span class='ocr_line' id='line_1_68' title="bbox 1147 298 1358 324; baseline 0 -1"><span class='ocrx_word' id='word_1_600' title='bbox 1147 298 1358 324; x_wconf 77' lang='lat' dir='ltr'>Emblema.</span> 
     </span>
     <span class='ocr_line' id='line_1_69' title="bbox 1111 341 1952 376; baseline 0.002 -11"><span class='ocrx_word' id='word_1_601' title='bbox 1111 341 1189 366; x_wconf 84' lang='lat' dir='ltr'>liam</span> <span class='ocrx_word' id='word_1_602' title='bbox 1209 342 1239 366; x_wconf 84' lang='lat' dir='ltr'>in</span> <span class='ocrx_word' id='word_1_603' title='bbox 1261 342 1348 366; x_wconf 74' lang='lat' dir='ltr'>vasis</span> <span class='ocrx_word' id='word_1_604' title='bbox 1364 342 1531 374; x_wconf 73' lang='lat' dir='ltr'>pretiosis.</span> <span class='ocrx_word' id='word_1_605' title='bbox 1570 341 1613 368; x_wconf 86' lang='lat'>111.</span> <span class='ocrx_word' id='word_1_606' title='bbox 1633 343 1698 369; x_wconf 70' lang='lat'>(711.</span> <span class='ocrx_word' id='word_1_607' title='bbox 1724 341 1802 367; x_wconf 60' lang='lat' dir='ltr'>vasis</span> <span class='ocrx_word' id='word_1_608' title='bbox 1822 341 1952 376; x_wconf 77' lang='lat' dir='ltr'>argenteis</span> 
     </span>
    </p>
   </div>
   <div class='ocr_carea' id='block_1_11' title="bbox 1398 300 1953 325">
    <p class='ocr_par' dir='ltr' id='par_1_15' title="bbox 1398 300 1953 325">
     <span class='ocr_line' id='line_1_70' title="bbox 1398 300 1953 325; baseline 0 -1"><span class='ocrx_word' id='word_1_609' title='bbox 1398 300 1502 325; x_wconf 76' lang='lat' dir='ltr'>Genus</span> <span class='ocrx_word' id='word_1_610' title='bbox 1530 305 1792 325; x_wconf 77' lang='lat' dir='ltr'>ornamentorum</span> <span class='ocrx_word' id='word_1_611' title='bbox 1819 300 1953 324; x_wconf 65' lang='lat' dir='ltr'>exemti-</span> 
     </span>
    </p>
   </div>
   <div class='ocr_carea' id='block_1_12' title="bbox 1090 382 1951 420">
    <p class='ocr_par' dir='ltr' id='par_1_16' title="bbox 1090 382 1951 420">
     <span class='ocr_line' id='line_1_71' title="bbox 1090 382 1951 420; baseline 0.001 -12"><span class='ocrx_word' id='word_1_612' title='bbox 1090 384 1091 392; x_wconf 64' lang='lat'><em>*</em></span> <span class='ocrx_word' id='word_1_613' title='bbox 1113 382 1212 418; x_wconf 79' lang='lat' dir='ltr'>legatis,</span> <span class='ocrx_word' id='word_1_614' title='bbox 1233 382 1385 409; x_wconf 82' lang='lat' dir='ltr'>emblemata</span> <span class='ocrx_word' id='word_1_615' title='bbox 1406 393 1511 420; x_wconf 76' lang='lat' dir='ltr'>quoque</span> <span class='ocrx_word' id='word_1_616' title='bbox 1525 396 1557 411; x_wconf 80' lang='lat' dir='ltr'>ex</span> <span class='ocrx_word' id='word_1_617' title='bbox 1571 395 1633 411; x_wconf 90' lang='lat' dir='ltr'>auro</span> <span class='ocrx_word' id='word_1_618' title='bbox 1648 384 1727 411; x_wconf 74' lang='lat' dir='ltr'>infixa</span> <span class='ocrx_word' id='word_1_619' title='bbox 1741 383 1826 420; x_wconf 77' lang='lat' dir='ltr'>legato</span> <span class='ocrx_word' id='word_1_620' title='bbox 1845 383 1951 409; x_wconf 85' lang='lat' dir='ltr'>cedunt.</span> 
     </span>
    </p>
   </div>
   <div class='ocr_carea' id='block_1_13' title="bbox 1109 424 1953 934">
    <p class='ocr_par' dir='ltr' id='par_1_17' title="bbox 1111 424 1953 543">
     <span class='ocr_line' id='line_1_72' title="bbox 1113 424 1953 464; baseline 0.001 -13"><span class='ocrx_word' id='word_1_621' title='bbox 1113 424 1184 452; x_wconf 86' lang='lat' dir='ltr'>Paul.</span> <span class='ocrx_word' id='word_1_622' title='bbox 1204 425 1246 452; x_wconf 86' lang='lat' dir='ltr'>III.</span> <span class='ocrx_word' id='word_1_623' title='bbox 1266 427 1289 452; x_wconf 85' lang='grc'>6,</span> <span class='ocrx_word' id='word_1_624' title='bbox 1309 426 1331 459; x_wconf 88' lang='lat'>5.</span> <span class='ocrx_word' id='word_1_625' title='bbox 1351 427 1392 452; x_wconf 70' lang='grc'>89.</span> <span class='ocrx_word' id='word_1_626' title='bbox 1412 426 1444 452; x_wconf 68' lang='lat' dir='ltr'>cl&#39;.</span> <span class='ocrx_word' id='word_1_627' title='bbox 1464 427 1494 453; x_wconf 84' lang='lat' dir='ltr'>fr.</span> <span class='ocrx_word' id='word_1_628' title='bbox 1516 429 1554 454; x_wconf 87' lang='lat'>19.</span> <span class='ocrx_word' id='word_1_629' title='bbox 1575 428 1612 461; x_wconf 95' lang='lat'>55.</span> <span class='ocrx_word' id='word_1_630' title='bbox 1632 430 1655 454; x_wconf 89' lang='lat'>5.</span> <span class='ocrx_word' id='word_1_631' title='bbox 1676 438 1715 464; x_wconf 86' lang='lat' dir='ltr'>sq.</span> <span class='ocrx_word' id='word_1_632' title='bbox 1735 427 1765 453; x_wconf 80' lang='lat' dir='ltr'>fr.</span> <span class='ocrx_word' id='word_1_633' title='bbox 1779 429 1820 453; x_wconf 75' lang='lat'>32.</span> <span class='ocrx_word' id='word_1_634' title='bbox 1841 427 1900 460; x_wconf 91' lang='lat'>5.1.</span> <span class='ocrx_word' id='word_1_635' title='bbox 1920 425 1953 452; x_wconf 81' lang='lat' dir='ltr'>de</span> 
     </span>
     <span class='ocr_line' id='line_1_73' title="bbox 1112 470 1351 505; baseline 0.008 -12"><span class='ocrx_word' id='word_1_636' title='bbox 1112 478 1173 494; x_wconf 89' lang='lat' dir='ltr'>auro</span> <span class='ocrx_word' id='word_1_637' title='bbox 1194 479 1245 505; x_wconf 83' lang='lat' dir='ltr'>arg.</span> <span class='ocrx_word' id='word_1_638' title='bbox 1264 470 1306 495; x_wconf 72' lang='lat'>34.</span> <span class='ocrx_word' id='word_1_639' title='bbox 1325 470 1351 496; x_wconf 80' lang='lat'>2.</span> 
     </span>
     <span class='ocr_line' id='line_1_74' title="bbox 1111 512 1880 543; baseline 0.003 -7"><span class='ocrx_word' id='word_1_640' title='bbox 1111 512 1232 537; x_wconf 85' lang='lat' dir='ltr'>materiae</span> <span class='ocrx_word' id='word_1_641' title='bbox 1251 512 1362 543; x_wconf 80' lang='lat' dir='ltr'>iunctae,</span> <span class='ocrx_word' id='word_1_642' title='bbox 1382 512 1424 538; x_wconf 73' lang='lat' dir='ltr'>vel</span> <span class='ocrx_word' id='word_1_643' title='bbox 1444 512 1606 540; x_wconf 82' lang='lat' dir='ltr'>emblemata.</span> <span class='ocrx_word' id='word_1_644' title='bbox 1627 513 1658 540; x_wconf 75' lang='lat' dir='ltr'>sr.</span> <span class='ocrx_word' id='word_1_645' title='bbox 1680 515 1719 539; x_wconf 91' lang='lat'>17.</span> <span class='ocrx_word' id='word_1_646' title='bbox 1740 513 1774 539; x_wconf 89' lang='lat' dir='ltr'>ib.</span> <span class='ocrx_word' id='word_1_647' title='bbox 1794 514 1836 539; x_wconf 83' lang='lat'>34.</span> <span class='ocrx_word' id='word_1_648' title='bbox 1856 515 1880 538; x_wconf 74' lang='lat'>2.</span> 
     </span>
    </p>

    <p class='ocr_par' dir='ltr' id='par_1_18' title="bbox 1110 555 1951 763">
     <span class='ocr_line' id='line_1_75' title="bbox 1145 555 1951 590; baseline 0 -9"><span class='ocrx_word' id='word_1_649' title='bbox 1145 555 1318 582; x_wconf 75' lang='lat' dir='ltr'>Embola.</span> <span class='ocrx_word' id='word_1_650' title='bbox 1342 556 1556 582; x_wconf 75' lang='lat' dir='ltr'>Transreclio</span> <span class='ocrx_word' id='word_1_651' title='bbox 1576 559 1740 587; x_wconf 80' lang='lat' dir='ltr'>merciam,</span> <span class='ocrx_word' id='word_1_652' title='bbox 1762 559 1809 582; x_wconf 88' lang='lat' dir='ltr'>vel</span> <span class='ocrx_word' id='word_1_653' title='bbox 1827 557 1951 590; x_wconf 65' lang='lat' dir='ltr'>specie—</span> 
     </span>
     <span class='ocr_line' id='line_1_76' title="bbox 1111 597 1951 627; baseline 0.001 -5"><span class='ocrx_word' id='word_1_654' title='bbox 1111 606 1185 622; x_wconf 77' lang='lat' dir='ltr'>rum.</span> <span class='ocrx_word' id='word_1_655' title='bbox 1223 597 1266 623; x_wconf 90' lang='lat' dir='ltr'>III.</span> <span class='ocrx_word' id='word_1_656' title='bbox 1288 599 1353 625; x_wconf 78' lang='lat' dir='ltr'>Cn.</span> <span class='ocrx_word' id='word_1_657' title='bbox 1384 597 1489 624; x_wconf 68' lang='lat' dir='ltr'>Nullam</span> <span class='ocrx_word' id='word_1_658' title='bbox 1509 608 1608 627; x_wconf 81' lang='lat' dir='ltr'>navem.</span> <span class='ocrx_word' id='word_1_659' title='bbox 1629 599 1695 625; x_wconf 83' lang='lat' dir='ltr'>ultra</span> <span class='ocrx_word' id='word_1_660' title='bbox 1715 600 1784 624; x_wconf 80' lang='lat'><strong>2000</strong></span> <span class='ocrx_word' id='word_1_661' title='bbox 1803 597 1951 624; x_wconf 86' lang='lat' dir='ltr'>modiorum</span> 
     </span>
     <span class='ocr_line' id='line_1_77' title="bbox 1111 640 1951 678; baseline 0.001 -13"><span class='ocrx_word' id='word_1_662' title='bbox 1111 640 1289 676; x_wconf 82' lang='lat' dir='ltr'>capacitatem,</span> <span class='ocrx_word' id='word_1_663' title='bbox 1309 645 1368 666; x_wconf 82' lang='lat' dir='ltr'>ante</span> <span class='ocrx_word' id='word_1_664' title='bbox 1382 640 1483 667; x_wconf 82' lang='lat' dir='ltr'>felicem</span> <span class='ocrx_word' id='word_1_665' title='bbox 1497 641 1634 669; x_wconf 87' lang='lat' dir='ltr'>embolam.</span> <span class='ocrx_word' id='word_1_666' title='bbox 1654 642 1695 667; x_wconf 76' lang='lat' dir='ltr'>vel</span> <span class='ocrx_word' id='word_1_667' title='bbox 1710 641 1874 678; x_wconf 82' lang='lat' dir='ltr'>publicarum</span> <span class='ocrx_word' id='word_1_668' title='bbox 1892 650 1951 677; x_wconf 87' lang='lat' dir='ltr'>spe-</span> 
     </span>
     <span class='ocr_line' id='line_1_78' title="bbox 1110 683 1951 715; baseline 0.001 -7"><span class='ocrx_word' id='word_1_669' title='bbox 1110 683 1207 708; x_wconf 74' lang='lat' dir='ltr'>cierum</span> <span class='ocrx_word' id='word_1_670' title='bbox 1227 685 1455 715; x_wconf 83' lang='lat' dir='ltr'>transvectionem,</span> <span class='ocrx_word' id='word_1_671' title='bbox 1470 700 1500 704; x_wconf 92' lang='lat'><strong>—</strong></span> <span class='ocrx_word' id='word_1_672' title='bbox 1516 685 1643 711; x_wconf 77' lang='lat' dir='ltr'>excusari.</span> <span class='ocrx_word' id='word_1_673' title='bbox 1665 684 1729 710; x_wconf 58' lang='grc' dir='ltr'><strong>Νῦν.</strong></span> <span class='ocrx_word' id='word_1_674' title='bbox 1744 684 1793 711; x_wconf 87' lang='lat' dir='ltr'>Th.</span> <span class='ocrx_word' id='word_1_675' title='bbox 1808 684 1837 710; x_wconf 90' lang='lat'>11.</span> <span class='ocrx_word' id='word_1_676' title='bbox 1858 683 1890 710; x_wconf 84' lang='lat' dir='ltr'>de</span> <span class='ocrx_word' id='word_1_677' title='bbox 1910 694 1951 709; x_wconf 85' lang='lat' dir='ltr'>na-</span> 
     </span>
     <span class='ocr_line' id='line_1_79' title="bbox 1111 725 1511 763; baseline 0.005 -12"><span class='ocrx_word' id='word_1_678' title='bbox 1111 725 1162 751; x_wconf 76' lang='lat' dir='ltr'>vib.</span> <span class='ocrx_word' id='word_1_679' title='bbox 1183 735 1207 752; x_wconf 89' lang='lat' dir='ltr'>n.</span> <span class='ocrx_word' id='word_1_680' title='bbox 1228 736 1283 752; x_wconf 77' lang='lat' dir='ltr'>exc.</span> <span class='ocrx_word' id='word_1_681' title='bbox 1305 726 1323 752; x_wconf 91' lang='lat'>1.</span> <span class='ocrx_word' id='word_1_682' title='bbox 1344 728 1366 752; x_wconf 78' lang='grc' dir='ltr'>Τ.</span> <span class='ocrx_word' id='word_1_683' title='bbox 1388 737 1408 752; x_wconf 85' lang='lat' dir='ltr'>c.</span> <span class='ocrx_word' id='word_1_684' title='bbox 1431 728 1453 752; x_wconf 96' lang='lat'>1.</span> <span class='ocrx_word' id='word_1_685' title='bbox 1473 737 1511 763; x_wconf 90' lang='lat' dir='ltr'>pr.</span> 
     </span>
    </p>

    <p class='ocr_par' dir='ltr' id='par_1_19' title="bbox 1109 769 1950 934">
     <span class='ocr_line' id='line_1_80' title="bbox 1145 769 1949 803; baseline 0.001 -9"><span class='ocrx_word' id='word_1_686' title='bbox 1145 769 1375 796; x_wconf 77' lang='lat' dir='ltr'>Emendare.</span> <span class='ocrx_word' id='word_1_687' title='bbox 1400 770 1431 803; x_wconf 84' lang='lat'>§.</span> <span class='ocrx_word' id='word_1_688' title='bbox 1450 771 1484 796; x_wconf 89' lang='lat'>1.</span> <span class='ocrx_word' id='word_1_689' title='bbox 1512 771 1641 796; x_wconf 75' lang='lat' dir='ltr'>Mutare</span> <span class='ocrx_word' id='word_1_690' title='bbox 1661 772 1692 796; x_wconf 77' lang='lat' dir='ltr'>in</span> <span class='ocrx_word' id='word_1_691' title='bbox 1712 772 1832 796; x_wconf 74' lang='lat' dir='ltr'>melias.</span> <span class='ocrx_word' id='word_1_692' title='bbox 1854 769 1871 795; x_wconf 95' lang='lat' dir='ltr'>I.</span> <span class='ocrx_word' id='word_1_693' title='bbox 1887 770 1949 803; x_wconf 72' lang='lat' dir='ltr'>Sy.</span> 
     </span>
     <span class='ocr_line' id='line_1_81' title="bbox 1111 810 1950 849; baseline 0 -12"><span class='ocrx_word' id='word_1_694' title='bbox 1111 810 1257 845; x_wconf 62' lang='lat' dir='ltr'>Corrigere.</span> <span class='ocrx_word' id='word_1_695' title='bbox 1279 822 1299 837; x_wconf 82' lang='lat' dir='ltr'>e.</span> <span class='ocrx_word' id='word_1_696' title='bbox 1319 814 1343 837; x_wconf 83' lang='lat'>2.</span> <span class='ocrx_word' id='word_1_697' title='bbox 1364 812 1396 837; x_wconf 82' lang='lat' dir='ltr'>de</span> <span class='ocrx_word' id='word_1_698' title='bbox 1415 817 1481 838; x_wconf 85' lang='lat' dir='ltr'>sent.</span> <span class='ocrx_word' id='word_1_699' title='bbox 1502 823 1534 839; x_wconf 83' lang='lat' dir='ltr'>ex</span> <span class='ocrx_word' id='word_1_700' title='bbox 1552 815 1634 849; x_wconf 75' lang='lat' dir='ltr'>peric.</span> <span class='ocrx_word' id='word_1_701' title='bbox 1654 815 1676 839; x_wconf 77' lang='grc' dir='ltr'>Τ.</span> <span class='ocrx_word' id='word_1_702' title='bbox 1698 814 1738 839; x_wconf 88' lang='lat'>44.</span> <span class='ocrx_word' id='word_1_703' title='bbox 1763 812 1805 838; x_wconf 91' lang='grc'><strong>111.</strong></span> <span class='ocrx_word' id='word_1_704' title='bbox 1821 813 1886 839; x_wconf 75' lang='lat' dir='ltr'>Gn.</span> <span class='ocrx_word' id='word_1_705' title='bbox 1899 811 1950 838; x_wconf 81' lang='lat' dir='ltr'>Ad-</span> 
     </span>
     <span class='ocr_line' id='line_1_82' title="bbox 1109 854 1949 893; baseline 0.001 -14"><span class='ocrx_word' id='word_1_706' title='bbox 1109 855 1240 889; x_wconf 73' lang='lat' dir='ltr'>gressuris</span> <span class='ocrx_word' id='word_1_707' title='bbox 1259 854 1309 880; x_wconf 93' lang='lat' dir='ltr'>hoc</span> <span class='ocrx_word' id='word_1_708' title='bbox 1323 865 1390 892; x_wconf 87' lang='lat' dir='ltr'>opus</span> <span class='ocrx_word' id='word_1_709' title='bbox 1406 860 1431 880; x_wconf 83' lang='lat' dir='ltr'>et</span> <span class='ocrx_word' id='word_1_710' title='bbox 1445 854 1566 881; x_wconf 76' lang='lat' dir='ltr'>demendi</span> <span class='ocrx_word' id='word_1_711' title='bbox 1580 866 1751 893; x_wconf 83' lang='lat' dir='ltr'>supervacua,</span> <span class='ocrx_word' id='word_1_712' title='bbox 1771 860 1796 881; x_wconf 74' lang='lat' dir='ltr'>et</span> <span class='ocrx_word' id='word_1_713' title='bbox 1810 854 1949 881; x_wconf 73' lang='lat' dir='ltr'>adficiendi</span> 
     </span>
     <span class='ocr_line' id='line_1_83' title="bbox 1111 897 1950 934; baseline 0.001 -12"><span class='ocrx_word' id='word_1_714' title='bbox 1111 897 1271 927; x_wconf 76' lang='lat' dir='ltr'>necessaria,</span> <span class='ocrx_word' id='word_1_715' title='bbox 1296 902 1321 923; x_wconf 82' lang='lat' dir='ltr'>et</span> <span class='ocrx_word' id='word_1_716' title='bbox 1345 897 1461 923; x_wconf 87' lang='lat' dir='ltr'>mutandi</span> <span class='ocrx_word' id='word_1_717' title='bbox 1481 898 1612 934; x_wconf 65' lang='lat' dir='ltr'>ambigua.</span> <span class='ocrx_word' id='word_1_718' title='bbox 1638 904 1663 924; x_wconf 89' lang='lat' dir='ltr'>et</span> <span class='ocrx_word' id='word_1_719' title='bbox 1688 897 1843 925; x_wconf 78' lang='lat' dir='ltr'>emendandi</span> <span class='ocrx_word' id='word_1_720' title='bbox 1862 899 1950 924; x_wconf 85' lang='lat' dir='ltr'>incon·</span> 
     </span>
    </p>
   </div>
   <div class='ocr_carea' id='block_1_14' title="bbox 1387 468 1952 506">
    <p class='ocr_par' dir='ltr' id='par_1_20' title="bbox 1387 468 1952 506">
     <span class='ocr_line' id='line_1_84' title="bbox 1387 468 1952 506; baseline -0.002 -11"><span class='ocrx_word' id='word_1_721' title='bbox 1387 468 1416 495; x_wconf 87' lang='lat' dir='ltr'>Si</span> <span class='ocrx_word' id='word_1_722' title='bbox 1436 479 1534 505; x_wconf 76' lang='lat' dir='ltr'>gemma</span> <span class='ocrx_word' id='word_1_723' title='bbox 1554 481 1585 496; x_wconf 82' lang='lat' dir='ltr'>ex</span> <span class='ocrx_word' id='word_1_724' title='bbox 1606 471 1683 497; x_wconf 87' lang='lat' dir='ltr'>anulo</span> <span class='ocrx_word' id='word_1_725' title='bbox 1697 470 1805 506; x_wconf 77' lang='lat' dir='ltr'>legetur,</span> <span class='ocrx_word' id='word_1_726' title='bbox 1825 469 1867 495; x_wconf 86' lang='lat' dir='ltr'>vel</span> <span class='ocrx_word' id='word_1_727' title='bbox 1887 468 1952 495; x_wconf 82' lang='lat' dir='ltr'>aliae</span> 
     </span>
    </p>
   </div>
   <div class='ocr_carea' id='block_1_15' title="bbox 1109 939 1950 1062">
    <p class='ocr_par' dir='ltr' id='par_1_21' title="bbox 1109 939 1950 1062">
     <span class='ocr_line' id='line_1_85' title="bbox 1109 939 1948 977; baseline 0.002 -12"><span class='ocrx_word' id='word_1_728' title='bbox 1109 949 1171 975; x_wconf 75' lang='lat' dir='ltr'>grua</span> <span class='ocrx_word' id='word_1_729' title='bbox 1191 939 1330 966; x_wconf 82' lang='lat' dir='ltr'>tribuimus</span> <span class='ocrx_word' id='word_1_730' title='bbox 1349 946 1515 977; x_wconf 71' lang='lat' dir='ltr'>potestatem.</span> <span class='ocrx_word' id='word_1_731' title='bbox 1542 941 1591 968; x_wconf 88' lang='lat' dir='ltr'>Th.</span> <span class='ocrx_word' id='word_1_732' title='bbox 1612 941 1641 968; x_wconf 89' lang='lat' dir='ltr'>C.</span> <span class='ocrx_word' id='word_1_733' title='bbox 1662 941 1680 968; x_wconf 93' lang='lat' dir='ltr'>I.</span> <span class='ocrx_word' id='word_1_734' title='bbox 1703 943 1723 968; x_wconf 97' lang='lat' dir='ltr'>l.</span> <span class='ocrx_word' id='word_1_735' title='bbox 1745 952 1766 967; x_wconf 88' lang='lat' dir='ltr'>c.</span> <span class='ocrx_word' id='word_1_736' title='bbox 1786 942 1809 967; x_wconf 87' lang='lat'>6.</span> <span class='ocrx_word' id='word_1_737' title='bbox 1830 941 1897 975; x_wconf 95' lang='lat'>5.1.</span> <span class='ocrx_word' id='word_1_738' title='bbox 1917 941 1948 967; x_wconf 77' lang='lat' dir='ltr'>cf.</span> 
     </span>
     <span class='ocr_line' id='line_1_86' title="bbox 1111 982 1950 1021; baseline 0 -12"><span class='ocrx_word' id='word_1_739' title='bbox 1111 992 1131 1009; x_wconf 82' lang='lat' dir='ltr'>c.</span> <span class='ocrx_word' id='word_1_740' title='bbox 1152 985 1175 1008; x_wconf 91' lang='lat'>5.</span> <span class='ocrx_word' id='word_1_741' title='bbox 1196 982 1308 1015; x_wconf 81' lang='lat' dir='ltr'>(ch.)</span> <span class='ocrx_word' id='word_1_742' title='bbox 1329 982 1362 1009; x_wconf 84' lang='lat' dir='ltr'>de</span> <span class='ocrx_word' id='word_1_743' title='bbox 1382 989 1464 1009; x_wconf 79' lang='lat' dir='ltr'>const.</span> <span class='ocrx_word' id='word_1_744' title='bbox 1485 983 1526 1010; x_wconf 88' lang='lat' dir='ltr'>Pr.</span> <span class='ocrx_word' id='word_1_745' title='bbox 1547 984 1590 1010; x_wconf 68' lang='lat' dir='ltr'>VI.</span> <span class='ocrx_word' id='word_1_746' title='bbox 1615 986 1638 1010; x_wconf 83' lang='lat'>3</span> <span class='ocrx_word' id='word_1_747' title='bbox 1660 995 1680 1010; x_wconf 81' lang='lat' dir='ltr'>c.</span> <span class='ocrx_word' id='word_1_748' title='bbox 1700 986 1724 1010; x_wconf 86' lang='lat'>4.</span> <span class='ocrx_word' id='word_1_749' title='bbox 1745 984 1777 1010; x_wconf 86' lang='lat' dir='ltr'>de</span> <span class='ocrx_word' id='word_1_750' title='bbox 1795 983 1883 1021; x_wconf 77' lang='lat' dir='ltr'>praed.</span> <span class='ocrx_word' id='word_1_751' title='bbox 1904 983 1950 1009; x_wconf 72' lang='lat' dir='ltr'>Se-</span> 
     </span>
     <span class='ocr_line' id='line_1_87' title="bbox 1109 1025 1950 1062; baseline 0.001 -11"><span class='ocrx_word' id='word_1_752' title='bbox 1109 1030 1161 1052; x_wconf 86' lang='lat' dir='ltr'>nat.</span> <span class='ocrx_word' id='word_1_753' title='bbox 1186 1025 1330 1062; x_wconf 85' lang='lat' dir='ltr'>Perscripti</span> <span class='ocrx_word' id='word_1_754' title='bbox 1354 1026 1429 1058; x_wconf 84' lang='lat' dir='ltr'>libri,</span> <span class='ocrx_word' id='word_1_755' title='bbox 1455 1026 1570 1053; x_wconf 87' lang='lat' dir='ltr'>nondum</span> <span class='ocrx_word' id='word_1_756' title='bbox 1596 1026 1722 1055; x_wconf 81' lang='lat' dir='ltr'>malleati.</span> <span class='ocrx_word' id='word_1_757' title='bbox 1747 1043 1779 1046; x_wconf 88' lang='lat'>—-</span> <span class='ocrx_word' id='word_1_758' title='bbox 1803 1026 1845 1053; x_wconf 89' lang='lat' dir='ltr'>vel</span> <span class='ocrx_word' id='word_1_759' title='bbox 1865 1036 1950 1052; x_wconf 81' lang='lat' dir='ltr'>emen-</span> 
     </span>
    </p>
   </div>
   <div class='ocr_carea' id='block_1_16' title="bbox 1100 1068 1949 2866">
    <p class='ocr_par' dir='ltr' id='par_1_22' title="bbox 1105 1068 1949 1880">
     <span class='ocr_line' id='line_1_88' title="bbox 1110 1068 1948 1105; baseline 0.001 -11"><span class='ocrx_word' id='word_1_760' title='bbox 1110 1068 1171 1094; x_wconf 90' lang='lat' dir='ltr'>dati.</span> <span class='ocrx_word' id='word_1_761' title='bbox 1191 1068 1220 1095; x_wconf 77' lang='lat' dir='ltr'>fr.</span> <span class='ocrx_word' id='word_1_762' title='bbox 1240 1071 1281 1094; x_wconf 82' lang='lat'>52.</span> <span class='ocrx_word' id='word_1_763' title='bbox 1302 1069 1324 1102; x_wconf 91' lang='lat'>5.</span> <span class='ocrx_word' id='word_1_764' title='bbox 1343 1071 1367 1095; x_wconf 87' lang='lat'>5.</span> <span class='ocrx_word' id='word_1_765' title='bbox 1392 1068 1425 1095; x_wconf 83' lang='lat' dir='ltr'>de</span> <span class='ocrx_word' id='word_1_766' title='bbox 1448 1069 1523 1105; x_wconf 74' lang='lat' dir='ltr'>legat.</span> <span class='ocrx_word' id='word_1_767' title='bbox 1547 1070 1589 1096; x_wconf 90' lang='lat' dir='ltr'>III.</span> <span class='ocrx_word' id='word_1_768' title='bbox 1611 1070 1685 1103; x_wconf 72' lang='lat'>(32.)</span> <span class='ocrx_word' id='word_1_769' title='bbox 1723 1070 1850 1096; x_wconf 79' lang='lat' dir='ltr'>Actorum</span> <span class='ocrx_word' id='word_1_770' title='bbox 1869 1069 1948 1095; x_wconf 80' lang='lat' dir='ltr'>verba</span> 
     </span>
     <span class='ocr_line' id='line_1_89' title="bbox 1110 1112 1949 1150; baseline 0.001 -12"><span class='ocrx_word' id='word_1_771' title='bbox 1110 1112 1254 1143; x_wconf 82' lang='lat' dir='ltr'>emendare,</span> <span class='ocrx_word' id='word_1_772' title='bbox 1275 1116 1366 1138; x_wconf 85' lang='lat' dir='ltr'>tenore</span> <span class='ocrx_word' id='word_1_773' title='bbox 1385 1114 1531 1139; x_wconf 80' lang='lat' dir='ltr'>sententiae</span> <span class='ocrx_word' id='word_1_774' title='bbox 1550 1118 1744 1150; x_wconf 78' lang='lat' dir='ltr'>perseverante.</span> <span class='ocrx_word' id='word_1_775' title='bbox 1764 1113 1794 1139; x_wconf 84' lang='lat' dir='ltr'>fr.</span> <span class='ocrx_word' id='word_1_776' title='bbox 1814 1115 1855 1139; x_wconf 76' lang='lat'>46.</span> <span class='ocrx_word' id='word_1_777' title='bbox 1875 1112 1949 1139; x_wconf 82' lang='lat' dir='ltr'>dere</span> 
     </span>
     <span class='ocr_line' id='line_1_90' title="bbox 1109 1154 1948 1182; baseline 0 -1"><span class='ocrx_word' id='word_1_778' title='bbox 1109 1155 1161 1181; x_wconf 87' lang='lat' dir='ltr'>iud.</span> <span class='ocrx_word' id='word_1_779' title='bbox 1181 1157 1222 1181; x_wconf 76' lang='lat'>42.</span> <span class='ocrx_word' id='word_1_780' title='bbox 1244 1157 1267 1180; x_wconf 89' lang='lat'>1.</span> <span class='ocrx_word' id='word_1_781' title='bbox 1316 1154 1439 1181; x_wconf 80' lang='lat' dir='ltr'>Errorem</span> <span class='ocrx_word' id='word_1_782' title='bbox 1458 1165 1534 1182; x_wconf 86' lang='lat' dir='ltr'>suum</span> <span class='ocrx_word' id='word_1_783' title='bbox 1554 1156 1654 1182; x_wconf 76' lang='lat' dir='ltr'>emend.</span> <span class='ocrx_word' id='word_1_784' title='bbox 1674 1156 1704 1182; x_wconf 74' lang='lat' dir='ltr'>fr.</span> <span class='ocrx_word' id='word_1_785' title='bbox 1723 1158 1765 1182; x_wconf 73' lang='lat'>21.</span> <span class='ocrx_word' id='word_1_786' title='bbox 1786 1156 1818 1182; x_wconf 78' lang='lat' dir='ltr'>de</span> <span class='ocrx_word' id='word_1_787' title='bbox 1836 1166 1948 1182; x_wconf 82' lang='lat' dir='ltr'>manum.</span> 
     </span>
     <span class='ocr_line' id='line_1_91' title="bbox 1109 1196 1947 1225; baseline 0.001 -2"><span class='ocrx_word' id='word_1_788' title='bbox 1109 1203 1168 1224; x_wconf 87' lang='lat' dir='ltr'>test.</span> <span class='ocrx_word' id='word_1_789' title='bbox 1188 1199 1229 1224; x_wconf 86' lang='lat'>40.</span> <span class='ocrx_word' id='word_1_790' title='bbox 1250 1199 1273 1223; x_wconf 77' lang='grc'>4.</span> <span class='ocrx_word' id='word_1_791' title='bbox 1294 1196 1323 1223; x_wconf 80' lang='lat' dir='ltr'>fr.</span> <span class='ocrx_word' id='word_1_792' title='bbox 1343 1199 1384 1224; x_wconf 83' lang='lat'>35.</span> <span class='ocrx_word' id='word_1_793' title='bbox 1406 1197 1438 1224; x_wconf 84' lang='lat' dir='ltr'>ad</span> <span class='ocrx_word' id='word_1_794' title='bbox 1457 1197 1486 1224; x_wconf 90' lang='lat' dir='ltr'>L.</span> <span class='ocrx_word' id='word_1_795' title='bbox 1507 1197 1553 1224; x_wconf 86' lang='lat' dir='ltr'>Iul.</span> <span class='ocrx_word' id='word_1_796' title='bbox 1574 1198 1606 1225; x_wconf 85' lang='lat' dir='ltr'>dc</span> <span class='ocrx_word' id='word_1_797' title='bbox 1625 1199 1705 1225; x_wconf 87' lang='lat' dir='ltr'>adult.</span> <span class='ocrx_word' id='word_1_798' title='bbox 1726 1200 1766 1225; x_wconf 79' lang='lat'>48.</span> <span class='ocrx_word' id='word_1_799' title='bbox 1786 1201 1809 1225; x_wconf 84' lang='lat'>5.</span> <span class='ocrx_word' id='word_1_800' title='bbox 1838 1198 1947 1225; x_wconf 81' lang='lat' dir='ltr'>Emend.</span> 
     </span>
     <span class='ocr_line' id='line_1_92' title="bbox 1109 1241 1948 1277; baseline -0.001 -9"><span class='ocrx_word' id='word_1_801' title='bbox 1109 1252 1163 1268; x_wconf 84' lang='lat' dir='ltr'>eam</span> <span class='ocrx_word' id='word_1_802' title='bbox 1183 1251 1298 1272; x_wconf 86' lang='lat' dir='ltr'>moram,</span> <span class='ocrx_word' id='word_1_803' title='bbox 1322 1245 1414 1277; x_wconf 82' lang='lat' dir='ltr'>postea</span> <span class='ocrx_word' id='word_1_804' title='bbox 1439 1241 1584 1267; x_wconf 67' lang='lat' dir='ltr'>offerendo.</span> <span class='ocrx_word' id='word_1_805' title='bbox 1604 1241 1634 1267; x_wconf 87' lang='lat' dir='ltr'>fr.</span> <span class='ocrx_word' id='word_1_806' title='bbox 1654 1243 1695 1268; x_wconf 80' lang='lat'>91.</span> <span class='ocrx_word' id='word_1_807' title='bbox 1721 1243 1740 1276; x_wconf 89' lang='lat'>5.</span> <span class='ocrx_word' id='word_1_808' title='bbox 1761 1244 1785 1267; x_wconf 78' lang='lat'>3.</span> <span class='ocrx_word' id='word_1_809' title='bbox 1811 1241 1842 1267; x_wconf 73' lang='lat' dir='ltr'>tle</span> <span class='ocrx_word' id='word_1_810' title='bbox 1862 1241 1893 1267; x_wconf 91' lang='lat' dir='ltr'>V.</span> <span class='ocrx_word' id='word_1_811' title='bbox 1914 1242 1948 1267; x_wconf 74' lang='lat' dir='ltr'>t).</span> 
     </span>
     <span class='ocr_line' id='line_1_93' title="bbox 1108 1283 1948 1321; baseline 0 -11"><span class='ocrx_word' id='word_1_812' title='bbox 1108 1286 1149 1310; x_wconf 77' lang='lat'>45.</span> <span class='ocrx_word' id='word_1_813' title='bbox 1171 1285 1194 1310; x_wconf 96' lang='lat'>1.</span> <span class='ocrx_word' id='word_1_814' title='bbox 1240 1283 1477 1320; x_wconf 81' lang='lat' dir='ltr'>Distinguendum,</span> <span class='ocrx_word' id='word_1_815' title='bbox 1503 1289 1528 1310; x_wconf 84' lang='lat' dir='ltr'>et</span> <span class='ocrx_word' id='word_1_816' title='bbox 1551 1284 1723 1321; x_wconf 78' lang='lat' dir='ltr'>replicatione</span> <span class='ocrx_word' id='word_1_817' title='bbox 1749 1284 1948 1315; x_wconf 75' lang='lat' dir='ltr'>emendandum,</span> 
     </span>
     <span class='ocr_line' id='line_1_94' title="bbox 1109 1326 1948 1360; baseline 0 -7"><span class='ocrx_word' id='word_1_818' title='bbox 1109 1332 1194 1353; x_wconf 87' lang='lat' dir='ltr'>utrum</span> <span class='ocrx_word' id='word_1_819' title='bbox 1219 1331 1267 1353; x_wconf 87' lang='lat' dir='ltr'>etc.</span> <span class='ocrx_word' id='word_1_820' title='bbox 1293 1326 1323 1352; x_wconf 85' lang='lat' dir='ltr'>fr.</span> <span class='ocrx_word' id='word_1_821' title='bbox 1347 1327 1388 1353; x_wconf 71' lang='lat'>28.</span> <span class='ocrx_word' id='word_1_822' title='bbox 1414 1327 1435 1360; x_wconf 91' lang='lat'>5.</span> <span class='ocrx_word' id='word_1_823' title='bbox 1455 1330 1479 1353; x_wconf 75' lang='lat'>2.</span> <span class='ocrx_word' id='word_1_824' title='bbox 1505 1327 1537 1353; x_wconf 92' lang='lat' dir='ltr'>de</span> <span class='ocrx_word' id='word_1_825' title='bbox 1561 1328 1666 1354; x_wconf 85' lang='lat' dir='ltr'>iureiur.</span> <span class='ocrx_word' id='word_1_826' title='bbox 1694 1330 1733 1354; x_wconf 84' lang='lat'>12.</span> <span class='ocrx_word' id='word_1_827' title='bbox 1752 1330 1776 1354; x_wconf 77' lang='lat'>2.</span> <span class='ocrx_word' id='word_1_828' title='bbox 1815 1329 1948 1359; x_wconf 74' lang='lat' dir='ltr'>Senatum,</span> 
     </span>
     <span class='ocr_line' id='line_1_95' title="bbox 1107 1370 1947 1399; baseline 0.001 -3"><span class='ocrx_word' id='word_1_829' title='bbox 1107 1370 1149 1397; x_wconf 70' lang='lat' dir='ltr'>vel</span> <span class='ocrx_word' id='word_1_830' title='bbox 1168 1370 1328 1399; x_wconf 80' lang='lat' dir='ltr'>Praetorem,</span> <span class='ocrx_word' id='word_1_831' title='bbox 1348 1370 1508 1396; x_wconf 83' lang='lat' dir='ltr'>intervenire</span> <span class='ocrx_word' id='word_1_832' title='bbox 1528 1375 1553 1396; x_wconf 81' lang='lat' dir='ltr'>et</span> <span class='ocrx_word' id='word_1_833' title='bbox 1572 1370 1672 1397; x_wconf 82' lang='lat' dir='ltr'>emend.</span> <span class='ocrx_word' id='word_1_834' title='bbox 1694 1370 1750 1397; x_wconf 88' lang='lat' dir='ltr'>Gai.</span> <span class='ocrx_word' id='word_1_835' title='bbox 1765 1371 1782 1397; x_wconf 89' lang='lat' dir='ltr'>I.</span> <span class='ocrx_word' id='word_1_836' title='bbox 1798 1373 1839 1397; x_wconf 67' lang='lat'>57.</span> <span class='ocrx_word' id='word_1_837' title='bbox 1860 1371 1891 1397; x_wconf 81' lang='lat' dir='ltr'>cf.</span> <span class='ocrx_word' id='word_1_838' title='bbox 1906 1370 1947 1396; x_wconf 89' lang='grc'><strong>111.</strong></span> 
     </span>
     <span class='ocr_line' id='line_1_96' title="bbox 1105 1413 1948 1450; baseline 0.002 -11"><span class='ocrx_word' id='word_1_839' title='bbox 1105 1416 1147 1439; x_wconf 74' lang='grc'>25.</span> <span class='ocrx_word' id='word_1_840' title='bbox 1167 1413 1197 1439; x_wconf 85' lang='lat' dir='ltr'>fr.</span> <span class='ocrx_word' id='word_1_841' title='bbox 1211 1415 1250 1438; x_wconf 86' lang='lat'>10.</span> <span class='ocrx_word' id='word_1_842' title='bbox 1271 1413 1326 1446; x_wconf 94' lang='lat'>5.1.</span> <span class='ocrx_word' id='word_1_843' title='bbox 1349 1423 1440 1439; x_wconf 88' lang='lat' dir='ltr'>comm.</span> <span class='ocrx_word' id='word_1_844' title='bbox 1461 1413 1514 1439; x_wconf 88' lang='lat' dir='ltr'>div.</span> <span class='ocrx_word' id='word_1_845' title='bbox 1537 1415 1576 1439; x_wconf 88' lang='lat'>10.</span> <span class='ocrx_word' id='word_1_846' title='bbox 1596 1415 1620 1439; x_wconf 69' lang='lat'>53.</span> <span class='ocrx_word' id='word_1_847' title='bbox 1633 1414 1706 1447; x_wconf 78' lang='lat'>——§.</span> <span class='ocrx_word' id='word_1_848' title='bbox 1719 1416 1754 1441; x_wconf 88' lang='grc'>2.</span> <span class='ocrx_word' id='word_1_849' title='bbox 1769 1417 1948 1450; x_wconf 80' lang='lat' dir='ltr'>111tegrum,</span> 
     </span>
     <span class='ocr_line' id='line_1_97' title="bbox 1107 1456 1947 1494; baseline 0.004 -13"><span class='ocrx_word' id='word_1_850' title='bbox 1107 1467 1127 1482; x_wconf 79' lang='grc' dir='ltr'>υ.</span> <span class='ocrx_word' id='word_1_851' title='bbox 1148 1458 1294 1486; x_wconf 81' lang='lat' dir='ltr'>Sartam,</span> <span class='ocrx_word' id='word_1_852' title='bbox 1312 1463 1492 1489; x_wconf 75' lang='lat' dir='ltr'>praestare.</span> <span class='ocrx_word' id='word_1_853' title='bbox 1530 1456 1548 1482; x_wconf 94' lang='grc'>1.</span> <span class='ocrx_word' id='word_1_854' title='bbox 1565 1458 1626 1491; x_wconf 75' lang='lat' dir='ltr'>Sy.</span> <span class='ocrx_word' id='word_1_855' title='bbox 1646 1456 1766 1483; x_wconf 79' lang='lat' dir='ltr'>Reticere</span> <span class='ocrx_word' id='word_1_856' title='bbox 1785 1458 1947 1494; x_wconf 87' lang='lat' dir='ltr'>(parietem.)</span> 
     </span>
     <span class='ocr_line' id='line_1_98' title="bbox 1106 1498 1947 1536; baseline 0.004 -12"><span class='ocrx_word' id='word_1_857' title='bbox 1106 1498 1205 1524; x_wconf 86' lang='lat' dir='ltr'>Vitium</span> <span class='ocrx_word' id='word_1_858' title='bbox 1225 1499 1358 1535; x_wconf 83' lang='lat' dir='ltr'>(parietis)</span> <span class='ocrx_word' id='word_1_859' title='bbox 1373 1498 1520 1530; x_wconf 72' lang='lat' dir='ltr'>emendare.</span> <span class='ocrx_word' id='word_1_860' title='bbox 1540 1504 1565 1525; x_wconf 85' lang='lat' dir='ltr'>et</span> <span class='ocrx_word' id='word_1_861' title='bbox 1579 1499 1701 1525; x_wconf 88' lang='lat' dir='ltr'>idoneum</span> <span class='ocrx_word' id='word_1_862' title='bbox 1715 1506 1857 1536; x_wconf 80' lang='lat' dir='ltr'>praestare.</span> <span class='ocrx_word' id='word_1_863' title='bbox 1878 1500 1908 1527; x_wconf 85' lang='lat' dir='ltr'>sr.</span> <span class='ocrx_word' id='word_1_864' title='bbox 1924 1502 1947 1526; x_wconf 84' lang='grc'>7.</span> 
     </span>
     <span class='ocr_line' id='line_1_99' title="bbox 1106 1542 1946 1578; baseline 0.002 -11"><span class='ocrx_word' id='word_1_865' title='bbox 1106 1543 1128 1567; x_wconf 85' lang='lat' dir='ltr'>si</span> <span class='ocrx_word' id='word_1_866' title='bbox 1148 1543 1237 1567; x_wconf 82' lang='lat' dir='ltr'>servit.</span> <span class='ocrx_word' id='word_1_867' title='bbox 1257 1543 1281 1567; x_wconf 80' lang='grc'>8.</span> <span class='ocrx_word' id='word_1_868' title='bbox 1301 1544 1325 1567; x_wconf 84' lang='grc'>5.</span> <span class='ocrx_word' id='word_1_869' title='bbox 1357 1557 1389 1560; x_wconf 87' lang='lat'>—-</span> <span class='ocrx_word' id='word_1_870' title='bbox 1421 1542 1451 1575; x_wconf 68' lang='lat'>§0</span> <span class='ocrx_word' id='word_1_871' title='bbox 1474 1543 1511 1568; x_wconf 84' lang='grc'>3.</span> <span class='ocrx_word' id='word_1_872' title='bbox 1544 1544 1737 1577; x_wconf 72' lang='lat' dir='ltr'>Castigare,</span> <span class='ocrx_word' id='word_1_873' title='bbox 1763 1545 1946 1578; x_wconf 72' lang='lat' dir='ltr'>Cart-igere.</span> 
     </span>
     <span class='ocr_line' id='line_1_100' title="bbox 1106 1584 1947 1621; baseline 0.004 -11"><span class='ocrx_word' id='word_1_874' title='bbox 1106 1584 1148 1611; x_wconf 92' lang='grc'><strong>111.</strong></span> <span class='ocrx_word' id='word_1_875' title='bbox 1172 1586 1237 1612; x_wconf 70' lang='lat' dir='ltr'>Gn.</span> <span class='ocrx_word' id='word_1_876' title='bbox 1262 1584 1410 1620; x_wconf 82' lang='lat' dir='ltr'>Conqueri‚</span> <span class='ocrx_word' id='word_1_877' title='bbox 1431 1584 1503 1621; x_wconf 81' lang='lat' dir='ltr'>quod.</span> <span class='ocrx_word' id='word_1_878' title='bbox 1524 1585 1645 1611; x_wconf 81' lang='lat' dir='ltr'>dominus</span> <span class='ocrx_word' id='word_1_879' title='bbox 1667 1586 1688 1611; x_wconf 84' lang='lat' dir='ltr'>ei</span> <span class='ocrx_word' id='word_1_880' title='bbox 1709 1587 1856 1612; x_wconf 80' lang='lat' dir='ltr'>convicium</span> <span class='ocrx_word' id='word_1_881' title='bbox 1876 1586 1947 1613; x_wconf 71' lang='lat' dir='ltr'>dixe-</span> 
     </span>
     <span class='ocr_line' id='line_1_101' title="bbox 1106 1626 1946 1665; baseline 0.002 -12"><span class='ocrx_word' id='word_1_882' title='bbox 1106 1628 1147 1659; x_wconf 88' lang='lat' dir='ltr'>rit,</span> <span class='ocrx_word' id='word_1_883' title='bbox 1166 1627 1209 1653; x_wconf 79' lang='lat' dir='ltr'>vel</span> <span class='ocrx_word' id='word_1_884' title='bbox 1229 1627 1300 1663; x_wconf 84' lang='lat' dir='ltr'>quod</span> <span class='ocrx_word' id='word_1_885' title='bbox 1319 1626 1414 1654; x_wconf 82' lang='lat' dir='ltr'>leviter</span> <span class='ocrx_word' id='word_1_886' title='bbox 1429 1627 1583 1665; x_wconf 76' lang='lat' dir='ltr'>pulsaverit,</span> <span class='ocrx_word' id='word_1_887' title='bbox 1603 1628 1645 1654; x_wconf 83' lang='lat' dir='ltr'>vel</span> <span class='ocrx_word' id='word_1_888' title='bbox 1665 1629 1849 1655; x_wconf 82' lang='lat' dir='ltr'>emendaverit.</span> <span class='ocrx_word' id='word_1_889' title='bbox 1872 1628 1902 1655; x_wconf 82' lang='lat' dir='ltr'>fr.</span> <span class='ocrx_word' id='word_1_890' title='bbox 1923 1630 1946 1654; x_wconf 85' lang='lat'>7.</span> 
     </span>
     <span class='ocr_line' id='line_1_102' title="bbox 1105 1670 1479 1704; baseline -0.003 -7"><span class='ocrx_word' id='word_1_891' title='bbox 1105 1671 1127 1704; x_wconf 91' lang='lat'>5.</span> <span class='ocrx_word' id='word_1_892' title='bbox 1151 1673 1175 1697; x_wconf 82' lang='lat'>2.</span> <span class='ocrx_word' id='word_1_893' title='bbox 1204 1670 1237 1697; x_wconf 88' lang='lat' dir='ltr'>de</span> <span class='ocrx_word' id='word_1_894' title='bbox 1265 1671 1342 1696; x_wconf 88' lang='lat' dir='ltr'>iniur.</span> <span class='ocrx_word' id='word_1_895' title='bbox 1370 1673 1412 1697; x_wconf 83' lang='lat'>47.</span> <span class='ocrx_word' id='word_1_896' title='bbox 1439 1672 1479 1697; x_wconf 87' lang='lat'>10.</span> 
     </span>
     <span class='ocr_line' id='line_1_103' title="bbox 1106 1713 1945 1750; baseline 0.001 -11"><span class='ocrx_word' id='word_1_897' title='bbox 1106 1713 1252 1745; x_wconf 79' lang='lat' dir='ltr'>emendare,</span> <span class='ocrx_word' id='word_1_898' title='bbox 1271 1718 1315 1739; x_wconf 82' lang='lat' dir='ltr'>aut</span> <span class='ocrx_word' id='word_1_899' title='bbox 1333 1713 1422 1739; x_wconf 82' lang='lat' dir='ltr'>verbis</span> <span class='ocrx_word' id='word_1_900' title='bbox 1441 1718 1484 1739; x_wconf 89' lang='lat' dir='ltr'>aut</span> <span class='ocrx_word' id='word_1_901' title='bbox 1505 1713 1612 1740; x_wconf 86' lang='lat' dir='ltr'>fustium</span> <span class='ocrx_word' id='word_1_902' title='bbox 1631 1715 1809 1750; x_wconf 71' lang='lat' dir='ltr'>castigatione.</span> <span class='ocrx_word' id='word_1_903' title='bbox 1830 1714 1860 1741; x_wconf 83' lang='lat' dir='ltr'>sr.</span> <span class='ocrx_word' id='word_1_904' title='bbox 1880 1716 1903 1740; x_wconf 87' lang='lat'>9.</span> <span class='ocrx_word' id='word_1_905' title='bbox 1924 1715 1945 1748; x_wconf 89' lang='lat'>5.</span> 
     </span>
     <span class='ocr_line' id='line_1_104' title="bbox 1105 1755 1947 1794; baseline 0 -12"><span class='ocrx_word' id='word_1_906' title='bbox 1105 1758 1129 1782; x_wconf 95' lang='grc'>’3.</span> <span class='ocrx_word' id='word_1_907' title='bbox 1149 1755 1182 1782; x_wconf 87' lang='lat' dir='ltr'>de</span> <span class='ocrx_word' id='word_1_908' title='bbox 1201 1756 1244 1781; x_wconf 79' lang='lat' dir='ltr'>off.</span> <span class='ocrx_word' id='word_1_909' title='bbox 1268 1755 1344 1782; x_wconf 88' lang='lat' dir='ltr'>Proc.</span> <span class='ocrx_word' id='word_1_910' title='bbox 1369 1761 1394 1781; x_wconf 88' lang='lat' dir='ltr'>et</span> <span class='ocrx_word' id='word_1_911' title='bbox 1412 1755 1475 1791; x_wconf 76' lang='lat' dir='ltr'>Leg.</span> <span class='ocrx_word' id='word_1_912' title='bbox 1502 1758 1522 1782; x_wconf 93' lang='lat'>1.</span> <span class='ocrx_word' id='word_1_913' title='bbox 1545 1758 1584 1782; x_wconf 88' lang='lat'>16.</span> <span class='ocrx_word' id='word_1_914' title='bbox 1621 1756 1718 1793; x_wconf 74' lang='lat' dir='ltr'>LegeS.</span> <span class='ocrx_word' id='word_1_915' title='bbox 1742 1767 1789 1794; x_wconf 87' lang='lat' dir='ltr'>per</span> <span class='ocrx_word' id='word_1_916' title='bbox 1815 1766 1880 1793; x_wconf 83' lang='lat' dir='ltr'>quas</span> <span class='ocrx_word' id='word_1_917' title='bbox 1904 1756 1947 1783; x_wconf 86' lang='lat' dir='ltr'>de-</span> 
     </span>
     <span class='ocr_line' id='line_1_105' title="bbox 1106 1798 1945 1835; baseline 0.004 -12"><span class='ocrx_word' id='word_1_918' title='bbox 1106 1798 1268 1834; x_wconf 79' lang='lat' dir='ltr'>linquentes,</span> <span class='ocrx_word' id='word_1_919' title='bbox 1286 1809 1335 1835; x_wconf 87' lang='lat' dir='ltr'>pro</span> <span class='ocrx_word' id='word_1_920' title='bbox 1355 1798 1480 1834; x_wconf 81' lang='lat' dir='ltr'>qualitate</span> <span class='ocrx_word' id='word_1_921' title='bbox 1499 1800 1644 1831; x_wconf 86' lang='lat' dir='ltr'>criminum,</span> <span class='ocrx_word' id='word_1_922' title='bbox 1664 1802 1787 1826; x_wconf 86' lang='lat' dir='ltr'>convenit</span> <span class='ocrx_word' id='word_1_923' title='bbox 1806 1800 1945 1826; x_wconf 88' lang='lat' dir='ltr'>emendari.</span> 
     </span>
     <span class='ocr_line' id='line_1_106' title="bbox 1106 1840 1687 1880; baseline 0.005 -14"><span class='ocrx_word' id='word_1_924' title='bbox 1106 1840 1172 1867; x_wconf 65' lang='lat' dir='ltr'>N&#39;ov.</span> <span class='ocrx_word' id='word_1_925' title='bbox 1193 1840 1242 1867; x_wconf 89' lang='lat' dir='ltr'>Th.</span> <span class='ocrx_word' id='word_1_926' title='bbox 1262 1840 1292 1867; x_wconf 91' lang='lat' dir='ltr'>II.</span> <span class='ocrx_word' id='word_1_927' title='bbox 1312 1841 1344 1867; x_wconf 88' lang='lat' dir='ltr'>de</span> <span class='ocrx_word' id='word_1_928' title='bbox 1364 1846 1443 1868; x_wconf 83' lang='lat' dir='ltr'>tutor.</span> <span class='ocrx_word' id='word_1_929' title='bbox 1464 1841 1481 1868; x_wconf 92' lang='grc' dir='ltr'>Ι.</span> <span class='ocrx_word' id='word_1_930' title='bbox 1504 1843 1543 1868; x_wconf 93' lang='lat' dir='ltr'>ll.</span> <span class='ocrx_word' id='word_1_931' title='bbox 1563 1853 1584 1869; x_wconf 86' lang='lat' dir='ltr'>c.</span> <span class='ocrx_word' id='word_1_932' title='bbox 1606 1845 1628 1869; x_wconf 96' lang='lat'>1.</span> <span class='ocrx_word' id='word_1_933' title='bbox 1649 1853 1687 1880; x_wconf 86' lang='lat' dir='ltr'>pr.</span> 
     </span>
    </p>

    <p class='ocr_par' dir='ltr' id='par_1_23' title="bbox 1103 1885 1946 2512">
     <span class='ocr_line' id='line_1_107' title="bbox 1140 1885 1944 1922; baseline 0.002 -12"><span class='ocrx_word' id='word_1_934' title='bbox 1140 1885 1381 1911; x_wconf 77' lang='lat' dir='ltr'>Emendatio.</span> <span class='ocrx_word' id='word_1_935' title='bbox 1412 1885 1443 1918; x_wconf 64' lang='grc' dir='ltr'>ξ.</span> <span class='ocrx_word' id='word_1_936' title='bbox 1464 1886 1499 1911; x_wconf 85' lang='lat' dir='ltr'>l.</span> <span class='ocrx_word' id='word_1_937' title='bbox 1530 1887 1709 1921; x_wconf 74' lang='lat' dir='ltr'>Purgatio,</span> <span class='ocrx_word' id='word_1_938' title='bbox 1729 1887 1944 1922; x_wconf 83' lang='lat' dir='ltr'>Reformatio.</span> 
     </span>
     <span class='ocr_line' id='line_1_108' title="bbox 1106 1925 1946 1966; baseline 0.004 -14"><span class='ocrx_word' id='word_1_939' title='bbox 1106 1926 1147 1952; x_wconf 88' lang='lat' dir='ltr'>III.</span> <span class='ocrx_word' id='word_1_940' title='bbox 1163 1927 1229 1954; x_wconf 67' lang='lat'>(711.</span> <span class='ocrx_word' id='word_1_941' title='bbox 1249 1925 1308 1952; x_wconf 85' lang='lat' dir='ltr'>Non</span> <span class='ocrx_word' id='word_1_942' title='bbox 1328 1926 1452 1953; x_wconf 84' lang='lat' dir='ltr'>debuisse</span> <span class='ocrx_word' id='word_1_943' title='bbox 1476 1927 1527 1953; x_wconf 84' lang='lat' dir='ltr'>hoe</span> <span class='ocrx_word' id='word_1_944' title='bbox 1551 1933 1656 1965; x_wconf 80' lang='lat' dir='ltr'>petere,</span> <span class='ocrx_word' id='word_1_945' title='bbox 1681 1930 1740 1966; x_wconf 86' lang='lat' dir='ltr'>quia</span> <span class='ocrx_word' id='word_1_946' title='bbox 1764 1939 1806 1956; x_wconf 88' lang='lat' dir='ltr'>res</span> <span class='ocrx_word' id='word_1_947' title='bbox 1827 1929 1946 1955; x_wconf 82' lang='lat' dir='ltr'>emenda-</span> 
     </span>
     <span class='ocr_line' id='line_1_109' title="bbox 1106 1969 1944 2005; baseline 0.004 -10"><span class='ocrx_word' id='word_1_948' title='bbox 1106 1971 1203 1996; x_wconf 85' lang='lat' dir='ltr'>tionem</span> <span class='ocrx_word' id='word_1_949' title='bbox 1223 1979 1275 1995; x_wconf 90' lang='lat' dir='ltr'>non</span> <span class='ocrx_word' id='word_1_950' title='bbox 1295 1969 1468 1997; x_wconf 76' lang='lat' dir='ltr'>desiderabat.</span> <span class='ocrx_word' id='word_1_951' title='bbox 1489 1970 1519 1997; x_wconf 77' lang='lat' dir='ltr'>fr.</span> <span class='ocrx_word' id='word_1_952' title='bbox 1533 1973 1557 1997; x_wconf 82' lang='lat'>4.</span> <span class='ocrx_word' id='word_1_953' title='bbox 1577 1972 1655 2005; x_wconf 90' lang='lat'>5.10.</span> <span class='ocrx_word' id='word_1_954' title='bbox 1676 1972 1709 1998; x_wconf 88' lang='lat' dir='ltr'>de</span> <span class='ocrx_word' id='word_1_955' title='bbox 1729 1972 1827 1999; x_wconf 79' lang='lat' dir='ltr'>ceusih.</span> <span class='ocrx_word' id='word_1_956' title='bbox 1847 1975 1889 1998; x_wconf 88' lang='lat'>50.</span> <span class='ocrx_word' id='word_1_957' title='bbox 1906 1974 1944 1998; x_wconf 90' lang='lat'>15.</span> 
     </span>
     <span class='ocr_line' id='line_1_110' title="bbox 1106 2012 1945 2051; baseline 0.005 -13"><span class='ocrx_word' id='word_1_958' title='bbox 1106 2012 1136 2038; x_wconf 85' lang='lat' dir='ltr'>ef.</span> <span class='ocrx_word' id='word_1_959' title='bbox 1157 2012 1206 2039; x_wconf 94' lang='lat' dir='ltr'>Th.</span> <span class='ocrx_word' id='word_1_960' title='bbox 1227 2012 1257 2039; x_wconf 90' lang='lat' dir='ltr'>C.</span> <span class='ocrx_word' id='word_1_961' title='bbox 1277 2012 1346 2039; x_wconf 86' lang='lat' dir='ltr'>Xfll.</span> <span class='ocrx_word' id='word_1_962' title='bbox 1368 2015 1407 2039; x_wconf 89' lang='lat'>10.</span> <span class='ocrx_word' id='word_1_963' title='bbox 1428 2024 1448 2040; x_wconf 88' lang='lat' dir='ltr'>c.</span> <span class='ocrx_word' id='word_1_964' title='bbox 1469 2015 1493 2040; x_wconf 77' lang='lat'>8.</span> <span class='ocrx_word' id='word_1_965' title='bbox 1517 2024 1556 2051; x_wconf 89' lang='lat' dir='ltr'>pr.</span> <span class='ocrx_word' id='word_1_966' title='bbox 1577 2014 1609 2041; x_wconf 87' lang='lat' dir='ltr'>de</span> <span class='ocrx_word' id='word_1_967' title='bbox 1627 2025 1708 2042; x_wconf 87' lang='lat' dir='ltr'>censu</span> <span class='ocrx_word' id='word_1_968' title='bbox 1728 2025 1748 2042; x_wconf 90' lang='lat' dir='ltr'>s.</span> <span class='ocrx_word' id='word_1_969' title='bbox 1769 2015 1853 2042; x_wconf 87' lang='lat' dir='ltr'>adscr.</span> <span class='ocrx_word' id='word_1_970' title='bbox 1891 2015 1945 2050; x_wconf 84' lang='lat' dir='ltr'>Qui</span> 
     </span>
     <span class='ocr_line' id='line_1_111' title="bbox 1105 2056 1944 2095; baseline 0.004 -14"><span class='ocrx_word' id='word_1_971' title='bbox 1105 2056 1284 2092; x_wconf 87' lang='lat' dir='ltr'>impunitatem</span> <span class='ocrx_word' id='word_1_972' title='bbox 1308 2057 1405 2083; x_wconf 84' lang='lat' dir='ltr'>veteris</span> <span class='ocrx_word' id='word_1_973' title='bbox 1429 2057 1537 2083; x_wconf 84' lang='lat' dir='ltr'>admissi</span> <span class='ocrx_word' id='word_1_974' title='bbox 1566 2068 1618 2084; x_wconf 89' lang='lat' dir='ltr'>non</span> <span class='ocrx_word' id='word_1_975' title='bbox 1646 2058 1821 2084; x_wconf 86' lang='lat' dir='ltr'>emendationi</span> <span class='ocrx_word' id='word_1_976' title='bbox 1845 2059 1944 2095; x_wconf 75' lang='lat' dir='ltr'>potius,</span> 
     </span>
     <span class='ocr_line' id='line_1_112' title="bbox 1108 2099 1944 2137; baseline 0.004 -13"><span class='ocrx_word' id='word_1_977' title='bbox 1108 2108 1183 2135; x_wconf 83' lang='lat' dir='ltr'>quam</span> <span class='ocrx_word' id='word_1_978' title='bbox 1203 2099 1387 2125; x_wconf 83' lang='lat' dir='ltr'>consuetudini</span> <span class='ocrx_word' id='word_1_979' title='bbox 1407 2099 1574 2137; x_wconf 78' lang='lat' dir='ltr'>deputarunt.</span> <span class='ocrx_word' id='word_1_980' title='bbox 1594 2100 1630 2127; x_wconf 88' lang='lat' dir='ltr'>lh.</span> <span class='ocrx_word' id='word_1_981' title='bbox 1646 2101 1690 2127; x_wconf 80' lang='lat' dir='ltr'>IX.</span> <span class='ocrx_word' id='word_1_982' title='bbox 1710 2103 1751 2127; x_wconf 70' lang='lat'>38.</span> <span class='ocrx_word' id='word_1_983' title='bbox 1772 2112 1792 2128; x_wconf 91' lang='lat' dir='ltr'>c.</span> <span class='ocrx_word' id='word_1_984' title='bbox 1813 2102 1836 2127; x_wconf 88' lang='lat'>6.</span> <span class='ocrx_word' id='word_1_985' title='bbox 1856 2101 1889 2127; x_wconf 86' lang='lat' dir='ltr'>de</span> <span class='ocrx_word' id='word_1_986' title='bbox 1908 2102 1944 2128; x_wconf 90' lang='lat' dir='ltr'>in—</span> 
     </span>
     <span class='ocr_line' id='line_1_113' title="bbox 1105 2141 1943 2181; baseline 0.004 -14"><span class='ocrx_word' id='word_1_987' title='bbox 1105 2141 1174 2178; x_wconf 77' lang='lat' dir='ltr'>dulg.</span> <span class='ocrx_word' id='word_1_988' title='bbox 1206 2142 1277 2168; x_wconf 88' lang='lat' dir='ltr'>crim.</span> <span class='ocrx_word' id='word_1_989' title='bbox 1326 2142 1368 2168; x_wconf 85' lang='lat' dir='ltr'>Ad</span> <span class='ocrx_word' id='word_1_990' title='bbox 1397 2142 1553 2180; x_wconf 84' lang='lat' dir='ltr'>disciplinae</span> <span class='ocrx_word' id='word_1_991' title='bbox 1583 2143 1704 2181; x_wconf 80' lang='lat' dir='ltr'>publicae</span> <span class='ocrx_word' id='word_1_992' title='bbox 1735 2144 1943 2171; x_wconf 84' lang='lat' dir='ltr'>emendationem</span> 
     </span>
     <span class='ocr_line' id='line_1_114' title="bbox 1105 2184 1941 2223; baseline 0.004 -12"><span class='ocrx_word' id='word_1_993' title='bbox 1105 2184 1175 2216; x_wconf 83' lang='lat' dir='ltr'>(data</span> <span class='ocrx_word' id='word_1_994' title='bbox 1194 2189 1233 2211; x_wconf 85' lang='lat' dir='ltr'>est</span> <span class='ocrx_word' id='word_1_995' title='bbox 1252 2184 1356 2222; x_wconf 85' lang='lat' dir='ltr'>plenior</span> <span class='ocrx_word' id='word_1_996' title='bbox 1374 2185 1500 2219; x_wconf 87' lang='lat' dir='ltr'>licentia.)</span> <span class='ocrx_word' id='word_1_997' title='bbox 1520 2186 1550 2213; x_wconf 85' lang='lat' dir='ltr'>fr.</span> <span class='ocrx_word' id='word_1_998' title='bbox 1572 2189 1594 2213; x_wconf 95' lang='lat'>1.</span> <span class='ocrx_word' id='word_1_999' title='bbox 1614 2197 1653 2223; x_wconf 83' lang='lat' dir='ltr'>pr.</span> <span class='ocrx_word' id='word_1_1000' title='bbox 1674 2187 1706 2213; x_wconf 88' lang='lat' dir='ltr'>de</span> <span class='ocrx_word' id='word_1_1001' title='bbox 1726 2188 1769 2214; x_wconf 81' lang='lat' dir='ltr'>off.</span> <span class='ocrx_word' id='word_1_1002' title='bbox 1790 2188 1842 2214; x_wconf 67' lang='lat' dir='ltr'>Prl‘.</span> <span class='ocrx_word' id='word_1_1003' title='bbox 1856 2188 1897 2214; x_wconf 91' lang='lat' dir='ltr'>Pr.</span> <span class='ocrx_word' id='word_1_1004' title='bbox 1921 2190 1941 2213; x_wconf 95' lang='lat' dir='ltr'>l.</span> 
     </span>
     <span class='ocr_line' id='line_1_115' title="bbox 1106 2229 1941 2264; baseline 0.005 -11"><span class='ocrx_word' id='word_1_1005' title='bbox 1106 2230 1145 2254; x_wconf 92' lang='lat'>11.</span> <span class='ocrx_word' id='word_1_1006' title='bbox 1165 2243 1197 2247; x_wconf 91' lang='lat'><strong>—</strong></span> <span class='ocrx_word' id='word_1_1007' title='bbox 1217 2229 1247 2261; x_wconf 84' lang='lat'>§.</span> <span class='ocrx_word' id='word_1_1008' title='bbox 1268 2229 1303 2254; x_wconf 91' lang='grc'>2.</span> <span class='ocrx_word' id='word_1_1009' title='bbox 1325 2230 1527 2264; x_wconf 69' lang='lat' dir='ltr'>Castigatio.</span> <span class='ocrx_word' id='word_1_1010' title='bbox 1564 2229 1583 2257; x_wconf 81' lang='lat' dir='ltr'>l.</span> <span class='ocrx_word' id='word_1_1011' title='bbox 1610 2232 1671 2264; x_wconf 77' lang='lat' dir='ltr'>Sy.</span> <span class='ocrx_word' id='word_1_1012' title='bbox 1700 2230 1853 2262; x_wconf 75' lang='lat' dir='ltr'>correctio.</span> <span class='ocrx_word' id='word_1_1013' title='bbox 1879 2231 1941 2256; x_wconf 82' lang='lat' dir='ltr'>Ani-</span> 
     </span>
     <span class='ocr_line' id='line_1_116' title="bbox 1105 2270 1939 2308; baseline 0.002 -12"><span class='ocrx_word' id='word_1_1014' title='bbox 1105 2270 1252 2297; x_wconf 82' lang='lat' dir='ltr'>madversio</span> <span class='ocrx_word' id='word_1_1015' title='bbox 1271 2272 1394 2308; x_wconf 82' lang='lat' dir='ltr'>(privata.</span> <span class='ocrx_word' id='word_1_1016' title='bbox 1414 2281 1434 2298; x_wconf 90' lang='lat' dir='ltr'>s.</span> <span class='ocrx_word' id='word_1_1017' title='bbox 1456 2272 1620 2305; x_wconf 88' lang='lat' dir='ltr'>domestica.)</span> <span class='ocrx_word' id='word_1_1018' title='bbox 1641 2272 1690 2300; x_wconf 86' lang='lat' dir='ltr'>Th.</span> <span class='ocrx_word' id='word_1_1019' title='bbox 1711 2273 1742 2300; x_wconf 93' lang='lat' dir='ltr'>C.</span> <span class='ocrx_word' id='word_1_1020' title='bbox 1762 2274 1806 2300; x_wconf 80' lang='lat' dir='ltr'>IX.</span> <span class='ocrx_word' id='word_1_1021' title='bbox 1822 2276 1860 2300; x_wconf 80' lang='lat'>12.</span> <span class='ocrx_word' id='word_1_1022' title='bbox 1881 2283 1901 2299; x_wconf 89' lang='lat' dir='ltr'>c.</span> <span class='ocrx_word' id='word_1_1023' title='bbox 1916 2275 1939 2298; x_wconf 83' lang='lat'>2.</span> 
     </span>
     <span class='ocr_line' id='line_1_117' title="bbox 1104 2313 1939 2353; baseline 0.001 -13"><span class='ocrx_word' id='word_1_1024' title='bbox 1104 2314 1136 2340; x_wconf 82' lang='lat' dir='ltr'>de</span> <span class='ocrx_word' id='word_1_1025' title='bbox 1163 2313 1263 2340; x_wconf 75' lang='lat' dir='ltr'>emend.</span> <span class='ocrx_word' id='word_1_1026' title='bbox 1289 2324 1357 2340; x_wconf 80' lang='lat' dir='ltr'>serv.</span> <span class='ocrx_word' id='word_1_1027' title='bbox 1381 2314 1426 2341; x_wconf 83' lang='grc' dir='ltr'>ΙΧ.</span> <span class='ocrx_word' id='word_1_1028' title='bbox 1453 2316 1493 2341; x_wconf 87' lang='grc'>13.</span> <span class='ocrx_word' id='word_1_1029' title='bbox 1524 2326 1544 2342; x_wconf 84' lang='lat' dir='ltr'>c.</span> <span class='ocrx_word' id='word_1_1030' title='bbox 1571 2318 1593 2342; x_wconf 93' lang='lat' dir='ltr'>l.</span> <span class='ocrx_word' id='word_1_1031' title='bbox 1618 2316 1650 2343; x_wconf 87' lang='lat' dir='ltr'>de</span> <span class='ocrx_word' id='word_1_1032' title='bbox 1675 2317 1774 2343; x_wconf 87' lang='lat' dir='ltr'>emend.</span> <span class='ocrx_word' id='word_1_1033' title='bbox 1799 2317 1939 2353; x_wconf 77' lang='lat' dir='ltr'>propinqu.</span> 
     </span>
     <span class='ocr_line' id='line_1_118' title="bbox 1104 2356 1938 2386; baseline 0.002 -4"><span class='ocrx_word' id='word_1_1034' title='bbox 1104 2356 1145 2383; x_wconf 86' lang='grc' dir='ltr'><strong>ΙΙΙ.</strong></span> <span class='ocrx_word' id='word_1_1035' title='bbox 1160 2358 1225 2384; x_wconf 71' lang='lat' dir='ltr'>Cn.</span> <span class='ocrx_word' id='word_1_1036' title='bbox 1244 2356 1331 2383; x_wconf 87' lang='lat' dir='ltr'>Poena</span> <span class='ocrx_word' id='word_1_1037' title='bbox 1351 2358 1521 2384; x_wconf 85' lang='lat' dir='ltr'>constituitur</span> <span class='ocrx_word' id='word_1_1038' title='bbox 1533 2359 1559 2385; x_wconf 90' lang='lat' dir='ltr'>in</span> <span class='ocrx_word' id='word_1_1039' title='bbox 1573 2359 1779 2386; x_wconf 83' lang='lat' dir='ltr'>emendationem</span> <span class='ocrx_word' id='word_1_1040' title='bbox 1798 2359 1938 2385; x_wconf 85' lang='lat' dir='ltr'>hominum.</span> 
     </span>
     <span class='ocr_line' id='line_1_119' title="bbox 1103 2399 1940 2438; baseline 0.002 -13"><span class='ocrx_word' id='word_1_1041' title='bbox 1103 2399 1133 2426; x_wconf 89' lang='lat' dir='ltr'>sr.</span> <span class='ocrx_word' id='word_1_1042' title='bbox 1152 2401 1194 2426; x_wconf 72' lang='lat'>20.</span> <span class='ocrx_word' id='word_1_1043' title='bbox 1214 2399 1246 2426; x_wconf 81' lang='lat' dir='ltr'>de</span> <span class='ocrx_word' id='word_1_1044' title='bbox 1268 2410 1346 2436; x_wconf 82' lang='lat' dir='ltr'>poen.</span> <span class='ocrx_word' id='word_1_1045' title='bbox 1371 2401 1411 2426; x_wconf 69' lang='lat'>48.</span> <span class='ocrx_word' id='word_1_1046' title='bbox 1438 2402 1478 2427; x_wconf 85' lang='lat'>19.</span> <span class='ocrx_word' id='word_1_1047' title='bbox 1515 2401 1647 2428; x_wconf 84' lang='lat' dir='ltr'>Detestati</span> <span class='ocrx_word' id='word_1_1048' title='bbox 1670 2403 1803 2428; x_wconf 82' lang='lat' dir='ltr'>criminosi</span> <span class='ocrx_word' id='word_1_1049' title='bbox 1827 2411 1940 2438; x_wconf 79' lang='lat' dir='ltr'>congrua</span> 
     </span>
     <span class='ocr_line' id='line_1_120' title="bbox 1104 2442 1938 2472; baseline 0.004 -4"><span class='ocrx_word' id='word_1_1050' title='bbox 1104 2448 1129 2469; x_wconf 84' lang='lat' dir='ltr'>et</span> <span class='ocrx_word' id='word_1_1051' title='bbox 1147 2444 1313 2469; x_wconf 83' lang='lat' dir='ltr'>severissima</span> <span class='ocrx_word' id='word_1_1052' title='bbox 1332 2442 1514 2470; x_wconf 84' lang='lat' dir='ltr'>emendatione</span> <span class='ocrx_word' id='word_1_1053' title='bbox 1532 2449 1691 2472; x_wconf 82' lang='lat' dir='ltr'>resecentur.</span> <span class='ocrx_word' id='word_1_1054' title='bbox 1713 2444 1761 2470; x_wconf 89' lang='lat' dir='ltr'>Th.</span> <span class='ocrx_word' id='word_1_1055' title='bbox 1781 2444 1811 2471; x_wconf 92' lang='lat' dir='ltr'>C.</span> <span class='ocrx_word' id='word_1_1056' title='bbox 1831 2444 1901 2471; x_wconf 87' lang='lat' dir='ltr'>XVI.</span> <span class='ocrx_word' id='word_1_1057' title='bbox 1915 2447 1938 2471; x_wconf 88' lang='lat'>5.</span> 
     </span>
     <span class='ocr_line' id='line_1_121' title="bbox 1104 2485 1379 2512; baseline 0.004 -1"><span class='ocrx_word' id='word_1_1058' title='bbox 1104 2496 1125 2511; x_wconf 82' lang='lat' dir='ltr'>c.</span> <span class='ocrx_word' id='word_1_1059' title='bbox 1144 2487 1186 2512; x_wconf 87' lang='lat'>35.</span> <span class='ocrx_word' id='word_1_1060' title='bbox 1206 2485 1238 2512; x_wconf 85' lang='lat' dir='ltr'>de</span> <span class='ocrx_word' id='word_1_1061' title='bbox 1257 2485 1379 2512; x_wconf 84' lang='lat' dir='ltr'>haeretic.</span> 
     </span>
    </p>

    <p class='ocr_par' dir='ltr' id='par_1_24' title="bbox 1100 2529 1938 2822">
     <span class='ocr_line' id='line_1_122' title="bbox 1137 2529 1937 2564; baseline 0.001 -10"><span class='ocrx_word' id='word_1_1062' title='bbox 1137 2529 1385 2556; x_wconf 74' lang='lat' dir='ltr'>Emendatus.</span> <span class='ocrx_word' id='word_1_1063' title='bbox 1410 2529 1531 2563; x_wconf 89' lang='lat' dir='ltr'>(Partic.)</span> <span class='ocrx_word' id='word_1_1064' title='bbox 1555 2531 1586 2564; x_wconf 65' lang='grc' dir='ltr'>ξ.</span> <span class='ocrx_word' id='word_1_1065' title='bbox 1614 2531 1648 2556; x_wconf 90' lang='grc'>1.</span> <span class='ocrx_word' id='word_1_1066' title='bbox 1670 2530 1795 2556; x_wconf 74' lang='lat' dir='ltr'>Mcndis</span> <span class='ocrx_word' id='word_1_1067' title='bbox 1814 2539 1937 2562; x_wconf 79' lang='lat' dir='ltr'>carens,</span> 
     </span>
     <span class='ocr_line' id='line_1_123' title="bbox 1105 2571 1938 2609; baseline 0.001 -12"><span class='ocrx_word' id='word_1_1068' title='bbox 1105 2573 1303 2605; x_wconf 73' lang='lat' dir='ltr'>lncalpatus.</span> <span class='ocrx_word' id='word_1_1069' title='bbox 1323 2571 1353 2598; x_wconf 88' lang='lat'>11.</span> <span class='ocrx_word' id='word_1_1070' title='bbox 1375 2574 1442 2606; x_wconf 77' lang='lat' dir='ltr'>Op.</span> <span class='ocrx_word' id='word_1_1071' title='bbox 1461 2572 1625 2600; x_wconf 77' lang='lat' dir='ltr'>Luxuriosus</span> <span class='ocrx_word' id='word_1_1072' title='bbox 1645 2576 1722 2608; x_wconf 83' lang='lat' dir='ltr'>atque</span> <span class='ocrx_word' id='word_1_1073' title='bbox 1740 2571 1875 2609; x_wconf 75' lang='lat' dir='ltr'>prodigus,</span> <span class='ocrx_word' id='word_1_1074' title='bbox 1895 2577 1938 2599; x_wconf 86' lang='lat' dir='ltr'>aut</span> 
     </span>
     <span class='ocr_line' id='line_1_124' title="bbox 1102 2613 1936 2650; baseline 0.002 -11"><span class='ocrx_word' id='word_1_1075' title='bbox 1102 2613 1165 2639; x_wconf 82' lang='lat' dir='ltr'>alias</span> <span class='ocrx_word' id='word_1_1076' title='bbox 1184 2613 1252 2640; x_wconf 83' lang='lat' dir='ltr'>vilis.</span> <span class='ocrx_word' id='word_1_1077' title='bbox 1273 2630 1303 2634; x_wconf 92' lang='lat'><strong>—</strong></span> <span class='ocrx_word' id='word_1_1078' title='bbox 1322 2615 1516 2642; x_wconf 86' lang='lat' dir='ltr'>Emendatioris</span> <span class='ocrx_word' id='word_1_1079' title='bbox 1536 2617 1603 2641; x_wconf 84' lang='lat' dir='ltr'>vitae</span> <span class='ocrx_word' id='word_1_1080' title='bbox 1622 2615 1742 2648; x_wconf 85' lang='lat' dir='ltr'>(homo.)</span> <span class='ocrx_word' id='word_1_1081' title='bbox 1762 2615 1792 2642; x_wconf 83' lang='lat' dir='ltr'>fr.</span> <span class='ocrx_word' id='word_1_1082' title='bbox 1812 2617 1852 2642; x_wconf 96' lang='grc'>11.</span> <span class='ocrx_word' id='word_1_1083' title='bbox 1872 2616 1936 2650; x_wconf 86' lang='lat'>5.1.</span> 
     </span>
     <span class='ocr_line' id='line_1_125' title="bbox 1102 2656 1937 2697; baseline 0.006 -15"><span class='ocrx_word' id='word_1_1084' title='bbox 1102 2656 1134 2682; x_wconf 86' lang='lat' dir='ltr'>de</span> <span class='ocrx_word' id='word_1_1085' title='bbox 1154 2656 1178 2682; x_wconf 87' lang='lat' dir='ltr'>d.</span> <span class='ocrx_word' id='word_1_1086' title='bbox 1197 2666 1230 2683; x_wconf 89' lang='lat' dir='ltr'>m.</span> <span class='ocrx_word' id='word_1_1087' title='bbox 1249 2658 1273 2683; x_wconf 88' lang='lat'>4.</span> <span class='ocrx_word' id='word_1_1088' title='bbox 1292 2659 1316 2684; x_wconf 89' lang='grc'>3.</span> <span class='ocrx_word' id='word_1_1089' title='bbox 1337 2674 1368 2677; x_wconf 94' lang='grc'><strong>-</strong></span> <span class='ocrx_word' id='word_1_1090' title='bbox 1390 2659 1420 2691; x_wconf 73' lang='lat'>§⁸</span> <span class='ocrx_word' id='word_1_1091' title='bbox 1442 2660 1476 2685; x_wconf 90' lang='grc'>2.</span> <span class='ocrx_word' id='word_1_1092' title='bbox 1498 2660 1702 2692; x_wconf 74' lang='lat' dir='ltr'>Castigaeus.</span> <span class='ocrx_word' id='word_1_1093' title='bbox 1740 2657 1782 2685; x_wconf 89' lang='lat' dir='ltr'>III.</span> <span class='ocrx_word' id='word_1_1094' title='bbox 1798 2660 1863 2687; x_wconf 75' lang='lat' dir='ltr'>Cn.</span> <span class='ocrx_word' id='word_1_1095' title='bbox 1883 2661 1937 2697; x_wconf 89' lang='lat' dir='ltr'>Qui</span> 
     </span>
     <span class='ocr_line' id='line_1_126' title="bbox 1103 2700 1936 2738; baseline 0.006 -13"><span class='ocrx_word' id='word_1_1096' title='bbox 1103 2709 1150 2725; x_wconf 89' lang='lat' dir='ltr'>nec</span> <span class='ocrx_word' id='word_1_1097' title='bbox 1168 2700 1282 2735; x_wconf 77' lang='lat' dir='ltr'>generali</span> <span class='ocrx_word' id='word_1_1098' title='bbox 1300 2700 1357 2737; x_wconf 82' lang='lat' dir='ltr'>lege</span> <span class='ocrx_word' id='word_1_1099' title='bbox 1376 2701 1538 2729; x_wconf 86' lang='lat' dir='ltr'>admonitus.</span> <span class='ocrx_word' id='word_1_1100' title='bbox 1563 2711 1611 2727; x_wconf 84' lang='lat' dir='ltr'>nec</span> <span class='ocrx_word' id='word_1_1101' title='bbox 1631 2703 1789 2738; x_wconf 83' lang='lat' dir='ltr'>competenti</span> <span class='ocrx_word' id='word_1_1102' title='bbox 1807 2705 1936 2730; x_wconf 81' lang='lat' dir='ltr'>sententia</span> 
     </span>
     <span class='ocr_line' id='line_1_127' title="bbox 1102 2742 1934 2782; baseline 0.006 -14"><span class='ocrx_word' id='word_1_1103' title='bbox 1102 2742 1260 2775; x_wconf 82' lang='lat' dir='ltr'>emendatus,</span> <span class='ocrx_word' id='word_1_1104' title='bbox 1280 2748 1306 2770; x_wconf 88' lang='lat' dir='ltr'>et</span> <span class='ocrx_word' id='word_1_1105' title='bbox 1324 2743 1402 2769; x_wconf 86' lang='lat' dir='ltr'>fidem</span> <span class='ocrx_word' id='word_1_1106' title='bbox 1420 2742 1514 2769; x_wconf 67' lang='lat' dir='ltr'>rathol.</span> <span class='ocrx_word' id='word_1_1107' title='bbox 1534 2742 1622 2769; x_wconf 80' lang='lat' dir='ltr'>turbat</span> <span class='ocrx_word' id='word_1_1108' title='bbox 1641 2749 1666 2770; x_wconf 84' lang='lat' dir='ltr'>et</span> <span class='ocrx_word' id='word_1_1109' title='bbox 1684 2744 1819 2782; x_wconf 85' lang='lat' dir='ltr'>populum.</span> <span class='ocrx_word' id='word_1_1110' title='bbox 1840 2746 1889 2773; x_wconf 88' lang='lat' dir='ltr'>Th.</span> <span class='ocrx_word' id='word_1_1111' title='bbox 1904 2746 1934 2773; x_wconf 92' lang='lat' dir='ltr'>C.</span> 
     </span>
     <span class='ocr_line' id='line_1_128' title="bbox 1100 2784 1627 2822; baseline 0.004 -11"><span class='ocrx_word' id='word_1_1112' title='bbox 1100 2784 1170 2811; x_wconf 80' lang='lat' dir='ltr'>XVI.</span> <span class='ocrx_word' id='word_1_1113' title='bbox 1190 2787 1213 2812; x_wconf 92' lang='lat'>4.</span> <span class='ocrx_word' id='word_1_1114' title='bbox 1234 2796 1254 2812; x_wconf 87' lang='lat' dir='ltr'>c.</span> <span class='ocrx_word' id='word_1_1115' title='bbox 1273 2787 1298 2812; x_wconf 84' lang='lat'>3.</span> <span class='ocrx_word' id='word_1_1116' title='bbox 1319 2786 1351 2812; x_wconf 85' lang='lat' dir='ltr'>de</span> <span class='ocrx_word' id='word_1_1117' title='bbox 1369 2786 1394 2812; x_wconf 88' lang='lat' dir='ltr'>h.</span> <span class='ocrx_word' id='word_1_1118' title='bbox 1414 2795 1456 2822; x_wconf 87' lang='lat' dir='ltr'>qu.</span> <span class='ocrx_word' id='word_1_1119' title='bbox 1477 2795 1534 2822; x_wconf 86' lang='lat' dir='ltr'>sup.</span> <span class='ocrx_word' id='word_1_1120' title='bbox 1555 2785 1627 2822; x_wconf 82' lang='lat' dir='ltr'>relig.</span> 
     </span>
    </p>

    <p class='ocr_par' dir='ltr' id='par_1_25' title="bbox 1136 2827 1926 2866">
     <span class='ocr_line' id='line_1_129' title="bbox 1136 2827 1926 2866; baseline 0.005 -11"><span class='ocrx_word' id='word_1_1121' title='bbox 1136 2829 1418 2856; x_wconf 77' lang='lat' dir='ltr'>Emendicatus.</span> <span class='ocrx_word' id='word_1_1122' title='bbox 1456 2827 1576 2861; x_wconf 85' lang='lat' dir='ltr'>(Partic.)</span> <span class='ocrx_word' id='word_1_1123' title='bbox 1614 2831 1795 2858; x_wconf 77' lang='lat' dir='ltr'>Humiliter</span> <span class='ocrx_word' id='word_1_1124' title='bbox 1812 2834 1926 2866; x_wconf 74' lang='lat' dir='ltr'>expeti-</span> 
     </span>
    </p>
   </div>
   <div class='ocr_carea' id='block_1_17' title="bbox 1526 1670 1947 1708">
    <p class='ocr_par' dir='ltr' id='par_1_26' title="bbox 1526 1670 1947 1708">
     <span class='ocr_line' id='line_1_130' title="bbox 1526 1670 1947 1708; baseline 0.002 -12"><span class='ocrx_word' id='word_1_1125' title='bbox 1526 1670 1660 1697; x_wconf 82' lang='lat' dir='ltr'>Libertum</span> <span class='ocrx_word' id='word_1_1126' title='bbox 1684 1682 1736 1698; x_wconf 84' lang='lat' dir='ltr'>non</span> <span class='ocrx_word' id='word_1_1127' title='bbox 1756 1672 1947 1708; x_wconf 83' lang='lat' dir='ltr'>obsequentem</span> 
     </span>
    </p>
   </div>
  </div>
 </body>
</html>
