2197 3121
276 179 338 211 160

276 263 308 290 ad
327 259 502 291 tractandum.
523 258 696 295 Colloquium
715 257 761 289 (de
780 256 932 289 adulterio).
958 255 989 283 sr.
1008 257 1032 284 9.
1052 256 1074 290 3.
1093 257 1118 282 2.
1141 257 1142 284 Ἰ

276 306 309 333 ad
327 304 356 331 L.
378 304 423 331 lul.
449 303 481 329 de
500 302 581 328 adult.
606 305 647 327 43.
667 303 691 328 5.
724 300 818 327 Iuliani
838 301 900 337 epit.
925 310 985 326 nov.
1017 310 1038 326 c.
1060 300 1118 325 108.

276 350 314 384 33.
333 350 392 374 391.
413 356 452 382 sq.
1142 378 1143 388 ἵ

311 389 548 418 Colluctatio.
586 389 689 415 Actus
708 388 866 413 luctandi.
895 385 938 412 Ill.
958 386 1023 413 (711.
1044 384 1073 411 Si
1093 385 1119 411 iu

278 433 478 461 colluctatione.
504 431 545 457 vel
572 432 597 456 in
617 430 765 467 pancratio,
799 429 841 455 vel
869 428 972 466 pugiles
998 427 1059 454 dum
1083 428 1121 454 in-
1142 421 1144 451 s

278 484 318 504 ter
337 486 365 502 se
386 479 553 501 exercentur.
574 473 641 499 alius
662 472 741 499 allum
760 472 895 499 occiderit.
915 471 946 498 fr.
966 472 989 497 7.
1010 471 1032 505 3.
1045 472 1070 497 4.
1089 470 1122 497 ad

279 520 307 547 L.
328 519 396 555 Aqu.
416 519 439 544 9.
460 520 484 543 2.

314 561 526 590 Colluderc.
542 559 681 585 Lnsorie
697 564 860 589 tractare,
873 559 924 584 Ex
940 557 1122 591 composito

273 607 406 643 fallere.
443 602 462 628 I.
477 603 538 636 sy·
559 600 671 628 Lusorie
685 612 768 637 agere.
789 600 818 627 sr.
832 602 874 626 50.
888 600 910 634 3.
926 601 948 626 l.
969 599 1001 626 (18
1014 599 1089 635 legat.
1104 598 1122 625 I.

278 648 346 683 (30.)
377 645 419 672 111.
438 646 504 672 Cn.
525 644 553 671 Si
573 644 641 671 sorte
660 644 720 670 talis
740 653 853 681 persona
872 644 915 675 sit,
935 652 1013 679 quam
1031 643 1124 668 verisi-
1145 641 1146 644 ’

277 691 341 718 mile
355 694 395 716 est
415 687 558 719 colludere,
578 687 620 714 vel
641 687 800 714 calumniari.
820 685 850 712 fr.
864 687 888 712 3.
903 686 925 720 3.
941 687 981 712 10.
1002 685 1035 712 (18
1053 685 1123 711 hom.

279 734 324 761 lib.
337 732 395 760 exli.
415 732 456 758 43.
471 732 512 757 29.
543 730 572 757 Si
592 735 677 757 tamen
697 734 853 767 procurator
872 733 915 755 aut
934 727 1061 765 negligat,
1081 732 1125 754 aut

279 775 412 806 colludat.
436 778 480 800 aut
505 784 558 800 non
583 774 697 800 sufficiat
716 772 844 799 adversus
863 781 992 809 personas
1013 776 1061 798 etc.
1092 771 1123 797 fr.

280 821 321 846 17.
340 819 363 853 3.
384 819 424 844 15.
449 816 481 843 de
500 818 576 843 iniur.
597 818 638 842 47.
660 818 700 842 10.
743 814 803 842 Nisi
827 820 902 853 pater
920 815 1041 841 maritum
1060 814 1124 841 insa—

278 872 348 890 mem
367 866 411 888 aut
430 864 527 896 arguat.
547 864 590 885 aut
610 858 703 885 doceat
717 857 852 885 colludere
865 859 946 895 magis
961 868 1020 885 cum
1034 868 1125 889 uxore,

280 915 358 943 quam
377 914 409 930 ex
429 904 514 929 animo
534 912 664 928 accusare.
684 902 715 928 fr.
729 903 753 928 3.
774 901 806 928 ad
819 901 849 929 L.
862 901 911 928 lul.
931 901 964 928 de
983 901 1064 928 adult.
1083 902 1125 927 48.

280 951 305 975 5.
342 947 371 974 Si
392 951 475 973 emtor
494 955 552 971 cum
576 950 747 982 procuratore
772 944 893 977 collusit,
920 949 946 971 et
971 954 1029 971 eum
1053 954 1127 981 prae-

279 993 333 1019 mio
353 990 484 1026 corrupit,
510 998 561 1024 quo
584 988 663 1014 vilius
688 993 855 1015 mercaretur.
887 987 919 1014 fr.
939 989 962 1014 7.
987 987 1009 1021 3.
1029 988 1053 1014 6.
1077 997 1125 1024 pro

281 1039 341 1061 emt.
361 1035 403 1059 41.
423 1034 446 1058 4.
477 1031 507 1057 sr.
529 1032 569 1057 13.
594 1031 616 1064 3.
636 1032 677 1057 27.
702 1030 734 1057 de
754 1031 787 1057 A.
806 1031 836 1058 E.
857 1030 889 1057 V.
910 1032 950 1057 19.
972 1032 994 1056 l.
1033 1030 1063 1057 Si
1083 1041 1127 1067 pa-

281 1082 354 1104 ratus
373 1077 408 1103 sit
426 1084 486 1101 reus
506 1074 648 1100 transferre
666 1073 805 1105 iudicium.
829 1073 878 1100 sub
893 1074 1050 1111 exceptione
1065 1073 1126 1100 hac:

281 1120 335 1152 „Si
355 1118 485 1146 collusum
505 1122 572 1143 est.'·
592 1116 623 1143 fr.
644 1118 667 1143 7.
687 1117 709 1151 3.
728 1118 752 1143 9.
773 1116 805 1143 de
824 1116 849 1143 d.
869 1126 902 1143 m.
921 1118 946 1143 4.
965 1119 989 1143 3.

317 1161 544 1190 colludium.
583 1161 739 1187 Colla-sio.
776 1159 819 1186 III.
840 1160 906 1187 Cu.
931 1158 985 1185 Sed
1003 1159 1061 1185 sine
1075 1158 1127 1185 ulla

281 1205 382 1237 fraude.
402 1214 449 1231 seu
468 1203 666 1234 nundinatione,
686 1202 728 1229 vel
746 1201 871 1235 colludio,
891 1212 938 1229 seu
951 1203 1127 1234 conniventia,

281 1247 434 1276 huiusmodi
458 1246 624 1273 venditiones
649 1245 802 1283 procedant.
834 1255 856 1272 c.
875 1247 899 1272 3.
925 1245 957 1272 de
981 1245 1058 1272 vend.
1077 1255 1127 1271 rer.

283 1293 333 1320 civ.
354 1293 395 1317 ll.
414 1292 456 1316 31.
498 1288 538 1315 Ne
564 1288 627 1325 quid
652 1289 688 1314 rei
707 1289 825 1325 privatae
844 1287 990 1314 commodis
1008 1298 1056 1325 per
1074 1298 1129 1324 gra-

282 1335 346 1361 tiam
365 1338 443 1369 atquc
463 1332 607 1359 colludium
627 1331 696 1358 furto
717 1331 887 1358 subducatur.
917 1330 967 1357 Th.
983 1330 1013 1358 C.
1026 1331 1072 1358 XI.
1086 1333 1127 1358 42.

284 1388 306 1405 c.
327 1378 350 1403 7.
370 1376 402 1402 de
421 1375 482 1402 bon.
502 1385 603 1413 proser.
651 1374 762 1411 Absque
787 1373 868 1401 ullius
891 1375 988 1410 gratiae
1012 1374 1127 1401 colludio

283 1419 470 1456 (competitori
489 1418 584 1449 tradi).
613 1417 650 1444 lb.
669 1417 728 1444 XV.
755 1419 778 1444 l.
809 1428 831 1444 c.
850 1419 893 1444 41.
922 1417 954 1444 de
979 1427 1041 1455 opp.
1062 1417 1125 1454 pub.
1149 1428 1151 1444 4

284 1462 314 1489 Si
333 1463 405 1488 iussa
423 1466 515 1488 nostra
534 1466 578 1488 aut
596 1459 808 1487 dissimulatione
827 1460 999 1497 neglexerint,
1019 1466 1063 1487 aut
1077 1460 1129 1487 col-

283 1505 358 1532 ludio
377 1505 610 1542 praetermiserint..
635 1503 672 1530 lb.
692 1503 737 1530 IX.
757 1504 799 1530 42.
820 1514 841 1530 c.
855 1505 897 1530 20.
934 1503 1033 1530 Eorum
1052 1503 1129 1541 culpa

285 1554 365 1585 atque
385 1547 501 1574 colludio
523 1547 673 1583 (negotium
693 1546 829 1580 dilatum).
857 1546 894 1573 lb.
913 1546 959 1573 XI.
978 1548 1021 1573 30.
1046 1557 1067 1574 c.
1087 1548 1128 1573 64.

285 1592 318 1619 de
337 1601 397 1629 app.
417 1595 443 1617 et
461 1601 539 1628 poen.

321 1635 507 1662 colluere.
545 1635 710 1667 Aquarum
731 1634 762 1659 vi
780 1643 959 1668 congerere.
996 1632 1041 1659 ΠΙ.
1063 1634 1128 1661 (711.

286 1677 355 1705 Cum
373 1676 509 1715 paullatim
533 1675 674 1702 colluendo
699 1675 785 1702 locum
809 1676 966 1702 eminentem
991 1685 1071 1713 supra
1095 1676 1129 1702 al-

285 1731 363 1748 veum
382 1720 443 1747 fecit
463 1721 513 1752 (sc.
533 1720 643 1749 amnis).
663 1723 689 1744 et
708 1728 767 1745 eum
786 1718 917 1745 adlueudo
937 1719 1017 1745 auxit.
1036 1719 1067 1746 fr.
1085 1720 1127 1746 30.

286 1765 308 1799 3.
327 1766 352 1791 2.
372 1763 405 1790 de
424 1763 456 1790 A.
475 1762 507 1788 R.
526 1761 560 1788 D.
580 1763 621 1787 41.
643 1763 664 1787 l.

323 1808 480 1835 Collum.
518 1807 599 1832 Pars
620 1806 770 1838 corporis
790 1806 960 1837 animalis,
980 1814 1059 1840 quae
1077 1815 1129 1832 ca-

284 1856 346 1886 put
373 1854 549 1876 sustentat.
586 1847 628 1873 Ill.
653 1848 719 1874 (511.
751 1847 959 1884 Quadrupedes,
978 1858 1002 1874 v.
1023 1847 1129 1880 Pecora,

288 1903 355 1930 quae
379 1892 459 1919 dorso
483 1890 587 1917 collove
611 1889 757 1916 domantur.
787 1889 848 1927 ΠΡ.
872 1890 943 1917 XIX.
970 1892 991 1917 l.
1022 1890 1079 1917 Gai.
1099 1890 1129 1917 11.

289 1936 330 1962 16.
360 1934 444 1962 vatic.
465 1934 486 1967 3.
505 1935 565 1959 259.
603 1932 726 1964 Caetera,
752 1932 848 1968 quibus
868 1932 950 1961 collo.
974 1933 1016 1960 vel
1036 1935 1130 1971 capite,

288 1978 332 2005 vel
358 1977 478 2004 manibus
506 1975 630 2002 mulieres
659 1980 791 2002 ornantur.
827 1975 898 2002 Paul.
923 1975 964 2002 III.
989 1977 1013 2003 6.
1041 1977 1063 2010 3.
1088 1979 1130 2003 84.

290 2022 345 2057 Qui
370 2037 402 2040 -
427 2021 511 2046 civem
534 2018 565 2045 R.
590 2034 621 2038 -—
646 2019 790 2050 necaverit,
817 2018 1010 2050 verberaverit,
1036 2035 1068 2038 —
1088 2024 1131 2046 aut

290 2063 354 2100 quid
373 2065 400 2090 iu
424 2062 521 2089 collum
546 2062 680 2089 iniecerit.
707 2066 736 2088 ut
759 2066 921 2097 torqueatur.
953 2061 982 2088 fr.
1004 2063 1026 2088 7.
1051 2062 1084 2088 ad
1102 2062 1130 2089 L.
1154 2071 1155 2091 ;

291 2106 338 2133 lul.
358 2106 390 2132 de
409 2107 435 2132 vi
454 2105 516 2142 pub.
536 2107 577 2131 48.
597 2106 620 2131 6.
1153 2110 1155 2126 ι

328 2149 504 2179 collusio.
552 2149 748 2175 Colludendi
778 2154 887 2180 actus,
918 2148 1132 2175 ΜαοΙιίηαΙίο,

291 2191 310 2218 I.
331 2193 392 2226 Sy.
422 2190 579 2218 Collusium.
602 2190 646 2224 [al.
667 2190 819 2222 colludium,
840 2200 864 2216 v.
884 2190 1082 2224 collusionem}
1103 2190 1133 2217 sr.

291 2237 316 2261 8.
337 2235 358 2269 3.
380 2236 402 2260 l.
427 2234 538 2261 mandat.
564 2236 604 2260 17.
630 2236 652 2260 1.
690 2233 720 2259 Π.
747 2235 814 2267 Op.
845 2233 920 2259 Bona
938 2233 1003 2265 sule,
1028 2250 1059 2253 —
1083 2233 1133 2261 Per

293 2276 476 2308 collusimmn.
497 2280 594 2309 (actum
614 2277 683 2307 etc).
714 2276 743 2303 fr.
764 2278 805 2302 30.
827 2277 847 2310 3.
867 2278 890 2303 3.
916 2276 947 2302 de
967 2278 1071 2304 iureiur.
1093 2280 1132 2304 12.
1155 2301 1156 2311 ἢ

292 2324 318 2347 2.
349 2319 433 2346 Yatic.
453 2321 474 2353 3.
496 2322 534 2346 13.
572 2320 613 2346 111.
640 2321 706 2347 Cn·
735 2318 764 2345 Si
789 2321 848 2355 quis
871 2321 1044 2356 imposturam
1069 2320 1134 2348 fece·
1155 2329 1156 2340 ¹

1095 173 1193 206 COL.

1165 255 1354 293 Susceptorem
1373 255 1509 283 dumtaxat
1526 256 1664 294 prohibuit
1683 256 1820 291 vindicari,
1841 268 1893 285 non
1913 264 1937 286 et
1958 259 2010 286 col-

1165 298 1276 325 lusores.
1298 298 1328 325 I'r.
1350 301 1372 325 l.
1393 300 1458 333 3.1.
1479 299 1511 326 de
1530 299 1637 327 aleator.
1658 302 1698 326 11.
1719 302 1743 327 5.
1767 316 1800 320 -
1827 301 1858 334 ξ.
1879 303 1914 328 2.
1946 304 2011 335 Qui

1164 343 1380 369 collusionem
1399 348 1532 369 exercet.
1568 342 1611 369 III.
1633 344 1699 371 (ἠ.
1729 343 1830 370 Contra
1849 344 2010 371 collusorem

1165 395 1248 422 poena
1268 389 1375 416 statuta,
1393 385 1564 422 praemioque
1582 385 1714 422 detegcuti
1734 387 1877 424 promisso.
1898 397 1919 413 c.
1933 389 1957 414 2.
1978 387 2010 414 de

1165 427 1258 454 collus
1278 426 1362 463 deteg.
1384 429 1406 453 7.
1425 429 1467 454 20.

1201 470 1421 498 Collusorie.
1461 470 1583 505 (Advb.)
1631 473 1875 500 Interveniente
1905 474 2010 500 collu-

1165 516 1260 541 sione.
1302 512 1345 540 111.
1365 514 1432 541 Cn.
1461 513 1490 540 Si
1514 513 1628 541 subiecit
1651 515 1795 542 delatorem
1819 515 1885 547 sibi,
1905 530 1938 535 -—
1957 524 2011 542 non

1166 567 1195 583 se
1214 561 1352 587 exonerat3
1372 556 1494 594 exemplo
1514 557 1579 584 eiuS.
1599 558 1644 593 qui
1664 557 1807 585 collusorie
1820 557 1852 585 de
1865 557 2012 585 hereditate

1166 599 1285 636 litigavit.
1305 599 1335 626 fr.
1355 602 1396 626 50.
1417 600 1439 633 3.
1459 602 1483 626 2.
1504 599 1537 626 de
1560 598 1637 635 legat.
1657 600 1675 627 1.
1696 601 1774 634 (30.)

1204 642 1411 674 Colluvies,
1433 653 1454 669 s.
1475 643 1658 670 Couuvio.
1689 646 1811 671 Sordes.
1843 643 1862 670 1.
1882 644 1944 678 Sy.
1964 642 2012 670 lm-

1167 685 1318 711 munditiae.
1348 685 1379 712 fr.
1400 687 1423 712 l.
1444 686 1481 720 33.
1501 688 1525 711 2.
1545 686 1569 711 4.
1589 684 1622 712 de
1641 685 1721 713 cloac.
1741 689 1783 713 43.
1802 688 1844 714 23.
1881 685 1925 712 III.
1945 687 2012 714 Cn.

1169 728 1222 763 Qui
1248 738 1261 754 a
1284 728 1480 765 probatissimis
1505 727 1657 765 adprobati,
1681 729 1712 755 ab
1737 729 1786 756 hac
1809 729 1907 756 debent
1931 728 2013 756 collu-

1168 772 1247 797 vione
1267 772 1378 798 secerni.
1398 770 1448 798 Th.
1464 770 1495 798 C.
1508 771 1579 797 XIII.
1598 773 1623 798 3.
1644 782 1665 798 c.
1681 773 1704 798 7.
1723 772 1756 799 de
1775 772 1868 799 medic.
1888 777 1914 799 et
1932 771 2001 809 prof.

1205 814 1422 848 Collyrium.
1461 816 1551 848 Quod
1569 824 1605 840 ex
1628 817 1872 842 medicamentis
1897 817 2013 842 solidis

1169 859 1382 892 cenaposilum
1401 863 1454 884 est.
1491 857 1534 883 III.
1549 858 1615 885 Cn.
1636 857 1665 883 Si
1685 868 1717 884 ex
1735 857 1933 885 medicamentis
1947 859 2014 885 meis

1170 900 1353 938 emplastrum,
1377 905 1422 927 aut
1445 899 1586 936 collyrium
1608 900 1713 927 feceris.
1744 899 1801 927 Gai.
1820 900 1851 927 Π.
1872 903 1913 928 79.
1952 900 2014 928 Col-

1170 944 1245 980 lyria,
1265 948 1289 970 et
1309 943 1459 981 emplastra,
1479 948 1505 970 et
1524 943 1664 980 adparatus
1685 944 1770 970 omnis
1789 943 2015 971 conficiendorum

1169 987 1429 1013 medicamentorum.
1457 985 1531 1013 Paul.
1551 986 1593 1013 III.
1613 988 1637 1013 6.
1657 987 1678 1020 3.
1699 988 1740 1013 62.

1208 1030 1416 1057 colobium.
1458 1031 1584 1056 Tunica
1608 1036 1767 1057 truncata
1787 1032 1933 1057 manicis.
1970 1029 2014 1056 III.

1172 1075 1238 1101 Cn·
1267 1072 1423 1109 Chlamydis
1446 1076 1548 1098 terrore
1572 1071 1709 1109 deposito.
1739 1074 1826 1109 quieta
1851 1072 2015 1100 colobiorum

1171 1127 1201 1143 ac
1219 1115 1373 1154 penularum
1392 1115 1484 1142 induat.
1502 1115 1667 1142 vestimenta.
1696 1115 1746 1142 Th.
1761 1115 1793 1143 C.
1806 1115 1878 1143 XIV.
1894 1118 1934 1142 10.
1955 1126 1977 1143 c.
1992 1118 2014 1142 1.

1171 1169 1212 1197 pr.
1233 1158 1266 1185 de
1284 1158 1375 1185 habitu
1395 1168 1447 1194 quo
1466 1158 1505 1184 uti
1524 1167 1568 1194 op.

1209 1203 1363 1230 colona.
1392 1202 1422 1234 §-
1443 1202 1478 1227 1.
1501 1202 1588 1234 Quae
1600 1202 1740 1237 fundum
1759 1205 1925 1229 colendum
1944 1212 2016 1230 con-

1171 1247 1273 1272 duxit.
1312 1245 1353 1271 111.
1375 1246 1441 1272 Cn.
1466 1243 1586 1275 Servum,
1607 1245 1651 1280 qui
1670 1245 1822 1271 aestimatus
1842 1244 1951 1271 colonae
1971 1244 2008 1278 [al

1172 1288 1303 1322 coloniae]
1324 1287 1475 1325 adscriptus
1495 1292 1544 1319 est,
1564 1287 1596 1313 ad
1615 1287 1761 1324 periculum
1781 1287 1890 1314 colonae
1902 1289 2017 1325 pertine·

1172 1332 1219 1358 bit.
1251 1331 1282 1358 fr.
1302 1333 1344 1358 54.
1365 1332 1386 1365 3.
1406 1334 1430 1357 2.
1451 1330 1529 1357 locat.
1555 1331 1595 1356 19.
1615 1332 1639 1356 2.
1677 1345 1710 1349 —
1747 1331 1778 1363 ξ.
1806 1332 1842 1358 2.
1881 1332 2016 1363 Mulier,

1173 1385 1252 1410 qnae
1270 1377 1442 1401 colonatus
1462 1375 1532 1399 iure
1551 1374 1684 1399 addicta
1703 1379 1750 1400 est
1763 1375 1877 1410 fundo.
1914 1373 1934 1400 I.
1954 1375 2017 1409 Sy.

1173 1418 1321 1453 Origiuaria
1339 1416 1441 1444 mulier.
1473 1416 1523 1443 Th.
1539 1416 1570 1442 C.
1591 1414 1622 1442 V.
1644 1417 1684 1442 10.
1705 1426 1726 1442 c.
1747 1418 1770 1443 l.
1789 1417 1811 1451 3.
1825 1418 1850 1443 3.
1871 1417 1903 1444 de
1923 1417 2015 1454 inquil.

1173 1467 1199 1488 ct
1218 1461 1304 1488 colon.
1337 1460 1404 1486 Nor.
1424 1459 1527 1486 Valent.
1547 1458 1590 1485 HI.
1615 1458 1647 1485 de
1666 1458 1753 1486 colon.
1783 1470 1805 1486 c.
1826 1462 1848 1486 1.
1873 1460 1911 1494 33.
1932 1462 1955 1487 l.
1975 1470 2016 1497 sq.

1173 1505 1215 1531 Ill.
1236 1506 1302 1532 Gn·
1334 1503 1452 1531 Colouas
1471 1502 1624 1529 commutari
1644 1512 1733 1539 posse,
1752 1503 1841 1539 priora
1854 1508 1952 1530 statuta
1965 1504 2018 1530 ius—

1173 1552 1272 1575 serunt.
1301 1547 1338 1574 Ib.
1358 1546 1374 1573 l.
1394 1546 1411 1573 l.
1432 1546 1454 1580 3.
1474 1547 1498 1572 4.
1536 1544 1648 1577 Colona,
1667 1544 1710 1571 vel
1729 1545 1832 1572 ancilla.
1856 1545 1924 1572 Nor.
1938 1546 2018 1573 Maio-

1174 1592 1237 1618 rian.
1258 1590 1290 1617 de
1310 1589 1399 1617 curial.
1419 1589 1464 1616 IV.
1483 1592 1506 1616 ὃ.
1527 1599 1548 1615 c.
1570 1590 1592 1614 1.
1612 1598 1652 1625 pr.
1672 1588 1710 1622 33.
1729 1591 1754 1615 2.
1774 1598 1814 1625 sq.

1210 1633 1446 1662 Colonen-ius.
1477 1631 1608 1665 (Adiect.)
1646 1633 1694 1657 Aa
1710 1634 1895 1659 colonatum
1913 1634 2018 1666 perei-

1174 1687 1255 1704 nens.
1292 1676 1335 1702 III.
1354 1677 1420 1703 Cn.
1440 1675 1553 1701 Puerum
1572 1675 1598 1700 in
1617 1684 1694 1700 suum
1713 1674 1857 1701 dominium
1875 1674 2018 1707 vindicare,

1173 1722 1229 1747 sive
1249 1720 1354 1746 nomine
1374 1718 1491 1749 dominii,
1511 1718 1567 1744 sive
1589 1717 1776 1754 adscriptitiae,
1795 1719 1852 1744 sive
1871 1717 2019 1744 colonariae

1174 1763 1343 1790 conditionis.
1369 1772 1390 1788 c.
1409 1763 1452 1788 24.
1473 1760 1504 1787 dc
1524 1762 1605 1797 episc.
1625 1760 1683 1786 aud.
1705 1762 1727 1787 l.
1747 1763 1771 1787 4.
1792 1771 1813 1787 c.
1832 1762 1856 1787 3.
1877 1760 1910 1787 de
1927 1760 2018 1795 infant·

1175 1816 1267 1843 expos.
1289 1807 1312 1832 ὃ.
1333 1807 1374 1832 52.
1413 1804 1438 1830 Is
1458 1814 1516 1830 eum
1536 1803 1660 1835 vindicet.
1680 1804 1737 1830 iure
1756 1803 1890 1830 colonario
1909 1805 2020 1831 servitu-

1174 1860 1240 1876 rum.
1269 1848 1337 1875 Nor.
1358 1847 1462 1874 Valent.
1482 1846 1524 1873 111.
1544 1857 1576 1873 ue.
1596 1846 1682 1873 colon.
1703 1856 1758 1883 vag.
1778 1846 1808 1873 II.
1821 1849 1864 1873 31.
1884 1857 1905 1873 c.
1921 1849 1944 1873 l.
1958 1847 1980 1881 3.
1995 1848 2017 1873 l.

1174 1893 1203 1919 ln
1223 1902 1314 1919 eorum
1332 1892 1388 1917 iure
1409 1895 1435 1916 et
1458 1889 1574 1917 dominio
1594 1906 1627 1909 —
1647 1889 1781 1916 colonario
1806 1891 1912 1916 nominc
1930 1899 2018 1927 perse-

1174 1940 1273 1962 verent.
1302 1934 1338 1961 lb.
1359 1933 1374 1960 l.
1395 1933 1411 1960 l.
1432 1934 1454 1967 3.
1473 1934 1497 1959 6.

1211 1979 1427 2006 Colonmus.
1452 1976 1570 2009 (Subst.)
1608 1978 1817 2007 (ὐΙοιιιιν-ιιηι,
1837 1977 1937 2001 terris
1964 1978 2018 2002 ad-

1177 2023 1395 2051 tributorunt,
1414 2022 1569 2047 conditio.
1605 2018 1647 2045 ΠΙ.
1663 2020 1728 2046 (ἠ.
1749 2018 1777 2044 Si
1797 2017 1935 2044 colonatus
1949 2019 2017 2055 quis,

1176 2068 1218 2090 aut
1239 2063 1411 2099 inquilinatus
1432 2063 1612 2098 quaestionem
1626 2071 1732 2087 movere
1745 2062 1892 2087 tentaverit.
1921 2061 1971 2088 Th.
1986 2061 2017 2088 C.

1175 2106 1233 2133 XII.
1256 2108 1296 2132 19.
1321 2116 1342 2131 c.
1362 2107 1386 2131 2.
1417 2104 1449 2131 de.
1473 2104 1497 2131 h.
1523 2114 1566 2141 qu.
1593 2104 1668 2131 cond.
1688 2114 1778 2141 propr.
1814 2104 1926 2137 Eorum,
1951 2114 2018 2141 quos

1177 2149 1300 2176 natalium
1325 2147 1380 2174 sola
1405 2147 1514 2174 libertas
1538 2148 1721 2185 prosequitur.
1747 2146 1869 2173 colonatu
1888 2152 2018 2184 perpetuo

1154 2210 1156 2234 ᾖ
1177 2192 1305 2219 fulciatur.
1343 2191 1380 2217 lb.
1403 2190 1475 2217 XlV.
1500 2192 1539 2217 18.
1570 2202 1591 2217 c.
1617 2193 1639 2217 1.
1669 2190 1701 2217 de
1725 2189 1834 2216 mendic.
1858 2200 1911 2216 non
1935 2190 2015 2218 iuval.

1154 2255 1156 2261 .
1177 2236 1308 2262 Emeritos
1328 2234 1419 2261 aulicis
1444 2234 1588 2260 honoribus
1615 2235 1686 2260 viros
1711 2233 1778 2259 trahi
1803 2233 1835 2260 ad
1854 2233 1963 2270 laqueos
1981 2235 2019 2261 vi-

1178 2279 1272 2305 lissimi
1292 2277 1437 2304 colonatus.
1467 2276 1534 2303 Nov.
1555 2276 1657 2303 Yaleut.
1678 2276 1720 2302 HI.
1741 2276 1773 2303 dv
1791 2276 1877 2303 XXX.
1898 2287 1956 2304 ann.
1976 2288 2016 2315 pr.

1178 2322 1208 2348 ll.
1228 2323 1270 2348 27.
1291 2331 1312 2347 c.
1334 2323 1355 2347 l.
1376 2321 1397 2355 3.
1420 2323 1440 2347 l.

293 2364 337 2394 rit,
356 2362 398 2389 vel
418 2362 589 2389 collusionem
609 2364 635 2389 in
655 2373 744 2389 necem
764 2362 879 2389 alterius.
901 2363 930 2388 t'r.
944 2364 968 2389 3.
988 2363 1010 2397 3.
1031 2365 1054 2389 l.
1074 2364 1134 2390 stel-
1155 2353 1157 2364 l
1214 2355 1365 2392 (010110.
1405 2365 1586 2390 Messeniae
1613 2365 1741 2389 civitas.
1783 2362 1826 2388 ΙΙΙ.
1847 2364 1912 2391 Cn.
1943 2362 2018 2390 Prae.

295 2406 384 2433 Iionat.
405 2406 446 2431 47.
464 2409 506 2430 2⁰.
527 2405 556 2431 l'r,
579 2407 617 2431 14.
638 2415 676 2441 pr.
697 2405 729 2432 de
749 2416 807 2442 app.
828 2410 853 2431 et
874 2405 946 2432 relat.
966 2407 1007 2432 49.
1024 2408 1045 2432 l.
1075 2406 1133 2433 *Non
1156 2415 1157 2424 ¹
1179 2407 1220 2435 dia
1239 2418 1287 2444 per
1306 2407 1538 2433 fideiconuuissum
1558 2404 1643 2431 dedit.
1667 2406 1694 2431 in
1718 2405 1815 2442 quibus
1834 2410 1860 2431 et.
1879 2408 2018 2440 urynrrjotr,

296 2448 377 2476 debet
401 2448 508 2474 alterius
533 2447 690 2479 collusione,
721 2453 763 2474 aut
786 2449 892 2475 inertia.
921 2448 997 2475 alteri
1019 2451 1060 2476 ius
1080 2460 1135 2476 cor·
1156 2469 1157 2499 ¹
1179 2461 1245 2487 quae
1271 2449 1452 2487 adpellabatur
1474 2449 1566 2479 ..eirea
1586 2448 1746 2475 Colonum)-
1775 2448 1806 2475 sr.
1829 2450 1870 2474 30.
1896 2449 1916 2482 3.
1939 2450 1961 2475 l.
1986 2448 2017 2475 de

296 2492 390 2528 rumpi.
420 2490 450 2517 sr.
470 2492 493 2517 9.
514 2500 551 2527 pr.
577 2490 608 2515 d«-
633 2490 734 2517 liberali
755 2502 776 2517 c.
799 2494 841 2517 40.
863 2493 902 2518 12.
944 2491 995 2518 Per
1013 2492 1135 2519 collusio-
1156 2503 1157 2523 i
1179 2493 1255 2520 adim.
1275 2493 1350 2529 legat.
1369 2494 1411 2519 34.
1431 2493 1454 2517 4.

298 2543 364 2565 nem.
385 2535 441 2560 sive
461 2533 583 2560 fraudem.
604 2533 782 2565 (venuimlare.
802 2544 825 2560 v.
846 2535 1016 2571 supponere).
1037 2537 1092 2562 c.3.
1112 2536 1135 2561 si
1156 2527 1158 2569 l
1215 2536 1383 2564 Colonia.
1404 2535 1434 2567 §.
1450 2535 1484 2560 1.
1505 2535 1652 2565 Civitas,
1673 2544 1752 2568 quae
1770 2537 1901 2561 colonos
1921 2536 2017 2561 Roma

299 2575 356 2602 adv.
378 2577 433 2603 lise.
457 2579 480 2603 2.
501 2578 541 2602 37.
576 2575 660 2601 tatic.
681 2576 701 2609 3.
724 2578 762 2602 13.
800 2577 995 2613 Excogitamlae
1021 2578 1135 2613 ingenui·
1156 2582 1158 2616 i
1179 2582 1295 2606 missos
1325 2580 1458 2612 accepit.
1497 2576 1539 2603 111.
1564 2578 1630 2604 Cn.
1664 2576 1692 2602 Iu
1715 2578 1873 2614 municipiis,
1898 2576 2018 2606 coloniis.

300 2619 360 2644 tatis
385 2619 544 2645 collusione.
574 2629 602 2644 ae
627 2617 706 2645 t'alsac
731 2620 889 2655 captixitatis
913 2620 1073 2653 velaineuto,
1102 2637 1134 2641 —
1157 2640 1158 2651 .
1181 2621 1296 2659 oppidis.
1315 2620 1486 2658 praefectura.
1507 2621 1574 2646 vieo.
1595 2619 1712 2647 castello.
1733 2619 1916 2646 conciliabulo.
1944 2618 2015 2646 Paul.

300 2661 422 2696 obtegere
447 2662 570 2688 voluissr.
605 2672 626 2687 c.
649 2663 669 2687 l.
695 2661 727 2688 (18
752 2661 844 2687 collus.
869 2662 952 2699 deteg.
982 2665 1004 2689 7.
1023 2665 1064 2693 21).
1107 2663 1135 2690 Si
1182 2664 1225 2690 IY.
1245 2666 1268 2690 6.
1294 2664 1315 2697 3.
1335 2666 1358 2689 2.
1394 2662 1459 2689 Tab.
1479 2662 1580 2689 Ileracl.
1605 2662 1650 2688 liu.
1670 2664 1693 2688 9.
1718 2673 1768 2688 aer.
1789 2662 1870 2699 Neap.
1894 2662 1923 2689 L.
1948 2662 2015 2689 Gall.

300 2708 423 2740 suspecta
444 2704 555 2730 collusio
575 2705 616 2730 sit.
644 2720 674 2723 —
700 2705 729 2730 Si
753 2704 823 2730 nulla
843 2706 960 2741 suspicio
981 2705 1135 2732 collusionis
1181 2706 1282 2743 Cisalp.
1302 2706 1332 2732 ll.
1352 2708 1375 2732 2.
1396 2716 1436 2742 sq.
1455 2708 1496 2731 26.
1516 2707 1557 2732 56.
1596 2704 1722 2732 Colonia.
1743 2715 1808 2741 quae
1829 2704 1894 2731 nihil
1913 2709 2017 2741 praeter

301 2746 452 2781 religionem
475 2747 604 2773 Praetoris
628 2748 788 2774 instruxerit.
821 2747 851 2773 l'r.
877 2750 918 2773 29.
943 2758 981 2784 pr.
1007 2748 1039 2774 de
1064 2750 1134 2775 inoll'.
1157 2756 1159 2780 <J
1181 2759 1274 2776 nomen
1295 2748 1413 2775 roloniae
1438 2748 1523 2775 hahet.
1555 2748 1585 2775 fr.
1606 2750 1628 2774 1.
1653 2748 1674 2782 3.
1693 2750 1716 2773 3.
1742 2747 1774 2774 de
1794 2747 1891 2774 censib.
1915 2749 1955 2773 50.
1976 2749 2016 2774 15.

302 2793 402 2815 testam.
423 2791 445 2814 5.
465 2792 488 2814 2.
510 2790 538 2815 l'r.
559 2792 582 2816 6.
602 2790 623 2823 3
644 2792 667 2817 4.
688 2791 710 2816 si
731 2800 772 2827 qu.
794 2800 842 2816 om.
863 2800 884 2815 c.
906 2795 1005 2817 testam.
1025 2793 1065 2817 29.
1086 2794 1109 2818 4.
1157 2788 1159 2830 J
1181 2791 1402 2829 Splendidissima
1426 2791 1568 2827 Tyriorum
1592 2790 1706 2822 colonia,
1736 2806 1767 2810 —-
1791 2789 1917 2821 foederis.
1947 2790 2018 2826 quod

337 2832 517 2860 Collusor·
547 2833 577 2865 ς’.
595 2834 627 2859 l.
659 2835 771 2859 socius
790 2835 821 2859 ιἰι
841 2835 983 2859 ludendo.
1013 2833 1054 2860 111.
1071 2835 1135 2862 Cn.
1157 2837 1159 2867 1
1181 2845 1238 2861 cum
1252 2834 1377 2861 Romanis
1392 2836 1532 2871 percussit.
1546 2834 1720 2861 tenacissima.
1740 2834 1769 2860 t'r.
1784 2835 1806 2860 1.
1820 2843 1859 2869 pr.
1873 2832 1906 2859 ib.
1921 2835 1961 2860 50.
1977 2835 2017 2860 15.

1969 2875 2017 2903 Ini-
