2197 3121
216 177 279 208 542

217 267 276 286 lem
295 259 428 290 serviit,
448 264 477 284 et
496 257 780 283 manumissionem
799 255 925 281 meruit.
962 252 981 279 Ι.
1002 252 1065 287 Sy·

217 304 271 339 Qui
291 301 496 328 manumittitur.
517 310 538 325 s.
558 298 734 325 manumissus
754 302 802 324 est.
827 297 857 324 fr.
879 299 919 323 10.
943 297 965 330 5.
986 297 1012 322 4.
1033 295 1066 322 de

218 348 243 372 in
268 346 308 371 ius
332 354 389 370 voe.
409 346 434 370 2.
454 345 477 369 4.
504 343 532 369 fr.
552 343 611 368 243.
637 340 669 367 de
690 340 721 367 V.
742 340 769 367 S.
789 342 831 367 50.
853 341 892 366 16.
920 350 941 366 c.
963 341 985 366 l.
1006 349 1064 376 sqq.
1089 359 1090 374 ¹

218 389 250 415 de
269 388 356 414 libert.
377 392 403 413 et
428 396 480 413 eor.
505 385 551 411 lib.
571 386 595 411 6.
616 386 639 410 7.
686 383 780 419 Quem
797 384 857 420 quis
881 393 913 409 ex
937 383 1067 409 servitute.
1089 375 1090 389 l

218 432 250 459 ad
270 432 402 458 civitatem
421 429 451 456 u.
478 427 610 465 perduxit.
638 426 668 453 fr.
687 428 712 453 3.
732 427 753 461 5.
775 429 797 454 l.
822 426 855 453 de
873 426 929 452 suis
949 430 975 452 et
994 424 1065 462 legit.

216 476 259 502 38.
280 475 320 501 16.
357 473 500 503 Patronus,
519 475 644 508 patrona.
668 470 780 496 liberive
800 469 912 507 patroni.
948 468 984 501 Ii,
1005 478 1068 505 quo-

218 528 275 546 rum
299 517 411 544 libertus
430 514 527 550 aliquis
546 518 595 540 est.
623 513 685 551 le.
706 512 816 540 XXVII.
839 514 860 538 l.
881 511 913 538 cf.
938 510 969 538 fr.
991 512 1014 538 9.
1035 510 1068 538 de

218 562 314 589 divort.
333 561 374 585 24.
393 560 418 584 2.
437 557 599 584 LibertinuS.
621 556 663 583 Cf.
677 555 702 582 h.
723 566 746 582 v.
784 555 815 581 11.
838 557 906 589 Op.
926 554 1067 591 Ingenuus.

219 604 261 632 Cf.
281 604 305 630 h.
325 613 348 629 v.
386 601 430 628 111.
450 602 517 628 Cn.
537 600 636 626 Servos
657 599 775 626 eiusdem
795 599 858 624 artis
878 598 991 625 libertos
1010 608 1069 635 per-

219 648 318 675 ducunt
338 647 388 678 (sc.
407 644 523 677 medici.)
544 642 574 669 fr.
592 644 634 669 25.
654 643 676 676 5.
690 645 713 668 2.
735 641 768 668 de
787 651 859 679 oper.
880 641 967 668 libert.
987 643 1029 668 38.
1046 643 1067 667 1.

217 689 331 718 Ancilla.
351 687 394 715 vel
413 686 509 714 liberta
522 689 568 719 (ex
582 685 649 712 S.C.
664 684 812 712 Claudiano
826 685 928 716 effecta,
942 694 979 711 sc.
993 683 1069 718 filia.)

218 733 291 760 Paul.
311 731 356 758 IV.
377 733 417 757 10.
442 730 464 764 5.
483 732 509 756 2.
547 728 583 756 Vt
606 728 717 755 libertus
738 738 857 765 quoqne,
883 727 1008 765 quamdiu
1027 738 1071 765 pa-

219 777 288 803 troni
307 774 379 802 filius
399 774 472 800 nasci
491 773 592 810 possit.
613 782 643 798 eo
663 772 719 798 iure
740 772 788 803 sit,
809 781 861 808 quo
881 776 944 797 sunt
963 771 1008 808 qui
1027 781 1071 808 pa-

218 825 312 846 tronos
332 817 438 844 babent.
459 815 489 842 fr.
509 816 550 842 26.
571 814 603 841 de
623 819 694 840 statu
713 814 783 841 hom.
802 817 822 841 l.
843 817 867 841 5.
904 813 973 845 Sibi,
992 813 1071 840 liber-

219 864 308 899 tisque
326 862 382 887 suis
403 862 618 893 (monumentum
637 858 760 891 fecisse.)
787 857 817 884 fr.
838 858 862 884 6.
882 867 922 894 pr.
943 856 975 883 de
996 856 1069 892 relig.

220 907 261 932 11.
281 907 305 931 7.
342 903 468 930 Libertis.
488 900 688 937 libertabusque
707 902 781 927 meis.
805 900 835 927 fr.
858 902 916 927 105.
936 899 969 926 de
988 899 1020 926 Y.
1041 899 1069 926 S.

218 951 260 975 50.
284 949 322 974 16.
359 946 528 973 Libertorum
548 949 574 970 et
592 944 746 970 libertarum
766 943 936 975 hereditates,
958 953 983 969 v.
1003 947 1070 969 tute-

219 992 267 1019 lae.
297 990 354 1017 Gai.
375 988 416 1015 III.
437 990 479 1014 39.
499 997 559 1024 sqq.
589 986 650 1024 le.
671 986 770 1014 XXIX.
793 988 815 1012 l.
836 996 895 1023 sqq.
933 985 1021 1017 onr.
1041 985 1070 1012 li-

219 1035 276 1061 beri
297 1034 351 1063 sui,
372 1032 475 1063 liberti,
495 1030 538 1057 vel
558 1031 654 1057 caeteri
674 1040 741 1066 quos
760 1039 850 1056 secum
869 1029 956 1056 habet.
977 1029 1007 1056 fr.
1031 1031 1069 1055 10.

219 1077 253 1104 de
273 1075 365 1103 iurisd.
384 1077 409 1101 2.
432 1077 452 1101 1.
473 1074 505 1101 cf.
526 1073 567 1100 Fr.
588 1073 620 1100 de
640 1073 658 1100 I.
679 1073 708 1100 F.
728 1073 812 1107 5.16.
833 1072 863 1098 fr.
883 1074 907 1099 4.
928 1072 960 1099 de
979 1072 1069 1098 testib.

219 1123 261 1148 22.
282 1122 306 1146 5.
343 1118 442 1147 Liberi.
463 1122 595 1155 parentes.
615 1116 720 1147 fratres,
740 1115 850 1147 adfines.
866 1115 963 1142 liberti.
984 1114 1014 1141 fr.
1029 1116 1070 1142 33.

220 1165 258 1198 55.
278 1165 302 1189 3.
327 1172 385 1198 sqq.
410 1161 440 1188 fr.
463 1163 506 1187 35.
525 1170 565 1197 pr.
592 1159 624 1186 de
648 1169 753 1196 procur.
773 1160 797 1185 3.
817 1160 841 1185 3.
878 1158 1002 1191 Liberto,
1028 1157 1071 1185 vel

221 1207 313 1237 mnino.
334 1204 491 1238 (mandare.)
514 1204 546 1230 fr.
565 1204 607 1229 31.
627 1213 666 1240 pr.
687 1202 719 1229 de
739 1201 770 1228 N.
792 1201 823 1228 G.
843 1203 867 1228 3.
887 1204 911 1228 5.
932 1201 989 1228 Vll.
1010 1202 1072 1228 civi-

223 1251 272 1277 bus
288 1249 319 1276 R.
340 1247 486 1286 puberibus
506 1246 641 1277 adhibitis.
661 1250 765 1283 praeter
784 1244 908 1271 libertum
928 1245 1006 1278 (eius,
1027 1245 1071 1281 qui

221 1293 365 1320 divortium
385 1290 483 1322 faciet.)
504 1290 535 1316 fr.
555 1291 578 1316 9.
599 1289 631 1315 de
651 1288 747 1315 divort.
760 1290 802 1314 24.
822 1290 846 1314 2.
885 1287 1026 1320 Sacerdos,
1047 1292 1072 1314 et

221 1334 406 1373 hieropliylax.
428 1338 454 1359 et
474 1332 571 1359 liberti.
592 1333 636 1368 qui
657 1333 682 1358 in
702 1331 749 1358 illo
766 1330 866 1368 templo
881 1336 965 1358 erunt.
985 1330 1015 1358 fr.
1028 1333 1071 1357 20.

221 1380 243 1414 5.
266 1381 287 1405 l.
308 1378 341 1405 de
360 1387 418 1404 ann.
438 1376 515 1412 legat.
535 1377 576 1402 33.
598 1377 620 1401 l.
659 1374 734 1401 Civis
753 1373 784 1400 R.
805 1373 925 1400 libertus.
944 1388 979 1393 -
1002 1373 1072 1400 Lati-

221 1432 271 1449 nus
294 1421 340 1448 lib.
364 1435 391 1439 -—
422 1419 574 1446 Dediticins
598 1417 642 1444 lib.
677 1417 734 1444 Gai.
754 1417 797 1443 111.
822 1419 864 1443 55.
884 1427 943 1454 sqq.
968 1418 1010 1443 72.
1030 1419 1071 1444 74.
1093 1449 1095 1457 Ι

221 1465 283 1503 le.
302 1462 401 1490 XXIX.
424 1464 445 1488 1.
467 1461 537 1488 Coll.
551 1460 596 1487 LL
626 1460 659 1487 Μ.
679 1460 724 1487 IV.
743 1462 768 1487 3.
807 1459 931 1487 Caesaris
950 1459 1071 1487 libertus.

222 1508 265 1535 fr.
285 1506 318 1533 de
338 1506 355 1532 1.
372 1505 399 1531 F.
419 1505 503 1539 5.11.
542 1504 672 1541 Corporis
693 1503 812 1535 alieuius,
832 1502 876 1530 vel
895 1503 1009 1539 collegii,
1029 1503 1072 1530 vel

223 1550 346 1578 civitatis.
366 1550 404 1581 (s.
425 1547 527 1585 reipub.
547 1557 568 1573 s.
587 1547 750 1583 municipii.)
769 1546 890 1573 libertus.
910 1546 942 1573 fr.
961 1549 985 1574 6.
1005 1547 1027 1580 5.
1050 1549 1072 1573 1.

223 1594 255 1621 de
273 1593 303 1620 Ii.
326 1592 357 1619 D.
381 1593 402 1617 l.
422 1594 447 1617 8.
467 1591 497 1617 sr.
520 1592 560 1616 10.
586 1590 608 1624 5.
629 1591 652 1615 4.
673 1589 706 1615 de
725 1591 751 1615 in
772 1590 813 1615 ius
832 1599 890 1616 voc.
909 1591 933 1616 2.
953 1591 978 1616 4.
1010 1589 1072 1626 le.

222 1636 305 1664 XXII.
319 1638 343 1662 5.
376 1634 491 1670 Quoties
512 1634 571 1669 quis
592 1632 744 1659 libertinum
759 1631 865 1668 quidem
878 1641 907 1658 se
921 1632 1072 1664 confltetur⁷

222 1680 346 1706 libertum
367 1683 451 1704 autem
470 1676 500 1703 C.
513 1676 568 1702 Seii
588 1686 617 1702 se
636 1680 719 1711 negat.
740 1673 770 1701 fr.
783 1676 806 1701 6.
827 1676 850 1701 si
870 1676 921 1710 ing.
942 1685 1002 1701 csse
1022 1674 1072 1702 dic.

222 1726 263 1750 40.
286 1724 325 1748 14.
364 1720 481 1747 Orcinus
501 1719 622 1745 libertus.
645 1735 674 1738 —-
701 1717 762 1744 Non
781 1719 931 1750 testatoris,
956 1717 1003 1744 sed
1022 1728 1074 1744 ma-

223 1765 390 1792 numissoris.
409 1762 455 1789 lib.
476 1761 537 1799 le.
552 1761 582 1788 11.
603 1764 627 1788 8.
648 1760 763 1792 Paterni.
778 1776 809 1780 —
828 1760 931 1793 Nostri,
945 1777 977 1780 —
997 1760 1074 1787 Libe-

224 1818 312 1836 rorum
332 1807 463 1841 (liberti.)
493 1806 524 1832 fr.
544 1807 586 1830 58.
615 1805 636 1838 5.
659 1806 680 1830 l.
702 1803 734 1830 de
754 1803 786 1830 V.
806 1803 834 1830 S.
853 1806 895 1830 50.
917 1805 957 1830 16.
987 1803 1073 1831 Vatic.

224 1853 244 1886 5.
265 1854 325 1877 220.
349 1849 419 1877 Coll.
439 1848 491 1876 LL.
507 1848 540 1875 Μ.
556 1847 600 1874 IV.
619 1849 644 1874 3.
680 1846 818 1873 Libertum
838 1856 969 1879 accusare,
990 1852 1018 1874 ut
1037 1849 1075 1874 in-

224 1899 333 1931 gratum.
353 1893 383 1919 fr.
403 1894 445 1918 35.
465 1893 486 1926 5.
509 1893 531 1917 l.
552 1890 584 1917 de
604 1899 708 1927 procur.
727 1891 752 1917 3.
772 1891 797 1916 3
817 1890 847 1917 fr.
868 1892 909 1916 70.
929 1900 968 1927 pr.
989 1890 1022 1916 de
1042 1889 1074 1917 V.

225 1937 252 1963 S.
267 1938 308 1963 50.
324 1937 363 1962 16.
400 1935 536 1961 Libertum
556 1944 608 1960 nou
629 1933 820 1969 obsequentem
838 1933 984 1959 emendare.
1006 1933 1036 1960 fr.
1050 1935 1074 1960 9.

225 1980 239 2014 5
267 1981 290 2006 3.
316 1978 348 2005 de
375 1978 418 2004 off.
439 1976 515 2003 Proc.
540 1982 566 2003 et
584 1976 645 2012 Leg.
669 1977 689 2001 1.
711 1977 751 2001 16.
778 1975 810 2002 cf.
837 1975 867 2002 fr.
890 1977 911 2002 l.
937 1976 1021 2010 3110.
1042 1976 1075 2003 de

225 2023 269 2049 off.
289 2021 342 2048 Prf.
364 2020 408 2047 Vr.
430 2022 452 2046 1.
474 2021 513 2046 12.
551 2018 679 2045 Iudicium
704 2028 843 2056 operarum
870 2018 931 2045 dare
951 2020 977 2045 in
997 2018 1075 2046 liber-

225 2071 267 2092 tos
288 2070 314 2092 et
333 2064 450 2091 libertas.
474 2062 504 2089 fr.
523 2064 547 2088 2.
569 2061 590 2095 5
613 2064 634 2088 l.
655 2061 687 2088 de
707 2072 779 2099 oper.
800 2061 887 2088 libert.
906 2062 948 2088 38.
971 2063 991 2088 l.

262 2109 385 2135 Libet.
422 2108 544 2133 Placet.
581 2104 623 2133 111,
644 2106 711 2132 Gn.
730 2105 776 2131 Sic
795 2104 846 2137 dat,
868 2105 943 2141 quasi
956 2109 1018 2131 tunc
1036 2114 1076 2131 re·
1096 2104 1097 2111 ¹

227 2155 367 2188 cepturus.
399 2159 457 2176 cum
482 2148 534 2175 sibi
559 2147 666 2174 libuerit
685 2149 832 2185 precarium
856 2147 970 2174 solvere.
1000 2147 1030 2174 fr.
1052 2149 1074 2174 1.

227 2195 250 2228 5.
269 2196 294 2219 2.
314 2193 347 2219 de
365 2202 466 2229 precor.
486 2194 528 2218 43.
547 2192 589 2217 26.
626 2190 710 2217 Pront
734 2190 849 2216 libuerit.
873 2190 904 2217 fr.
926 2192 984 2217 164.
1008 2192 1030 2225 5.
1052 2193 1074 2217 1.
1097 2194 1098 2200 ¹

228 2237 261 2263 de
280 2235 312 2262 V.
334 2235 361 2261 S.
381 2237 421 2261 50.
444 2237 483 2261 16.
520 2234 549 2260 Iu
569 2244 621 2271 quo
642 2233 745 2260 libitum
764 2232 844 2259 suerit
863 2233 930 2260 loco.
957 2244 978 2259 c.
1000 2235 1022 2260 1.
1043 2233 1076 2260 dc

228 2284 334 2306 tractor.
357 2280 397 2304 12.
417 2279 457 2302 52.

265 2320 519 2349 Libidinosa&
544 2319 674 2352 (Adiect.)
712 2320 971 2353 Cupiditatibus
990 2322 1076 2346 dedi·
1099 2319 1100 2323 ’

229 2373 288 2392 tus.
326 2363 368 2390 Ill.
388 2364 454 2390 Cn.
475 2363 503 2387 Si
522 2362 590 2398 apud
611 2362 779 2389 libidinosam
799 2361 935 2389 mulierem
955 2362 1015 2400 plus
1034 2373 1077 2389 va·
1099 2366 1100 2374 ¹

229 2408 277 2434 luit
298 2406 443 2443 cupiditas,
470 2415 547 2441 quam
570 2405 688 2431 libertas.
718 2404 768 2431 Th.
789 2405 820 2432 C.
841 2404 885 2432 lv.
905 2408 928 2432 9.
959 2416 980 2432 c.
1000 2408 1024 2432 6.
1044 2405 1077 2432 ad
1099 2419 1100 2426 .

230 2451 298 2477 SC.
318 2448 413 2476 Claud.

266 2493 414 2520 muido.
452 2492 483 2525 ἓ.
508 2492 543 2517 1.
576 2492 839 2524 Intemperantia
869 2493 959 2518 circa
988 2494 1099 2518 volu-1

230 2542 342 2570 piatos
362 2536 515 2569 corporis
533 2535 697 2560 l'euereas.
735 2534 777 2560 ΙΙΙ.
794 2536 860 2562 (711.
880 2533 1077 2563 Libidi11is.x·el
1098 2543 1099 2546 ¹

232 2579 372 2614 promercii
392 2588 469 2603 eausa
489 2579 618 2608 (castrare
637 2575 788 2609 bominem.)
814 2577 845 2603 [ι’.
865 2578 889 2603 3.
909 2577 931 2610 5.
951 2579 977 2603 4.
996 2577 1027 2603 ad
1047 2576 1077 2603 L.

233 2620 313 2646 Corn.
335 2621 367 2647 110
391 2621 468 2646 sicar.
493 2622 535 2646 45.
555 2621 578 2646 8.
612 2618 683 2645 Paul.
706 2618 734 2644 11
755 2621 796 2645 253.
824 2621 845 2653 ᾗ.
867 2622 907 2646 13.
944 2619 1077 2646 Libidinis
1099 2614 1100 2647 i

233 2673 309 2688 emsa
330 2664 433 2699 (rapere
453 2667 477 2688 et
499 2662 583 2689 celare
601 2662 774 2688 meretricem.
794 2672 818 2688 v.
833 2662 974 2696 ancillam.)
994 2663 1077 2690 1b.11.
1099 2653 1101 2697 1

233 2707 275 2731 31.
296 2705 332 2737 ξς.
355 2707 393 2730 12.
413 2707 454 2732 31.
475 2706 505 2732 fr.
524 2707 566 2732 39.
587 2705 617 2731 (ϊ.
638 2707 678 2730 252.
699 2705 720 2738 §-
740 2706 765 2730 2.
785 2704 818 2730 (Ic
837 2705 897 2732 stu-t.
917 2707 960 2732 47.
980 2707 1004 2732 2.
1036 2705 1079 2732 Li·
1099 2700 1101 2712 ’

234 2747 323 2774 ludin(¹
348 2747 535 2783 intemperatae
559 2747 712 2785 cupiditatis
736 2748 911 2780 (exarsisse.)
941 2758 961 2774 c.
981 2750 1024 2774 25.
1046 2748 1079 2775 ad

235 2789 264 2816 L.
284 2788 332 2815 lul.
352 2788 384 2814 du
404 2789 483 2816 adult.
502 2792 526 2817 9.
546 2792 569 2817 9.
608 2790 723 2817 Pudicos
743 2789 775 2816 ad
797 2789 934 2816 libidinem
953 2790 1080 2817 defixisse

235 2833 343 2858 animos.
364 2830 414 2857 Τ11.
430 2831 459 2858 C.
481 2832 524 2859 IX.
545 2835 584 2860 16.
605 2844 626 2860 c.
645 2836 669 2860 3.
691 2833 723 2860 de
742 2832 852 2860 malefic.
874 2832 905 2860 cf.
924 2832 953 2859 II.
976 2835 998 2860 l.
1019 2844 1040 2860 c.
1054 2835 1079 2861 3.

1015 173 1018 176 ’
1053 169 1132 200 LIB.

1113 252 1146 279 de
1166 251 1257 279 iurisd.
1273 265 1305 271 —
1324 253 1356 286 ξ.
1371 255 1407 281 2.
1429 255 1620 281 Arbitratio
1640 257 1826 282 temeraria.
1852 257 1962 283 Prava

1114 299 1274 323 voluntas.
1313 295 1355 322 III.
1383 297 1449 324 Cn.
1478 297 1507 324 Si
1527 308 1604 324 verae
1623 307 1704 324 voces
1725 298 1795 330 sint,
1815 308 1863 324 nec
1882 298 1914 325 ad
1933 298 1963 325 li-

1112 338 1227 365 bidinem
1247 349 1295 376 per
1315 338 1451 366 clientelas
1471 340 1577 368 effusae.
1601 340 1638 367 lb.
1660 340 1678 367 1.
1700 342 1740 367 16.
1761 351 1782 367 c.
1803 342 1825 367 6.
1847 340 1962 375 (wok.)

1113 382 1145 409 de
1170 382 1214 409 off.
1239 381 1314 408 lieet.
1334 381 1376 408 Pr.
1415 382 1495 418 Quod
1519 384 1551 411 ab
1576 384 1693 411 hostium
1717 383 1854 410 ferocitate
1873 400 1906 404 -—
1925 385 1963 410 in-

1113 425 1221 452 ductum
1240 430 1289 457 est.
1309 425 1360 451 hoc
1379 425 1411 451 ad
1430 425 1567 454 libidinem
1586 428 1812 464 nequissimorum
1828 426 1963 454 hominum

1112 468 1213 495 inferri.
1235 479 1256 495 c.
1280 471 1300 495 1.
1326 468 1358 495 ad
1378 467 1445 495 S.C.
1467 469 1561 497 Claud.
1582 472 1604 497 7.
1624 472 1666 497 24.
1704 470 1733 496 In
1753 471 1828 496 cuius
1847 470 1964 505 ingenui-

1113 517 1193 538 tatem
1217 511 1327 538 adsidua
1351 513 1494 549 petitorum
1518 513 1587 540 solet
1607 513 1690 540 libido
1710 514 1832 550 grassari.
1861 512 1911 539 Τ11.
1931 511 1962 539 C.

1112 555 1146 582 X.
1168 557 1208 581 10.
1229 565 1250 582 c.
1270 557 1313 582 25.
1333 555 1366 582 de
1385 557 1459 592 petit.
1481 561 1507 583 et
1525 556 1595 584 ultro
1616 556 1667 583 dat.

1150 598 1333 625 Libitina.
1371 600 1578 626 Libitinarii
1602 606 1768 634 quaestus.
1806 598 1848 626 Cf.
1868 608 1892 625 v.
1912 597 1965 625 De-

1114 642 1279 678 signatiosv.
1298 640 1481 669 Libitinarius.

1150 684 1415 712 Libitinarius.
1443 687 1645 722 Qaifunera
1665 692 1769 714 curae.
1794 685 1813 712 1.
1828 686 1890 719 Sy.
1910 684 1965 720 Qui

1114 728 1245 755 libitinam
1269 727 1338 754 facit.
1371 727 1436 754 Tab.
1461 727 1564 755 Heracl.
1589 728 1634 755 lin.
1653 731 1695 756 20.
1722 739 1772 756 aer.
1799 728 1882 765 Neap.
1920 726 1965 754 III.

1116 772 1183 799 Cn.
1209 770 1238 797 Si
1257 770 1432 803 libitinarius.
1457 781 1525 808 quos
1545 781 1637 808 graece
1657 774 1841 808 νεκροθάπτιις
1859 774 1965 801 vocant,

1115 824 1221 841 servum
1240 813 1426 851 pollinctorem
1445 814 1574 841 habuerit.
1600 814 1631 842 fr.
1651 817 1675 842 5.
1695 816 1717 849 5.
1737 816 1761 842 8.
1781 815 1814 842 de
1834 815 1895 841 inst.
1915 817 1964 840 act.

1116 859 1156 884 14.
1176 859 1200 884 3.

1151 900 1312 928 hibitus.
1337 899 1455 934 (Subst.)
1493 902 1884 934 Arbitrium,Placitum.
1921 899 1964 926 III.

1117 946 1184 973 Gn.
1210 943 1262 970 Pro
1287 953 1335 970 suo
1361 942 1452 975 libitu,
1477 943 1549 980 quod
1573 944 1688 971 voluerit
1707 943 1889 981 (relinquere,
1912 953 1965 969 non

1115 987 1293 1026 prohibetur.)
1313 996 1335 1013 c.
1355 988 1396 1013 22.
1417 986 1449 1013 de
1468 992 1570 1013 testam.
1591 988 1614 1013 6.
1634 988 1676 1014 23.

1152 1029 1423 1057 Libonianum.
1453 1031 1570 1057 Nomen
1590 1033 1617 1057 S.
1632 1032 1700 1062 Cri,
1721 1031 1788 1067 (quo
1802 1039 1887 1067 poena
1907 1028 1966 1056 falsi

1117 1075 1260 1101 constituta
1281 1077 1322 1099 est
1341 1072 1469 1099 adversus
1493 1083 1566 1105 eum,
1591 1074 1635 1110 qui
1660 1073 1712 1100 sibi
1732 1072 1906 1100 hereditatem
1923 1071 1967 1098 vel

1117 1117 1231 1154 legatum
1251 1117 1278 1142 in
1298 1115 1406 1142 alterius
1428 1121 1583 1143 testamento
1604 1121 1701 1143 temere
1721 1116 1886 1153 adscripsit.)
1923 1114 1966 1141 111.

1119 1162 1185 1188 Cn.
1216 1160 1259 1186 Ex
1289 1161 1419 1186 sententia
1449 1158 1476 1185 S.
1491 1158 1535 1185 Cti
1560 1158 1700 1186 Liboniani
1728 1163 1801 1185 tutor
1824 1168 1876 1185 non
1902 1159 1967 1189 erit,

1118 1205 1162 1240 qui
1182 1213 1211 1230 se
1231 1208 1389 1230 testamento
1414 1202 1517 1240 pupillo
1542 1207 1656 1229 tutorem
1680 1203 1796 1239 scripsit.
1821 1201 1852 1228 sr.
1872 1203 1914 1228 29.
1935 1200 1968 1227 de

1116 1252 1220 1273 testam.
1241 1251 1289 1272 tut.
1308 1247 1351 1272 26.
1365 1248 1389 1272 2.
1411 1245 1442 1272 cf.
1464 1246 1494 1272 sr.
1515 1247 1536 1272 l.
1557 1245 1590 1272 de
1610 1245 1634 1272 11.
1655 1255 1698 1281 qu.
1718 1255 1767 1282 pro
1786 1254 1839 1271 non
1859 1254 1910 1270 scr.
1924 1245 1967 1270 34.

1117 1291 1143 1317 8.
1162 1289 1192 1317 fr.
1214 1291 1254 1316 14.
1274 1299 1313 1326 pr.
1334 1288 1365 1315 fr.
1387 1291 1427 1315 15.
1447 1289 1484 1323 55.
1506 1291 1527 1315 1.
1543 1298 1583 1325 sq.
1604 1288 1637 1315 de
1656 1287 1686 1314 L.
1701 1287 1783 1314 Corn.
1804 1287 1836 1314 de
1856 1286 1966 1313 sals.48.

1118 1336 1158 1360 10,
1180 1343 1201 1359 c.
1221 1334 1245 1359 3.
1266 1343 1287 1358 c.
1308 1334 1332 1358 6.
1353 1332 1385 1359 de
1405 1332 1430 1358 11.
1451 1342 1494 1369 qu.
1515 1331 1568 1358 sibi
1587 1331 1672 1357 adscr.
1692 1331 1717 1357 9.
1735 1332 1778 1357 23.

1154 1377 1283 1403 Libra.
1327 1376 1358 1409 ξ.
1378 1377 1413 1402 1.
1444 1378 1574 1402 Pondus
1604 1375 1676 1401 xl!
1702 1375 1881 1401 unciarum.
1923 1372 1966 1399 111.

1119 1421 1184 1447 Cn.
1210 1418 1263 1454 Qui
1285 1429 1325 1445 em
1344 1419 1461 1445 vinctum
1481 1417 1603 1449 habebit.
1624 1416 1705 1443 libras
1726 1416 1802 1443 farris
1822 1415 1890 1443 endo
1910 1415 1968 1443 dies

1118 1462 1188 1489 dato.
1208 1461 1237 1488 L.
1252 1462 1301 1488 XII
1316 1461 1400 1488 Tabb.
1420 1461 1463 1488 111.
1483 1463 1506 1488 4.
1545 1460 1597 1488 Pro
1617 1459 1729 1495 singulis
1748 1459 1824 1486 libris
1843 1460 1968 1496 porcinae

1118 1506 1275 1543 (pecuniam
1302 1504 1469 1537 exsolvere.)
1502 1504 1552 1531 Τ11.
1573 1503 1604 1530 C.
1624 1502 1695 1529 XIV.
1716 1504 1740 1529 4.
1761 1513 1783 1529 c.
1801 1504 1826 1529 3.
1847 1502 1879 1529 de
1898 1512 1966 1529 suar.

1117 1549 1252 1585 Iubeoque
1271 1549 1374 1584 signum
1395 1548 1436 1574 dei
1457 1558 1489 1574 ex
1508 1547 1585 1574 libris
1606 1546 1637 1573 C.
1658 1547 1684 1572 in
1703 1545 1748 1572 illa
1767 1555 1841 1572 sacra
1860 1545 1968 1572 aede—

1118 1593 1206 1619 statui.
1227 1591 1258 1618 sr.
1277 1592 1319 1617 38.
1344 1591 1365 1625 5.
1386 1593 1410 1618 2.
1432 1591 1463 1617 de
1484 1600 1546 1617 auro
1567 1599 1618 1626 arg.
1638 1590 1679 1615 34.
1699 1591 1724 1615 2.
1760 1588 1881 1615 Alienata
1901 1588 1968 1615 libra

1095 1667 1096 1675 ἵ
1119 1636 1182 1665 auri.
1203 1634 1316 1671 amplius
1330 1634 1374 1660 IV.
1388 1633 1478 1671 pondo
1498 1643 1551 1660 nou
1571 1632 1744 1659 remanebunt
1759 1633 1784 1658 in
1799 1631 1967 1667 obligatione.

1119 1678 1149 1705 fr.
1169 1680 1210 1704 34.
1236 1678 1257 1711 5.
1277 1679 1302 1704 2.
1328 1677 1362 1703 ib.
1388 1678 1430 1703 34.
1449 1678 1474 1702 ⁴2.
1513 1676 1734 1711 Quotiescunque
1753 1691 1786 1695 —
1805 1675 1862 1701 auri
1883 1684 1969 1700 massa

1119 1722 1322 1748 transmittitur.
1348 1720 1374 1746 in
1392 1718 1502 1745 LXXII.
1526 1718 1629 1745 solidos
1648 1717 1715 1745 libra
1735 1718 1832 1745 feratur
1851 1722 1968 1755 accepto.

1119 1764 1169 1791 Th.
1190 1764 1221 1791 C.
1241 1763 1298 1790 XII.
1320 1764 1344 1789 6.
1369 1773 1390 1789 c.
1413 1764 1451 1788 13.
1476 1762 1498 1796 5.
1520 1764 1542 1788 1.
1568 1761 1601 1788 de
1625 1765 1773 1798 susceptor.
1792 1770 1916 1798 praepos.
1936 1776 1969 1780 —

1096 1829 1097 1834 .
1119 1809 1150 1841 ξ.
1171 1809 1207 1834 2.
1234 1809 1365 1834 Bilanx.
1404 1805 1422 1832 I.
1443 1806 1505 1839 Sy.
1531 1805 1611 1840 Quod
1636 1815 1684 1842 per
1707 1815 1752 1831 aes
1771 1809 1797 1831 et
1816 1803 1910 1830 libram
1928 1813 1970 1839 ge·

1119 1852 1194 1881 ritur.
1214 1860 1235 1876 s.
1249 1850 1342 1886 agitur.
1371 1848 1483 1875 Nexum.
1503 1848 1670 1885 Mancipatio.
1690 1847 1747 1874 Frr.
1762 1846 1794 1874 C.
1808 1846 1877 1873 Aelii
1889 1845 1969 1879 Galli,

1120 1894 1153 1920 M.
1174 1892 1283 1920 Manilii.
1304 1892 1356 1927 Qu.
1377 1891 1465 1918 Mucii.
1485 1891 1536 1928 Ap.
1556 1890 1669 1918 Varron.
1690 1891 1722 1918 de
1741 1889 1771 1917 L.
1785 1889 1815 1917 L.
1836 1889 1878 1916 VI.
1899 1891 1923 1915 5.
1943 1892 1970 1915 et

1120 1937 1230 1963 Festum
1249 1946 1273 1962 v.
1294 1935 1405 1962 Nexum.
1430 1934 1487 1961 Gai.
1508 1934 1539 1961 Il.
1561 1936 1618 1960 102.
1655 1934 1699 1961 III.
1714 1935 1781 1962 Cn.
1801 1933 1855 1968 Qui
1874 1932 1969 1958 manci-

1120 1981 1164 2017 pio
1185 1979 1289 2016 accipit,
1310 1988 1363 2005 rem
1383 1983 1476 2004 tenens
1497 1978 1531 2004 ita
1551 1977 1626 2004 dicit:
1648 1976 1748 2010 „Hunc
1768 1986 1815 2013 ego
1835 1975 1968 2002 hominem

1121 2033 1153 2049 ex
1179 2023 1235 2049 iure
1255 2022 1331 2057 Quir.
1352 2031 1438 2047 meum
1464 2030 1523 2047 esse
1547 2022 1604 2051 aio,
1632 2022 1709 2057 isque
1732 2019 1795 2046 mihi
1819 2022 1903 2044 emtus
1928 2022 1969 2044 est

1096 2095 1098 2101 y
1120 2066 1171 2092 hoc
1190 2076 1249 2091 aere
1269 2074 1401 2100 aeneaque.
1421 2063 1515 2090 libra.“
1544 2063 1648 2090 Deinde
1663 2073 1722 2089 aere
1740 2061 1854 2099 percutit
1874 2059 1968 2086 llbram

1120 2114 1169 2135 etc.
1190 2108 1248 2135 Gai.
1267 2107 1286 2134 I.
1309 2108 1365 2133 119.
1386 2106 1416 2132 11.
1438 2107 1496 2132 104.
1533 2105 1567 2137 Is.
1588 2106 1633 2142 qui
1652 2105 1788 2135 liberatur.
1807 2104 1841 2130 ita
1862 2107 1969 2140 oportet

1120 2151 1258 2188 loquatur:
1289 2148 1394 2184 ..Quod
1418 2159 1465 2185 ego
1491 2148 1538 2175 tibi
1562 2153 1603 2174 tot
1624 2147 1741 2174 millibus
1761 2156 1792 2172 eo
1811 2146 1917 2172 nomine
1935 2161 1968 2165 -

1097 2207 1099 2229 ¹,
1120 2194 1197 2221 solvo
1217 2193 1356 2229 liberoque
1376 2192 1426 2218 hoc
1446 2202 1506 2218 aere
1526 2201 1657 2227 aeneaque
1680 2189 1761 2220 libra,
1786 2188 1853 2214 banc
1872 2188 1920 2215 tibi
1939 2188 1969 2215 li-

1120 2238 1194 2264 bram
1218 2237 1342 2273 primam.
1366 2240 1536 2272 postremam.
1558 2236 1612 2254 —‘*
1653 2232 1690 2259 lb.
1710 2232 1753 2259 III.
1775 2233 1832 2257 174.
1857 2230 1888 2257 cf.
1910 2232 1968 2258 173.

1122 2280 1321 2307 Testamentum
1341 2288 1389 2315 per
1408 2287 1452 2304 aes
1473 2282 1498 2304 et
1517 2277 1618 2304 libram.
1638 2275 1675 2302 lb.
1696 2274 1725 2301 ll.
1745 2276 1802 2301 102.
1821 2284 1881 2311 sqq.
1907 2273 1967 2311 le.

1121 2323 1180 2349 XX.
1200 2324 1224 2348 2.
1244 2324 1269 2348 9.

1157 2364 1335 2392 Libralis.
1355 2362 1484 2396 (Adiect.)
1525 2364 1586 2395 Qui
1605 2368 1649 2388 es!
1671 2363 1767 2387 auius
1786 2362 1899 2387 librae.
1937 2359 1967 2386 Il.

1123 2410 1191 2442 01).
1210 2406 1379 2444 DupoudiuS.
1404 2405 1445 2432 Cf.
1465 2404 1490 2431 h.
1510 2414 1535 2430 v.

1157 2450 1461 2477 Libramentum.
1498 2447 1529 2480 ξ.
1553 2448 1587 2473 1.
1620 2448 1828 2473 Ponderatio.
1867 2445 1884 2472 l.
1905 2447 1968 2480 Sy.

1122 2494 1252 2520 Mensura.
1278 2492 1328 2518 Th.
1349 2490 1380 2517 C.
1400 2489 1468 2516 VIII.
1488 2492 1511 2515 5.
1537 2500 1558 2516 c.
1581 2492 1618 2516 ls.
1645 2500 1665 2515 c.
1685 2491 1726 2515 30.
1748 2499 1768 2515 c.
1789 2490 1830 2515 47.
1850 2489 1916 2522 5.1.
1935 2488 1968 2514 de

1123 2547 1201 2564 cursu
1221 2535 1283 2573 pub.
1320 2533 1362 2560 ΙΙΙ.
1384 2534 1450 2560 Cn.
1480 2532 1572 2569 Aequa
1596 2532 1671 2558 lance
1695 2537 1720 2558 et
1744 2531 1908 2558 libramentis
1927 2540 1969 2567 pa-

1098 2588 1100 2610 2
1123 2580 1197 2606 ribus
1218 2578 1367 2614 (suscipere
1386 2576 1498 2607 aurum.)
1524 2575 1561 2601 Ib.
1582 2575 1639 2601 XII.
1660 2577 1682 2601 7.
1704 2585 1724 2601 c.
1746 2576 1768 2600 1.
1789 2574 1822 2601 de
1841 2573 1967 2611 pondera-

1124 2628 1173 2649 tor.
1189 2639 1218 2643 -
1240 2622 1270 2654 ς’.
1285 2621 1321 2646 2.
1343 2619 1457 2645 Modus
1477 2620 1585 2644 iustae
1605 2619 1811 2644 altitudinis.
1848 2616 1967 2643 HLO„-

1124 2664 1232 2699 Purgari
1258 2665 1312 2695 (sc.
1338 2661 1425 2693 viam)
1454 2662 1563 2698 proprie
1592 2660 1703 2691 dicitnr,
1731 2659 1763 2686 ad
1786 2659 1968 2685 libramentum

1124 2707 1260 2744 proprium
1280 2704 1411 2740 redigere,
1431 2703 1537 2730 sublato
1557 2713 1602 2735 eo,
1625 2701 1696 2739 quod
1715 2712 1796 2740 super
1815 2710 1869 2728 eam
1887 2705 1966 2726 esset.

1124 2749 1155 2776 fr.
1177 2751 1200 2775 1.
1220 2748 1242 2782 5.
1264 2749 1286 2773 1.
1307 2747 1339 2773 de
1359 2748 1399 2773 via
1419 2746 1481 2783 pub.
1502 2751 1528 2773 et
1546 2746 1602 2772 itin.
1622 2746 1663 2771 43.
1685 2747 1725 2772 11.
1745 2760 1777 2764 -
1801 2745 1832 2777 ξ.
1851 2744 1888 2769 3.
1909 2744 1967 2768 ,4ο-

1124 2796 1343 2826 ᾳιιαηιειεὶιιηι,
1371 2791 1678 2824 Temperamentnm.
1714 2786 1758 2814 III.
1778 2787 1843 2814 011·
1872 2784 1967 2812 Huius-

1124 2833 1197 2861 modi
1221 2833 1315 2870 spatiis
1340 2834 1437 2859 iustum
1462 2833 1597 2869 imponere
1620 2830 1810 2857 libramentum.
1839 2837 1860 2853 c.
1879 2829 1903 2853 5.
1927 2837 1966 2864 pr.
