<?xml version="1.0" encoding="UTF-8"?>
<!DOCTYPE html PUBLIC "-//W3C//DTD XHTML 1.0 Transitional//EN"
    "http://www.w3.org/TR/xhtml1/DTD/xhtml1-transitional.dtd">
<html xmlns="http://www.w3.org/1999/xhtml" xml:lang="en" lang="en">
 <head>
  <title>
</title>
<meta http-equiv="Content-Type" content="text/html;charset=utf-8" />
  <meta name='ocr-system' content='tesseract 3.04.00' />
  <meta name='ocr-capabilities' content='ocr_page ocr_carea ocr_par ocr_line ocrx_word'/>
</head>
<body>
  <div class='ocr_page' id='page_1' title='image "./manualelatinitat00dirk_0816.png"; bbox 0 0 2197 3121; ppageno 0'>
   <div class='ocr_carea' id='block_1_1' title="bbox 257 188 322 219">
    <p class='ocr_par' dir='ltr' id='par_1_1' title="bbox 257 188 322 219">
     <span class='ocr_line' id='line_1_1' title="bbox 257 188 322 219; baseline -0.015 0"><span class='ocrx_word' id='word_1_1' title='bbox 257 188 322 219; x_wconf 83' lang='grc'>802</span> 
     </span>
    </p>
   </div>
   <div class='ocr_carea' id='block_1_2' title="bbox 259 268 1107 1510">
    <p class='ocr_par' dir='ltr' id='par_1_2' title="bbox 260 268 1105 426">
     <span class='ocr_line' id='line_1_2' title="bbox 260 268 1104 305; baseline 0.001 -9"><span class='ocrx_word' id='word_1_2' title='bbox 260 271 303 296; x_wconf 88' lang='grc'>41.</span> <span class='ocrx_word' id='word_1_3' title='bbox 335 269 390 296; x_wconf 91' lang='lat' dir='ltr'>Suo</span> <span class='ocrx_word' id='word_1_4' title='bbox 409 269 514 296; x_wconf 87' lang='lat' dir='ltr'>insistat</span> <span class='ocrx_word' id='word_1_5' title='bbox 533 268 630 300; x_wconf 78' lang='lat' dir='ltr'>officio,</span> <span class='ocrx_word' id='word_1_6' title='bbox 649 274 718 305; x_wconf 84' lang='lat' dir='ltr'>quat.</span> <span class='ocrx_word' id='word_1_7' title='bbox 732 274 781 296; x_wconf 78' lang='lat' dir='ltr'>etc.</span> <span class='ocrx_word' id='word_1_8' title='bbox 802 268 851 296; x_wconf 82' lang='lat' dir='ltr'>Th.</span> <span class='ocrx_word' id='word_1_9' title='bbox 866 268 897 297; x_wconf 90' lang='lat' dir='ltr'>C.</span> <span class='ocrx_word' id='word_1_10' title='bbox 911 269 981 297; x_wconf 84' lang='lat' dir='ltr'>XIV.</span> <span class='ocrx_word' id='word_1_11' title='bbox 1001 272 1025 297; x_wconf 82' lang='grc'>4.</span> <span class='ocrx_word' id='word_1_12' title='bbox 1046 280 1067 297; x_wconf 82' lang='lat' dir='ltr'>c.</span> <span class='ocrx_word' id='word_1_13' title='bbox 1081 271 1104 297; x_wconf 82' lang='lat'>6.</span> 
     </span>
     <span class='ocr_line' id='line_1_3' title="bbox 260 311 1105 348; baseline 0 -9"><span class='ocrx_word' id='word_1_14' title='bbox 260 312 294 340; x_wconf 84' lang='lat' dir='ltr'>de</span> <span class='ocrx_word' id='word_1_15' title='bbox 313 323 380 339; x_wconf 81' lang='lat' dir='ltr'>suar.</span> <span class='ocrx_word' id='word_1_16' title='bbox 419 311 657 343; x_wconf 71' lang='lat' dir='ltr'>condemnabitur,</span> <span class='ocrx_word' id='word_1_17' title='bbox 682 317 751 348; x_wconf 82' lang='lat' dir='ltr'>quat.</span> <span class='ocrx_word' id='word_1_18' title='bbox 777 312 809 339; x_wconf 88' lang='lat' dir='ltr'>ab</span> <span class='ocrx_word' id='word_1_19' title='bbox 834 314 937 340; x_wconf 85' lang='lat' dir='ltr'>actione</span> <span class='ocrx_word' id='word_1_20' title='bbox 955 322 1001 339; x_wconf 84' lang='lat' dir='ltr'>sua</span> <span class='ocrx_word' id='word_1_21' title='bbox 1022 312 1105 339; x_wconf 82' lang='lat' dir='ltr'>radat.</span> 
     </span>
     <span class='ocr_line' id='line_1_4' title="bbox 261 355 1104 394; baseline -0.001 -11"><span class='ocrx_word' id='word_1_22' title='bbox 261 356 307 383; x_wconf 91' lang='lat' dir='ltr'>Iul.</span> <span class='ocrx_word' id='word_1_23' title='bbox 328 367 368 394; x_wconf 70' lang='lat' dir='ltr'>ep.</span> <span class='ocrx_word' id='word_1_24' title='bbox 389 365 448 382; x_wconf 83' lang='lat' dir='ltr'>nov.</span> <span class='ocrx_word' id='word_1_25' title='bbox 469 365 490 381; x_wconf 92' lang='lat' dir='ltr'>c.</span> <span class='ocrx_word' id='word_1_26' title='bbox 512 356 568 381; x_wconf 86' lang='lat'>122.</span> <span class='ocrx_word' id='word_1_27' title='bbox 592 355 614 389; x_wconf 86' lang='lat'>§.</span> <span class='ocrx_word' id='word_1_28' title='bbox 633 357 692 382; x_wconf 74' lang='lat'>527.</span> <span class='ocrx_word' id='word_1_29' title='bbox 717 366 738 382; x_wconf 87' lang='lat' dir='ltr'>c.</span> <span class='ocrx_word' id='word_1_30' title='bbox 761 357 782 382; x_wconf 92' lang='lat'>1.</span> <span class='ocrx_word' id='word_1_31' title='bbox 802 366 841 393; x_wconf 86' lang='lat' dir='ltr'>pr.</span> <span class='ocrx_word' id='word_1_32' title='bbox 861 355 894 383; x_wconf 82' lang='lat' dir='ltr'>de</span> <span class='ocrx_word' id='word_1_33' title='bbox 914 365 1006 383; x_wconf 87' lang='lat' dir='ltr'>comm.</span> <span class='ocrx_word' id='word_1_34' title='bbox 1026 365 1104 382; x_wconf 70' lang='lat' dir='ltr'>servo</span> 
     </span>
     <span class='ocr_line' id='line_1_5' title="bbox 260 408 414 426; baseline -0.013 0"><span class='ocrx_word' id='word_1_35' title='bbox 260 409 327 426; x_wconf 79' lang='lat' dir='ltr'>man.</span> <span class='ocrx_word' id='word_1_36' title='bbox 353 413 371 424; x_wconf 77' lang='lat' dir='ltr'>a.</span> <span class='ocrx_word' id='word_1_37' title='bbox 396 408 414 424; x_wconf 72' lang='grc' dir='ltr'>ι.</span> 
     </span>
    </p>

    <p class='ocr_par' dir='ltr' id='par_1_3' title="bbox 260 440 1104 521">
     <span class='ocr_line' id='line_1_6' title="bbox 295 440 1104 474; baseline 0 -5"><span class='ocrx_word' id='word_1_38' title='bbox 295 443 453 474; x_wconf 64' lang='lat' dir='ltr'>Quater.</span> <span class='ocrx_word' id='word_1_39' title='bbox 484 440 599 474; x_wconf 82' lang='lat' dir='ltr'>(Advb.)</span> <span class='ocrx_word' id='word_1_40' title='bbox 633 443 783 474; x_wconf 79' lang='lat' dir='ltr'>Quatuor</span> <span class='ocrx_word' id='word_1_41' title='bbox 802 444 937 469; x_wconf 70' lang='lat' dir='ltr'>vicibus.</span> <span class='ocrx_word' id='word_1_42' title='bbox 974 441 1017 468; x_wconf 81' lang='lat' dir='ltr'>HI.</span> <span class='ocrx_word' id='word_1_43' title='bbox 1038 443 1104 470; x_wconf 78' lang='lat' dir='ltr'>Gn.</span> 
     </span>
     <span class='ocr_line' id='line_1_7' title="bbox 260 483 1032 521; baseline -0.003 -9"><span class='ocrx_word' id='word_1_44' title='bbox 260 484 314 512; x_wconf 75' lang='lat' dir='ltr'>Ter</span> <span class='ocrx_word' id='word_1_45' title='bbox 334 490 359 510; x_wconf 87' lang='lat' dir='ltr'>ct</span> <span class='ocrx_word' id='word_1_46' title='bbox 377 488 468 520; x_wconf 82' lang='lat' dir='ltr'>quater</span> <span class='ocrx_word' id='word_1_47' title='bbox 487 485 657 521; x_wconf 75' lang='lat' dir='ltr'>(peperisse.)</span> <span class='ocrx_word' id='word_1_48' title='bbox 676 483 750 511; x_wconf 83' lang='lat' dir='ltr'>Paul.</span> <span class='ocrx_word' id='word_1_49' title='bbox 770 484 812 512; x_wconf 91' lang='lat' dir='ltr'>IV.</span> <span class='ocrx_word' id='word_1_50' title='bbox 832 487 856 512; x_wconf 86' lang='lat'>9.</span> <span class='ocrx_word' id='word_1_51' title='bbox 876 485 914 518; x_wconf 84' lang='lat'>§§.</span> <span class='ocrx_word' id='word_1_52' title='bbox 933 486 956 511; x_wconf 92' lang='lat' dir='ltr'>l.</span> <span class='ocrx_word' id='word_1_53' title='bbox 975 494 1032 521; x_wconf 88' lang='lat' dir='ltr'>sqq.</span> 
     </span>
    </p>

    <p class='ocr_par' dir='ltr' id='par_1_4' title="bbox 259 527 1106 867">
     <span class='ocr_line' id='line_1_8' title="bbox 295 527 1103 561; baseline 0 -7"><span class='ocrx_word' id='word_1_54' title='bbox 295 528 477 559; x_wconf 67' lang='lat' dir='ltr'>Quatere.</span> <span class='ocrx_word' id='word_1_55' title='bbox 514 528 546 561; x_wconf 82' lang='lat'>§.</span> <span class='ocrx_word' id='word_1_56' title='bbox 570 528 603 554; x_wconf 88' lang='lat'>1.</span> <span class='ocrx_word' id='word_1_57' title='bbox 633 528 812 560; x_wconf 75' lang='lat' dir='ltr'>Qnassare,</span> <span class='ocrx_word' id='word_1_58' title='bbox 839 529 1024 555; x_wconf 73' lang='lat' dir='ltr'>Com-utere.</span> <span class='ocrx_word' id='word_1_59' title='bbox 1061 527 1103 554; x_wconf 85' lang='lat' dir='ltr'>III.</span> 
     </span>
     <span class='ocr_line' id='line_1_9' title="bbox 260 569 1106 608; baseline 0 -11"><span class='ocrx_word' id='word_1_60' title='bbox 260 571 326 598; x_wconf 78' lang='lat' dir='ltr'>Cn·</span> <span class='ocrx_word' id='word_1_61' title='bbox 351 569 390 596; x_wconf 65' lang='lat' dir='ltr'>*Ne</span> <span class='ocrx_word' id='word_1_62' title='bbox 413 585 445 589; x_wconf 85' lang='lat'>-—·</span> <span class='ocrx_word' id='word_1_63' title='bbox 470 571 570 596; x_wconf 89' lang='lat' dir='ltr'>ruentis</span> <span class='ocrx_word' id='word_1_64' title='bbox 595 569 729 605; x_wconf 78' lang='lat' dir='ltr'>grandinis</span> <span class='ocrx_word' id='word_1_65' title='bbox 753 570 912 607; x_wconf 74' lang='lat' dir='ltr'><strong>lapidatione</strong></span> <span class='ocrx_word' id='word_1_66' title='bbox 936 575 1106 608; x_wconf 70' lang='lat' dir='ltr'>quaterentur</span> 
     </span>
     <span class='ocr_line' id='line_1_10' title="bbox 259 612 1104 647; baseline 0.002 -9"><span class='ocrx_word' id='word_1_67' title='bbox 259 612 440 647; x_wconf 77' lang='lat' dir='ltr'>(vindemiae.)</span> <span class='ocrx_word' id='word_1_68' title='bbox 461 612 510 639; x_wconf 87' lang='lat' dir='ltr'>Th.</span> <span class='ocrx_word' id='word_1_69' title='bbox 532 612 562 640; x_wconf 93' lang='lat' dir='ltr'>C.</span> <span class='ocrx_word' id='word_1_70' title='bbox 583 612 627 639; x_wconf 81' lang='lat' dir='ltr'>IX.</span> <span class='ocrx_word' id='word_1_71' title='bbox 650 614 687 640; x_wconf 96' lang='lat'>16.</span> <span class='ocrx_word' id='word_1_72' title='bbox 708 624 728 640; x_wconf 85' lang='lat' dir='ltr'>c.</span> <span class='ocrx_word' id='word_1_73' title='bbox 749 616 773 640; x_wconf 92' lang='lat'>3.</span> <span class='ocrx_word' id='word_1_74' title='bbox 793 613 826 640; x_wconf 87' lang='lat' dir='ltr'>de</span> <span class='ocrx_word' id='word_1_75' title='bbox 845 613 955 640; x_wconf 85' lang='lat' dir='ltr'>malefic.</span> <span class='ocrx_word' id='word_1_76' title='bbox 973 629 1004 633; x_wconf 91' lang='lat'>—</span> <span class='ocrx_word' id='word_1_77' title='bbox 1024 614 1056 647; x_wconf 82' lang='lat'>§.</span> <span class='ocrx_word' id='word_1_78' title='bbox 1068 615 1104 640; x_wconf 69' lang='lat'>2.</span> 
     </span>
     <span class='ocr_line' id='line_1_11' title="bbox 259 655 1104 692; baseline 0 -9"><span class='ocrx_word' id='word_1_79' title='bbox 259 657 388 687; x_wconf 82' lang='lat' dir='ltr'>Ferire,</span> <span class='ocrx_word' id='word_1_80' title='bbox 410 657 596 692; x_wconf 72' lang='lat' dir='ltr'>Adfligere.</span> <span class='ocrx_word' id='word_1_81' title='bbox 633 655 651 683; x_wconf 95' lang='lat'>1.</span> <span class='ocrx_word' id='word_1_82' title='bbox 672 657 733 691; x_wconf 82' lang='lat' dir='ltr'>Sy.</span> <span class='ocrx_word' id='word_1_83' title='bbox 753 656 902 683; x_wconf 78' lang='lat' dir='ltr'>Percellere</span> <span class='ocrx_word' id='word_1_84' title='bbox 921 656 1018 690; x_wconf 85' lang='lat' dir='ltr'>(multa</span> <span class='ocrx_word' id='word_1_85' title='bbox 1038 657 1104 690; x_wconf 82' lang='lat' dir='ltr'>etc.)</span> 
     </span>
     <span class='ocr_line' id='line_1_12' title="bbox 259 698 1105 735; baseline 0.001 -10"><span class='ocrx_word' id='word_1_86' title='bbox 259 698 296 725; x_wconf 85' lang='lat' dir='ltr'>lb.</span> <span class='ocrx_word' id='word_1_87' title='bbox 317 698 372 725; x_wconf 76' lang='lat' dir='ltr'>VII.</span> <span class='ocrx_word' id='word_1_88' title='bbox 393 700 416 725; x_wconf 87' lang='lat'>4.</span> <span class='ocrx_word' id='word_1_89' title='bbox 442 709 463 725; x_wconf 88' lang='lat' dir='ltr'>c.</span> <span class='ocrx_word' id='word_1_90' title='bbox 483 700 525 725; x_wconf 84' lang='lat'>30.</span> <span class='ocrx_word' id='word_1_91' title='bbox 550 709 571 725; x_wconf 88' lang='lat' dir='ltr'>c.</span> <span class='ocrx_word' id='word_1_92' title='bbox 590 700 633 725; x_wconf 84' lang='lat'>32.</span> <span class='ocrx_word' id='word_1_93' title='bbox 658 698 690 725; x_wconf 80' lang='lat' dir='ltr'>de</span> <span class='ocrx_word' id='word_1_94' title='bbox 713 709 783 735; x_wconf 85' lang='lat' dir='ltr'>erog.</span> <span class='ocrx_word' id='word_1_95' title='bbox 804 699 857 726; x_wconf 80' lang='lat' dir='ltr'>mil.</span> <span class='ocrx_word' id='word_1_96' title='bbox 877 710 935 726; x_wconf 85' lang='lat' dir='ltr'>ann.</span> <span class='ocrx_word' id='word_1_97' title='bbox 972 699 1015 726; x_wconf 87' lang='lat' dir='ltr'>III.</span> <span class='ocrx_word' id='word_1_98' title='bbox 1039 701 1105 727; x_wconf 79' lang='lat' dir='ltr'>Gn.</span> 
     </span>
     <span class='ocr_line' id='line_1_13' title="bbox 259 741 1103 779; baseline 0 -10"><span class='ocrx_word' id='word_1_99' title='bbox 259 741 314 769; x_wconf 78' lang='lat' dir='ltr'>Nec</span> <span class='ocrx_word' id='word_1_100' title='bbox 335 758 365 763; x_wconf 88' lang='lat'>·—</span> <span class='ocrx_word' id='word_1_101' title='bbox 386 741 494 768; x_wconf 67' lang='lat' dir='ltr'>relictae</span> <span class='ocrx_word' id='word_1_102' title='bbox 512 742 621 778; x_wconf 75' lang='lat' dir='ltr'>originis</span> <span class='ocrx_word' id='word_1_103' title='bbox 647 741 744 768; x_wconf 86' lang='lat' dir='ltr'>invidia</span> <span class='ocrx_word' id='word_1_104' title='bbox 763 743 902 779; x_wconf 73' lang='lat' dir='ltr'>quatiatur.</span> <span class='ocrx_word' id='word_1_105' title='bbox 934 743 972 770; x_wconf 92' lang='lat' dir='ltr'>Ib.</span> <span class='ocrx_word' id='word_1_106' title='bbox 995 742 1038 769; x_wconf 73' lang='lat' dir='ltr'>Vl.</span> <span class='ocrx_word' id='word_1_107' title='bbox 1062 744 1103 770; x_wconf 83' lang='lat'>35.</span> 
     </span>
     <span class='ocr_line' id='line_1_14' title="bbox 259 785 1106 823; baseline 0 -11"><span class='ocrx_word' id='word_1_108' title='bbox 259 795 281 812; x_wconf 90' lang='lat' dir='ltr'>c.</span> <span class='ocrx_word' id='word_1_109' title='bbox 297 787 337 812; x_wconf 89' lang='lat'>14.</span> <span class='ocrx_word' id='word_1_110' title='bbox 351 796 388 822; x_wconf 81' lang='lat' dir='ltr'>pr.</span> <span class='ocrx_word' id='word_1_111' title='bbox 410 785 442 812; x_wconf 85' lang='lat' dir='ltr'>de</span> <span class='ocrx_word' id='word_1_112' title='bbox 461 786 528 822; x_wconf 73' lang='lat' dir='ltr'>priV.</span> <span class='ocrx_word' id='word_1_113' title='bbox 548 795 602 812; x_wconf 86' lang='lat' dir='ltr'>eor.</span> <span class='ocrx_word' id='word_1_114' title='bbox 623 795 665 821; x_wconf 86' lang='lat' dir='ltr'>qu.</span> <span class='ocrx_word' id='word_1_115' title='bbox 685 786 710 811; x_wconf 89' lang='lat' dir='ltr'>in</span> <span class='ocrx_word' id='word_1_116' title='bbox 732 785 759 812; x_wconf 88' lang='lat' dir='ltr'>S.</span> <span class='ocrx_word' id='word_1_117' title='bbox 774 785 824 822; x_wconf 82' lang='lat' dir='ltr'>pal.</span> <span class='ocrx_word' id='word_1_118' title='bbox 863 785 943 812; x_wconf 86' lang='lat' dir='ltr'>Gravi</span> <span class='ocrx_word' id='word_1_119' title='bbox 963 795 1106 823; x_wconf 81' lang='lat' dir='ltr'><strong>possessor</strong></span> 
     </span>
     <span class='ocr_line' id='line_1_15' title="bbox 259 828 1058 867; baseline 0 -12"><span class='ocrx_word' id='word_1_120' title='bbox 259 828 354 855; x_wconf 84' lang='lat' dir='ltr'>damno</span> <span class='ocrx_word' id='word_1_121' title='bbox 374 829 513 865; x_wconf 83' lang='lat' dir='ltr'>quatiatur.</span> <span class='ocrx_word' id='word_1_122' title='bbox 533 828 568 854; x_wconf 95' lang='lat' dir='ltr'>lb.</span> <span class='ocrx_word' id='word_1_123' title='bbox 588 828 633 854; x_wconf 82' lang='lat' dir='ltr'>XI.</span> <span class='ocrx_word' id='word_1_124' title='bbox 653 829 677 854; x_wconf 84' lang='lat'>8.</span> <span class='ocrx_word' id='word_1_125' title='bbox 697 838 719 854; x_wconf 92' lang='lat' dir='ltr'>c.</span> <span class='ocrx_word' id='word_1_126' title='bbox 738 830 762 854; x_wconf 88' lang='lat'>3.</span> <span class='ocrx_word' id='word_1_127' title='bbox 782 839 821 866; x_wconf 84' lang='lat' dir='ltr'>pr.</span> <span class='ocrx_word' id='word_1_128' title='bbox 841 828 874 855; x_wconf 88' lang='lat' dir='ltr'>de</span> <span class='ocrx_word' id='word_1_129' title='bbox 893 833 1058 867; x_wconf 84' lang='lat' dir='ltr'>superexact.</span> 
     </span>
    </p>

    <p class='ocr_par' dir='ltr' id='par_1_5' title="bbox 259 871 1105 1113">
     <span class='ocr_line' id='line_1_16' title="bbox 294 871 1104 906; baseline -0.001 -7"><span class='ocrx_word' id='word_1_130' title='bbox 294 872 495 904; x_wconf 64' lang='lat' dir='ltr'>Quaterni·</span> <span class='ocrx_word' id='word_1_131' title='bbox 516 871 645 904; x_wconf 74' lang='lat' dir='ltr'>(Adit-ct.)</span> <span class='ocrx_word' id='word_1_132' title='bbox 668 873 961 906; x_wconf 77' lang='lat' dir='ltr'>Quiqualernario</span> <span class='ocrx_word' id='word_1_133' title='bbox 976 882 1104 899; x_wconf 82' lang='lat' dir='ltr'>numero</span> 
     </span>
     <span class='ocr_line' id='line_1_17' title="bbox 259 914 1104 951; baseline 0 -9"><span class='ocrx_word' id='word_1_134' title='bbox 259 921 417 942; x_wconf 79' lang='lat' dir='ltr'>constant.</span> <span class='ocrx_word' id='word_1_135' title='bbox 455 914 497 940; x_wconf 94' lang='lat' dir='ltr'>III.</span> <span class='ocrx_word' id='word_1_136' title='bbox 513 916 579 942; x_wconf 78' lang='lat' dir='ltr'>Cn.</span> <span class='ocrx_word' id='word_1_137' title='bbox 600 914 749 951; x_wconf 76' lang='lat' dir='ltr'>Quinquies</span> <span class='ocrx_word' id='word_1_138' title='bbox 769 919 912 951; x_wconf 87' lang='lat' dir='ltr'>quaternos</span> <span class='ocrx_word' id='word_1_139' title='bbox 932 916 1016 942; x_wconf 84' lang='lat' dir='ltr'>enixa.</span> <span class='ocrx_word' id='word_1_140' title='bbox 1036 914 1066 942; x_wconf 79' lang='lat' dir='ltr'>fr.</span> <span class='ocrx_word' id='word_1_141' title='bbox 1080 916 1104 941; x_wconf 89' lang='lat'>3.</span> 
     </span>
     <span class='ocr_line' id='line_1_18' title="bbox 259 956 1105 995; baseline 0 -11"><span class='ocrx_word' id='word_1_142' title='bbox 259 959 282 984; x_wconf 90' lang='lat' dir='ltr'>si</span> <span class='ocrx_word' id='word_1_143' title='bbox 306 967 367 995; x_wconf 81' lang='lat' dir='ltr'>pars</span> <span class='ocrx_word' id='word_1_144' title='bbox 392 957 481 984; x_wconf 82' lang='lat' dir='ltr'>hered.</span> <span class='ocrx_word' id='word_1_145' title='bbox 506 959 529 983; x_wconf 86' lang='lat'>5.</span> <span class='ocrx_word' id='word_1_146' title='bbox 554 959 578 984; x_wconf 90' lang='lat'>4.</span> <span class='ocrx_word' id='word_1_147' title='bbox 619 956 736 984; x_wconf 83' lang='lat' dir='ltr'>Libellos</span> <span class='ocrx_word' id='word_1_148' title='bbox 765 957 843 984; x_wconf 84' lang='lat' dir='ltr'>debet</span> <span class='ocrx_word' id='word_1_149' title='bbox 872 963 1015 994; x_wconf 84' lang='lat' dir='ltr'>quaternos</span> <span class='ocrx_word' id='word_1_150' title='bbox 1043 958 1105 984; x_wconf 82' lang='lat' dir='ltr'>dare</span> 
     </span>
     <span class='ocr_line' id='line_1_19' title="bbox 259 999 797 1035; baseline -0.002 -7"><span class='ocrx_word' id='word_1_151' title='bbox 259 1000 385 1028; x_wconf 72' lang='lat' dir='ltr'>Praetori.</span> <span class='ocrx_word' id='word_1_152' title='bbox 415 999 499 1027; x_wconf 75' lang='lat' dir='ltr'>Vatic.</span> <span class='ocrx_word' id='word_1_153' title='bbox 519 1000 541 1034; x_wconf 57' lang='grc' dir='ltr'>ᾗ.</span> <span class='ocrx_word' id='word_1_154' title='bbox 561 1002 621 1027; x_wconf 90' lang='grc'>210.</span> <span class='ocrx_word' id='word_1_155' title='bbox 641 1000 673 1027; x_wconf 74' lang='lat' dir='ltr'>ef.</span> <span class='ocrx_word' id='word_1_156' title='bbox 698 1001 719 1035; x_wconf 68' lang='grc' dir='ltr'>ξ.</span> <span class='ocrx_word' id='word_1_157' title='bbox 742 1002 797 1027; x_wconf 87' lang='lat'>167.</span> 
     </span>
     <span class='ocr_line' id='line_1_20' title="bbox 260 1043 1104 1081; baseline 0 -11"><span class='ocrx_word' id='word_1_158' title='bbox 260 1049 348 1070; x_wconf 85' lang='lat' dir='ltr'>mento</span> <span class='ocrx_word' id='word_1_159' title='bbox 372 1044 529 1070; x_wconf 77' lang='lat' dir='ltr'>centesimas</span> <span class='ocrx_word' id='word_1_160' title='bbox 553 1048 757 1081; x_wconf 79' lang='lat' dir='ltr'>consequantur.</span> <span class='ocrx_word' id='word_1_161' title='bbox 785 1043 834 1071; x_wconf 92' lang='lat' dir='ltr'>Th.</span> <span class='ocrx_word' id='word_1_162' title='bbox 855 1043 886 1071; x_wconf 93' lang='lat' dir='ltr'>C.</span> <span class='ocrx_word' id='word_1_163' title='bbox 906 1043 975 1071; x_wconf 77' lang='lat' dir='ltr'>XIII.</span> <span class='ocrx_word' id='word_1_164' title='bbox 995 1047 1019 1071; x_wconf 98' lang='lat'>5.</span> <span class='ocrx_word' id='word_1_165' title='bbox 1040 1054 1061 1071; x_wconf 91' lang='lat' dir='ltr'>c.</span> <span class='ocrx_word' id='word_1_166' title='bbox 1081 1045 1104 1070; x_wconf 88' lang='grc'>7.</span> 
     </span>
     <span class='ocr_line' id='line_1_21' title="bbox 260 1086 452 1113; baseline -0.005 0"><span class='ocrx_word' id='word_1_167' title='bbox 260 1086 293 1113; x_wconf 84' lang='lat' dir='ltr'>de</span> <span class='ocrx_word' id='word_1_168' title='bbox 312 1086 452 1113; x_wconf 78' lang='lat' dir='ltr'>navicular.</span> 
     </span>
    </p>

    <p class='ocr_par' dir='ltr' id='par_1_6' title="bbox 260 1129 1105 1253">
     <span class='ocr_line' id='line_1_22' title="bbox 295 1129 1104 1164; baseline -0.001 -7"><span class='ocrx_word' id='word_1_169' title='bbox 295 1131 480 1162; x_wconf 58' lang='lat' dir='ltr'>cuatuor.</span> <span class='ocrx_word' id='word_1_170' title='bbox 517 1131 575 1156; x_wconf 78' lang='lat' dir='ltr'>Bis</span> <span class='ocrx_word' id='word_1_171' title='bbox 594 1132 661 1156; x_wconf 76' lang='lat' dir='ltr'>duo.</span> <span class='ocrx_word' id='word_1_172' title='bbox 698 1129 716 1156; x_wconf 94' lang='lat' dir='ltr'>I.</span> <span class='ocrx_word' id='word_1_173' title='bbox 738 1130 800 1164; x_wconf 82' lang='lat' dir='ltr'>Sy.</span> <span class='ocrx_word' id='word_1_174' title='bbox 819 1129 894 1157; x_wconf 84' lang='lat' dir='ltr'>Paria</span> <span class='ocrx_word' id='word_1_175' title='bbox 914 1129 975 1158; x_wconf 84' lang='lat' dir='ltr'>duo.</span> <span class='ocrx_word' id='word_1_176' title='bbox 995 1140 1015 1156; x_wconf 91' lang='lat' dir='ltr'>s.</span> <span class='ocrx_word' id='word_1_177' title='bbox 1035 1129 1104 1156; x_wconf 89' lang='lat' dir='ltr'>bina.</span> 
     </span>
     <span class='ocr_line' id='line_1_23' title="bbox 260 1172 1105 1210; baseline 0 -11"><span class='ocrx_word' id='word_1_178' title='bbox 260 1173 291 1200; x_wconf 88' lang='lat' dir='ltr'>fr.</span> <span class='ocrx_word' id='word_1_179' title='bbox 310 1175 352 1199; x_wconf 88' lang='grc'>30.</span> <span class='ocrx_word' id='word_1_180' title='bbox 372 1183 411 1210; x_wconf 81' lang='lat' dir='ltr'>pr.</span> <span class='ocrx_word' id='word_1_181' title='bbox 432 1172 465 1199; x_wconf 87' lang='lat' dir='ltr'>de</span> <span class='ocrx_word' id='word_1_182' title='bbox 484 1172 559 1208; x_wconf 82' lang='lat' dir='ltr'>legat.</span> <span class='ocrx_word' id='word_1_183' title='bbox 580 1172 621 1198; x_wconf 91' lang='lat' dir='ltr'>Ill.</span> <span class='ocrx_word' id='word_1_184' title='bbox 643 1173 710 1206; x_wconf 85' lang='lat'>(32.)</span> <span class='ocrx_word' id='word_1_185' title='bbox 748 1172 791 1199; x_wconf 92' lang='lat' dir='ltr'>III.</span> <span class='ocrx_word' id='word_1_186' title='bbox 813 1175 879 1201; x_wconf 75' lang='lat' dir='ltr'>Cn.</span> <span class='ocrx_word' id='word_1_187' title='bbox 907 1172 943 1199; x_wconf 89' lang='lat' dir='ltr'>lV</span> <span class='ocrx_word' id='word_1_188' title='bbox 962 1172 1105 1199; x_wconf 85' lang='lat' dir='ltr'>liberorum</span> 
     </span>
     <span class='ocr_line' id='line_1_24' title="bbox 260 1215 1088 1253; baseline 0 -10"><span class='ocrx_word' id='word_1_189' title='bbox 260 1217 316 1243; x_wconf 83' lang='lat' dir='ltr'>iure</span> <span class='ocrx_word' id='word_1_190' title='bbox 335 1215 481 1242; x_wconf 77' lang='lat' dir='ltr'>libertinae.</span> <span class='ocrx_word' id='word_1_191' title='bbox 503 1215 559 1242; x_wconf 85' lang='lat' dir='ltr'>Gai.</span> <span class='ocrx_word' id='word_1_192' title='bbox 580 1215 620 1241; x_wconf 87' lang='lat'>111.</span> <span class='ocrx_word' id='word_1_193' title='bbox 641 1217 682 1242; x_wconf 80' lang='grc'>44.</span> <span class='ocrx_word' id='word_1_194' title='bbox 702 1215 763 1253; x_wconf 62' lang='lat' dir='ltr'>Ylp.</span> <span class='ocrx_word' id='word_1_195' title='bbox 785 1215 882 1242; x_wconf 71' lang='lat' dir='ltr'>XXVI.</span> <span class='ocrx_word' id='word_1_196' title='bbox 902 1217 926 1242; x_wconf 84' lang='lat'>8.</span> <span class='ocrx_word' id='word_1_197' title='bbox 945 1216 1044 1242; x_wconf 79' lang='lat' dir='ltr'>XXIX.</span> <span class='ocrx_word' id='word_1_198' title='bbox 1063 1218 1088 1243; x_wconf 88' lang='lat'>3.</span> 
     </span>
    </p>

    <p class='ocr_par' dir='ltr' id='par_1_7' title="bbox 260 1259 1106 1424">
     <span class='ocr_line' id='line_1_25' title="bbox 296 1259 1106 1294; baseline 0 -8"><span class='ocrx_word' id='word_1_199' title='bbox 296 1259 607 1291; x_wconf 58' lang='lat' dir='ltr'>nuatum-decim.</span> <span class='ocrx_word' id='word_1_200' title='bbox 633 1259 743 1285; x_wconf 82' lang='lat' dir='ltr'>Decem</span> <span class='ocrx_word' id='word_1_201' title='bbox 762 1265 791 1285; x_wconf 83' lang='lat' dir='ltr'>et</span> <span class='ocrx_word' id='word_1_202' title='bbox 811 1265 960 1294; x_wconf 78' lang='lat' dir='ltr'>quatuor.</span> <span class='ocrx_word' id='word_1_203' title='bbox 986 1259 1106 1287; x_wconf 64' lang='lat' dir='ltr'>111le-</span> 
     </span>
     <span class='ocr_line' id='line_1_26' title="bbox 260 1301 1106 1339; baseline 0.001 -11"><span class='ocrx_word' id='word_1_204' title='bbox 260 1302 315 1337; x_wconf 84' lang='lat' dir='ltr'>Qui</span> <span class='ocrx_word' id='word_1_205' title='bbox 334 1301 397 1328; x_wconf 82' lang='lat' dir='ltr'>XIV</span> <span class='ocrx_word' id='word_1_206' title='bbox 418 1311 500 1327; x_wconf 91' lang='lat' dir='ltr'>annos</span> <span class='ocrx_word' id='word_1_207' title='bbox 520 1303 612 1328; x_wconf 86' lang='lat' dir='ltr'>aetatis</span> <span class='ocrx_word' id='word_1_208' title='bbox 631 1301 785 1339; x_wconf 78' lang='lat' dir='ltr'>expleverit.</span> <span class='ocrx_word' id='word_1_209' title='bbox 815 1301 871 1328; x_wconf 87' lang='lat' dir='ltr'>Gai.</span> <span class='ocrx_word' id='word_1_210' title='bbox 891 1301 910 1328; x_wconf 92' lang='lat' dir='ltr'>I.</span> <span class='ocrx_word' id='word_1_211' title='bbox 930 1304 971 1329; x_wconf 83' lang='lat'>40.</span> <span class='ocrx_word' id='word_1_212' title='bbox 995 1302 1026 1329; x_wconf 95' lang='lat' dir='ltr'>II.</span> <span class='ocrx_word' id='word_1_213' title='bbox 1049 1304 1106 1329; x_wconf 88' lang='grc'><strong>113.</strong></span> 
     </span>
     <span class='ocr_line' id='line_1_27' title="bbox 260 1343 1104 1378; baseline 0.002 -8"><span class='ocrx_word' id='word_1_214' title='bbox 260 1344 290 1371; x_wconf 85' lang='lat' dir='ltr'>Si</span> <span class='ocrx_word' id='word_1_215' title='bbox 311 1360 343 1363; x_wconf 97' lang='lat'><strong>—</strong></span> <span class='ocrx_word' id='word_1_216' title='bbox 362 1343 426 1370; x_wconf 85' lang='lat' dir='ltr'>XIV</span> <span class='ocrx_word' id='word_1_217' title='bbox 445 1354 572 1371; x_wconf 87' lang='lat' dir='ltr'>annorum</span> <span class='ocrx_word' id='word_1_218' title='bbox 592 1344 688 1376; x_wconf 79' lang='lat' dir='ltr'>filium.</span> <span class='ocrx_word' id='word_1_219' title='bbox 713 1344 755 1371; x_wconf 77' lang='lat' dir='ltr'>vcl</span> <span class='ocrx_word' id='word_1_220' title='bbox 775 1344 855 1371; x_wconf 82' lang='lat' dir='ltr'>filiam</span> <span class='ocrx_word' id='word_1_221' title='bbox 874 1344 937 1378; x_wconf 75' lang='lat' dir='ltr'>XII,</span> <span class='ocrx_word' id='word_1_222' title='bbox 961 1346 1104 1372; x_wconf 86' lang='lat' dir='ltr'>amiserint.</span> 
     </span>
     <span class='ocr_line' id='line_1_28' title="bbox 260 1386 456 1424; baseline -0.005 -10"><span class='ocrx_word' id='word_1_223' title='bbox 260 1386 322 1424; x_wconf 84' lang='lat' dir='ltr'>le.</span> <span class='ocrx_word' id='word_1_224' title='bbox 341 1386 412 1413; x_wconf 81' lang='lat' dir='ltr'>XVI.</span> <span class='ocrx_word' id='word_1_225' title='bbox 433 1389 456 1413; x_wconf 94' lang='lat' dir='ltr'>l.</span> 
     </span>
    </p>

    <p class='ocr_par' dir='ltr' id='par_1_8' title="bbox 260 1430 1107 1510">
     <span class='ocr_line' id='line_1_29' title="bbox 296 1430 1105 1466; baseline 0.001 -9"><span class='ocrx_word' id='word_1_226' title='bbox 296 1430 630 1462; x_wconf 66' lang='lat' dir='ltr'>Quamnam-iratus.</span> <span class='ocrx_word' id='word_1_227' title='bbox 653 1432 878 1466; x_wconf 79' lang='lat' dir='ltr'>Magistratus</span> <span class='ocrx_word' id='word_1_228' title='bbox 896 1433 1105 1459; x_wconf 78' lang='lat' dir='ltr'>IVvir-orum.</span> 
     </span>
     <span class='ocr_line' id='line_1_30' title="bbox 260 1472 1107 1510; baseline 0.002 -10"><span class='ocrx_word' id='word_1_229' title='bbox 260 1472 302 1500; x_wconf 82' lang='lat'>111.</span> <span class='ocrx_word' id='word_1_230' title='bbox 315 1474 380 1501; x_wconf 79' lang='lat' dir='ltr'>Gn.</span> <span class='ocrx_word' id='word_1_231' title='bbox 400 1473 426 1499; x_wconf 93' lang='lat' dir='ltr'>In</span> <span class='ocrx_word' id='word_1_232' title='bbox 442 1474 584 1510; x_wconf 89' lang='lat' dir='ltr'>municipio</span> <span class='ocrx_word' id='word_1_233' title='bbox 601 1490 630 1493; x_wconf 97' lang='lat'><strong>—</strong></span> <span class='ocrx_word' id='word_1_234' title='bbox 645 1472 794 1506; x_wconf 81' lang='lat' dir='ltr'>IIviratum,</span> <span class='ocrx_word' id='word_1_235' title='bbox 813 1473 974 1507; x_wconf 79' lang='lat' dir='ltr'>leiratum,</span> <span class='ocrx_word' id='word_1_236' title='bbox 995 1475 1107 1502; x_wconf 57' lang='lat' dir='ltr'>aliumvm¹</span> 
     </span>
    </p>
   </div>
   <div class='ocr_carea' id='block_1_3' title="bbox 261 1516 1129 1555">
    <p class='ocr_par' dir='ltr' id='par_1_9' title="bbox 261 1516 1129 1555">
     <span class='ocr_line' id='line_1_31' title="bbox 261 1516 1129 1555; baseline 0.002 -12"><span class='ocrx_word' id='word_1_237' title='bbox 261 1526 339 1553; x_wconf 82' lang='lat' dir='ltr'>quem</span> <span class='ocrx_word' id='word_1_238' title='bbox 364 1517 541 1552; x_wconf 77' lang='lat' dir='ltr'>magistratum</span> <span class='ocrx_word' id='word_1_239' title='bbox 561 1517 645 1553; x_wconf 84' lang='lat' dir='ltr'>petito</span> <span class='ocrx_word' id='word_1_240' title='bbox 666 1521 714 1543; x_wconf 86' lang='lat' dir='ltr'>etc.</span> <span class='ocrx_word' id='word_1_241' title='bbox 745 1516 810 1543; x_wconf 80' lang='lat' dir='ltr'>Tab.</span> <span class='ocrx_word' id='word_1_242' title='bbox 830 1516 933 1544; x_wconf 86' lang='lat' dir='ltr'>Heracl.</span> <span class='ocrx_word' id='word_1_243' title='bbox 952 1519 993 1544; x_wconf 97' lang='lat' dir='ltr'>2l.</span> <span class='ocrx_word' id='word_1_244' title='bbox 1013 1528 1054 1555; x_wconf 88' lang='lat' dir='ltr'>sq.</span> <span class='ocrx_word' id='word_1_245' title='bbox 1074 1518 1105 1545; x_wconf 79' lang='lat' dir='ltr'>cs.</span> <span class='ocrx_word' id='word_1_246' title='bbox 1128 1537 1129 1544; x_wconf 33' lang='grc' dir='ltr'>η</span> 
     </span>
    </p>
   </div>
   <div class='ocr_carea' id='block_1_4' title="bbox 261 1558 1108 1897">
    <p class='ocr_par' dir='ltr' id='par_1_10' title="bbox 263 1558 534 1596">
     <span class='ocr_line' id='line_1_32' title="bbox 263 1558 534 1596; baseline -0.004 -10"><span class='ocrx_word' id='word_1_247' title='bbox 263 1562 302 1586; x_wconf 88' lang='lat'>15.</span> <span class='ocrx_word' id='word_1_248' title='bbox 323 1569 361 1596; x_wconf 88' lang='lat' dir='ltr'>sq.</span> <span class='ocrx_word' id='word_1_249' title='bbox 382 1569 432 1586; x_wconf 85' lang='lat' dir='ltr'>aer.</span> <span class='ocrx_word' id='word_1_250' title='bbox 452 1558 534 1596; x_wconf 77' lang='lat' dir='ltr'>Neap.</span> 
     </span>
    </p>

    <p class='ocr_par' dir='ltr' id='par_1_11' title="bbox 261 1602 1108 1808">
     <span class='ocr_line' id='line_1_33' title="bbox 296 1602 1106 1639; baseline 0.001 -10"><span class='ocrx_word' id='word_1_251' title='bbox 296 1602 558 1634; x_wconf 58' lang='lat' dir='ltr'>Quatuorvirh</span> <span class='ocrx_word' id='word_1_252' title='bbox 607 1604 872 1637; x_wconf 64' lang='lat' dir='ltr'>magistratuum</span> <span class='ocrx_word' id='word_1_253' title='bbox 903 1613 1019 1639; x_wconf 71' lang='lat' dir='ltr'>genus,</span> <span class='ocrx_word' id='word_1_254' title='bbox 1050 1614 1106 1630; x_wconf 78' lang='lat'><em>7111-</em></span> 
     </span>
     <span class='ocr_line' id='line_1_34' title="bbox 261 1645 1107 1680; baseline 0.002 -9"><span class='ocrx_word' id='word_1_255' title='bbox 261 1655 344 1672; x_wconf 81' lang='lat' dir='ltr'>mero</span> <span class='ocrx_word' id='word_1_256' title='bbox 364 1648 584 1680; x_wconf 73' lang='lat' dir='ltr'>quaternario</span> <span class='ocrx_word' id='word_1_257' title='bbox 603 1651 765 1672; x_wconf 77' lang='lat' dir='ltr'>constans.</span> <span class='ocrx_word' id='word_1_258' title='bbox 802 1645 843 1672; x_wconf 82' lang='lat' dir='ltr'>Ill.</span> <span class='ocrx_word' id='word_1_259' title='bbox 860 1647 926 1674; x_wconf 77' lang='grc' dir='ltr'>(7η.</span> <span class='ocrx_word' id='word_1_260' title='bbox 946 1646 1036 1673; x_wconf 80' lang='lat' dir='ltr'>IVviri</span> <span class='ocrx_word' id='word_1_261' title='bbox 1056 1648 1107 1673; x_wconf 85' lang='lat' dir='ltr'>viis</span> 
     </span>
     <span class='ocr_line' id='line_1_35' title="bbox 261 1688 1108 1727; baseline 0.002 -13"><span class='ocrx_word' id='word_1_262' title='bbox 261 1689 288 1714; x_wconf 90' lang='lat' dir='ltr'>in</span> <span class='ocrx_word' id='word_1_263' title='bbox 308 1688 372 1714; x_wconf 82' lang='lat' dir='ltr'>urbe</span> <span class='ocrx_word' id='word_1_264' title='bbox 391 1688 543 1726; x_wconf 73' lang='lat' dir='ltr'>purgandis.</span> <span class='ocrx_word' id='word_1_265' title='bbox 565 1705 595 1709; x_wconf 91' lang='lat'><strong>—</strong></span> <span class='ocrx_word' id='word_1_266' title='bbox 616 1688 638 1714; x_wconf 89' lang='lat'>11</span> <span class='ocrx_word' id='word_1_267' title='bbox 650 1690 699 1715; x_wconf 87' lang='lat' dir='ltr'>viri</span> <span class='ocrx_word' id='word_1_268' title='bbox 719 1690 769 1715; x_wconf 88' lang='lat' dir='ltr'>viis</span> <span class='ocrx_word' id='word_1_269' title='bbox 789 1694 877 1722; x_wconf 81' lang='lat' dir='ltr'>extra,</span> <span class='ocrx_word' id='word_1_270' title='bbox 902 1690 1048 1727; x_wconf 82' lang='lat' dir='ltr'>propiusve</span> <span class='ocrx_word' id='word_1_271' title='bbox 1066 1700 1108 1716; x_wconf 86' lang='lat' dir='ltr'>ur-</span> 
     </span>
     <span class='ocr_line' id='line_1_36' title="bbox 261 1730 1106 1770; baseline 0.004 -13"><span class='ocrx_word' id='word_1_272' title='bbox 261 1731 321 1757; x_wconf 88' lang='lat' dir='ltr'>bem</span> <span class='ocrx_word' id='word_1_273' title='bbox 340 1730 449 1757; x_wconf 81' lang='lat' dir='ltr'>Romam</span> <span class='ocrx_word' id='word_1_274' title='bbox 469 1741 564 1769; x_wconf 88' lang='lat' dir='ltr'>passus</span> <span class='ocrx_word' id='word_1_275' title='bbox 583 1731 631 1763; x_wconf 73' lang='lat' dir='ltr'>M..</span> <span class='ocrx_word' id='word_1_276' title='bbox 657 1732 808 1769; x_wconf 74' lang='lat' dir='ltr'>purgandis.</span> <span class='ocrx_word' id='word_1_277' title='bbox 837 1732 903 1759; x_wconf 75' lang='lat' dir='ltr'>Tab.</span> <span class='ocrx_word' id='word_1_278' title='bbox 923 1732 984 1760; x_wconf 82' lang='lat' dir='ltr'>Her.</span> <span class='ocrx_word' id='word_1_279' title='bbox 1003 1735 1045 1760; x_wconf 88' lang='grc'>50.</span> <span class='ocrx_word' id='word_1_280' title='bbox 1065 1743 1106 1770; x_wconf 76' lang='lat' dir='ltr'>sq.</span> 
     </span>
     <span class='ocr_line' id='line_1_37' title="bbox 262 1773 746 1808; baseline 0.002 -8"><span class='ocrx_word' id='word_1_281' title='bbox 262 1773 278 1800; x_wconf 95' lang='lat' dir='ltr'>l.</span> <span class='ocrx_word' id='word_1_282' title='bbox 299 1773 316 1800; x_wconf 95' lang='lat' dir='ltr'>l.</span> <span class='ocrx_word' id='word_1_283' title='bbox 336 1774 366 1800; x_wconf 87' lang='lat' dir='ltr'>sr.</span> <span class='ocrx_word' id='word_1_284' title='bbox 385 1776 410 1800; x_wconf 88' lang='lat'>2.</span> <span class='ocrx_word' id='word_1_285' title='bbox 429 1774 451 1808; x_wconf 61' lang='grc' dir='ltr'>ς’.</span> <span class='ocrx_word' id='word_1_286' title='bbox 471 1775 513 1801; x_wconf 82' lang='grc'>30.</span> <span class='ocrx_word' id='word_1_287' title='bbox 538 1773 571 1801; x_wconf 86' lang='lat' dir='ltr'>de</span> <span class='ocrx_word' id='word_1_288' title='bbox 591 1774 623 1801; x_wconf 95' lang='grc' dir='ltr'>Ο.</span> <span class='ocrx_word' id='word_1_289' title='bbox 642 1774 659 1801; x_wconf 91' lang='lat' dir='ltr'>I.</span> <span class='ocrx_word' id='word_1_290' title='bbox 681 1777 703 1801; x_wconf 88' lang='lat'>1.</span> <span class='ocrx_word' id='word_1_291' title='bbox 722 1777 746 1801; x_wconf 89' lang='lat'>2.</span> 
     </span>
    </p>

    <p class='ocr_par' dir='ltr' id='par_1_12' title="bbox 262 1817 1107 1897">
     <span class='ocr_line' id='line_1_38' title="bbox 297 1817 1107 1851; baseline 0.002 -7"><span class='ocrx_word' id='word_1_292' title='bbox 297 1819 392 1849; x_wconf 66' lang='lat' dir='ltr'>Que.</span> <span class='ocrx_word' id='word_1_293' title='bbox 429 1817 460 1851; x_wconf 64' lang='grc' dir='ltr'>ξ.</span> <span class='ocrx_word' id='word_1_294' title='bbox 481 1819 515 1843; x_wconf 86' lang='lat' dir='ltr'>l.</span> <span class='ocrx_word' id='word_1_295' title='bbox 540 1819 589 1844; x_wconf 81' lang='lat' dir='ltr'>Et.</span> <span class='ocrx_word' id='word_1_296' title='bbox 627 1817 669 1844; x_wconf 92' lang='lat' dir='ltr'>III.</span> <span class='ocrx_word' id='word_1_297' title='bbox 690 1819 755 1846; x_wconf 72' lang='lat' dir='ltr'>Gn.</span> <span class='ocrx_word' id='word_1_298' title='bbox 783 1818 893 1845; x_wconf 77' lang='lat' dir='ltr'>Etiamsi</span> <span class='ocrx_word' id='word_1_299' title='bbox 912 1818 962 1845; x_wconf 89' lang='lat' dir='ltr'>hos</span> <span class='ocrx_word' id='word_1_300' title='bbox 981 1819 1107 1846; x_wconf 80' lang='lat' dir='ltr'>articulos</span> 
     </span>
     <span class='ocr_line' id='line_1_39' title="bbox 262 1859 1107 1897; baseline 0.004 -11"><span class='ocrx_word' id='word_1_301' title='bbox 262 1859 398 1887; x_wconf 76' lang='lat' dir='ltr'>detrahas:</span> <span class='ocrx_word' id='word_1_302' title='bbox 418 1864 479 1892; x_wconf 84' lang='lat' dir='ltr'>,‚et.</span> <span class='ocrx_word' id='word_1_303' title='bbox 501 1870 564 1897; x_wconf 82' lang='lat' dir='ltr'>que,</span> <span class='ocrx_word' id='word_1_304' title='bbox 584 1863 674 1893; x_wconf 83' lang='lat' dir='ltr'>cuu1,“</span> <span class='ocrx_word' id='word_1_305' title='bbox 693 1861 825 1888; x_wconf 86' lang='lat' dir='ltr'>interdum</span> <span class='ocrx_word' id='word_1_306' title='bbox 844 1866 930 1889; x_wconf 80' lang='lat' dir='ltr'>tamen</span> <span class='ocrx_word' id='word_1_307' title='bbox 951 1863 1107 1889; x_wconf 84' lang='lat' dir='ltr'>coniunctos</span> 
     </span>
    </p>
   </div>
   <div class='ocr_carea' id='block_1_5' title="bbox 263 1896 1131 1940">
    <p class='ocr_par' dir='ltr' id='par_1_13' title="bbox 263 1896 1131 1940">
     <span class='ocr_line' id='line_1_40' title="bbox 263 1896 1131 1940; baseline 0.005 -11"><span class='ocrx_word' id='word_1_308' title='bbox 263 1904 354 1940; x_wconf 74' lang='lat' dir='ltr'>accipi.</span> <span class='ocrx_word' id='word_1_309' title='bbox 375 1904 403 1930; x_wconf 84' lang='lat' dir='ltr'>sr.</span> <span class='ocrx_word' id='word_1_310' title='bbox 427 1905 482 1929; x_wconf 85' lang='lat'>142.</span> <span class='ocrx_word' id='word_1_311' title='bbox 503 1903 536 1930; x_wconf 85' lang='lat' dir='ltr'>de</span> <span class='ocrx_word' id='word_1_312' title='bbox 556 1903 586 1930; x_wconf 88' lang='lat' dir='ltr'>V.</span> <span class='ocrx_word' id='word_1_313' title='bbox 600 1903 628 1930; x_wconf 91' lang='lat' dir='ltr'>S.</span> <span class='ocrx_word' id='word_1_314' title='bbox 648 1905 744 1931; x_wconf 83' lang='lat'>50.16.</span> <span class='ocrx_word' id='word_1_315' title='bbox 762 1921 792 1925; x_wconf 92' lang='lat'>—</span> <span class='ocrx_word' id='word_1_316' title='bbox 813 1905 890 1938; x_wconf 66' lang='lat'>§.2-</span> <span class='ocrx_word' id='word_1_317' title='bbox 911 1907 948 1932; x_wconf 77' lang='lat' dir='ltr'>ld</span> <span class='ocrx_word' id='word_1_318' title='bbox 964 1912 1016 1932; x_wconf 82' lang='lat' dir='ltr'>est.</span> <span class='ocrx_word' id='word_1_319' title='bbox 1040 1908 1107 1933; x_wconf 85' lang='lat' dir='ltr'><strong><em>Sci·</em></strong></span> <span class='ocrx_word' id='word_1_320' title='bbox 1129 1896 1131 1919; x_wconf 43' lang='grc' dir='ltr'>ι</span> 
     </span>
    </p>
   </div>
   <div class='ocr_carea' id='block_1_6' title="bbox 262 1946 1108 2115">
    <p class='ocr_par' dir='ltr' id='par_1_14' title="bbox 262 1946 1108 2115">
     <span class='ocr_line' id='line_1_41' title="bbox 262 1946 1108 1985; baseline 0.004 -13"><span class='ocrx_word' id='word_1_321' title='bbox 262 1948 348 1973; x_wconf 65' lang='lat' dir='ltr'>lic-et.</span> <span class='ocrx_word' id='word_1_322' title='bbox 385 1946 425 1972; x_wconf 88' lang='lat' dir='ltr'>l!1.</span> <span class='ocrx_word' id='word_1_323' title='bbox 442 1948 508 1973; x_wconf 78' lang='lat' dir='ltr'>Cn.</span> <span class='ocrx_word' id='word_1_324' title='bbox 529 1947 688 1973; x_wconf 79' lang='lat' dir='ltr'>Animalium</span> <span class='ocrx_word' id='word_1_325' title='bbox 707 1957 770 1973; x_wconf 82' lang='lat' dir='ltr'>vero</span> <span class='ocrx_word' id='word_1_326' title='bbox 791 1958 880 1980; x_wconf 78' lang='lat' dir='ltr'>casus,</span> <span class='ocrx_word' id='word_1_327' title='bbox 900 1953 1011 1977; x_wconf 84' lang='lat' dir='ltr'>mortes.</span> <span class='ocrx_word' id='word_1_328' title='bbox 1032 1959 1108 1985; x_wconf 82' lang='lat' dir='ltr'>quae-</span> 
     </span>
     <span class='ocr_line' id='line_1_42' title="bbox 264 1988 1108 2028; baseline 0.005 -13"><span class='ocrx_word' id='word_1_329' title='bbox 264 1998 316 2025; x_wconf 85' lang='lat' dir='ltr'>que</span> <span class='ocrx_word' id='word_1_330' title='bbox 335 1988 384 2022; x_wconf 87' lang='lat' dir='ltr'>[al.</span> <span class='ocrx_word' id='word_1_331' title='bbox 404 1994 570 2025; x_wconf 72' lang='lat' dir='ltr'>mortesque,</span> <span class='ocrx_word' id='word_1_332' title='bbox 590 1991 673 2026; x_wconf 80' lang='lat' dir='ltr'>quac]</span> <span class='ocrx_word' id='word_1_333' title='bbox 700 1991 757 2016; x_wconf 77' lang='lat' dir='ltr'>sine</span> <span class='ocrx_word' id='word_1_334' title='bbox 777 1991 852 2028; x_wconf 84' lang='lat' dir='ltr'>culpa</span> <span class='ocrx_word' id='word_1_335' title='bbox 873 1991 1009 2025; x_wconf 81' lang='lat' dir='ltr'>accidunt,</span> <span class='ocrx_word' id='word_1_336' title='bbox 1034 1992 1108 2028; x_wconf 76' lang='lat' dir='ltr'>fugae</span> 
     </span>
     <span class='ocr_line' id='line_1_43' title="bbox 264 2031 1106 2068; baseline 0.005 -10"><span class='ocrx_word' id='word_1_337' title='bbox 264 2042 402 2058; x_wconf 83' lang='lat' dir='ltr'>servorum</span> <span class='ocrx_word' id='word_1_338' title='bbox 426 2036 475 2058; x_wconf 84' lang='lat' dir='ltr'>etc.</span> <span class='ocrx_word' id='word_1_339' title='bbox 501 2031 530 2058; x_wconf 75' lang='grc' dir='ltr'>[Γ.</span> <span class='ocrx_word' id='word_1_340' title='bbox 550 2034 591 2058; x_wconf 82' lang='lat'>23.</span> <span class='ocrx_word' id='word_1_341' title='bbox 612 2033 644 2059; x_wconf 84' lang='lat' dir='ltr'>de</span> <span class='ocrx_word' id='word_1_342' title='bbox 663 2033 693 2060; x_wconf 73' lang='lat' dir='ltr'>R.</span> <span class='ocrx_word' id='word_1_343' title='bbox 714 2033 731 2060; x_wconf 92' lang='lat' dir='ltr'>I.</span> <span class='ocrx_word' id='word_1_344' title='bbox 751 2036 791 2060; x_wconf 67' lang='grc'>504</span> <span class='ocrx_word' id='word_1_345' title='bbox 815 2036 853 2061; x_wconf 90' lang='lat'>17.</span> <span class='ocrx_word' id='word_1_346' title='bbox 875 2050 905 2054; x_wconf 92' lang='lat'>—</span> <span class='ocrx_word' id='word_1_347' title='bbox 934 2035 965 2068; x_wconf 84' lang='lat'>§.</span> <span class='ocrx_word' id='word_1_348' title='bbox 990 2037 1027 2062; x_wconf 80' lang='lat'>3.</span> <span class='ocrx_word' id='word_1_349' title='bbox 1061 2037 1106 2062; x_wconf 52' lang='lat' dir='ltr'>lfe.</span> 
     </span>
     <span class='ocr_line' id='line_1_44' title="bbox 265 2074 1107 2115; baseline 0.004 -14"><span class='ocrx_word' id='word_1_350' title='bbox 265 2074 306 2102; x_wconf 93' lang='lat' dir='ltr'>IlI.</span> <span class='ocrx_word' id='word_1_351' title='bbox 330 2076 396 2103; x_wconf 78' lang='lat' dir='ltr'>Gn.</span> <span class='ocrx_word' id='word_1_352' title='bbox 425 2074 497 2110; x_wconf 80' lang='lat' dir='ltr'>Quid</span> <span class='ocrx_word' id='word_1_353' title='bbox 522 2075 548 2101; x_wconf 90' lang='lat' dir='ltr'>in</span> <span class='ocrx_word' id='word_1_354' title='bbox 575 2085 679 2111; x_wconf 85' lang='lat' dir='ltr'>quoque</span> <span class='ocrx_word' id='word_1_355' title='bbox 703 2086 792 2103; x_wconf 85' lang='lat' dir='ltr'>eorum</span> <span class='ocrx_word' id='word_1_356' title='bbox 818 2077 902 2104; x_wconf 85' lang='lat' dir='ltr'>morbi</span> <span class='ocrx_word' id='word_1_357' title='bbox 926 2079 1037 2115; x_wconf 72' lang='lat' dir='ltr'>vitiique</span> <span class='ocrx_word' id='word_1_358' title='bbox 1065 2079 1107 2105; x_wconf 85' lang='lat' dir='ltr'>sit.</span> 
     </span>
    </p>
   </div>
   <div class='ocr_carea' id='block_1_7' title="bbox 265 2160 1110 2500">
    <p class='ocr_par' dir='ltr' id='par_1_15' title="bbox 265 2160 1110 2500">
     <span class='ocr_line' id='line_1_45' title="bbox 266 2160 1108 2198; baseline 0.005 -11"><span class='ocrx_word' id='word_1_359' title='bbox 266 2165 351 2187; x_wconf 90' lang='lat' dir='ltr'>torum</span> <span class='ocrx_word' id='word_1_360' title='bbox 371 2160 567 2197; x_wconf 75' lang='lat' dir='ltr'>gentiliumque.</span> <span class='ocrx_word' id='word_1_361' title='bbox 589 2160 619 2188; x_wconf 84' lang='lat' dir='ltr'>sr.</span> <span class='ocrx_word' id='word_1_362' title='bbox 638 2163 678 2187; x_wconf 79' lang='grc'>53.</span> <span class='ocrx_word' id='word_1_363' title='bbox 699 2172 737 2198; x_wconf 82' lang='lat' dir='ltr'>pr.</span> <span class='ocrx_word' id='word_1_364' title='bbox 758 2162 790 2188; x_wconf 89' lang='lat' dir='ltr'>de</span> <span class='ocrx_word' id='word_1_365' title='bbox 810 2162 839 2189; x_wconf 90' lang='lat' dir='ltr'>V.</span> <span class='ocrx_word' id='word_1_366' title='bbox 855 2162 881 2190; x_wconf 81' lang='lat' dir='ltr'>S.</span> <span class='ocrx_word' id='word_1_367' title='bbox 897 2165 938 2190; x_wconf 87' lang='lat'>50.</span> <span class='ocrx_word' id='word_1_368' title='bbox 959 2165 999 2191; x_wconf 88' lang='lat'>16.</span> <span class='ocrx_word' id='word_1_369' title='bbox 1036 2164 1108 2196; x_wconf 78' lang='lat' dir='ltr'>Mihi,</span> 
     </span>
     <span class='ocr_line' id='line_1_46' title="bbox 265 2203 1108 2241; baseline 0.006 -12"><span class='ocrx_word' id='word_1_370' title='bbox 265 2203 409 2240; x_wconf 76' lang='lat' dir='ltr'>heredique</span> <span class='ocrx_word' id='word_1_371' title='bbox 428 2214 493 2230; x_wconf 90' lang='lat' dir='ltr'>meo.</span> <span class='ocrx_word' id='word_1_372' title='bbox 532 2203 580 2236; x_wconf 82' lang='lat' dir='ltr'>Tc,</span> <span class='ocrx_word' id='word_1_373' title='bbox 600 2204 775 2241; x_wconf 69' lang='lat' dir='ltr'>heredemque</span> <span class='ocrx_word' id='word_1_374' title='bbox 795 2210 874 2232; x_wconf 89' lang='lat' dir='ltr'>tuum.</span> <span class='ocrx_word' id='word_1_375' title='bbox 901 2206 931 2232; x_wconf 83' lang='lat' dir='ltr'>fr.</span> <span class='ocrx_word' id='word_1_376' title='bbox 951 2208 993 2233; x_wconf 83' lang='lat'>29.</span> <span class='ocrx_word' id='word_1_377' title='bbox 1013 2207 1047 2233; x_wconf 92' lang='lat' dir='ltr'>ib.</span> <span class='ocrx_word' id='word_1_378' title='bbox 1066 2209 1108 2234; x_wconf 87' lang='lat'>50.</span> 
     </span>
     <span class='ocr_line' id='line_1_47' title="bbox 268 2246 1108 2286; baseline 0.005 -14"><span class='ocrx_word' id='word_1_379' title='bbox 268 2246 308 2272; x_wconf 89' lang='lat'>16.</span> <span class='ocrx_word' id='word_1_380' title='bbox 346 2247 433 2282; x_wconf 80' lang='lat' dir='ltr'>Quive</span> <span class='ocrx_word' id='word_1_381' title='bbox 457 2257 544 2274; x_wconf 77' lang='lat' dir='ltr'>socer.</span> <span class='ocrx_word' id='word_1_382' title='bbox 572 2257 664 2283; x_wconf 79' lang='lat' dir='ltr'>gener,</span> <span class='ocrx_word' id='word_1_383' title='bbox 694 2248 816 2278; x_wconf 80' lang='lat' dir='ltr'>vitricus,</span> <span class='ocrx_word' id='word_1_384' title='bbox 841 2249 1029 2286; x_wconf 72' lang='lat' dir='ltr'>privignnsquc</span> <span class='ocrx_word' id='word_1_385' title='bbox 1052 2251 1108 2276; x_wconf 88' lang='lat' dir='ltr'>eius</span> 
     </span>
     <span class='ocr_line' id='line_1_48' title="bbox 266 2289 1109 2330; baseline 0.005 -15"><span class='ocrx_word' id='word_1_386' title='bbox 266 2290 323 2316; x_wconf 89' lang='lat' dir='ltr'>erit.</span> <span class='ocrx_word' id='word_1_387' title='bbox 343 2289 413 2316; x_wconf 87' lang='lat' dir='ltr'>Coll.</span> <span class='ocrx_word' id='word_1_388' title='bbox 433 2289 485 2315; x_wconf 91' lang='lat' dir='ltr'>LL.</span> <span class='ocrx_word' id='word_1_389' title='bbox 506 2290 538 2316; x_wconf 78' lang='lat' dir='ltr'>M.</span> <span class='ocrx_word' id='word_1_390' title='bbox 560 2290 603 2316; x_wconf 86' lang='lat' dir='ltr'>IX.</span> <span class='ocrx_word' id='word_1_391' title='bbox 622 2293 646 2317; x_wconf 86' lang='lat'>2.</span> <span class='ocrx_word' id='word_1_392' title='bbox 685 2290 712 2317; x_wconf 92' lang='lat' dir='ltr'>In</span> <span class='ocrx_word' id='word_1_393' title='bbox 732 2290 854 2319; x_wconf 78' lang='lat' dir='ltr'>vinculis.</span> <span class='ocrx_word' id='word_1_394' title='bbox 873 2292 1045 2329; x_wconf 76' lang='lat' dir='ltr'>custodiaque</span> <span class='ocrx_word' id='word_1_395' title='bbox 1063 2303 1109 2330; x_wconf 89' lang='lat' dir='ltr'>pu-</span> 
     </span>
     <span class='ocr_line' id='line_1_49' title="bbox 267 2332 1108 2372; baseline 0.004 -14"><span class='ocrx_word' id='word_1_396' title='bbox 267 2332 334 2358; x_wconf 88' lang='lat' dir='ltr'>blica</span> <span class='ocrx_word' id='word_1_397' title='bbox 355 2342 421 2359; x_wconf 70' lang='lat' dir='ltr'>esse.</span> <span class='ocrx_word' id='word_1_398' title='bbox 442 2332 476 2358; x_wconf 68' lang='lat' dir='ltr'>lb.</span> <span class='ocrx_word' id='word_1_399' title='bbox 498 2333 519 2365; x_wconf 69' lang='grc' dir='ltr'>ξ.</span> <span class='ocrx_word' id='word_1_400' title='bbox 538 2335 562 2358; x_wconf 84' lang='lat'>2.</span> <span class='ocrx_word' id='word_1_401' title='bbox 584 2333 599 2359; x_wconf 95' lang='lat' dir='ltr'>l.</span> <span class='ocrx_word' id='word_1_402' title='bbox 638 2333 679 2360; x_wconf 85' lang='lat' dir='ltr'>Dc</span> <span class='ocrx_word' id='word_1_403' title='bbox 698 2333 805 2371; x_wconf 76' lang='lat' dir='ltr'>praedio</span> <span class='ocrx_word' id='word_1_404' title='bbox 831 2335 929 2360; x_wconf 87' lang='lat' dir='ltr'>rustico</span> <span class='ocrx_word' id='word_1_405' title='bbox 956 2334 1108 2372; x_wconf 76' lang='lat' dir='ltr'>urbanoque</span> 
     </span>
     <span class='ocr_line' id='line_1_50' title="bbox 267 2374 1082 2412; baseline 0.004 -11"><span class='ocrx_word' id='word_1_406' title='bbox 267 2374 409 2412; x_wconf 67' lang='lat' dir='ltr'>depellere.</span> <span class='ocrx_word' id='word_1_407' title='bbox 430 2375 495 2401; x_wconf 60' lang='lat' dir='ltr'>Nov.</span> <span class='ocrx_word' id='word_1_408' title='bbox 517 2375 572 2402; x_wconf 64' lang='lat' dir='ltr'>Vnt.</span> <span class='ocrx_word' id='word_1_409' title='bbox 595 2376 634 2403; x_wconf 81' lang='lat'>111.</span> <span class='ocrx_word' id='word_1_410' title='bbox 655 2376 687 2403; x_wconf 84' lang='lat' dir='ltr'>de</span> <span class='ocrx_word' id='word_1_411' title='bbox 706 2377 819 2403; x_wconf 79' lang='lat' dir='ltr'>invasor.</span> <span class='ocrx_word' id='word_1_412' title='bbox 839 2376 868 2403; x_wconf 90' lang='lat' dir='ltr'>II.</span> <span class='ocrx_word' id='word_1_413' title='bbox 888 2380 912 2403; x_wconf 70' lang='lat'>8.</span> <span class='ocrx_word' id='word_1_414' title='bbox 933 2387 954 2404; x_wconf 89' lang='lat' dir='ltr'>c.</span> <span class='ocrx_word' id='word_1_415' title='bbox 977 2379 998 2403; x_wconf 96' lang='lat' dir='ltr'>l.</span> <span class='ocrx_word' id='word_1_416' title='bbox 1017 2378 1038 2411; x_wconf 61' lang='grc' dir='ltr'>ξ.</span> <span class='ocrx_word' id='word_1_417' title='bbox 1058 2380 1082 2404; x_wconf 82' lang='lat'>2.</span> 
     </span>
     <span class='ocr_line' id='line_1_51' title="bbox 303 2419 1108 2453; baseline 0.004 -9"><span class='ocrx_word' id='word_1_418' title='bbox 303 2419 644 2449; x_wconf 63' lang='lat' dir='ltr'>Quemadmodum.</span> <span class='ocrx_word' id='word_1_419' title='bbox 674 2419 794 2453; x_wconf 82' lang='lat' dir='ltr'>(Advb.)</span> <span class='ocrx_word' id='word_1_420' title='bbox 823 2421 853 2453; x_wconf 65' lang='grc' dir='ltr'>ἓ.</span> <span class='ocrx_word' id='word_1_421' title='bbox 870 2422 904 2447; x_wconf 85' lang='grc'>1.</span> <span class='ocrx_word' id='word_1_422' title='bbox 927 2421 993 2453; x_wconf 86' lang='lat' dir='ltr'>Quo</span> <span class='ocrx_word' id='word_1_423' title='bbox 1013 2424 1108 2447; x_wconf 77' lang='lat' dir='ltr'>modo.</span> 
     </span>
     <span class='ocr_line' id='line_1_52' title="bbox 268 2460 1110 2500; baseline 0.002 -13"><span class='ocrx_word' id='word_1_424' title='bbox 268 2460 309 2487; x_wconf 87' lang='lat' dir='ltr'>Ill.</span> <span class='ocrx_word' id='word_1_425' title='bbox 328 2462 394 2488; x_wconf 78' lang='lat' dir='ltr'>Cn.</span> <span class='ocrx_word' id='word_1_426' title='bbox 420 2460 474 2487; x_wconf 67' lang='lat' dir='ltr'>Nor·</span> <span class='ocrx_word' id='word_1_427' title='bbox 494 2461 585 2493; x_wconf 72' lang='lat' dir='ltr'>refert,</span> <span class='ocrx_word' id='word_1_428' title='bbox 605 2473 617 2488; x_wconf 87' lang='lat' dir='ltr'>a</span> <span class='ocrx_word' id='word_1_429' title='bbox 638 2462 747 2498; x_wconf 83' lang='lat' dir='ltr'>quibus.</span> <span class='ocrx_word' id='word_1_430' title='bbox 768 2480 795 2483; x_wconf 86' lang='lat'>—</span> <span class='ocrx_word' id='word_1_431' title='bbox 819 2473 866 2489; x_wconf 74' lang='lat' dir='ltr'>nec</span> <span class='ocrx_word' id='word_1_432' title='bbox 886 2463 1030 2500; x_wconf 88' lang='lat' dir='ltr'>quemadm.</span> <span class='ocrx_word' id='word_1_433' title='bbox 1051 2464 1110 2496; x_wconf 88' lang='lat' dir='ltr'>(oc-</span> 
     </span>
    </p>
   </div>
   <div class='ocr_carea' id='block_1_8' title="bbox 269 2494 1133 2584">
    <p class='ocr_par' dir='ltr' id='par_1_16' title="bbox 269 2494 1133 2584">
     <span class='ocr_line' id='line_1_53' title="bbox 269 2494 1132 2544; baseline 0.003 -14"><span class='ocrx_word' id='word_1_434' title='bbox 269 2503 370 2530; x_wconf 84' lang='lat' dir='ltr'>cidatur</span> <span class='ocrx_word' id='word_1_435' title='bbox 389 2504 497 2541; x_wconf 62' lang='lat' dir='ltr'>pati-rs.)</span> <span class='ocrx_word' id='word_1_436' title='bbox 524 2503 595 2530; x_wconf 86' lang='lat' dir='ltr'>Paul.</span> <span class='ocrx_word' id='word_1_437' title='bbox 615 2504 656 2531; x_wconf 92' lang='lat' dir='ltr'>III.</span> <span class='ocrx_word' id='word_1_438' title='bbox 681 2508 704 2531; x_wconf 80' lang='lat'>5.</span> <span class='ocrx_word' id='word_1_439' title='bbox 729 2506 750 2539; x_wconf 59' lang='grc' dir='ltr'>ξ,</span> <span class='ocrx_word' id='word_1_440' title='bbox 773 2508 812 2532; x_wconf 81' lang='grc'>10.</span> <span class='ocrx_word' id='word_1_441' title='bbox 849 2506 939 2539; x_wconf 80' lang='lat' dir='ltr'>Ratio,</span> <span class='ocrx_word' id='word_1_442' title='bbox 964 2507 1108 2544; x_wconf 62' lang='lat' dir='ltr'>qut-madm.</span> <span class='ocrx_word' id='word_1_443' title='bbox 1131 2494 1132 2506; x_wconf 36' lang='lat'><strong>³</strong></span> 
     </span>
     <span class='ocr_line' id='line_1_54' title="bbox 269 2547 1133 2584; baseline 0.002 -10"><span class='ocrx_word' id='word_1_444' title='bbox 269 2552 318 2574; x_wconf 88' lang='lat' dir='ltr'>etc.</span> <span class='ocrx_word' id='word_1_445' title='bbox 339 2547 368 2574; x_wconf 89' lang='lat' dir='ltr'>sr.</span> <span class='ocrx_word' id='word_1_446' title='bbox 391 2550 411 2574; x_wconf 90' lang='lat'>1.</span> <span class='ocrx_word' id='word_1_447' title='bbox 432 2548 452 2581; x_wconf 63' lang='grc' dir='ltr'>ξ.</span> <span class='ocrx_word' id='word_1_448' title='bbox 473 2549 496 2573; x_wconf 92' lang='grc'>5.</span> <span class='ocrx_word' id='word_1_449' title='bbox 517 2547 549 2574; x_wconf 82' lang='lat' dir='ltr'>dc</span> <span class='ocrx_word' id='word_1_450' title='bbox 569 2547 647 2574; x_wconf 75' lang='lat' dir='ltr'>Cari).</span> <span class='ocrx_word' id='word_1_451' title='bbox 669 2547 744 2574; x_wconf 71' lang='lat' dir='ltr'>edict.</span> <span class='ocrx_word' id='word_1_452' title='bbox 765 2550 806 2575; x_wconf 78' lang='lat'>37.</span> <span class='ocrx_word' id='word_1_453' title='bbox 828 2551 867 2576; x_wconf 82' lang='lat'>10.</span> <span class='ocrx_word' id='word_1_454' title='bbox 888 2549 917 2576; x_wconf 80' lang='lat' dir='ltr'>fr.</span> <span class='ocrx_word' id='word_1_455' title='bbox 937 2552 978 2576; x_wconf 84' lang='lat'>24.</span> <span class='ocrx_word' id='word_1_456' title='bbox 998 2550 1019 2584; x_wconf 63' lang='grc' dir='ltr'><strong>ξ</strong></span> <span class='ocrx_word' id='word_1_457' title='bbox 1033 2552 1056 2576; x_wconf 83' lang='lat'>2.</span> <span class='ocrx_word' id='word_1_458' title='bbox 1077 2549 1109 2576; x_wconf 83' lang='lat' dir='ltr'>de</span> <span class='ocrx_word' id='word_1_459' title='bbox 1131 2552 1133 2559; x_wconf 76' lang='lat'><em>&#39;</em></span> 
     </span>
    </p>
   </div>
   <div class='ocr_carea' id='block_1_9' title="bbox 270 2589 1109 2713">
    <p class='ocr_par' dir='ltr' id='par_1_17' title="bbox 270 2589 1109 2713">
     <span class='ocr_line' id='line_1_55' title="bbox 270 2589 1109 2627; baseline 0.005 -12"><span class='ocrx_word' id='word_1_460' title='bbox 270 2589 379 2616; x_wconf 77' lang='lat' dir='ltr'>lilwrali.</span> <span class='ocrx_word' id='word_1_461' title='bbox 400 2601 420 2616; x_wconf 81' lang='lat' dir='ltr'>c.</span> <span class='ocrx_word' id='word_1_462' title='bbox 441 2592 481 2617; x_wconf 75' lang='lat' dir='ltr'>w.</span> <span class='ocrx_word' id='word_1_463' title='bbox 505 2593 542 2617; x_wconf 81' lang='lat'>12.</span> <span class='ocrx_word' id='word_1_464' title='bbox 580 2590 749 2627; x_wconf 69' lang='lat' dir='ltr'>Quemadm..</span> <span class='ocrx_word' id='word_1_465' title='bbox 762 2606 792 2610; x_wconf 52' lang='grc'>,-</span> <span class='ocrx_word' id='word_1_466' title='bbox 809 2593 842 2618; x_wconf 90' lang='lat' dir='ltr'>ita</span> <span class='ocrx_word' id='word_1_467' title='bbox 857 2597 905 2619; x_wconf 84' lang='lat' dir='ltr'>etc.</span> <span class='ocrx_word' id='word_1_468' title='bbox 926 2593 982 2619; x_wconf 86' lang='lat' dir='ltr'>Gai.</span> <span class='ocrx_word' id='word_1_469' title='bbox 996 2592 1038 2619; x_wconf 90' lang='lat' dir='ltr'>IV.</span> <span class='ocrx_word' id='word_1_470' title='bbox 1052 2594 1109 2619; x_wconf 81' lang='lat'>179.</span> 
     </span>
     <span class='ocr_line' id='line_1_56' title="bbox 270 2633 1109 2671; baseline 0.005 -13"><span class='ocrx_word' id='word_1_471' title='bbox 270 2642 308 2668; x_wconf 81' lang='lat' dir='ltr'>sq.</span> <span class='ocrx_word' id='word_1_472' title='bbox 330 2633 358 2659; x_wconf 82' lang='lat' dir='ltr'>sr.</span> <span class='ocrx_word' id='word_1_473' title='bbox 372 2635 413 2659; x_wconf 77' lang='lat'>35.</span> <span class='ocrx_word' id='word_1_474' title='bbox 434 2633 465 2659; x_wconf 69' lang='lat' dir='ltr'>d«-</span> <span class='ocrx_word' id='word_1_475' title='bbox 479 2633 556 2660; x_wconf 62' lang='lat' dir='ltr'>indic.</span> <span class='ocrx_word' id='word_1_476' title='bbox 572 2636 595 2660; x_wconf 83' lang='grc'>5.</span> <span class='ocrx_word' id='word_1_477' title='bbox 612 2636 634 2660; x_wconf 86' lang='lat'>1.</span> <span class='ocrx_word' id='word_1_478' title='bbox 667 2633 746 2669; x_wconf 83' lang='lat' dir='ltr'>Quod</span> <span class='ocrx_word' id='word_1_479' title='bbox 767 2635 806 2660; x_wconf 80' lang='lat' dir='ltr'>ius</span> <span class='ocrx_word' id='word_1_480' title='bbox 826 2635 970 2671; x_wconf 75' lang='lat' dir='ltr'>quemadm.</span> <span class='ocrx_word' id='word_1_481' title='bbox 990 2636 1109 2662; x_wconf 89' lang='lat' dir='ltr'>strictum</span> 
     </span>
     <span class='ocr_line' id='line_1_57' title="bbox 271 2674 1109 2713; baseline 0.007 -13"><span class='ocrx_word' id='word_1_482' title='bbox 271 2674 356 2707; x_wconf 75' lang='lat' dir='ltr'>suerit.</span> <span class='ocrx_word' id='word_1_483' title='bbox 377 2676 459 2712; x_wconf 77' lang='lat' dir='ltr'>palam</span> <span class='ocrx_word' id='word_1_484' title='bbox 480 2683 519 2703; x_wconf 78' lang='lat' dir='ltr'>est</span> <span class='ocrx_word' id='word_1_485' title='bbox 539 2676 692 2713; x_wconf 70' lang='lat' dir='ltr'>intelligere.</span> <span class='ocrx_word' id='word_1_486' title='bbox 714 2676 770 2703; x_wconf 80' lang='lat' dir='ltr'>Gai.</span> <span class='ocrx_word' id='word_1_487' title='bbox 792 2676 832 2703; x_wconf 89' lang='lat' dir='ltr'>III.</span> <span class='ocrx_word' id='word_1_488' title='bbox 855 2679 893 2704; x_wconf 69' lang='lat'>18.</span> <span class='ocrx_word' id='word_1_489' title='bbox 907 2695 935 2699; x_wconf 88' lang='lat'><strong>—</strong></span> <span class='ocrx_word' id='word_1_490' title='bbox 958 2679 988 2712; x_wconf 76' lang='lat'>§0</span> <span class='ocrx_word' id='word_1_491' title='bbox 1001 2680 1037 2706; x_wconf 68' lang='lat'>2.</span> <span class='ocrx_word' id='word_1_492' title='bbox 1056 2680 1109 2705; x_wconf 73' lang='lat' dir='ltr'>Ve-</span> 
     </span>
    </p>
   </div>
   <div class='ocr_carea' id='block_1_10' title="bbox 271 2716 1133 2758">
    <p class='ocr_par' dir='ltr' id='par_1_18' title="bbox 271 2716 1133 2758">
     <span class='ocr_line' id='line_1_58' title="bbox 271 2716 1133 2758; baseline 0.001 -12"><span class='ocrx_word' id='word_1_493' title='bbox 271 2720 324 2743; x_wconf 75' lang='lat' dir='ltr'>lut.</span> <span class='ocrx_word' id='word_1_494' title='bbox 362 2718 404 2744; x_wconf 80' lang='grc' dir='ltr'>ΙΙΙ.</span> <span class='ocrx_word' id='word_1_495' title='bbox 425 2721 491 2747; x_wconf 65' lang='lat' dir='ltr'>Cn.</span> <span class='ocrx_word' id='word_1_496' title='bbox 517 2721 637 2746; x_wconf 74' lang='lat' dir='ltr'>Servitus</span> <span class='ocrx_word' id='word_1_497' title='bbox 662 2719 815 2746; x_wconf 64' lang='lat' dir='ltr'>naturaliter</span> <span class='ocrx_word' id='word_1_498' title='bbox 840 2737 870 2740; x_wconf 94' lang='lat'><strong>—</strong></span> <span class='ocrx_word' id='word_1_499' title='bbox 896 2720 998 2748; x_wconf 75' lang='lat' dir='ltr'>laedere</span> <span class='ocrx_word' id='word_1_500' title='bbox 1022 2726 1111 2758; x_wconf 77' lang='lat' dir='ltr'>potest</span> <span class='ocrx_word' id='word_1_501' title='bbox 1131 2716 1133 2726; x_wconf 28' lang='grc' dir='ltr'><em>ἶ</em></span> 
     </span>
    </p>
   </div>
   <div class='ocr_carea' id='block_1_11' title="bbox 271 2759 1110 2886">
    <p class='ocr_par' dir='ltr' id='par_1_19' title="bbox 271 2759 1110 2886">
     <span class='ocr_line' id='line_1_59' title="bbox 271 2759 1108 2798; baseline 0.006 -13"><span class='ocrx_word' id='word_1_502' title='bbox 271 2759 387 2791; x_wconf 67' lang='lat' dir='ltr'>fundum.</span> <span class='ocrx_word' id='word_1_503' title='bbox 409 2778 436 2781; x_wconf 95' lang='lat'>—</span> <span class='ocrx_word' id='word_1_504' title='bbox 459 2763 604 2798; x_wconf 74' lang='lat' dir='ltr'>qurmadm.</span> <span class='ocrx_word' id='word_1_505' title='bbox 624 2764 646 2789; x_wconf 92' lang='lat' dir='ltr'>si</span> <span class='ocrx_word' id='word_1_506' title='bbox 667 2768 714 2789; x_wconf 87' lang='lat' dir='ltr'>etc.</span> <span class='ocrx_word' id='word_1_507' title='bbox 735 2763 764 2789; x_wconf 83' lang='lat' dir='ltr'>l&#39;r.</span> <span class='ocrx_word' id='word_1_508' title='bbox 784 2765 826 2789; x_wconf 81' lang='grc'>20.</span> <span class='ocrx_word' id='word_1_509' title='bbox 846 2763 868 2796; x_wconf 78' lang='lat'>§.</span> <span class='ocrx_word' id='word_1_510' title='bbox 890 2765 910 2790; x_wconf 85' lang='lat'>1.</span> <span class='ocrx_word' id='word_1_511' title='bbox 931 2763 964 2790; x_wconf 84' lang='lat' dir='ltr'>dc</span> <span class='ocrx_word' id='word_1_512' title='bbox 984 2764 1011 2790; x_wconf 92' lang='lat' dir='ltr'>S.</span> <span class='ocrx_word' id='word_1_513' title='bbox 1032 2763 1058 2790; x_wconf 81' lang='grc'>1).</span> <span class='ocrx_word' id='word_1_514' title='bbox 1078 2763 1108 2790; x_wconf 81' lang='lat' dir='ltr'>R.</span> 
     </span>
     <span class='ocr_line' id='line_1_60' title="bbox 271 2804 1110 2843; baseline 0.005 -14"><span class='ocrx_word' id='word_1_515' title='bbox 271 2806 295 2829; x_wconf 79' lang='lat'>8.</span> <span class='ocrx_word' id='word_1_516' title='bbox 314 2805 338 2830; x_wconf 88' lang='lat'>3.</span> <span class='ocrx_word' id='word_1_517' title='bbox 361 2820 390 2824; x_wconf 87' lang='lat'>—-·</span> <span class='ocrx_word' id='word_1_518' title='bbox 411 2804 441 2837; x_wconf 60' lang='grc' dir='ltr'>ᾖ.</span> <span class='ocrx_word' id='word_1_519' title='bbox 461 2806 497 2831; x_wconf 80' lang='grc'>3.</span> <span class='ocrx_word' id='word_1_520' title='bbox 519 2808 568 2832; x_wconf 82' lang='lat' dir='ltr'>Ita</span> <span class='ocrx_word' id='word_1_521' title='bbox 590 2812 629 2832; x_wconf 78' lang='lat' dir='ltr'>ut.</span> <span class='ocrx_word' id='word_1_522' title='bbox 668 2806 711 2832; x_wconf 90' lang='lat' dir='ltr'>III.</span> <span class='ocrx_word' id='word_1_523' title='bbox 731 2807 797 2834; x_wconf 79' lang='lat' dir='ltr'>Cn.</span> <span class='ocrx_word' id='word_1_524' title='bbox 816 2805 887 2832; x_wconf 88' lang='lat' dir='ltr'>Eniti</span> <span class='ocrx_word' id='word_1_525' title='bbox 908 2806 1001 2839; x_wconf 62' lang='lat' dir='ltr'>dvhes.</span> <span class='ocrx_word' id='word_1_526' title='bbox 1023 2816 1110 2843; x_wconf 91' lang='lat' dir='ltr'>quem-</span> 
     </span>
     <span class='ocr_line' id='line_1_61' title="bbox 272 2845 1108 2886; baseline 0.005 -14"><span class='ocrx_word' id='word_1_527' title='bbox 272 2845 338 2873; x_wconf 84' lang='lat' dir='ltr'>adm.</span> <span class='ocrx_word' id='word_1_528' title='bbox 360 2863 388 2867; x_wconf 95' lang='lat'>—</span> <span class='ocrx_word' id='word_1_529' title='bbox 410 2848 527 2873; x_wconf 78' lang='lat' dir='ltr'>satisliat.</span> <span class='ocrx_word' id='word_1_530' title='bbox 548 2858 567 2875; x_wconf 87' lang='lat' dir='ltr'>c.</span> <span class='ocrx_word' id='word_1_531' title='bbox 588 2850 612 2875; x_wconf 83' lang='lat'>4.</span> <span class='ocrx_word' id='word_1_532' title='bbox 632 2849 664 2876; x_wconf 88' lang='lat' dir='ltr'>dc</span> <span class='ocrx_word' id='word_1_533' title='bbox 683 2849 771 2876; x_wconf 79' lang='lat' dir='ltr'>hered.</span> <span class='ocrx_word' id='word_1_534' title='bbox 791 2853 840 2875; x_wconf 77' lang='lat' dir='ltr'>act.</span> <span class='ocrx_word' id='word_1_535' title='bbox 859 2851 883 2876; x_wconf 96' lang='lat'>4.</span> <span class='ocrx_word' id='word_1_536' title='bbox 904 2850 943 2876; x_wconf 83' lang='lat'>16.</span> <span class='ocrx_word' id='word_1_537' title='bbox 981 2850 1108 2886; x_wconf 81' lang='lat' dir='ltr'>Quamvis</span> 
     </span>
    </p>
   </div>
   <div class='ocr_carea' id='block_1_12' title="bbox 836 1000 1128 1036">
    <p class='ocr_par' dir='ltr' id='par_1_20' title="bbox 836 1000 1128 1036">
     <span class='ocr_line' id='line_1_62' title="bbox 836 1000 1128 1036; baseline 0.003 -9"><span class='ocrx_word' id='word_1_538' title='bbox 836 1000 986 1036; x_wconf 82' lang='lat' dir='ltr'>Quaternas</span> <span class='ocrx_word' id='word_1_539' title='bbox 1009 1002 1034 1028; x_wconf 92' lang='lat' dir='ltr'>in</span> <span class='ocrx_word' id='word_1_540' title='bbox 1055 1001 1106 1028; x_wconf 76' lang='lat' dir='ltr'>fru-</span> <span class='ocrx_word' id='word_1_541' title='bbox 1127 1020 1128 1029; x_wconf 45' lang='lat'>1</span> 
     </span>
    </p>
   </div>
   <div class='ocr_carea' id='block_1_13' title="bbox 1123 279 1137 2820">
    <p class='ocr_par' dir='ltr' id='par_1_21' title="bbox 1123 279 1137 2820">
     <span class='ocr_line' id='line_1_63' title="bbox 1123 279 1137 2820; baseline 0 0"><span class='ocrx_word' id='word_1_542' title='bbox 1123 279 1137 2820; x_wconf 95' lang='lat' dir='ltr'> </span> 
     </span>
    </p>
   </div>
   <div class='ocr_carea' id='block_1_14' title="bbox 1006 187 1244 229">
    <p class='ocr_par' dir='ltr' id='par_1_22' title="bbox 1006 187 1244 229">
     <span class='ocr_line' id='line_1_64' title="bbox 1006 187 1244 229; baseline 0 -11"><span class='ocrx_word' id='word_1_543' title='bbox 1006 187 1099 229; x_wconf 67' lang='lat' dir='ltr'>QUA</span> <span class='ocrx_word' id='word_1_544' title='bbox 1111 206 1147 210; x_wconf 92' lang='lat'><em>-</em></span> <span class='ocrx_word' id='word_1_545' title='bbox 1157 187 1244 229; x_wconf 85' lang='lat' dir='ltr'>QUl.</span> 
     </span>
    </p>
   </div>
   <div class='ocr_carea' id='block_1_15' title="bbox 1151 270 1994 308">
    <p class='ocr_par' dir='ltr' id='par_1_23' title="bbox 1151 270 1994 308">
     <span class='ocr_line' id='line_1_65' title="bbox 1151 270 1994 308; baseline 0.007 -12"><span class='ocrx_word' id='word_1_546' title='bbox 1151 271 1286 308; x_wconf 77' lang='lat' dir='ltr'>provisum</span> <span class='ocrx_word' id='word_1_547' title='bbox 1311 270 1407 303; x_wconf 79' lang='lat' dir='ltr'>suerat,</span> <span class='ocrx_word' id='word_1_548' title='bbox 1433 287 1465 291; x_wconf 95' lang='lat'>—</span> <span class='ocrx_word' id='word_1_549' title='bbox 1494 271 1640 308; x_wconf 82' lang='lat' dir='ltr'>quemadm.</span> <span class='ocrx_word' id='word_1_550' title='bbox 1665 273 1708 299; x_wconf 88' lang='lat' dir='ltr'>isti</span> <span class='ocrx_word' id='word_1_551' title='bbox 1728 289 1761 293; x_wconf 94' lang='lat'>--</span> <span class='ocrx_word' id='word_1_552' title='bbox 1786 273 1882 301; x_wconf 80' lang='lat' dir='ltr'>officiis</span> <span class='ocrx_word' id='word_1_553' title='bbox 1903 275 1994 302; x_wconf 80' lang='lat' dir='ltr'>redde-</span> 
     </span>
    </p>
   </div>
   <div class='ocr_carea' id='block_1_16' title="bbox 1150 313 1992 345">
    <p class='ocr_par' dir='ltr' id='par_1_24' title="bbox 1150 313 1992 345">
     <span class='ocr_line' id='line_1_66' title="bbox 1150 313 1992 345; baseline 0.007 -6"><span class='ocrx_word' id='word_1_554' title='bbox 1150 318 1248 340; x_wconf 81' lang='lat' dir='ltr'>rentur.</span> <span class='ocrx_word' id='word_1_555' title='bbox 1269 313 1318 340; x_wconf 91' lang='lat' dir='ltr'>Th.</span> <span class='ocrx_word' id='word_1_556' title='bbox 1339 313 1370 340; x_wconf 84' lang='lat' dir='ltr'>C.</span> <span class='ocrx_word' id='word_1_557' title='bbox 1390 313 1447 341; x_wconf 85' lang='lat' dir='ltr'>XII.</span> <span class='ocrx_word' id='word_1_558' title='bbox 1469 316 1491 342; x_wconf 96' lang='lat'>1.</span> <span class='ocrx_word' id='word_1_559' title='bbox 1511 325 1532 342; x_wconf 92' lang='lat' dir='ltr'>c.</span> <span class='ocrx_word' id='word_1_560' title='bbox 1556 316 1614 341; x_wconf 88' lang='lat'>161.</span> <span class='ocrx_word' id='word_1_561' title='bbox 1635 314 1668 342; x_wconf 83' lang='lat' dir='ltr'>de</span> <span class='ocrx_word' id='word_1_562' title='bbox 1687 315 1820 345; x_wconf 86' lang='lat' dir='ltr'>decurion.</span> <span class='ocrx_word' id='word_1_563' title='bbox 1841 316 1883 344; x_wconf 81' lang='lat' dir='ltr'>Cf.</span> <span class='ocrx_word' id='word_1_564' title='bbox 1898 317 1992 345; x_wconf 80' lang='lat' dir='ltr'>X11.7.</span> 
     </span>
    </p>
   </div>
   <div class='ocr_carea' id='block_1_17' title="bbox 1149 356 1997 1942">
    <p class='ocr_par' dir='ltr' id='par_1_25' title="bbox 1150 356 1456 394">
     <span class='ocr_line' id='line_1_67' title="bbox 1150 356 1456 394; baseline 0.003 -12"><span class='ocrx_word' id='word_1_565' title='bbox 1150 366 1172 382; x_wconf 89' lang='lat' dir='ltr'>c.</span> <span class='ocrx_word' id='word_1_566' title='bbox 1191 357 1216 382; x_wconf 82' lang='lat'>3.</span> <span class='ocrx_word' id='word_1_567' title='bbox 1235 356 1268 383; x_wconf 81' lang='lat' dir='ltr'>de</span> <span class='ocrx_word' id='word_1_568' title='bbox 1286 356 1456 394; x_wconf 83' lang='lat' dir='ltr'>ponderator.</span> 
     </span>
    </p>

    <p class='ocr_par' dir='ltr' id='par_1_26' title="bbox 1185 399 1538 436">
     <span class='ocr_line' id='line_1_68' title="bbox 1185 399 1538 436; baseline 0.003 -10"><span class='ocrx_word' id='word_1_569' title='bbox 1185 399 1303 430; x_wconf 67' lang='lat' dir='ltr'>Quen.</span> <span class='ocrx_word' id='word_1_570' title='bbox 1341 399 1382 426; x_wconf 81' lang='lat' dir='ltr'>Cf.</span> <span class='ocrx_word' id='word_1_571' title='bbox 1402 409 1425 426; x_wconf 84' lang='lat' dir='ltr'>v.</span> <span class='ocrx_word' id='word_1_572' title='bbox 1447 400 1538 436; x_wconf 79' lang='lat' dir='ltr'>Quire.</span> 
     </span>
    </p>

    <p class='ocr_par' dir='ltr' id='par_1_27' title="bbox 1149 442 1996 1513">
     <span class='ocr_line' id='line_1_69' title="bbox 1185 442 1992 479; baseline 0.006 -11"><span class='ocrx_word' id='word_1_573' title='bbox 1185 442 1365 473; x_wconf 66' lang='lat' dir='ltr'>Querela.</span> <span class='ocrx_word' id='word_1_574' title='bbox 1393 442 1425 475; x_wconf 82' lang='lat'>§.</span> <span class='ocrx_word' id='word_1_575' title='bbox 1437 443 1472 469; x_wconf 87' lang='lat' dir='ltr'>l.</span> <span class='ocrx_word' id='word_1_576' title='bbox 1494 444 1705 479; x_wconf 68' lang='lat' dir='ltr'>Conquestio,</span> <span class='ocrx_word' id='word_1_577' title='bbox 1726 446 1924 472; x_wconf 72' lang='lat' dir='ltr'>Altercau&#39;o.</span> <span class='ocrx_word' id='word_1_578' title='bbox 1962 446 1992 473; x_wconf 94' lang='lat' dir='ltr'>1.I.</span> 
     </span>
     <span class='ocr_line' id='line_1_70' title="bbox 1150 484 1995 522; baseline 0.006 -12"><span class='ocrx_word' id='word_1_579' title='bbox 1150 485 1218 518; x_wconf 76' lang='lat' dir='ltr'>Op.</span> <span class='ocrx_word' id='word_1_580' title='bbox 1249 484 1348 522; x_wconf 82' lang='lat' dir='ltr'>Aperte</span> <span class='ocrx_word' id='word_1_581' title='bbox 1372 486 1489 522; x_wconf 86' lang='lat' dir='ltr'>iniquum</span> <span class='ocrx_word' id='word_1_582' title='bbox 1514 491 1576 513; x_wconf 87' lang='lat' dir='ltr'>erat.</span> <span class='ocrx_word' id='word_1_583' title='bbox 1601 503 1633 506; x_wconf 97' lang='lat'><strong>—</strong></span> <span class='ocrx_word' id='word_1_584' title='bbox 1665 486 1743 514; x_wconf 79' lang='lat' dir='ltr'>&#39;Nulla</span> <span class='ocrx_word' id='word_1_585' title='bbox 1768 487 1908 514; x_wconf 85' lang='lat' dir='ltr'>videbatur</span> <span class='ocrx_word' id='word_1_586' title='bbox 1935 498 1995 515; x_wconf 82' lang='lat' dir='ltr'>esse</span> 
     </span>
     <span class='ocr_line' id='line_1_71' title="bbox 1149 526 1994 568; baseline 0.006 -15"><span class='ocrx_word' id='word_1_587' title='bbox 1149 526 1264 564; x_wconf 76' lang='lat' dir='ltr'>querela.</span> <span class='ocrx_word' id='word_1_588' title='bbox 1293 528 1350 555; x_wconf 85' lang='lat' dir='ltr'>Gai.</span> <span class='ocrx_word' id='word_1_589' title='bbox 1370 528 1414 555; x_wconf 89' lang='lat'>111.</span> <span class='ocrx_word' id='word_1_590' title='bbox 1433 530 1474 555; x_wconf 91' lang='lat'>40.</span> <span class='ocrx_word' id='word_1_591' title='bbox 1518 529 1561 556; x_wconf 93' lang='lat' dir='ltr'>III.</span> <span class='ocrx_word' id='word_1_592' title='bbox 1582 531 1649 557; x_wconf 78' lang='lat' dir='ltr'>Gn.</span> <span class='ocrx_word' id='word_1_593' title='bbox 1677 529 1827 568; x_wconf 76' lang='lat' dir='ltr'>Repudium</span> <span class='ocrx_word' id='word_1_594' title='bbox 1855 532 1913 557; x_wconf 88' lang='lat' dir='ltr'>sine</span> <span class='ocrx_word' id='word_1_595' title='bbox 1941 531 1994 558; x_wconf 83' lang='lat' dir='ltr'>ulla</span> 
     </span>
     <span class='ocr_line' id='line_1_72' title="bbox 1149 570 1993 607; baseline 0.006 -11"><span class='ocrx_word' id='word_1_596' title='bbox 1149 570 1255 607; x_wconf 82' lang='lat' dir='ltr'>querela</span> <span class='ocrx_word' id='word_1_597' title='bbox 1274 572 1386 598; x_wconf 84' lang='lat' dir='ltr'>mittere.</span> <span class='ocrx_word' id='word_1_598' title='bbox 1406 571 1437 598; x_wconf 89' lang='lat' dir='ltr'>sr.</span> <span class='ocrx_word' id='word_1_599' title='bbox 1457 573 1499 598; x_wconf 86' lang='lat'>57.</span> <span class='ocrx_word' id='word_1_600' title='bbox 1519 572 1552 599; x_wconf 85' lang='lat' dir='ltr'>dc</span> <span class='ocrx_word' id='word_1_601' title='bbox 1571 572 1631 599; x_wconf 86' lang='lat' dir='ltr'>don.</span> <span class='ocrx_word' id='word_1_602' title='bbox 1651 573 1697 599; x_wconf 83' lang='lat' dir='ltr'>int.</span> <span class='ocrx_word' id='word_1_603' title='bbox 1718 573 1748 600; x_wconf 88' lang='lat' dir='ltr'>V.</span> <span class='ocrx_word' id='word_1_604' title='bbox 1768 576 1810 600; x_wconf 79' lang='grc'>24.</span> <span class='ocrx_word' id='word_1_605' title='bbox 1831 576 1853 600; x_wconf 96' lang='grc'>1.</span> <span class='ocrx_word' id='word_1_606' title='bbox 1874 574 1907 601; x_wconf 83' lang='lat' dir='ltr'>cf.</span> <span class='ocrx_word' id='word_1_607' title='bbox 1928 584 1949 601; x_wconf 87' lang='lat' dir='ltr'>c.</span> <span class='ocrx_word' id='word_1_608' title='bbox 1970 576 1993 602; x_wconf 86' lang='lat'>7.</span> 
     </span>
     <span class='ocr_line' id='line_1_73' title="bbox 1149 612 1993 653; baseline 0.007 -14"><span class='ocrx_word' id='word_1_609' title='bbox 1149 612 1182 640; x_wconf 89' lang='lat' dir='ltr'>de</span> <span class='ocrx_word' id='word_1_610' title='bbox 1200 619 1274 651; x_wconf 85' lang='lat' dir='ltr'>nupt.</span> <span class='ocrx_word' id='word_1_611' title='bbox 1293 617 1316 640; x_wconf 83' lang='lat'>5.</span> <span class='ocrx_word' id='word_1_612' title='bbox 1337 616 1360 641; x_wconf 88' lang='grc'>4.</span> <span class='ocrx_word' id='word_1_613' title='bbox 1382 631 1411 635; x_wconf 89' lang='grc'><strong>-</strong></span> <span class='ocrx_word' id='word_1_614' title='bbox 1434 615 1464 649; x_wconf 85' lang='lat'>§.</span> <span class='ocrx_word' id='word_1_615' title='bbox 1485 616 1521 642; x_wconf 67' lang='grc'>2.</span> <span class='ocrx_word' id='word_1_616' title='bbox 1546 617 1737 643; x_wconf 72' lang='grc' dir='ltr'><strong><em>Ροειαὶαιίο</em></strong></span> <span class='ocrx_word' id='word_1_617' title='bbox 1761 627 1868 644; x_wconf 78' lang='lat' dir='ltr'>coram</span> <span class='ocrx_word' id='word_1_618' title='bbox 1887 619 1993 653; x_wconf 81' lang='lat' dir='ltr'>magi-</span> 
     </span>
     <span class='ocr_line' id='line_1_74' title="bbox 1149 659 1994 695; baseline 0.007 -13"><span class='ocrx_word' id='word_1_619' title='bbox 1149 662 1272 691; x_wconf 79' lang='lat' dir='ltr'>stratu,</span> <span class='ocrx_word' id='word_1_620' title='bbox 1292 663 1348 684; x_wconf 82' lang='grc' dir='ltr'><em>αιιι</em></span> <span class='ocrx_word' id='word_1_621' title='bbox 1369 659 1532 692; x_wconf 82' lang='lat' dir='ltr'>Principe.</span> <span class='ocrx_word' id='word_1_622' title='bbox 1553 659 1646 686; x_wconf 74' lang='lat' dir='ltr'>Actio</span> <span class='ocrx_word' id='word_1_623' title='bbox 1676 661 1863 687; x_wconf 75' lang='lat' dir='ltr'>Accusatio.</span> <span class='ocrx_word' id='word_1_624' title='bbox 1893 660 1912 687; x_wconf 90' lang='lat'>1.</span> <span class='ocrx_word' id='word_1_625' title='bbox 1932 661 1994 695; x_wconf 78' lang='lat' dir='ltr'>Sy-</span> 
     </span>
     <span class='ocr_line' id='line_1_75' title="bbox 1150 698 1995 738; baseline 0.007 -13"><span class='ocrx_word' id='word_1_626' title='bbox 1150 698 1292 734; x_wconf 80' lang='lat' dir='ltr'>Querelam</span> <span class='ocrx_word' id='word_1_627' title='bbox 1316 710 1388 727; x_wconf 83' lang='lat' dir='ltr'>suam</span> <span class='ocrx_word' id='word_1_628' title='bbox 1409 700 1477 738; x_wconf 85' lang='lat' dir='ltr'>apud</span> <span class='ocrx_word' id='word_1_629' title='bbox 1497 700 1610 727; x_wconf 81' lang='lat' dir='ltr'>iudicem</span> <span class='ocrx_word' id='word_1_630' title='bbox 1630 701 1740 728; x_wconf 80' lang='lat' dir='ltr'>deferre.</span> <span class='ocrx_word' id='word_1_631' title='bbox 1771 702 1917 730; x_wconf 78' lang='lat' dir='ltr'>postulare.</span> <span class='ocrx_word' id='word_1_632' title='bbox 1945 703 1995 730; x_wconf 86' lang='lat' dir='ltr'>Ac-</span> 
     </span>
     <span class='ocr_line' id='line_1_76' title="bbox 1150 742 1993 779; baseline 0.007 -11"><span class='ocrx_word' id='word_1_633' title='bbox 1150 751 1250 769; x_wconf 82' lang='lat' dir='ltr'>cusare.</span> <span class='ocrx_word' id='word_1_634' title='bbox 1270 742 1300 769; x_wconf 78' lang='lat' dir='ltr'>fr.</span> <span class='ocrx_word' id='word_1_635' title='bbox 1323 745 1362 770; x_wconf 92' lang='lat'>11.</span> <span class='ocrx_word' id='word_1_636' title='bbox 1382 744 1419 778; x_wconf 78' lang='lat'>§§.</span> <span class='ocrx_word' id='word_1_637' title='bbox 1439 745 1463 769; x_wconf 82' lang='grc'>4.</span> <span class='ocrx_word' id='word_1_638' title='bbox 1478 744 1501 770; x_wconf 91' lang='grc'>6.</span> <span class='ocrx_word' id='word_1_639' title='bbox 1517 753 1574 779; x_wconf 88' lang='lat' dir='ltr'>sqq.</span> <span class='ocrx_word' id='word_1_640' title='bbox 1594 743 1626 770; x_wconf 91' lang='lat' dir='ltr'>ad</span> <span class='ocrx_word' id='word_1_641' title='bbox 1645 743 1674 771; x_wconf 93' lang='lat' dir='ltr'>L.</span> <span class='ocrx_word' id='word_1_642' title='bbox 1695 744 1742 771; x_wconf 93' lang='lat' dir='ltr'>Iul.</span> <span class='ocrx_word' id='word_1_643' title='bbox 1762 745 1795 772; x_wconf 76' lang='lat' dir='ltr'>de</span> <span class='ocrx_word' id='word_1_644' title='bbox 1813 745 1894 773; x_wconf 87' lang='lat' dir='ltr'>adult.</span> <span class='ocrx_word' id='word_1_645' title='bbox 1914 747 1956 773; x_wconf 69' lang='lat'>48.</span> <span class='ocrx_word' id='word_1_646' title='bbox 1969 748 1993 773; x_wconf 86' lang='lat'>5.</span> 
     </span>
     <span class='ocr_line' id='line_1_77' title="bbox 1150 785 1995 823; baseline 0.007 -13"><span class='ocrx_word' id='word_1_647' title='bbox 1150 785 1236 821; x_wconf 73' lang='lat' dir='ltr'>Actio.</span> <span class='ocrx_word' id='word_1_648' title='bbox 1268 785 1391 813; x_wconf 78' lang='lat' dir='ltr'>Intentio.</span> <span class='ocrx_word' id='word_1_649' title='bbox 1416 786 1446 813; x_wconf 86' lang='lat' dir='ltr'>l&#39;r.</span> <span class='ocrx_word' id='word_1_650' title='bbox 1466 788 1508 812; x_wconf 82' lang='lat'>35.</span> <span class='ocrx_word' id='word_1_651' title='bbox 1528 796 1567 823; x_wconf 83' lang='lat' dir='ltr'>pr.</span> <span class='ocrx_word' id='word_1_652' title='bbox 1593 786 1626 813; x_wconf 88' lang='lat' dir='ltr'>de</span> <span class='ocrx_word' id='word_1_653' title='bbox 1649 786 1681 813; x_wconf 71' lang='grc' dir='ltr'>Ν.</span> <span class='ocrx_word' id='word_1_654' title='bbox 1702 787 1733 814; x_wconf 90' lang='lat' dir='ltr'>G.</span> <span class='ocrx_word' id='word_1_655' title='bbox 1752 790 1777 815; x_wconf 87' lang='lat'>3.</span> <span class='ocrx_word' id='word_1_656' title='bbox 1796 790 1820 815; x_wconf 84' lang='lat'>5.</span> <span class='ocrx_word' id='word_1_657' title='bbox 1845 789 1875 816; x_wconf 85' lang='lat' dir='ltr'>fr.</span> <span class='ocrx_word' id='word_1_658' title='bbox 1895 791 1937 816; x_wconf 76' lang='lat'>47.</span> <span class='ocrx_word' id='word_1_659' title='bbox 1961 788 1995 816; x_wconf 77' lang='lat' dir='ltr'>de</span> 
     </span>
     <span class='ocr_line' id='line_1_78' title="bbox 1150 827 1994 866; baseline 0.007 -12"><span class='ocrx_word' id='word_1_660' title='bbox 1150 827 1240 854; x_wconf 89' lang='lat' dir='ltr'>hered.</span> <span class='ocrx_word' id='word_1_661' title='bbox 1260 833 1312 866; x_wconf 85' lang='lat' dir='ltr'>pet.</span> <span class='ocrx_word' id='word_1_662' title='bbox 1332 831 1356 855; x_wconf 87' lang='lat'>5.</span> <span class='ocrx_word' id='word_1_663' title='bbox 1376 831 1399 855; x_wconf 83' lang='lat'>3.</span> <span class='ocrx_word' id='word_1_664' title='bbox 1436 829 1477 856; x_wconf 90' lang='lat' dir='ltr'>Ill.</span> <span class='ocrx_word' id='word_1_665' title='bbox 1499 830 1565 856; x_wconf 76' lang='lat' dir='ltr'>Gn.</span> <span class='ocrx_word' id='word_1_666' title='bbox 1589 828 1741 857; x_wconf 75' lang='lat' dir='ltr'>Praefectus</span> <span class='ocrx_word' id='word_1_667' title='bbox 1762 830 1807 858; x_wconf 80' lang='lat' dir='ltr'>Vr.</span> <span class='ocrx_word' id='word_1_668' title='bbox 1832 831 1897 859; x_wconf 83' lang='lat' dir='ltr'>adiri</span> <span class='ocrx_word' id='word_1_669' title='bbox 1916 832 1994 864; x_wconf 70' lang='lat' dir='ltr'>solet,</span> 
     </span>
     <span class='ocr_line' id='line_1_79' title="bbox 1150 871 1993 909; baseline 0.006 -12"><span class='ocrx_word' id='word_1_670' title='bbox 1150 876 1175 897; x_wconf 88' lang='lat' dir='ltr'>ct</span> <span class='ocrx_word' id='word_1_671' title='bbox 1194 881 1243 908; x_wconf 86' lang='lat' dir='ltr'>pro</span> <span class='ocrx_word' id='word_1_672' title='bbox 1268 871 1347 898; x_wconf 88' lang='lat' dir='ltr'>modo</span> <span class='ocrx_word' id='word_1_673' title='bbox 1371 871 1493 909; x_wconf 81' lang='lat' dir='ltr'>querelae</span> <span class='ocrx_word' id='word_1_674' title='bbox 1519 874 1650 909; x_wconf 74' lang='lat' dir='ltr'>corrigere</span> <span class='ocrx_word' id='word_1_675' title='bbox 1669 883 1736 900; x_wconf 89' lang='lat' dir='ltr'>eum.</span> <span class='ocrx_word' id='word_1_676' title='bbox 1760 873 1789 900; x_wconf 74' lang='lat' dir='ltr'>fr.</span> <span class='ocrx_word' id='word_1_677' title='bbox 1811 876 1833 901; x_wconf 92' lang='lat'>1.</span> <span class='ocrx_word' id='word_1_678' title='bbox 1858 875 1942 909; x_wconf 86' lang='lat'>§.10.</span> <span class='ocrx_word' id='word_1_679' title='bbox 1962 875 1993 901; x_wconf 82' lang='lat' dir='ltr'>cf.</span> 
     </span>
     <span class='ocr_line' id='line_1_80' title="bbox 1149 914 1994 955; baseline 0.007 -16"><span class='ocrx_word' id='word_1_680' title='bbox 1149 914 1188 948; x_wconf 81' lang='lat'>§§.</span> <span class='ocrx_word' id='word_1_681' title='bbox 1210 916 1231 940; x_wconf 92' lang='lat' dir='ltr'>l.</span> <span class='ocrx_word' id='word_1_682' title='bbox 1251 924 1290 950; x_wconf 87' lang='lat' dir='ltr'>sq.</span> <span class='ocrx_word' id='word_1_683' title='bbox 1310 916 1334 940; x_wconf 77' lang='lat'>8.</span> <span class='ocrx_word' id='word_1_684' title='bbox 1355 914 1387 941; x_wconf 86' lang='lat' dir='ltr'>de</span> <span class='ocrx_word' id='word_1_685' title='bbox 1406 915 1450 941; x_wconf 79' lang='lat' dir='ltr'>off.</span> <span class='ocrx_word' id='word_1_686' title='bbox 1470 914 1522 942; x_wconf 76' lang='lat' dir='ltr'>Prs.</span> <span class='ocrx_word' id='word_1_687' title='bbox 1538 915 1580 942; x_wconf 84' lang='lat' dir='ltr'>Vr.</span> <span class='ocrx_word' id='word_1_688' title='bbox 1597 918 1618 942; x_wconf 94' lang='lat'>1.</span> <span class='ocrx_word' id='word_1_689' title='bbox 1641 917 1679 942; x_wconf 95' lang='lat'>12.</span> <span class='ocrx_word' id='word_1_690' title='bbox 1699 915 1730 943; x_wconf 79' lang='lat' dir='ltr'>fr.</span> <span class='ocrx_word' id='word_1_691' title='bbox 1746 918 1770 943; x_wconf 89' lang='lat'>2.</span> <span class='ocrx_word' id='word_1_692' title='bbox 1791 917 1824 944; x_wconf 89' lang='lat' dir='ltr'>de</span> <span class='ocrx_word' id='word_1_693' title='bbox 1843 917 1867 944; x_wconf 91' lang='lat' dir='ltr'>h.</span> <span class='ocrx_word' id='word_1_694' title='bbox 1887 928 1930 955; x_wconf 94' lang='lat' dir='ltr'>qu.</span> <span class='ocrx_word' id='word_1_695' title='bbox 1945 919 1994 945; x_wconf 84' lang='lat' dir='ltr'>sui.</span> 
     </span>
     <span class='ocr_line' id='line_1_81' title="bbox 1153 957 1995 996; baseline 0.006 -13"><span class='ocrx_word' id='word_1_696' title='bbox 1153 958 1174 983; x_wconf 92' lang='lat'>1.</span> <span class='ocrx_word' id='word_1_697' title='bbox 1194 958 1218 983; x_wconf 89' lang='grc'>6.</span> <span class='ocrx_word' id='word_1_698' title='bbox 1257 957 1346 984; x_wconf 80' lang='lat' dir='ltr'>Movet</span> <span class='ocrx_word' id='word_1_699' title='bbox 1365 973 1396 977; x_wconf 91' lang='lat'><strong>—</strong></span> <span class='ocrx_word' id='word_1_700' title='bbox 1426 959 1596 995; x_wconf 79' lang='lat' dir='ltr'>conquestio.</span> <span class='ocrx_word' id='word_1_701' title='bbox 1624 960 1699 985; x_wconf 89' lang='lat' dir='ltr'>cuius</span> <span class='ocrx_word' id='word_1_702' title='bbox 1723 960 1838 996; x_wconf 82' lang='lat' dir='ltr'>querelis</span> <span class='ocrx_word' id='word_1_703' title='bbox 1858 977 1890 980; x_wconf 97' lang='lat'><strong>—</strong></span> <span class='ocrx_word' id='word_1_704' title='bbox 1916 960 1995 987; x_wconf 85' lang='lat' dir='ltr'>Iidem</span> 
     </span>
     <span class='ocr_line' id='line_1_82' title="bbox 1151 1000 1994 1038; baseline 0.006 -13"><span class='ocrx_word' id='word_1_705' title='bbox 1151 1000 1243 1026; x_wconf 83' lang='lat' dir='ltr'>tribuit</span> <span class='ocrx_word' id='word_1_706' title='bbox 1263 1004 1311 1026; x_wconf 88' lang='lat' dir='ltr'>etc.</span> <span class='ocrx_word' id='word_1_707' title='bbox 1336 1000 1403 1027; x_wconf 78' lang='lat' dir='ltr'>Nov.</span> <span class='ocrx_word' id='word_1_708' title='bbox 1423 1000 1480 1027; x_wconf 76' lang='lat' dir='ltr'>Val.</span> <span class='ocrx_word' id='word_1_709' title='bbox 1500 1001 1543 1028; x_wconf 90' lang='lat'>111.</span> <span class='ocrx_word' id='word_1_710' title='bbox 1563 1001 1596 1028; x_wconf 84' lang='lat' dir='ltr'>de</span> <span class='ocrx_word' id='word_1_711' title='bbox 1615 1003 1729 1029; x_wconf 82' lang='lat' dir='ltr'>invasor.</span> <span class='ocrx_word' id='word_1_712' title='bbox 1750 1002 1779 1029; x_wconf 92' lang='lat'>11.</span> <span class='ocrx_word' id='word_1_713' title='bbox 1799 1004 1823 1030; x_wconf 86' lang='lat'>8.</span> <span class='ocrx_word' id='word_1_714' title='bbox 1844 1013 1865 1030; x_wconf 90' lang='lat' dir='ltr'>c.</span> <span class='ocrx_word' id='word_1_715' title='bbox 1886 1005 1909 1030; x_wconf 95' lang='lat' dir='ltr'>l.</span> <span class='ocrx_word' id='word_1_716' title='bbox 1928 1004 1950 1038; x_wconf 66' lang='grc' dir='ltr'>ξ,</span> <span class='ocrx_word' id='word_1_717' title='bbox 1972 1005 1994 1030; x_wconf 91' lang='grc'>1.</span> 
     </span>
     <span class='ocr_line' id='line_1_83' title="bbox 1150 1042 1994 1082; baseline 0.004 -13"><span class='ocrx_word' id='word_1_718' title='bbox 1150 1042 1218 1069; x_wconf 88' lang='lat' dir='ltr'>Cum</span> <span class='ocrx_word' id='word_1_719' title='bbox 1237 1045 1354 1080; x_wconf 82' lang='lat' dir='ltr'>potuerit</span> <span class='ocrx_word' id='word_1_720' title='bbox 1373 1043 1479 1080; x_wconf 87' lang='lat' dir='ltr'>querela</span> <span class='ocrx_word' id='word_1_721' title='bbox 1499 1044 1529 1071; x_wconf 89' lang='lat' dir='ltr'>ad</span> <span class='ocrx_word' id='word_1_722' title='bbox 1550 1050 1743 1082; x_wconf 78' lang='lat' dir='ltr'>competentem</span> <span class='ocrx_word' id='word_1_723' title='bbox 1762 1046 1876 1073; x_wconf 82' lang='lat' dir='ltr'>iudicem</span> <span class='ocrx_word' id='word_1_724' title='bbox 1890 1046 1994 1073; x_wconf 83' lang='lat' dir='ltr'>deferri.</span> 
     </span>
     <span class='ocr_line' id='line_1_84' title="bbox 1149 1085 1996 1126; baseline 0.005 -14"><span class='ocrx_word' id='word_1_725' title='bbox 1149 1085 1180 1112; x_wconf 83' lang='lat' dir='ltr'>fr.</span> <span class='ocrx_word' id='word_1_726' title='bbox 1202 1087 1240 1112; x_wconf 88' lang='lat'>10.</span> <span class='ocrx_word' id='word_1_727' title='bbox 1261 1096 1300 1123; x_wconf 84' lang='lat' dir='ltr'>pr.</span> <span class='ocrx_word' id='word_1_728' title='bbox 1333 1086 1385 1121; x_wconf 80' lang='lat' dir='ltr'>Qu.</span> <span class='ocrx_word' id='word_1_729' title='bbox 1410 1086 1502 1114; x_wconf 85' lang='lat' dir='ltr'>satisd.</span> <span class='ocrx_word' id='word_1_730' title='bbox 1525 1098 1580 1125; x_wconf 77' lang='lat' dir='ltr'>cog.</span> <span class='ocrx_word' id='word_1_731' title='bbox 1604 1091 1628 1114; x_wconf 77' lang='lat'>2.</span> <span class='ocrx_word' id='word_1_732' title='bbox 1648 1089 1672 1114; x_wconf 72' lang='lat'>13.</span> <span class='ocrx_word' id='word_1_733' title='bbox 1710 1088 1789 1125; x_wconf 87' lang='lat' dir='ltr'>Apud</span> <span class='ocrx_word' id='word_1_734' title='bbox 1814 1099 1996 1126; x_wconf 84' lang='lat' dir='ltr'>quemcunque</span> 
     </span>
     <span class='ocr_line' id='line_1_85' title="bbox 1150 1128 1994 1169; baseline 0.006 -15"><span class='ocrx_word' id='word_1_735' title='bbox 1150 1128 1261 1155; x_wconf 85' lang='lat' dir='ltr'>iudicem</span> <span class='ocrx_word' id='word_1_736' title='bbox 1282 1130 1437 1156; x_wconf 68' lang='lat' dir='ltr'>contest-&#39;ntis</span> <span class='ocrx_word' id='word_1_737' title='bbox 1456 1130 1579 1167; x_wconf 83' lang='lat' dir='ltr'>querelis,</span> <span class='ocrx_word' id='word_1_738' title='bbox 1599 1136 1625 1157; x_wconf 86' lang='lat' dir='ltr'>et</span> <span class='ocrx_word' id='word_1_739' title='bbox 1644 1130 1780 1157; x_wconf 81' lang='lat' dir='ltr'>evidenter</span> <span class='ocrx_word' id='word_1_740' title='bbox 1796 1132 1923 1169; x_wconf 86' lang='lat' dir='ltr'>probatis.</span> <span class='ocrx_word' id='word_1_741' title='bbox 1944 1132 1994 1159; x_wconf 87' lang='lat' dir='ltr'>Th.</span> 
     </span>
     <span class='ocr_line' id='line_1_86' title="bbox 1150 1171 1995 1211; baseline 0.005 -13"><span class='ocrx_word' id='word_1_742' title='bbox 1150 1171 1180 1199; x_wconf 89' lang='lat' dir='ltr'>C.</span> <span class='ocrx_word' id='word_1_743' title='bbox 1201 1172 1233 1198; x_wconf 83' lang='lat' dir='ltr'>X.</span> <span class='ocrx_word' id='word_1_744' title='bbox 1256 1173 1295 1198; x_wconf 93' lang='grc'>10.</span> <span class='ocrx_word' id='word_1_745' title='bbox 1325 1182 1347 1198; x_wconf 90' lang='lat' dir='ltr'>c.</span> <span class='ocrx_word' id='word_1_746' title='bbox 1366 1174 1407 1199; x_wconf 85' lang='lat'>27.</span> <span class='ocrx_word' id='word_1_747' title='bbox 1437 1173 1458 1207; x_wconf 60' lang='grc' dir='ltr'>ξ.</span> <span class='ocrx_word' id='word_1_748' title='bbox 1484 1174 1508 1200; x_wconf 87' lang='grc'>3.</span> <span class='ocrx_word' id='word_1_749' title='bbox 1532 1173 1565 1200; x_wconf 88' lang='lat' dir='ltr'>de</span> <span class='ocrx_word' id='word_1_750' title='bbox 1590 1175 1664 1211; x_wconf 74' lang='lat' dir='ltr'>petit.</span> <span class='ocrx_word' id='word_1_751' title='bbox 1690 1179 1716 1200; x_wconf 90' lang='lat' dir='ltr'>et</span> <span class='ocrx_word' id='word_1_752' title='bbox 1740 1174 1809 1200; x_wconf 90' lang='lat' dir='ltr'>ultro</span> <span class='ocrx_word' id='word_1_753' title='bbox 1833 1174 1884 1202; x_wconf 83' lang='lat' dir='ltr'>dat.</span> <span class='ocrx_word' id='word_1_754' title='bbox 1922 1175 1995 1202; x_wconf 70' lang='lat' dir='ltr'>Nulli</span> 
     </span>
     <span class='ocr_line' id='line_1_87' title="bbox 1150 1214 1995 1254; baseline 0.005 -13"><span class='ocrx_word' id='word_1_755' title='bbox 1150 1214 1273 1252; x_wconf 80' lang='lat' dir='ltr'>querelae</span> <span class='ocrx_word' id='word_1_756' title='bbox 1291 1215 1428 1242; x_wconf 76' lang='lat' dir='ltr'>subiectus</span> <span class='ocrx_word' id='word_1_757' title='bbox 1447 1221 1488 1243; x_wconf 85' lang='lat' dir='ltr'>est</span> <span class='ocrx_word' id='word_1_758' title='bbox 1507 1221 1566 1243; x_wconf 87' lang='lat' dir='ltr'>ante</span> <span class='ocrx_word' id='word_1_759' title='bbox 1585 1218 1692 1254; x_wconf 81' lang='lat' dir='ltr'>petitam</span> <span class='ocrx_word' id='word_1_760' title='bbox 1709 1217 1889 1244; x_wconf 81' lang='lat' dir='ltr'>hereditatem.</span> <span class='ocrx_word' id='word_1_761' title='bbox 1910 1218 1940 1245; x_wconf 84' lang='lat' dir='ltr'>fr.</span> <span class='ocrx_word' id='word_1_762' title='bbox 1953 1220 1995 1245; x_wconf 89' lang='lat'>31.</span> 
     </span>
     <span class='ocr_line' id='line_1_88' title="bbox 1150 1257 1996 1298; baseline 0.005 -14"><span class='ocrx_word' id='word_1_763' title='bbox 1150 1258 1172 1292; x_wconf 61' lang='grc' dir='ltr'>ξ.</span> <span class='ocrx_word' id='word_1_764' title='bbox 1191 1260 1216 1285; x_wconf 90' lang='lat'>3.</span> <span class='ocrx_word' id='word_1_765' title='bbox 1237 1257 1270 1284; x_wconf 89' lang='lat' dir='ltr'>de</span> <span class='ocrx_word' id='word_1_766' title='bbox 1289 1257 1378 1285; x_wconf 71' lang='lat' dir='ltr'>hored.</span> <span class='ocrx_word' id='word_1_767' title='bbox 1398 1264 1451 1296; x_wconf 70' lang='lat' dir='ltr'>pet.</span> <span class='ocrx_word' id='word_1_768' title='bbox 1471 1261 1495 1286; x_wconf 83' lang='lat'>5.</span> <span class='ocrx_word' id='word_1_769' title='bbox 1514 1261 1539 1286; x_wconf 88' lang='lat'>3.</span> <span class='ocrx_word' id='word_1_770' title='bbox 1576 1259 1700 1286; x_wconf 69' lang='lat' dir='ltr'>Nondum</span> <span class='ocrx_word' id='word_1_771' title='bbox 1720 1265 1816 1292; x_wconf 81' lang='lat' dir='ltr'>certuS,</span> <span class='ocrx_word' id='word_1_772' title='bbox 1836 1260 1867 1287; x_wconf 88' lang='lat' dir='ltr'>ad</span> <span class='ocrx_word' id='word_1_773' title='bbox 1887 1270 1916 1287; x_wconf 89' lang='lat' dir='ltr'>se</span> <span class='ocrx_word' id='word_1_774' title='bbox 1935 1271 1996 1298; x_wconf 87' lang='lat' dir='ltr'>que-</span> 
     </span>
     <span class='ocr_line' id='line_1_89' title="bbox 1150 1300 1994 1340; baseline 0.005 -13"><span class='ocrx_word' id='word_1_775' title='bbox 1150 1300 1230 1328; x_wconf 84' lang='lat' dir='ltr'>relam</span> <span class='ocrx_word' id='word_1_776' title='bbox 1250 1306 1340 1328; x_wconf 85' lang='lat' dir='ltr'>contra</span> <span class='ocrx_word' id='word_1_777' title='bbox 1359 1303 1442 1339; x_wconf 87' lang='lat' dir='ltr'>patris</span> <span class='ocrx_word' id='word_1_778' title='bbox 1462 1307 1646 1329; x_wconf 81' lang='lat' dir='ltr'>testamentum</span> <span class='ocrx_word' id='word_1_779' title='bbox 1666 1304 1806 1340; x_wconf 86' lang='lat' dir='ltr'>pertinere.</span> <span class='ocrx_word' id='word_1_780' title='bbox 1834 1303 1863 1330; x_wconf 74' lang='lat' dir='ltr'>fr.</span> <span class='ocrx_word' id='word_1_781' title='bbox 1884 1305 1907 1330; x_wconf 85' lang='lat'>9.</span> <span class='ocrx_word' id='word_1_782' title='bbox 1928 1304 1950 1338; x_wconf 71' lang='grc' dir='ltr'>ξ.</span> <span class='ocrx_word' id='word_1_783' title='bbox 1970 1306 1994 1331; x_wconf 85' lang='grc'>3.</span> 
     </span>
     <span class='ocr_line' id='line_1_90' title="bbox 1151 1344 1996 1382; baseline 0.004 -12"><span class='ocrx_word' id='word_1_784' title='bbox 1151 1344 1184 1371; x_wconf 82' lang='lat' dir='ltr'>de</span> <span class='ocrx_word' id='word_1_785' title='bbox 1203 1349 1325 1371; x_wconf 77' lang='lat' dir='ltr'>transact.</span> <span class='ocrx_word' id='word_1_786' title='bbox 1345 1346 1370 1371; x_wconf 90' lang='grc'>2.</span> <span class='ocrx_word' id='word_1_787' title='bbox 1392 1347 1431 1372; x_wconf 82' lang='grc'>15.</span> <span class='ocrx_word' id='word_1_788' title='bbox 1468 1345 1614 1372; x_wconf 76' lang='lat' dir='ltr'>Inosliciosi</span> <span class='ocrx_word' id='word_1_789' title='bbox 1633 1345 1747 1382; x_wconf 76' lang='lat' dir='ltr'>querela.</span> <span class='ocrx_word' id='word_1_790' title='bbox 1768 1345 1809 1373; x_wconf 85' lang='lat' dir='ltr'>Cf.</span> <span class='ocrx_word' id='word_1_791' title='bbox 1828 1357 1852 1373; x_wconf 87' lang='lat' dir='ltr'>v.</span> <span class='ocrx_word' id='word_1_792' title='bbox 1866 1346 1996 1374; x_wconf 75' lang='lat' dir='ltr'>Inol&#39;ficio-</span> 
     </span>
     <span class='ocr_line' id='line_1_91' title="bbox 1151 1388 1995 1424; baseline 0.004 -11"><span class='ocrx_word' id='word_1_793' title='bbox 1151 1397 1206 1414; x_wconf 79' lang='lat' dir='ltr'>suS.</span> <span class='ocrx_word' id='word_1_794' title='bbox 1225 1388 1246 1421; x_wconf 56' lang='grc' dir='ltr'>ᾗ.</span> <span class='ocrx_word' id='word_1_795' title='bbox 1267 1389 1291 1414; x_wconf 87' lang='grc'>2.</span> <span class='ocrx_word' id='word_1_796' title='bbox 1311 1402 1343 1406; x_wconf 95' lang='grc'>-</span> <span class='ocrx_word' id='word_1_797' title='bbox 1365 1388 1396 1421; x_wconf 66' lang='grc' dir='ltr'>ξ.</span> <span class='ocrx_word' id='word_1_798' title='bbox 1412 1390 1449 1415; x_wconf 74' lang='grc'>3.</span> <span class='ocrx_word' id='word_1_799' title='bbox 1470 1390 1670 1421; x_wconf 63' lang='lat' dir='ltr'>Excusatio,</span> <span class='ocrx_word' id='word_1_800' title='bbox 1689 1391 1859 1424; x_wconf 75' lang='lat' dir='ltr'>Exceptio.</span> <span class='ocrx_word' id='word_1_801' title='bbox 1897 1389 1915 1416; x_wconf 90' lang='grc' dir='ltr'>Ι.</span> <span class='ocrx_word' id='word_1_802' title='bbox 1932 1390 1995 1424; x_wconf 79' lang='lat' dir='ltr'>Sy.</span> 
     </span>
     <span class='ocr_line' id='line_1_92' title="bbox 1152 1430 1995 1470; baseline 0.002 -13"><span class='ocrx_word' id='word_1_803' title='bbox 1152 1431 1331 1466; x_wconf 81' lang='lat' dir='ltr'>Querimonia.</span> <span class='ocrx_word' id='word_1_804' title='bbox 1352 1430 1393 1458; x_wconf 83' lang='lat' dir='ltr'>Cf.</span> <span class='ocrx_word' id='word_1_805' title='bbox 1406 1431 1430 1458; x_wconf 94' lang='lat' dir='ltr'>h.</span> <span class='ocrx_word' id='word_1_806' title='bbox 1445 1442 1468 1458; x_wconf 92' lang='lat' dir='ltr'>v.</span> <span class='ocrx_word' id='word_1_807' title='bbox 1489 1432 1511 1466; x_wconf 81' lang='lat'>§</span> <span class='ocrx_word' id='word_1_808' title='bbox 1530 1434 1554 1458; x_wconf 87' lang='lat'>2.</span> <span class='ocrx_word' id='word_1_809' title='bbox 1583 1432 1768 1463; x_wconf 63' lang='lat' dir='ltr'>Dununciatim</span> <span class='ocrx_word' id='word_1_810' title='bbox 1787 1432 1916 1470; x_wconf 79' lang='lat' dir='ltr'>Exceptio</span> <span class='ocrx_word' id='word_1_811' title='bbox 1929 1433 1995 1466; x_wconf 89' lang='lat' dir='ltr'>(non</span> 
     </span>
     <span class='ocr_line' id='line_1_93' title="bbox 1152 1475 1890 1513; baseline 0.003 -13"><span class='ocrx_word' id='word_1_812' title='bbox 1152 1479 1301 1501; x_wconf 81' lang='lat' dir='ltr'>numeratae</span> <span class='ocrx_word' id='word_1_813' title='bbox 1321 1475 1472 1511; x_wconf 86' lang='lat' dir='ltr'>pecuniae.)</span> <span class='ocrx_word' id='word_1_814' title='bbox 1493 1485 1514 1501; x_wconf 94' lang='lat' dir='ltr'>c.</span> <span class='ocrx_word' id='word_1_815' title='bbox 1531 1477 1573 1502; x_wconf 89' lang='lat'>21.</span> <span class='ocrx_word' id='word_1_816' title='bbox 1594 1475 1627 1502; x_wconf 83' lang='lat' dir='ltr'>de.</span> <span class='ocrx_word' id='word_1_817' title='bbox 1646 1476 1727 1513; x_wconf 84' lang='lat' dir='ltr'>episc.</span> <span class='ocrx_word' id='word_1_818' title='bbox 1746 1475 1804 1502; x_wconf 90' lang='lat' dir='ltr'>aud.</span> <span class='ocrx_word' id='word_1_819' title='bbox 1825 1477 1847 1502; x_wconf 95' lang='lat' dir='ltr'>l.</span> <span class='ocrx_word' id='word_1_820' title='bbox 1866 1477 1890 1502; x_wconf 84' lang='lat'>4.</span> 
     </span>
    </p>

    <p class='ocr_par' dir='ltr' id='par_1_28' title="bbox 1150 1517 1997 1942">
     <span class='ocr_line' id='line_1_94' title="bbox 1187 1517 1995 1553; baseline 0.002 -9"><span class='ocrx_word' id='word_1_821' title='bbox 1187 1517 1319 1549; x_wconf 69' lang='lat' dir='ltr'>Queri.</span> <span class='ocrx_word' id='word_1_822' title='bbox 1356 1518 1387 1551; x_wconf 75' lang='lat'>§0</span> <span class='ocrx_word' id='word_1_823' title='bbox 1402 1520 1436 1545; x_wconf 86' lang='lat'>1.</span> <span class='ocrx_word' id='word_1_824' title='bbox 1458 1519 1632 1553; x_wconf 80' lang='lat' dir='ltr'>Conqueri,</span> <span class='ocrx_word' id='word_1_825' title='bbox 1652 1520 1850 1545; x_wconf 80' lang='lat' dir='ltr'>Lameulari.</span> <span class='ocrx_word' id='word_1_826' title='bbox 1874 1518 1995 1547; x_wconf 71' lang='grc' dir='ltr'>ΙΙΙ-οη.</span> 
     </span>
     <span class='ocr_line' id='line_1_95' title="bbox 1152 1560 1995 1599; baseline 0.002 -13"><span class='ocrx_word' id='word_1_827' title='bbox 1152 1560 1192 1587; x_wconf 81' lang='lat' dir='ltr'>De</span> <span class='ocrx_word' id='word_1_828' title='bbox 1212 1570 1241 1587; x_wconf 87' lang='lat' dir='ltr'>se</span> <span class='ocrx_word' id='word_1_829' title='bbox 1261 1561 1333 1597; x_wconf 86' lang='lat' dir='ltr'>queri</span> <span class='ocrx_word' id='word_1_830' title='bbox 1354 1560 1441 1592; x_wconf 79' lang='lat' dir='ltr'>dehet.</span> <span class='ocrx_word' id='word_1_831' title='bbox 1462 1562 1505 1596; x_wconf 89' lang='lat' dir='ltr'>qui</span> <span class='ocrx_word' id='word_1_832' title='bbox 1526 1566 1574 1587; x_wconf 83' lang='lat' dir='ltr'>etc.</span> <span class='ocrx_word' id='word_1_833' title='bbox 1595 1560 1625 1587; x_wconf 79' lang='lat' dir='ltr'>fr.</span> <span class='ocrx_word' id='word_1_834' title='bbox 1645 1562 1688 1588; x_wconf 80' lang='lat'>38.</span> <span class='ocrx_word' id='word_1_835' title='bbox 1708 1561 1740 1588; x_wconf 88' lang='lat' dir='ltr'>de</span> <span class='ocrx_word' id='word_1_836' title='bbox 1759 1561 1847 1588; x_wconf 86' lang='lat' dir='ltr'>hered.</span> <span class='ocrx_word' id='word_1_837' title='bbox 1866 1566 1919 1599; x_wconf 85' lang='lat' dir='ltr'>pet.</span> <span class='ocrx_word' id='word_1_838' title='bbox 1933 1563 1956 1588; x_wconf 87' lang='lat'>5.</span> <span class='ocrx_word' id='word_1_839' title='bbox 1970 1564 1995 1588; x_wconf 87' lang='lat'>3.</span> 
     </span>
     <span class='ocr_line' id='line_1_96' title="bbox 1152 1603 1995 1641; baseline 0.002 -12"><span class='ocrx_word' id='word_1_840' title='bbox 1152 1603 1182 1630; x_wconf 77' lang='lat' dir='ltr'>fr.</span> <span class='ocrx_word' id='word_1_841' title='bbox 1202 1605 1242 1630; x_wconf 86' lang='lat'>72.</span> <span class='ocrx_word' id='word_1_842' title='bbox 1262 1613 1311 1640; x_wconf 87' lang='lat' dir='ltr'>pro</span> <span class='ocrx_word' id='word_1_843' title='bbox 1331 1613 1384 1630; x_wconf 87' lang='lat' dir='ltr'>soc.</span> <span class='ocrx_word' id='word_1_844' title='bbox 1407 1605 1446 1629; x_wconf 89' lang='lat'>17.</span> <span class='ocrx_word' id='word_1_845' title='bbox 1459 1605 1484 1630; x_wconf 91' lang='grc'>2.</span> <span class='ocrx_word' id='word_1_846' title='bbox 1504 1603 1533 1630; x_wconf 87' lang='lat' dir='ltr'>fr.</span> <span class='ocrx_word' id='word_1_847' title='bbox 1554 1605 1594 1630; x_wconf 84' lang='lat'>15.</span> <span class='ocrx_word' id='word_1_848' title='bbox 1614 1604 1647 1630; x_wconf 83' lang='lat' dir='ltr'>de</span> <span class='ocrx_word' id='word_1_849' title='bbox 1666 1605 1746 1641; x_wconf 77' lang='lat' dir='ltr'>peric.</span> <span class='ocrx_word' id='word_1_850' title='bbox 1765 1609 1792 1631; x_wconf 79' lang='lat' dir='ltr'>et</span> <span class='ocrx_word' id='word_1_851' title='bbox 1810 1614 1902 1631; x_wconf 89' lang='lat' dir='ltr'>comm.</span> <span class='ocrx_word' id='word_1_852' title='bbox 1918 1606 1957 1631; x_wconf 82' lang='lat'>18.</span> <span class='ocrx_word' id='word_1_853' title='bbox 1971 1606 1995 1631; x_wconf 90' lang='grc'>6.</span> 
     </span>
     <span class='ocr_line' id='line_1_97' title="bbox 1152 1647 1995 1683; baseline 0.002 -11"><span class='ocrx_word' id='word_1_854' title='bbox 1152 1663 1183 1666; x_wconf 93' lang='grc'>-</span> <span class='ocrx_word' id='word_1_855' title='bbox 1204 1647 1235 1680; x_wconf 83' lang='lat'>§.</span> <span class='ocrx_word' id='word_1_856' title='bbox 1255 1648 1291 1673; x_wconf 75' lang='lat'>2.</span> <span class='ocrx_word' id='word_1_857' title='bbox 1311 1648 1490 1673; x_wconf 78' lang='lat' dir='ltr'>Postulnre</span> <span class='ocrx_word' id='word_1_858' title='bbox 1513 1649 1598 1681; x_wconf 79' lang='lat' dir='ltr'>apud</span> <span class='ocrx_word' id='word_1_859' title='bbox 1620 1650 1866 1683; x_wconf 73' lang='lat' dir='ltr'>magistratum.</span> <span class='ocrx_word' id='word_1_860' title='bbox 1905 1649 1995 1674; x_wconf 78' lang='lat' dir='ltr'>ludi-</span> 
     </span>
     <span class='ocr_line' id='line_1_98' title="bbox 1150 1689 1995 1727; baseline 0.001 -11"><span class='ocrx_word' id='word_1_861' title='bbox 1150 1691 1200 1716; x_wconf 80' lang='lat' dir='ltr'>cio</span> <span class='ocrx_word' id='word_1_862' title='bbox 1219 1691 1371 1724; x_wconf 73' lang='lat' dir='ltr'>experiri.</span> <span class='ocrx_word' id='word_1_863' title='bbox 1410 1689 1428 1715; x_wconf 92' lang='lat'>1.</span> <span class='ocrx_word' id='word_1_864' title='bbox 1441 1690 1503 1723; x_wconf 80' lang='lat' dir='ltr'>Sy.</span> <span class='ocrx_word' id='word_1_865' title='bbox 1522 1689 1709 1727; x_wconf 76' lang='lat' dir='ltr'>Expostularo,</span> <span class='ocrx_word' id='word_1_866' title='bbox 1730 1690 1863 1723; x_wconf 86' lang='lat' dir='ltr'>Obiieere,</span> <span class='ocrx_word' id='word_1_867' title='bbox 1882 1690 1995 1717; x_wconf 89' lang='lat' dir='ltr'>Docere.</span> 
     </span>
     <span class='ocr_line' id='line_1_99' title="bbox 1152 1731 1997 1768; baseline 0.001 -9"><span class='ocrx_word' id='word_1_868' title='bbox 1152 1731 1182 1759; x_wconf 79' lang='lat' dir='ltr'>sr.</span> <span class='ocrx_word' id='word_1_869' title='bbox 1204 1734 1226 1758; x_wconf 92' lang='lat'>1.</span> <span class='ocrx_word' id='word_1_870' title='bbox 1251 1733 1290 1766; x_wconf 55' lang='grc' dir='ltr'>ἓξ.</span> <span class='ocrx_word' id='word_1_871' title='bbox 1312 1734 1333 1758; x_wconf 92' lang='lat' dir='ltr'>l.</span> <span class='ocrx_word' id='word_1_872' title='bbox 1355 1742 1394 1768; x_wconf 88' lang='lat' dir='ltr'>sq.</span> <span class='ocrx_word' id='word_1_873' title='bbox 1419 1732 1443 1758; x_wconf 80' lang='lat'>8.</span> <span class='ocrx_word' id='word_1_874' title='bbox 1465 1734 1504 1758; x_wconf 92' lang='lat'>10.</span> <span class='ocrx_word' id='word_1_875' title='bbox 1529 1731 1562 1758; x_wconf 85' lang='lat' dir='ltr'>de</span> <span class='ocrx_word' id='word_1_876' title='bbox 1585 1732 1628 1759; x_wconf 75' lang='lat' dir='ltr'>off.</span> <span class='ocrx_word' id='word_1_877' title='bbox 1653 1733 1704 1760; x_wconf 82' lang='lat' dir='ltr'>Prf.</span> <span class='ocrx_word' id='word_1_878' title='bbox 1725 1733 1769 1760; x_wconf 82' lang='lat' dir='ltr'>Vr.</span> <span class='ocrx_word' id='word_1_879' title='bbox 1790 1735 1812 1760; x_wconf 91' lang='lat' dir='ltr'>l.</span> <span class='ocrx_word' id='word_1_880' title='bbox 1834 1735 1873 1760; x_wconf 89' lang='lat'>12.</span> <span class='ocrx_word' id='word_1_881' title='bbox 1910 1733 1997 1760; x_wconf 83' lang='lat' dir='ltr'>Inten-</span> 
     </span>
     <span class='ocr_line' id='line_1_100' title="bbox 1151 1774 1996 1812; baseline 0.002 -11"><span class='ocrx_word' id='word_1_882' title='bbox 1151 1775 1221 1802; x_wconf 80' lang='lat' dir='ltr'>dere.</span> <span class='ocrx_word' id='word_1_883' title='bbox 1243 1775 1272 1801; x_wconf 82' lang='lat' dir='ltr'>fr.</span> <span class='ocrx_word' id='word_1_884' title='bbox 1293 1777 1316 1801; x_wconf 82' lang='lat'>5.</span> <span class='ocrx_word' id='word_1_885' title='bbox 1337 1785 1376 1812; x_wconf 84' lang='lat' dir='ltr'>pr.</span> <span class='ocrx_word' id='word_1_886' title='bbox 1396 1774 1429 1801; x_wconf 85' lang='lat' dir='ltr'>dc</span> <span class='ocrx_word' id='word_1_887' title='bbox 1447 1785 1559 1802; x_wconf 83' lang='lat' dir='ltr'>manum.</span> <span class='ocrx_word' id='word_1_888' title='bbox 1579 1777 1621 1802; x_wconf 83' lang='lat'>40.</span> <span class='ocrx_word' id='word_1_889' title='bbox 1643 1778 1665 1803; x_wconf 93' lang='grc'>1.</span> <span class='ocrx_word' id='word_1_890' title='bbox 1702 1776 1744 1803; x_wconf 86' lang='lat'>111.</span> <span class='ocrx_word' id='word_1_891' title='bbox 1759 1778 1825 1804; x_wconf 79' lang='lat' dir='ltr'>Cn.</span> <span class='ocrx_word' id='word_1_892' title='bbox 1845 1776 1996 1812; x_wconf 82' lang='lat' dir='ltr'>Querentes</span> 
     </span>
     <span class='ocr_line' id='line_1_101' title="bbox 1151 1818 1994 1857; baseline 0.004 -13"><span class='ocrx_word' id='word_1_893' title='bbox 1151 1818 1295 1851; x_wconf 81' lang='lat' dir='ltr'>(dominos,</span> <span class='ocrx_word' id='word_1_894' title='bbox 1313 1828 1336 1844; x_wconf 82' lang='lat' dir='ltr'>v.</span> <span class='ocrx_word' id='word_1_895' title='bbox 1357 1819 1462 1851; x_wconf 84' lang='lat' dir='ltr'>servos)</span> <span class='ocrx_word' id='word_1_896' title='bbox 1482 1818 1571 1844; x_wconf 86' lang='lat' dir='ltr'>audiat</span> <span class='ocrx_word' id='word_1_897' title='bbox 1589 1818 1749 1846; x_wconf 73' lang='lat' dir='ltr'>Praefectus.</span> <span class='ocrx_word' id='word_1_898' title='bbox 1769 1819 1799 1846; x_wconf 79' lang='lat' dir='ltr'>fr.</span> <span class='ocrx_word' id='word_1_899' title='bbox 1820 1821 1842 1846; x_wconf 95' lang='lat'>1.</span> <span class='ocrx_word' id='word_1_900' title='bbox 1862 1820 1901 1854; x_wconf 56' lang='grc' dir='ltr'>ἕξ.</span> <span class='ocrx_word' id='word_1_901' title='bbox 1916 1822 1939 1847; x_wconf 94' lang='lat'>1.</span> <span class='ocrx_word' id='word_1_902' title='bbox 1955 1829 1994 1857; x_wconf 85' lang='lat' dir='ltr'>sq.</span> 
     </span>
     <span class='ocr_line' id='line_1_102' title="bbox 1152 1860 1996 1899; baseline 0.004 -12"><span class='ocrx_word' id='word_1_903' title='bbox 1152 1863 1176 1888; x_wconf 79' lang='lat' dir='ltr'>S.</span> <span class='ocrx_word' id='word_1_904' title='bbox 1197 1861 1212 1888; x_wconf 92' lang='lat' dir='ltr'>l.</span> <span class='ocrx_word' id='word_1_905' title='bbox 1234 1863 1256 1888; x_wconf 94' lang='lat'>1.</span> <span class='ocrx_word' id='word_1_906' title='bbox 1278 1863 1318 1887; x_wconf 86' lang='lat'>12.</span> <span class='ocrx_word' id='word_1_907' title='bbox 1355 1860 1384 1887; x_wconf 91' lang='lat' dir='ltr'>Si</span> <span class='ocrx_word' id='word_1_908' title='bbox 1410 1862 1469 1898; x_wconf 90' lang='lat' dir='ltr'>quis</span> <span class='ocrx_word' id='word_1_909' title='bbox 1493 1861 1574 1893; x_wconf 83' lang='lat' dir='ltr'>dicat,</span> <span class='ocrx_word' id='word_1_910' title='bbox 1598 1876 1631 1881; x_wconf 97' lang='lat'>—</span> <span class='ocrx_word' id='word_1_911' title='bbox 1655 1867 1745 1899; x_wconf 78' lang='lat' dir='ltr'>potest</span> <span class='ocrx_word' id='word_1_912' title='bbox 1768 1864 1914 1889; x_wconf 83' lang='lat' dir='ltr'>consistere</span> <span class='ocrx_word' id='word_1_913' title='bbox 1938 1872 1996 1890; x_wconf 88' lang='lat' dir='ltr'>cum</span> 
     </span>
     <span class='ocr_line' id='line_1_103' title="bbox 1153 1904 1996 1942; baseline 0.001 -11"><span class='ocrx_word' id='word_1_914' title='bbox 1153 1905 1259 1931; x_wconf 87' lang='lat' dir='ltr'>domino</span> <span class='ocrx_word' id='word_1_915' title='bbox 1278 1914 1336 1931; x_wconf 81' lang='lat' dir='ltr'>suo,</span> <span class='ocrx_word' id='word_1_916' title='bbox 1357 1909 1382 1930; x_wconf 87' lang='lat' dir='ltr'>et</span> <span class='ocrx_word' id='word_1_917' title='bbox 1402 1905 1475 1941; x_wconf 84' lang='lat' dir='ltr'>queri</span> <span class='ocrx_word' id='word_1_918' title='bbox 1495 1904 1566 1941; x_wconf 88' lang='lat' dir='ltr'>quod</span> <span class='ocrx_word' id='word_1_919' title='bbox 1586 1909 1635 1931; x_wconf 84' lang='lat' dir='ltr'>etc.</span> <span class='ocrx_word' id='word_1_920' title='bbox 1654 1905 1684 1932; x_wconf 84' lang='lat' dir='ltr'>fr.</span> <span class='ocrx_word' id='word_1_921' title='bbox 1705 1907 1728 1930; x_wconf 83' lang='lat'>5.</span> <span class='ocrx_word' id='word_1_922' title='bbox 1743 1915 1783 1942; x_wconf 87' lang='lat' dir='ltr'>pr.</span> <span class='ocrx_word' id='word_1_923' title='bbox 1802 1904 1819 1931; x_wconf 93' lang='lat' dir='ltr'>l.</span> <span class='ocrx_word' id='word_1_924' title='bbox 1834 1907 1875 1932; x_wconf 80' lang='grc'>40.</span> <span class='ocrx_word' id='word_1_925' title='bbox 1891 1907 1912 1933; x_wconf 94' lang='grc'>1.</span> <span class='ocrx_word' id='word_1_926' title='bbox 1942 1905 1996 1932; x_wconf 86' lang='lat' dir='ltr'>Vti-</span> 
     </span>
    </p>
   </div>
   <div class='ocr_carea' id='block_1_18' title="bbox 1129 1947 1994 1987">
    <p class='ocr_par' dir='ltr' id='par_1_29' title="bbox 1129 1947 1994 1987">
     <span class='ocr_line' id='line_1_104' title="bbox 1129 1947 1994 1987; baseline 0 -13"><span class='ocrx_word' id='word_1_927' title='bbox 1129 1948 1213 1987; x_wconf 60' lang='lat' dir='ltr'>3liter</span> <span class='ocrx_word' id='word_1_928' title='bbox 1238 1947 1394 1979; x_wconf 77' lang='lat' dir='ltr'>interdicto,</span> <span class='ocrx_word' id='word_1_929' title='bbox 1423 1948 1466 1984; x_wconf 90' lang='lat' dir='ltr'>qui</span> <span class='ocrx_word' id='word_1_930' title='bbox 1495 1947 1527 1973; x_wconf 84' lang='lat' dir='ltr'>de</span> <span class='ocrx_word' id='word_1_931' title='bbox 1556 1948 1612 1974; x_wconf 83' lang='lat' dir='ltr'>iure</span> <span class='ocrx_word' id='word_1_932' title='bbox 1639 1947 1747 1974; x_wconf 90' lang='lat' dir='ltr'>dominii</span> <span class='ocrx_word' id='word_1_933' title='bbox 1771 1949 1902 1985; x_wconf 78' lang='lat' dir='ltr'>queritur,</span> <span class='ocrx_word' id='word_1_934' title='bbox 1929 1953 1994 1985; x_wconf 74' lang='lat' dir='ltr'>aget.</span> 
     </span>
    </p>
   </div>
   <div class='ocr_carea' id='block_1_19' title="bbox 1153 1990 1994 2071">
    <p class='ocr_par' dir='ltr' id='par_1_30' title="bbox 1153 1990 1994 2071">
     <span class='ocr_line' id='line_1_105' title="bbox 1153 1990 1994 2027; baseline 0.001 -11"><span class='ocrx_word' id='word_1_935' title='bbox 1153 1991 1183 2017; x_wconf 79' lang='lat' dir='ltr'>fr.</span> <span class='ocrx_word' id='word_1_936' title='bbox 1197 1993 1238 2017; x_wconf 78' lang='lat'>43.</span> <span class='ocrx_word' id='word_1_937' title='bbox 1259 1990 1291 2017; x_wconf 88' lang='lat' dir='ltr'>de</span> <span class='ocrx_word' id='word_1_938' title='bbox 1311 1990 1383 2026; x_wconf 74' lang='lat' dir='ltr'>relig.</span> <span class='ocrx_word' id='word_1_939' title='bbox 1400 1992 1438 2016; x_wconf 87' lang='lat'>11.</span> <span class='ocrx_word' id='word_1_940' title='bbox 1455 1992 1477 2016; x_wconf 85' lang='lat'>7.</span> <span class='ocrx_word' id='word_1_941' title='bbox 1516 1990 1603 2027; x_wconf 83' lang='lat' dir='ltr'>Super</span> <span class='ocrx_word' id='word_1_942' title='bbox 1621 1990 1808 2017; x_wconf 88' lang='lat' dir='ltr'>donationibus</span> <span class='ocrx_word' id='word_1_943' title='bbox 1828 2001 1860 2017; x_wconf 88' lang='lat' dir='ltr'>m.</span> <span class='ocrx_word' id='word_1_944' title='bbox 1879 2001 1900 2018; x_wconf 89' lang='lat' dir='ltr'>c.</span> <span class='ocrx_word' id='word_1_945' title='bbox 1920 1991 1994 2017; x_wconf 81' lang='lat' dir='ltr'>I&#39;actis</span> 
     </span>
     <span class='ocr_line' id='line_1_106' title="bbox 1153 2033 1993 2071; baseline -0.001 -11"><span class='ocrx_word' id='word_1_946' title='bbox 1153 2044 1205 2060; x_wconf 90' lang='lat' dir='ltr'>non</span> <span class='ocrx_word' id='word_1_947' title='bbox 1224 2034 1323 2071; x_wconf 77' lang='lat' dir='ltr'>poterit</span> <span class='ocrx_word' id='word_1_948' title='bbox 1341 2033 1412 2060; x_wconf 88' lang='lat' dir='ltr'>filius</span> <span class='ocrx_word' id='word_1_949' title='bbox 1431 2034 1513 2069; x_wconf 74' lang='lat' dir='ltr'>queri.</span> <span class='ocrx_word' id='word_1_950' title='bbox 1536 2034 1564 2060; x_wconf 70' lang='lat' dir='ltr'>l&#39;r.</span> <span class='ocrx_word' id='word_1_951' title='bbox 1584 2035 1625 2060; x_wconf 86' lang='grc'>20.</span> <span class='ocrx_word' id='word_1_952' title='bbox 1646 2034 1667 2067; x_wconf 80' lang='lat'>§.</span> <span class='ocrx_word' id='word_1_953' title='bbox 1691 2036 1710 2060; x_wconf 84' lang='lat'>1.</span> <span class='ocrx_word' id='word_1_954' title='bbox 1731 2033 1763 2060; x_wconf 86' lang='lat' dir='ltr'>de</span> <span class='ocrx_word' id='word_1_955' title='bbox 1782 2034 1812 2060; x_wconf 89' lang='lat' dir='ltr'>B.</span> <span class='ocrx_word' id='word_1_956' title='bbox 1832 2033 1860 2060; x_wconf 85' lang='lat' dir='ltr'>P.</span> <span class='ocrx_word' id='word_1_957' title='bbox 1880 2043 1901 2060; x_wconf 85' lang='lat' dir='ltr'>c.</span> <span class='ocrx_word' id='word_1_958' title='bbox 1921 2038 1938 2060; x_wconf 83' lang='lat' dir='ltr'>t.</span> <span class='ocrx_word' id='word_1_959' title='bbox 1951 2035 1993 2060; x_wconf 82' lang='lat'>37.</span> 
     </span>
    </p>
   </div>
   <div class='ocr_carea' id='block_1_20' title="bbox 266 2076 1994 2158">
    <p class='ocr_par' dir='ltr' id='par_1_31' title="bbox 266 2076 1994 2158">
     <span class='ocr_line' id='line_1_107' title="bbox 1129 2076 1994 2113; baseline -0.001 -10"><span class='ocrx_word' id='word_1_960' title='bbox 1129 2092 1131 2099; x_wconf 56' lang='grc' dir='ltr'><strong><em>ι</em></strong></span> <span class='ocrx_word' id='word_1_961' title='bbox 1152 2080 1176 2103; x_wconf 89' lang='grc'>5.</span> <span class='ocrx_word' id='word_1_962' title='bbox 1213 2077 1255 2103; x_wconf 79' lang='lat' dir='ltr'>De</span> <span class='ocrx_word' id='word_1_963' title='bbox 1275 2081 1431 2102; x_wconf 78' lang='lat' dir='ltr'>testamento</span> <span class='ocrx_word' id='word_1_964' title='bbox 1450 2077 1533 2113; x_wconf 88' lang='lat' dir='ltr'>patris</span> <span class='ocrx_word' id='word_1_965' title='bbox 1547 2091 1580 2095; x_wconf 91' lang='lat'>—</span> <span class='ocrx_word' id='word_1_966' title='bbox 1600 2076 1658 2110; x_wconf 72' lang='lat' dir='ltr'>(tle)</span> <span class='ocrx_word' id='word_1_967' title='bbox 1678 2076 1827 2103; x_wconf 82' lang='lat' dir='ltr'>inofficioso</span> <span class='ocrx_word' id='word_1_968' title='bbox 1846 2076 1919 2112; x_wconf 86' lang='lat' dir='ltr'>queri</span> <span class='ocrx_word' id='word_1_969' title='bbox 1937 2081 1994 2113; x_wconf 86' lang='lat' dir='ltr'>pot—</span> 
     </span>
     <span class='ocr_line' id='line_1_108' title="bbox 266 2117 1131 2158; baseline 0.006 -15"><span class='ocrx_word' id='word_1_970' title='bbox 266 2118 296 2144; x_wconf 77' lang='lat' dir='ltr'>I&#39;r.</span> <span class='ocrx_word' id='word_1_971' title='bbox 316 2119 357 2144; x_wconf 84' lang='lat'>38.</span> <span class='ocrx_word' id='word_1_972' title='bbox 378 2128 416 2155; x_wconf 85' lang='lat' dir='ltr'>pr.</span> <span class='ocrx_word' id='word_1_973' title='bbox 437 2117 468 2144; x_wconf 85' lang='lat' dir='ltr'>cf.</span> <span class='ocrx_word' id='word_1_974' title='bbox 490 2117 519 2144; x_wconf 81' lang='lat' dir='ltr'>fr.</span> <span class='ocrx_word' id='word_1_975' title='bbox 542 2119 562 2144; x_wconf 97' lang='lat' dir='ltr'>l.</span> <span class='ocrx_word' id='word_1_976' title='bbox 583 2128 620 2155; x_wconf 84' lang='lat' dir='ltr'>pr.</span> <span class='ocrx_word' id='word_1_977' title='bbox 641 2118 674 2145; x_wconf 88' lang='lat' dir='ltr'>dc</span> <span class='ocrx_word' id='word_1_978' title='bbox 687 2119 772 2145; x_wconf 71' lang='lat' dir='ltr'>Aedil.</span> <span class='ocrx_word' id='word_1_979' title='bbox 793 2119 869 2147; x_wconf 62' lang='lat' dir='ltr'>odiet.</span> <span class='ocrx_word' id='word_1_980' title='bbox 883 2122 925 2147; x_wconf 85' lang='lat'>21.</span> <span class='ocrx_word' id='word_1_981' title='bbox 947 2122 969 2148; x_wconf 89' lang='lat'>1.</span> <span class='ocrx_word' id='word_1_982' title='bbox 1005 2121 1109 2158; x_wconf 80' lang='lat' dir='ltr'>Adgna-</span> <span class='ocrx_word' id='word_1_983' title='bbox 1129 2118 1131 2130; x_wconf 70' lang='grc'><em>’</em></span> 
     </span>
    </p>
   </div>
   <div class='ocr_carea' id='block_1_21' title="bbox 1153 2118 1994 2369">
    <p class='ocr_par' dir='ltr' id='par_1_32' title="bbox 1153 2118 1994 2369">
     <span class='ocr_line' id='line_1_109' title="bbox 1153 2118 1751 2153; baseline -0.003 -6"><span class='ocrx_word' id='word_1_984' title='bbox 1153 2125 1200 2147; x_wconf 80' lang='lat' dir='ltr'>est.</span> <span class='ocrx_word' id='word_1_985' title='bbox 1221 2119 1250 2146; x_wconf 83' lang='lat' dir='ltr'>sr.</span> <span class='ocrx_word' id='word_1_986' title='bbox 1270 2121 1312 2146; x_wconf 86' lang='lat'>27.</span> <span class='ocrx_word' id='word_1_987' title='bbox 1332 2120 1354 2153; x_wconf 59' lang='grc' dir='ltr'>ξ.</span> <span class='ocrx_word' id='word_1_988' title='bbox 1374 2121 1398 2145; x_wconf 86' lang='grc'>4.</span> <span class='ocrx_word' id='word_1_989' title='bbox 1418 2118 1451 2145; x_wconf 81' lang='lat' dir='ltr'>de</span> <span class='ocrx_word' id='word_1_990' title='bbox 1470 2119 1542 2145; x_wconf 82' lang='lat' dir='ltr'>inoff.</span> <span class='ocrx_word' id='word_1_991' title='bbox 1562 2124 1663 2146; x_wconf 85' lang='lat' dir='ltr'>testam.</span> <span class='ocrx_word' id='word_1_992' title='bbox 1683 2122 1708 2146; x_wconf 84' lang='lat'>5.</span> <span class='ocrx_word' id='word_1_993' title='bbox 1727 2122 1751 2146; x_wconf 92' lang='lat'>2.</span> 
     </span>
     <span class='ocr_line' id='line_1_110' title="bbox 1188 2162 1992 2196; baseline -0.001 -7"><span class='ocrx_word' id='word_1_994' title='bbox 1188 2162 1450 2194; x_wconf 64' lang='lat' dir='ltr'>Quen-Emonia.</span> <span class='ocrx_word' id='word_1_995' title='bbox 1488 2163 1519 2196; x_wconf 82' lang='lat'>§.</span> <span class='ocrx_word' id='word_1_996' title='bbox 1541 2163 1576 2189; x_wconf 86' lang='grc'>1.</span> <span class='ocrx_word' id='word_1_997' title='bbox 1606 2163 1853 2194; x_wconf 76' lang='lat' dir='ltr'>Controversia,</span> <span class='ocrx_word' id='word_1_998' title='bbox 1873 2163 1937 2189; x_wconf 72' lang='lat' dir='ltr'>Lis.</span> <span class='ocrx_word' id='word_1_999' title='bbox 1974 2163 1992 2189; x_wconf 91' lang='lat'>1.</span> 
     </span>
     <span class='ocr_line' id='line_1_111' title="bbox 1153 2203 1992 2241; baseline -0.001 -8"><span class='ocrx_word' id='word_1_1000' title='bbox 1153 2208 1215 2241; x_wconf 77' lang='lat' dir='ltr'>Sy.</span> <span class='ocrx_word' id='word_1_1001' title='bbox 1235 2206 1376 2241; x_wconf 80' lang='lat' dir='ltr'>Quaestio.</span> <span class='ocrx_word' id='word_1_1002' title='bbox 1397 2205 1600 2237; x_wconf 81' lang='lat' dir='ltr'>Controversia,</span> <span class='ocrx_word' id='word_1_1003' title='bbox 1626 2205 1745 2231; x_wconf 75' lang='lat' dir='ltr'>intentio.</span> <span class='ocrx_word' id='word_1_1004' title='bbox 1777 2203 1827 2230; x_wconf 88' lang='lat' dir='ltr'>Th.</span> <span class='ocrx_word' id='word_1_1005' title='bbox 1848 2204 1879 2231; x_wconf 89' lang='lat' dir='ltr'>C.</span> <span class='ocrx_word' id='word_1_1006' title='bbox 1902 2204 1931 2231; x_wconf 92' lang='lat' dir='ltr'>II.</span> <span class='ocrx_word' id='word_1_1007' title='bbox 1951 2207 1992 2232; x_wconf 84' lang='lat'>26.</span> 
     </span>
     <span class='ocr_line' id='line_1_112' title="bbox 1153 2246 1993 2284; baseline 0 -9"><span class='ocrx_word' id='word_1_1008' title='bbox 1153 2250 1175 2283; x_wconf 58' lang='grc' dir='ltr'>ᾖ,</span> <span class='ocrx_word' id='word_1_1009' title='bbox 1197 2251 1218 2275; x_wconf 91' lang='grc'>1.</span> <span class='ocrx_word' id='word_1_1010' title='bbox 1239 2248 1352 2282; x_wconf 86' lang='lat' dir='ltr'>(ch.)</span> <span class='ocrx_word' id='word_1_1011' title='bbox 1377 2248 1421 2274; x_wconf 91' lang='lat' dir='ltr'>s1n.</span> <span class='ocrx_word' id='word_1_1012' title='bbox 1445 2248 1553 2284; x_wconf 75' lang='lat' dir='ltr'>regund.</span> <span class='ocrx_word' id='word_1_1013' title='bbox 1572 2248 1617 2275; x_wconf 81' lang='lat' dir='ltr'>XI.</span> <span class='ocrx_word' id='word_1_1014' title='bbox 1637 2249 1679 2274; x_wconf 87' lang='lat'>29.</span> <span class='ocrx_word' id='word_1_1015' title='bbox 1704 2257 1725 2273; x_wconf 85' lang='lat' dir='ltr'>c.</span> <span class='ocrx_word' id='word_1_1016' title='bbox 1744 2248 1768 2273; x_wconf 92' lang='grc'>6.</span> <span class='ocrx_word' id='word_1_1017' title='bbox 1788 2246 1821 2273; x_wconf 78' lang='lat' dir='ltr'>de</span> <span class='ocrx_word' id='word_1_1018' title='bbox 1840 2247 1913 2274; x_wconf 86' lang='lat' dir='ltr'>relat.</span> <span class='ocrx_word' id='word_1_1019' title='bbox 1949 2248 1993 2275; x_wconf 94' lang='lat'>111.</span> 
     </span>
     <span class='ocr_line' id='line_1_113' title="bbox 1153 2290 1992 2328; baseline -0.004 -8"><span class='ocrx_word' id='word_1_1020' title='bbox 1153 2294 1220 2321; x_wconf 76' lang='lat' dir='ltr'>cn.</span> <span class='ocrx_word' id='word_1_1021' title='bbox 1249 2291 1277 2318; x_wconf 92' lang='lat' dir='ltr'>In</span> <span class='ocrx_word' id='word_1_1022' title='bbox 1302 2291 1490 2328; x_wconf 84' lang='lat' dir='ltr'>querimoniam</span> <span class='ocrx_word' id='word_1_1023' title='bbox 1514 2290 1672 2317; x_wconf 85' lang='lat' dir='ltr'>criminalem</span> <span class='ocrx_word' id='word_1_1024' title='bbox 1691 2294 1808 2316; x_wconf 67' lang='lat' dir='ltr'>vocatus.</span> <span class='ocrx_word' id='word_1_1025' title='bbox 1837 2300 1858 2316; x_wconf 91' lang='lat' dir='ltr'>c.</span> <span class='ocrx_word' id='word_1_1026' title='bbox 1877 2291 1901 2316; x_wconf 87' lang='lat'>3.</span> <span class='ocrx_word' id='word_1_1027' title='bbox 1927 2291 1950 2325; x_wconf 85' lang='lat'>§.</span> <span class='ocrx_word' id='word_1_1028' title='bbox 1968 2293 1992 2318; x_wconf 87' lang='lat'>3.</span> 
     </span>
     <span class='ocr_line' id='line_1_114' title="bbox 1153 2332 1994 2369; baseline -0.001 -7"><span class='ocrx_word' id='word_1_1029' title='bbox 1153 2335 1197 2362; x_wconf 86' lang='lat' dir='ltr'>ubi</span> <span class='ocrx_word' id='word_1_1030' title='bbox 1218 2335 1306 2361; x_wconf 84' lang='lat' dir='ltr'>Senat.</span> <span class='ocrx_word' id='word_1_1031' title='bbox 1326 2344 1350 2361; x_wconf 89' lang='lat' dir='ltr'>v.</span> <span class='ocrx_word' id='word_1_1032' title='bbox 1366 2333 1476 2360; x_wconf 88' lang='lat' dir='ltr'>Clariss.</span> <span class='ocrx_word' id='word_1_1033' title='bbox 1494 2335 1519 2360; x_wconf 81' lang='lat'>3.</span> <span class='ocrx_word' id='word_1_1034' title='bbox 1532 2335 1573 2360; x_wconf 76' lang='grc'>24.</span> <span class='ocrx_word' id='word_1_1035' title='bbox 1611 2332 1739 2359; x_wconf 85' lang='lat' dir='ltr'>Patronos</span> <span class='ocrx_word' id='word_1_1036' title='bbox 1759 2333 1784 2358; x_wconf 91' lang='lat' dir='ltr'>in</span> <span class='ocrx_word' id='word_1_1037' title='bbox 1804 2334 1994 2369; x_wconf 84' lang='lat' dir='ltr'>querimoniam</span> 
     </span>
    </p>
   </div>
   <div class='ocr_carea' id='block_1_22' title="bbox 1131 2376 1994 2418">
    <p class='ocr_par' dir='ltr' id='par_1_33' title="bbox 1131 2376 1994 2418">
     <span class='ocr_line' id='line_1_115' title="bbox 1131 2376 1994 2418; baseline -0.002 -13"><span class='ocrx_word' id='word_1_1038' title='bbox 1131 2396 1132 2418; x_wconf 21' lang='grc' dir='ltr'>ἦ</span> <span class='ocrx_word' id='word_1_1039' title='bbox 1153 2378 1292 2409; x_wconf 81' lang='lat' dir='ltr'>deducere,</span> <span class='ocrx_word' id='word_1_1040' title='bbox 1313 2378 1387 2414; x_wconf 86' lang='lat' dir='ltr'>quasi</span> <span class='ocrx_word' id='word_1_1041' title='bbox 1406 2387 1458 2403; x_wconf 91' lang='lat' dir='ltr'>non</span> <span class='ocrx_word' id='word_1_1042' title='bbox 1478 2378 1528 2403; x_wconf 80' lang='lat' dir='ltr'>rite</span> <span class='ocrx_word' id='word_1_1043' title='bbox 1547 2377 1572 2402; x_wconf 89' lang='lat' dir='ltr'>in</span> <span class='ocrx_word' id='word_1_1044' title='bbox 1592 2385 1637 2401; x_wconf 87' lang='lat' dir='ltr'>eos</span> <span class='ocrx_word' id='word_1_1045' title='bbox 1655 2380 1783 2402; x_wconf 81' lang='lat' dir='ltr'>versatos.</span> <span class='ocrx_word' id='word_1_1046' title='bbox 1804 2386 1824 2402; x_wconf 82' lang='lat' dir='ltr'>c.</span> <span class='ocrx_word' id='word_1_1047' title='bbox 1844 2378 1868 2402; x_wconf 88' lang='lat'>2.</span> <span class='ocrx_word' id='word_1_1048' title='bbox 1895 2376 1949 2412; x_wconf 81' lang='lat' dir='ltr'>Qui</span> <span class='ocrx_word' id='word_1_1049' title='bbox 1967 2381 1994 2403; x_wconf 86' lang='lat' dir='ltr'>et</span> 
     </span>
    </p>
   </div>
   <div class='ocr_carea' id='block_1_23' title="bbox 1153 2420 1993 2619">
    <p class='ocr_par' dir='ltr' id='par_1_34' title="bbox 1153 2420 1993 2619">
     <span class='ocr_line' id='line_1_116' title="bbox 1153 2420 1992 2458; baseline -0.002 -10"><span class='ocrx_word' id='word_1_1050' title='bbox 1153 2421 1211 2448; x_wconf 85' lang='lat' dir='ltr'>adv.</span> <span class='ocrx_word' id='word_1_1051' title='bbox 1236 2431 1278 2458; x_wconf 89' lang='lat' dir='ltr'>qu.</span> <span class='ocrx_word' id='word_1_1052' title='bbox 1298 2424 1322 2447; x_wconf 85' lang='lat'>2.</span> <span class='ocrx_word' id='word_1_1053' title='bbox 1343 2422 1383 2447; x_wconf 86' lang='lat'>42.</span> <span class='ocrx_word' id='word_1_1054' title='bbox 1410 2437 1439 2440; x_wconf 97' lang='lat'><strong>—</strong></span> <span class='ocrx_word' id='word_1_1055' title='bbox 1469 2421 1500 2454; x_wconf 84' lang='lat'>§.</span> <span class='ocrx_word' id='word_1_1056' title='bbox 1520 2420 1554 2445; x_wconf 62' lang='grc' dir='ltr'>Β.</span> <span class='ocrx_word' id='word_1_1057' title='bbox 1584 2420 1780 2451; x_wconf 61' lang='lat' dir='ltr'>Excusatio,</span> <span class='ocrx_word' id='word_1_1058' title='bbox 1809 2421 1992 2447; x_wconf 63' lang='lat' dir='ltr'>Rea-usaria.</span> 
     </span>
     <span class='ocr_line' id='line_1_117' title="bbox 1153 2461 1992 2499; baseline -0.002 -8"><span class='ocrx_word' id='word_1_1059' title='bbox 1153 2464 1171 2491; x_wconf 96' lang='lat'>1.</span> <span class='ocrx_word' id='word_1_1060' title='bbox 1193 2465 1254 2498; x_wconf 82' lang='lat' dir='ltr'>Sy.</span> <span class='ocrx_word' id='word_1_1061' title='bbox 1284 2463 1406 2499; x_wconf 82' lang='lat' dir='ltr'>Querela.</span> <span class='ocrx_word' id='word_1_1062' title='bbox 1438 2461 1486 2489; x_wconf 89' lang='lat' dir='ltr'>Th.</span> <span class='ocrx_word' id='word_1_1063' title='bbox 1507 2461 1538 2487; x_wconf 89' lang='lat' dir='ltr'>C.</span> <span class='ocrx_word' id='word_1_1064' title='bbox 1558 2461 1601 2487; x_wconf 82' lang='lat' dir='ltr'>XI.</span> <span class='ocrx_word' id='word_1_1065' title='bbox 1621 2464 1662 2487; x_wconf 77' lang='grc'>30.</span> <span class='ocrx_word' id='word_1_1066' title='bbox 1690 2472 1710 2487; x_wconf 88' lang='lat' dir='ltr'>c.</span> <span class='ocrx_word' id='word_1_1067' title='bbox 1734 2463 1771 2487; x_wconf 86' lang='lat'>12.</span> <span class='ocrx_word' id='word_1_1068' title='bbox 1797 2461 1829 2487; x_wconf 70' lang='lat' dir='ltr'>dr·</span> <span class='ocrx_word' id='word_1_1069' title='bbox 1852 2461 1948 2499; x_wconf 85' lang='lat' dir='ltr'>adpell.</span> <span class='ocrx_word' id='word_1_1070' title='bbox 1968 2468 1992 2489; x_wconf 80' lang='lat' dir='ltr'>ct</span> 
     </span>
     <span class='ocr_line' id='line_1_118' title="bbox 1153 2503 1993 2545; baseline -0.001 -13"><span class='ocrx_word' id='word_1_1071' title='bbox 1153 2518 1229 2545; x_wconf 67' lang='lat' dir='ltr'>poen.</span> <span class='ocrx_word' id='word_1_1072' title='bbox 1272 2506 1314 2533; x_wconf 92' lang='lat' dir='ltr'>III.</span> <span class='ocrx_word' id='word_1_1073' title='bbox 1334 2508 1400 2533; x_wconf 68' lang='grc' dir='ltr'>(ΥΠ.</span> <span class='ocrx_word' id='word_1_1074' title='bbox 1428 2504 1592 2531; x_wconf 70' lang='lat' dir='ltr'>Decurionvs</span> <span class='ocrx_word' id='word_1_1075' title='bbox 1618 2503 1649 2530; x_wconf 87' lang='lat' dir='ltr'>ad</span> <span class='ocrx_word' id='word_1_1076' title='bbox 1675 2505 1852 2540; x_wconf 76' lang='lat' dir='ltr'>magistratum</span> <span class='ocrx_word' id='word_1_1077' title='bbox 1878 2521 1906 2525; x_wconf 91' lang='lat'><strong>—</strong></span> <span class='ocrx_word' id='word_1_1078' title='bbox 1934 2511 1993 2531; x_wconf 84' lang='lat' dir='ltr'>ante</span> 
     </span>
     <span class='ocr_line' id='line_1_119' title="bbox 1155 2547 1992 2583; baseline -0.002 -7"><span class='ocrx_word' id='word_1_1079' title='bbox 1155 2550 1187 2576; x_wconf 85' lang='lat' dir='ltr'>Il!</span> <span class='ocrx_word' id='word_1_1080' title='bbox 1200 2559 1304 2576; x_wconf 66' lang='lat' dir='ltr'>menses</span> <span class='ocrx_word' id='word_1_1081' title='bbox 1318 2565 1348 2568; x_wconf 91' lang='lat'>——</span> <span class='ocrx_word' id='word_1_1082' title='bbox 1365 2548 1490 2574; x_wconf 87' lang='lat' dir='ltr'>nominari</span> <span class='ocrx_word' id='word_1_1083' title='bbox 1511 2547 1616 2576; x_wconf 67' lang='lat' dir='ltr'>‹Mu-nt.</span> <span class='ocrx_word' id='word_1_1084' title='bbox 1636 2552 1661 2573; x_wconf 87' lang='lat' dir='ltr'>ut</span> <span class='ocrx_word' id='word_1_1085' title='bbox 1682 2548 1704 2573; x_wconf 89' lang='lat' dir='ltr'>si</span> <span class='ocrx_word' id='word_1_1086' title='bbox 1723 2548 1884 2583; x_wconf 83' lang='lat' dir='ltr'>querimonia</span> <span class='ocrx_word' id='word_1_1087' title='bbox 1903 2558 1992 2575; x_wconf 83' lang='lat' dir='ltr'>eorum</span> 
     </span>
     <span class='ocr_line' id='line_1_120' title="bbox 1154 2589 1990 2619; baseline -0.004 0"><span class='ocrx_word' id='word_1_1088' title='bbox 1154 2594 1221 2619; x_wconf 85' lang='lat' dir='ltr'>iusta</span> <span class='ocrx_word' id='word_1_1089' title='bbox 1241 2593 1360 2619; x_wconf 72' lang='lat' dir='ltr'>videatur</span> <span class='ocrx_word' id='word_1_1090' title='bbox 1379 2595 1427 2617; x_wconf 80' lang='lat' dir='ltr'>etc.</span> <span class='ocrx_word' id='word_1_1091' title='bbox 1446 2589 1482 2616; x_wconf 90' lang='lat' dir='ltr'>lb.</span> <span class='ocrx_word' id='word_1_1092' title='bbox 1503 2589 1559 2616; x_wconf 76' lang='lat' dir='ltr'>XII.</span> <span class='ocrx_word' id='word_1_1093' title='bbox 1582 2593 1601 2616; x_wconf 90' lang='grc'>1.</span> <span class='ocrx_word' id='word_1_1094' title='bbox 1622 2600 1643 2617; x_wconf 87' lang='lat' dir='ltr'>c.</span> <span class='ocrx_word' id='word_1_1095' title='bbox 1663 2592 1686 2616; x_wconf 87' lang='lat'>8.</span> <span class='ocrx_word' id='word_1_1096' title='bbox 1706 2600 1727 2616; x_wconf 93' lang='lat' dir='ltr'>c.</span> <span class='ocrx_word' id='word_1_1097' title='bbox 1747 2592 1786 2616; x_wconf 82' lang='lat'>12.</span> <span class='ocrx_word' id='word_1_1098' title='bbox 1807 2589 1839 2617; x_wconf 83' lang='lat' dir='ltr'>dc</span> <span class='ocrx_word' id='word_1_1099' title='bbox 1858 2590 1990 2617; x_wconf 87' lang='lat' dir='ltr'>decurion.</span> 
     </span>
    </p>
   </div>
   <div class='ocr_carea' id='block_1_24' title="bbox 1131 2630 1459 2662">
    <p class='ocr_par' dir='ltr' id='par_1_35' title="bbox 1131 2630 1459 2662">
     <span class='ocr_line' id='line_1_121' title="bbox 1131 2630 1459 2662; baseline -0.012 0"><span class='ocrx_word' id='word_1_1100' title='bbox 1131 2630 1132 2638; x_wconf 65' lang='lat'>¹</span> <span class='ocrx_word' id='word_1_1101' title='bbox 1155 2635 1196 2661; x_wconf 75' lang='lat' dir='ltr'>es.</span> <span class='ocrx_word' id='word_1_1102' title='bbox 1216 2635 1260 2661; x_wconf 80' lang='lat' dir='ltr'>xl.</span> <span class='ocrx_word' id='word_1_1103' title='bbox 1279 2637 1320 2662; x_wconf 83' lang='lat'>30.</span> <span class='ocrx_word' id='word_1_1104' title='bbox 1341 2644 1362 2660; x_wconf 78' lang='lat' dir='ltr'>c.</span> <span class='ocrx_word' id='word_1_1105' title='bbox 1384 2635 1422 2658; x_wconf 76' lang='lat'>12.</span> <span class='ocrx_word' id='word_1_1106' title='bbox 1444 2632 1459 2658; x_wconf 89' lang='lat'>1.</span> 
     </span>
    </p>
   </div>
   <div class='ocr_carea' id='block_1_25' title="bbox 1153 2674 1990 2841">
    <p class='ocr_par' dir='ltr' id='par_1_36' title="bbox 1153 2674 1990 2841">
     <span class='ocr_line' id='line_1_122' title="bbox 1189 2674 1989 2710; baseline -0.004 -6"><span class='ocrx_word' id='word_1_1107' title='bbox 1189 2678 1276 2710; x_wconf 65' lang='lat' dir='ltr'>Qui,</span> <span class='ocrx_word' id='word_1_1108' title='bbox 1295 2679 1416 2708; x_wconf 59' lang='lat' dir='ltr'>(lunc.</span> <span class='ocrx_word' id='word_1_1109' title='bbox 1433 2677 1552 2707; x_wconf 66' lang='lat' dir='ltr'>Quod.</span> <span class='ocrx_word' id='word_1_1110' title='bbox 1573 2674 1720 2708; x_wconf 75' lang='lat' dir='ltr'>(Pi-onom.)</span> <span class='ocrx_word' id='word_1_1111' title='bbox 1741 2676 1771 2708; x_wconf 64' lang='grc' dir='ltr'>ξ.</span> <span class='ocrx_word' id='word_1_1112' title='bbox 1783 2678 1817 2703; x_wconf 90' lang='grc'>1.</span> <span class='ocrx_word' id='word_1_1113' title='bbox 1839 2677 1909 2708; x_wconf 79' lang='lat' dir='ltr'>Ille,</span> <span class='ocrx_word' id='word_1_1114' title='bbox 1927 2685 1964 2710; x_wconf 82' lang='lat' dir='ltr'>qu</span> <span class='ocrx_word' id='word_1_1115' title='bbox 1973 2677 1989 2701; x_wconf 75' lang='lat' dir='ltr'>i.</span> 
     </span>
     <span class='ocr_line' id='line_1_123' title="bbox 1154 2718 1990 2756; baseline -0.004 -10"><span class='ocrx_word' id='word_1_1116' title='bbox 1154 2720 1195 2746; x_wconf 91' lang='lat'>111.</span> <span class='ocrx_word' id='word_1_1117' title='bbox 1217 2721 1283 2747; x_wconf 76' lang='lat' dir='ltr'>Cn.</span> <span class='ocrx_word' id='word_1_1118' title='bbox 1303 2719 1382 2755; x_wconf 81' lang='lat' dir='ltr'>Quod</span> <span class='ocrx_word' id='word_1_1119' title='bbox 1402 2718 1510 2745; x_wconf 68' lang='lat' dir='ltr'>Praetor</span> <span class='ocrx_word' id='word_1_1120' title='bbox 1528 2719 1669 2756; x_wconf 68' lang='lat' dir='ltr'>praece-pit,</span> <span class='ocrx_word' id='word_1_1121' title='bbox 1690 2728 1713 2744; x_wconf 89' lang='lat' dir='ltr'>v.</span> <span class='ocrx_word' id='word_1_1122' title='bbox 1732 2720 1774 2745; x_wconf 85' lang='lat' dir='ltr'>ait.</span> <span class='ocrx_word' id='word_1_1123' title='bbox 1794 2718 1824 2745; x_wconf 87' lang='lat' dir='ltr'>fr.</span> <span class='ocrx_word' id='word_1_1124' title='bbox 1838 2720 1862 2745; x_wconf 80' lang='lat'>3.</span> <span class='ocrx_word' id='word_1_1125' title='bbox 1882 2719 1902 2752; x_wconf 84' lang='lat'>§.</span> <span class='ocrx_word' id='word_1_1126' title='bbox 1915 2720 1938 2743; x_wconf 87' lang='lat'>2.</span> <span class='ocrx_word' id='word_1_1127' title='bbox 1958 2727 1990 2743; x_wconf 70' lang='lat' dir='ltr'>n«-</span> 
     </span>
     <span class='ocr_line' id='line_1_124' title="bbox 1154 2760 1988 2799; baseline -0.004 -10"><span class='ocrx_word' id='word_1_1128' title='bbox 1154 2773 1196 2799; x_wconf 83' lang='lat' dir='ltr'>qu.</span> <span class='ocrx_word' id='word_1_1129' title='bbox 1218 2773 1275 2789; x_wconf 77' lang='lat' dir='ltr'>euni</span> <span class='ocrx_word' id='word_1_1130' title='bbox 1295 2772 1335 2798; x_wconf 88' lang='lat' dir='ltr'>qu.</span> <span class='ocrx_word' id='word_1_1131' title='bbox 1357 2763 1382 2788; x_wconf 91' lang='lat' dir='ltr'>iu</span> <span class='ocrx_word' id='word_1_1132' title='bbox 1403 2763 1451 2788; x_wconf 84' lang='lat' dir='ltr'>ius.</span> <span class='ocrx_word' id='word_1_1133' title='bbox 1471 2764 1494 2788; x_wconf 84' lang='lat'>2.</span> <span class='ocrx_word' id='word_1_1134' title='bbox 1516 2763 1537 2788; x_wconf 87' lang='lat'>7.</span> <span class='ocrx_word' id='word_1_1135' title='bbox 1558 2761 1588 2788; x_wconf 91' lang='lat' dir='ltr'>sr.</span> <span class='ocrx_word' id='word_1_1136' title='bbox 1606 2764 1630 2787; x_wconf 74' lang='lat'>2.</span> <span class='ocrx_word' id='word_1_1137' title='bbox 1651 2761 1725 2794; x_wconf 65' lang='grc' dir='ltr'>ςξ.”.ἔ.</span> <span class='ocrx_word' id='word_1_1138' title='bbox 1739 2771 1796 2798; x_wconf 84' lang='lat' dir='ltr'>sqq.</span> <span class='ocrx_word' id='word_1_1139' title='bbox 1828 2761 1880 2797; x_wconf 81' lang='lat' dir='ltr'>Qui</span> <span class='ocrx_word' id='word_1_1140' title='bbox 1898 2760 1988 2786; x_wconf 82' lang='lat' dir='ltr'>satisd.</span> 
     </span>
     <span class='ocr_line' id='line_1_125' title="bbox 1153 2803 1988 2841; baseline -0.002 -10"><span class='ocrx_word' id='word_1_1141' title='bbox 1153 2815 1208 2841; x_wconf 72' lang='lat' dir='ltr'>cog.</span> <span class='ocrx_word' id='word_1_1142' title='bbox 1227 2807 1251 2832; x_wconf 90' lang='lat'>2.</span> <span class='ocrx_word' id='word_1_1143' title='bbox 1271 2806 1295 2832; x_wconf 78' lang='lat'>8.</span> <span class='ocrx_word' id='word_1_1144' title='bbox 1333 2805 1412 2841; x_wconf 76' lang='lat' dir='ltr'>Quod</span> <span class='ocrx_word' id='word_1_1145' title='bbox 1432 2810 1485 2837; x_wconf 81' lang='lat' dir='ltr'>est,</span> <span class='ocrx_word' id='word_1_1146' title='bbox 1506 2809 1531 2831; x_wconf 76' lang='lat' dir='ltr'>et</span> <span class='ocrx_word' id='word_1_1147' title='bbox 1550 2805 1572 2831; x_wconf 73' lang='lat' dir='ltr'>si</span> <span class='ocrx_word' id='word_1_1148' title='bbox 1591 2809 1640 2830; x_wconf 81' lang='lat' dir='ltr'>etc.</span> <span class='ocrx_word' id='word_1_1149' title='bbox 1667 2804 1696 2830; x_wconf 75' lang='lat' dir='ltr'>fr.</span> <span class='ocrx_word' id='word_1_1150' title='bbox 1716 2806 1757 2830; x_wconf 88' lang='lat'>31.</span> <span class='ocrx_word' id='word_1_1151' title='bbox 1778 2814 1816 2841; x_wconf 83' lang='lat' dir='ltr'>pr.</span> <span class='ocrx_word' id='word_1_1152' title='bbox 1836 2803 1868 2830; x_wconf 79' lang='lat' dir='ltr'>de</span> <span class='ocrx_word' id='word_1_1153' title='bbox 1885 2812 1988 2840; x_wconf 85' lang='lat' dir='ltr'>procur.</span> 
     </span>
    </p>
   </div>
   <div class='ocr_carea' id='block_1_26' title="bbox 1152 2845 1989 2883">
    <p class='ocr_par' dir='ltr' id='par_1_37' title="bbox 1152 2845 1989 2883">
     <span class='ocr_line' id='line_1_126' title="bbox 1152 2845 1989 2883; baseline -0.005 -8"><span class='ocrx_word' id='word_1_1154' title='bbox 1152 2850 1176 2875; x_wconf 90' lang='lat'>3.</span> <span class='ocrx_word' id='word_1_1155' title='bbox 1195 2850 1219 2875; x_wconf 88' lang='lat'>3.</span> <span class='ocrx_word' id='word_1_1156' title='bbox 1249 2848 1328 2883; x_wconf 80' lang='lat' dir='ltr'>Quod</span> <span class='ocrx_word' id='word_1_1157' title='bbox 1348 2848 1398 2875; x_wconf 89' lang='lat' dir='ltr'>dici</span> <span class='ocrx_word' id='word_1_1158' title='bbox 1419 2847 1510 2875; x_wconf 72' lang='lat' dir='ltr'>solvat.</span> <span class='ocrx_word' id='word_1_1159' title='bbox 1530 2847 1560 2874; x_wconf 79' lang='lat' dir='ltr'>fr.</span> <span class='ocrx_word' id='word_1_1160' title='bbox 1579 2848 1620 2874; x_wconf 78' lang='lat'>32.</span> <span class='ocrx_word' id='word_1_1161' title='bbox 1641 2846 1673 2873; x_wconf 85' lang='lat' dir='ltr'>de</span> <span class='ocrx_word' id='word_1_1162' title='bbox 1693 2847 1720 2874; x_wconf 90' lang='lat' dir='ltr'>S.</span> <span class='ocrx_word' id='word_1_1163' title='bbox 1741 2846 1768 2873; x_wconf 83' lang='grc' dir='ltr'>Ρ.</span> <span class='ocrx_word' id='word_1_1164' title='bbox 1781 2846 1812 2873; x_wconf 83' lang='lat' dir='ltr'>R.</span> <span class='ocrx_word' id='word_1_1165' title='bbox 1826 2847 1848 2872; x_wconf 85' lang='lat'>8.</span> <span class='ocrx_word' id='word_1_1166' title='bbox 1862 2846 1886 2871; x_wconf 85' lang='lat'>3.</span> <span class='ocrx_word' id='word_1_1167' title='bbox 1910 2845 1989 2881; x_wconf 83' lang='lat' dir='ltr'>Quod</span> 
     </span>
    </p>
   </div>
  </div>
 </body>
</html>
