2197 3121
928 145 1002 176 INE
1028 163 1066 169 —
1091 146 1173 177 INF.
1849 149 1913 180 463

194 231 225 257 fr.
244 232 284 257 99.
305 229 336 256 de
356 229 431 256 cond.
458 235 483 256 ct
507 229 574 255 dem.
598 230 639 254 35.
660 230 682 254 1.
720 227 856 259 Adscribi,
876 237 900 254 v.
920 227 1034 264 Expres-
1055 231 1056 256 ἰ
1078 238 1169 255 mare.
1206 227 1224 254 1.
1244 229 1305 263 Sy.
1325 228 1366 255 Ad
1386 228 1515 256 infamiam
1535 229 1644 256 alicuius
1665 229 1757 256 facere.
1778 229 1808 256 fr.
1830 231 1869 256 15.
1891 231 1912 263 Q.

193 283 251 300 sum
271 283 338 299 esse.
359 289 390 292 —
411 272 461 306 (Vi
482 272 555 309 ipsa)
575 272 669 297 inesse.
695 270 724 296 fr.
747 272 768 296 1.
789 281 827 307 pr.
852 271 873 304 Q.
893 271 917 296 3.
938 270 971 296 ib.
991 271 1032 296 35.
1055 262 1056 293 l
1076 273 1117 297 27.
1137 271 1169 297 de
1188 272 1262 297 iniur.
1283 273 1324 297 47.
1346 273 1384 298 10.
1423 273 1536 304 infamis,
1556 272 1703 299 Infamatus.
1724 273 1753 299 fr.
1772 274 1814 298 31.
1834 273 1855 306 Q.
1870 274 1912 299 21.

194 318 216 342 l.
237 315 267 342 fr.
290 317 345 342 126.
365 316 386 349 Q.
406 318 429 341 2.
451 315 480 341 fr.
502 316 558 341 138.
579 315 600 348 Q.
623 315 644 340 1.
664 313 697 340 de
711 313 740 339 V.
757 313 788 340 O.
808 315 850 340 45.
866 315 888 339 1.
908 312 951 339 III.
966 314 1032 340 Gn.
1054 334 1056 352 >
1077 313 1109 340 de
1128 313 1213 341 Aedil.
1234 313 1311 340 edict.
1330 316 1371 340 21.
1393 316 1414 341 l.
1434 315 1476 341 111.
1494 317 1559 343 (ἠ.
1578 315 1647 342 Haec
1666 325 1708 341 res
1728 325 1913 351 nonnunquam

192 358 331 385 Maximam
356 363 454 395 partem
479 357 589 393 legatam
614 367 688 387 esse,
709 358 768 393 quia
788 358 813 382 in
833 356 929 382 maiore
948 356 1033 381 minor
1078 356 1192 389 infamat,
1213 362 1238 383 et
1257 358 1388 383 materiam
1412 359 1508 394 gratiae
1532 358 1573 385 vel
1593 358 1741 385 ambitionis
1761 358 1860 384 tribuit.
1882 357 1912 384 fr.

194 411 299 437 quoque
319 402 426 427 inesset.
452 400 482 426 fr.
501 402 542 426 29.
569 399 589 432 Q.
612 401 633 426 l.
654 399 686 426 de
705 399 780 435 legat.
800 398 842 425 III.
863 398 939 430 (32.)
959 397 988 424 fr.
1010 399 1032 423 l.
1054 410 1055 417 ¹
1077 401 1118 426 79.
1138 400 1158 433 Q.
1180 401 1202 426 1.
1223 399 1255 426 de
1273 399 1351 425 indic.
1371 402 1394 426 5.
1416 402 1438 426 1.
1481 401 1627 438 Suspectos
1652 402 1748 437 gratiae
1773 406 1867 432 testes,
1888 405 1913 427 ct

193 444 215 477 Q.
236 445 259 470 4.
281 444 313 470 de
333 443 364 470 V.
384 443 417 469 O.
438 444 477 468 45.
500 444 521 468 l.
559 442 629 468 Dolo
650 444 718 468 inest
737 443 775 475 (et
794 441 885 473 frauS.)
907 440 936 466 fr.
952 442 974 466 7.
995 441 1031 474 QQ.
1054 430 1055 464 l
1077 452 1121 467 cos
1141 442 1182 468 vel
1209 443 1331 473 maxime,
1356 452 1422 478 quos
1443 459 1475 462 —
1494 445 1562 470 vitae
1586 443 1718 470 humilitas
1741 443 1912 476 infamaverit,

193 488 219 513 9.
241 496 280 523 sq.
302 485 333 512 de
352 490 419 523 pact.
439 488 462 511 2.
484 486 524 510 14.
561 485 710 522 Imperium,
729 485 770 511 cui
789 485 865 510 etiam
885 482 1032 509 iurisdictio
1054 475 1055 518 1
1077 485 1244 521 (interrogari
1263 495 1315 511 non
1334 484 1453 522 placuit.)
1473 485 1544 512 Paul.
1565 486 1596 513 V.
1618 489 1656 512 15.
1676 487 1698 520 Q.
1711 488 1732 512 1.
1770 486 1913 522 Quodcun-

193 530 270 555 inest.
291 529 321 555 fr.
340 530 362 554 3.
384 527 415 554 de
435 526 524 554 iurisd.
547 530 571 554 2.
593 530 615 554 1.
657 527 734 554 Pacta
757 527 783 553 in
803 526 946 552 continenti
966 524 1031 552 facta
1053 534 1055 555 ¹,
1077 537 1127 563 que
1147 529 1205 564 quis
1226 528 1324 559 fecerit.
1344 527 1386 554 vel
1405 528 1514 560 dixerit,
1539 534 1567 555 ut
1590 529 1668 556 alium
1688 529 1800 555 infamet.
1820 529 1851 555 fr.
1872 531 1912 555 15.

193 572 358 609 stipulationi
381 572 469 597 inesse
493 570 641 597 creduntur.
666 570 696 597 fr.
720 571 760 596 40.
786 568 818 595 de.
842 568 872 595 R.
896 568 926 595 C.
948 570 987 595 12.
1009 570 1031 595 1.
1053 573 1055 592 ὲ
1076 570 1097 603 Q.
1116 572 1158 596 ⁴27.
1179 570 1209 596 cf.
1229 571 1251 604 Q.
1271 572 1312 596 25.
1334 570 1365 597 de
1384 571 1458 596 iniur.
1479 572 1572 598 47.10.
1610 571 1765 598 Convicium
1784 582 1835 598 non
1854 582 1913 609 pro-

194 614 260 641 Cum
281 613 335 640 doli
355 614 475 650 exceptio
495 613 558 638 insit
577 613 608 639 de
623 613 684 640 dote
703 613 807 643 actioni,
827 616 855 638 ut
871 612 899 638 in
920 612 1031 637 caeteris
1053 593 1055 640 l
1076 613 1132 649 prie
1151 612 1255 645 dicitnr,
1275 613 1322 640 sed
1342 613 1483 640 infamandi
1503 624 1579 640 causa
1599 614 1703 641 dictum.
1724 614 1754 641 fr.
1776 617 1815 641 15.
1835 615 1856 648 Q.
1873 616 1912 642 12.

194 657 218 683 l).
239 656 255 683 f.
275 656 386 683 iudiciis.
406 655 436 681 fr.
456 657 498 681 21.
518 655 567 681 sol.
588 657 696 682 matrim.
714 657 755 681 24.
769 656 793 681 3.
815 654 846 680 cf.
866 654 897 681 fr.
912 655 934 680 7.
955 654 992 688 QQ.
1008 656 1030 680 5.
1052 686 1054 698 ἱ
1076 655 1110 681 ib.
1131 657 1172 682 47.
1193 657 1233 682 10.
1272 655 1301 682 Si
1320 657 1371 687 vir,
1392 656 1554 683 infamandae.
1573 659 1662 683 uxoris
1682 668 1743 684 suae
1762 668 1850 689 causa.
1871 657 1913 684 ad-

193 709 232 736 sq.
253 699 285 726 de
308 703 376 736 pact.
400 700 424 724 2.
450 699 489 724 14.
534 697 619 724 Verba
641 712 669 716 --
690 697 852 735 inspicienda
877 701 951 728 sunt,
972 707 1030 723 raro

192 743 280 769 inesse
298 746 402 778 tempus
422 740 463 766 vel
484 741 659 767 conditionem
679 742 727 772 (sc.
742 740 981 777 stipulationibus.)
1001 739 1031 766 fr.

194 786 251 811 126.
271 784 292 817 Q.
307 786 330 810 2.
352 783 384 810 dc
398 783 429 810 V.
445 783 477 809 O.
497 786 538 810 45.
555 785 577 809 l.
615 782 718 818 Quodsi
737 782 802 809 nihil
822 783 953 814 convenit,
970 787 1031 808 tunc
1052 814 1054 826 x

193 838 221 853 ea
240 826 453 864 praestabuntur.
473 836 539 862 quae
558 824 710 851 naturaliter
733 826 823 851 insunt
841 825 919 851 huius
939 824 1030 851 iudicii

192 874 331 907 potestate.
352 869 381 895 fr.
404 871 443 895 11.
463 870 484 902 Q.
506 871 527 895 1.
548 868 579 894 de
598 868 628 894 Α.
648 868 679 894 Ε.
698 867 729 894 V.
751 870 790 895 19.
812 870 833 894 l.
859 867 890 894 cf.
916 867 945 893 fr.
968 869 988 894 l.
1009 868 1030 901 Q.

194 914 233 939 14.
254 917 282 938 ut
305 912 380 948 legat.
409 921 477 937 serv.
503 921 523 937 c.
543 912 584 936 36.
604 912 628 935 3.
665 909 755 937 Inesse
775 910 975 948 (stipulationi.)
995 915 1031 936 at·
1053 914 1054 922 ¹

192 965 243 991 que
267 956 289 980 si
312 954 363 980 boc
387 963 540 990 expressum
563 952 664 979 fuisset.
688 952 718 979 fr.
739 955 762 980 4.
783 954 804 987 Q.
824 955 848 979 3.
869 953 900 979 de
919 958 987 990 pact.
1007 955 1032 980 2.

192 999 233 1024 14,
272 997 363 1024 Tacite
386 998 474 1023 inesse
497 995 687 1033 (stipulationi,
713 1005 735 1022 v.
756 997 936 1027 institutioni.)
957 995 986 1022 fr.
1006 998 1030 1022 2.
1053 1025 1054 1036 ἵ

191 1041 229 1073 QQ.
248 1042 272 1066 3.
292 1043 315 1067 6.
336 1041 368 1067 de
388 1049 418 1066 eo
438 1049 479 1075 qu.
504 1049 525 1065 c.
546 1038 596 1065 loc.
618 1040 656 1065 13.
677 1040 700 1065 4.
725 1038 754 1065 fr.
775 1040 816 1065 38.
841 1049 879 1076 pr.
900 1038 932 1065 (16
950 1038 1030 1065 solut.

190 1085 232 1109 46.
251 1085 275 1109 3.
296 1082 326 1109 fr.
346 1085 387 1109 25.
409 1081 441 1108 de
461 1081 549 1107 llere-d.
569 1082 629 1108 inst.
649 1082 691 1108 28.
710 1083 734 1107 5.

227 1125 520 1152 Inexeusabilis.
553 1124 681 1157 (Adiect.)
714 1125 781 1151 Non
799 1126 989 1156 evitandus,
1009 1135 1030 1151 zv.

190 1170 413 1195 declinandus.
445 1166 487 1193 111.
504 1168 570 1194 Gn.
593 1166 734 1193 Alimentis
753 1166 927 1203 praestandis,
943 1182 974 1186 —
989 1166 1031 1193 vel

190 1210 309 1241 tributis.
330 1209 371 1235 vel
397 1209 554 1246 quibusdam
573 1209 630 1235 aliis
656 1209 879 1236 inexcusabilibus
898 1209 1030 1236 oneribus.

193 1252 223 1279 fr.
244 1254 284 1278 50.
309 1252 331 1286 Q
353 1254 374 1278 1.
399 1252 432 1278 (16
456 1251 533 1278 iudic.
558 1254 582 1278 5.
604 1253 625 1278 1.
663 1251 814 1278 Necessitas
833 1252 1029 1279 inexcusabilis.
1052 1245 1054 1257 ¹

192 1295 242 1322 Th.
263 1294 294 1321 C.
313 1294 359 1321 XI.
381 1296 420 1321 16.
441 1305 462 1321 c.
484 1297 507 1321 7.
531 1294 564 1321 dc
587 1300 652 1321 extr.
677 1305 697 1321 s.
717 1295 788 1322 sord.
808 1295 864 1322 XII.
887 1297 926 1321 12.
947 1306 968 1322 c.
990 1298 1029 1322 15.

190 1337 223 1365 de
241 1337 318 1373 legat.
339 1342 364 1363 et
384 1337 452 1364 decr.
496 1337 623 1364 Maximae
649 1343 674 1364 et
692 1338 887 1365 inexcusabiles
907 1339 1029 1365 rationes.

191 1391 212 1407 c.
234 1382 273 1407 17.
293 1380 325 1406 de
345 1389 414 1416 erog.
434 1379 487 1406 mil.
507 1390 565 1406 ann.
587 1382 626 1406 12.
643 1381 684 1407 38.

225 1424 493 1450 lnexhaustus.
531 1422 670 1456 (Adieet.)
710 1425 772 1456 Qui
797 1434 958 1458 nunqnam
982 1427 1029 1450 de-

189 1468 280 1493 sinit.
318 1465 360 1492 111.
385 1466 450 1492 Cn.
474 1465 577 1492 Habere
601 1466 783 1492 inexhaustum
809 1466 927 1493 dolorem
952 1472 1030 1503 atque

189 1513 293 1535 aeterna
312 1509 433 1545 suspiria.
454 1507 521 1535 Νῦν.
538 1508 595 1535 Val.
614 1509 656 1535 III.
677 1508 709 1535 (16
728 1508 816 1546 praed.
835 1510 928 1546 pistor.
943 1509 973 1536 lI.
987 1511 1029 1536 34.

190 1561 211 1578 c.
232 1553 255 1578 1.
275 1552 296 1585 ς.
317 1552 341 1577 1.

223 1594 491 1621 Inexorabilis.
523 1594 652 1627 (Adiect.)
689 1596 754 1627 Qui
772 1604 833 1621 non
850 1601 960 1629 potest
978 1606 1030 1622 ex-

190 1638 290 1663 orari.
327 1635 369 1662 III.
390 1637 455 1663 Gn.
474 1635 525 1662 Pro
545 1636 698 1663 definitione
717 1636 802 1673 legum
822 1638 1029 1665 inexorabilium.
1052 1637 1053 1655 1

191 1689 211 1705 c.
232 1680 256 1705 4.
276 1678 308 1705 de
326 1678 436 1705 tabular.
450 1679 529 1705 scrib.
542 1681 580 1706 10.
594 1681 635 1706 69.
673 1679 846 1706 lnexorabilis
866 1690 944 1707 causa
958 1681 1031 1714 (sub-

191 1721 303 1753 secuta.)
323 1731 343 1747 c.
363 1723 387 1747 5.
407 1721 428 1755 Q.
449 1723 472 1747 4.
494 1721 526 1748 de
545 1727 624 1759 temp.
644 1727 670 1749 et
688 1733 771 1760 repar.
793 1724 816 1749 7.
835 1724 877 1749 63.

226 1764 488 1797 Inexpiabilis.
504 1764 632 1797 (Adiect.)
653 1768 715 1798 Qui
733 1768 866 1800 expiari
884 1776 943 1792 non
961 1773 1030 1800 pot-

189 1812 244 1832 est.
282 1805 324 1831 III.
339 1807 405 1833 Cn.
424 1805 588 1843 SuppIIcium
610 1809 812 1834 existimationis
833 1813 984 1839 extremum,
1005 1814 1030 1835 et

190 1848 255 1875 ultio
275 1848 451 1885 inexpiabilis.
472 1848 521 1874 le.
541 1848 572 1875 C.
592 1849 647 1876 VII.
669 1852 708 1876 13.
729 1861 750 1877 c.
771 1852 794 1877 9.
815 1850 847 1876 de
867 1851 943 1877 tiron.
958 1851 1028 1877 XVI.
1051 1848 1053 1858 ”

189 1893 214 1917 5.
234 1901 255 1917 c.
275 1892 299 1917 9.
319 1891 340 1924 Q.
364 1893 385 1916 l.
406 1890 438 1916 de
457 1890 553 1917 haeret.

224 1933 529 1966 lnexpiabiliter.
558 1933 670 1967 (Advb.)
699 1936 912 1970 lneoepiahili
931 1939 1028 1963 morlo.

189 1975 232 2002 III.
245 1977 310 2003 Gn.
331 1976 391 2011 Quo
412 1992 443 1995 —
464 1977 539 2002 etiam
559 1977 657 2002 animae
676 1977 764 2015 inexp.
784 1978 946 2015 polluuntur.
961 1979 1028 2006 Nov.

190 2017 248 2045 Val.
267 2018 309 2044 III.
330 2018 363 2044 (16
382 2018 491 2045 manich.
511 2018 541 2045 11.
563 2020 602 2044 18.
623 2029 644 2045 c.
667 2021 688 2046 1.
709 2030 748 2057 pr.

227 2063 462 2094 Inexpletus.
500 2061 628 2094 (Adiect.)
666 2063 889 2097 [nesplebilie.
909 2064 951 2091 111.
964 2066 1029 2092 Gn.

192 2103 351 2130 Intolerandi
371 2105 483 2141 impetus
504 2104 553 2137 (sc.
567 2104 730 2139 officialium)
750 2106 909 2139 oblidantur⁷
930 2117 1029 2134 eorum-

192 2155 243 2181 que
262 2162 292 2167 —
311 2146 442 2183 inexpleta
468 2146 578 2173 aviditas
603 2151 770 2184 temperetur.
797 2148 846 2175 Th.
867 2149 897 2176 C.
926 2149 943 2176 1.
965 2152 987 2176 7.
1008 2161 1028 2177 c.
1050 2155 1052 2175 t

194 2190 216 2214 1.
237 2188 268 2214 de
287 2189 329 2215 off.
348 2189 421 2215 Rect.
442 2188 483 2215 Pr.

229 2232 526 2264 lnexplieabilis.
560 2232 689 2265 (Adiect.)
724 2235 786 2266 Qui
803 2237 949 2268 expediri
968 2246 1029 2262 non

191 2279 308 2307 potest.
343 2273 385 2299 111.
410 2276 476 2302 Cn.
504 2274 636 2301 Summam
660 2280 738 2312 atque
761 2276 971 2313 inexplicabilem
996 2278 1029 2304 fa—

194 2326 252 2342 cere
272 2314 458 2343 difficultatem.
482 2316 513 2344 fr.
533 2319 555 2344 6.
581 2317 613 2343 (16
633 2328 688 2344 exc.
709 2319 746 2344 rei
766 2318 818 2345 iud.
837 2321 879 2346 44.
898 2322 922 2346 2.

193 2400 226 2427 de
245 2399 342 2435 indulg.
365 2399 455 2436 reliqu.
475 2401 506 2428 ΙΙ,
528 2405 549 2429 l.
570 2414 590 2429 c.
610 2405 634 2429 3.
654 2403 675 2436 Q.
695 2406 719 2430 2.

229 2443 522 2470 lnextrieabilis.
559 2446 687 2479 (Adiect.)
725 2446 803 2473 Idem.
828 2447 870 2473 III.
891 2449 957 2475 Gn.
976 2448 1028 2475 Ma-
1049 2452 1051 2472 ἐ

192 2495 242 2521 gna
266 2489 292 2510 ct
314 2485 432 2511 iuextric.
457 2484 592 2514 dubitatio.
618 2499 638 2515 c.
659 2490 684 2515 7.
708 2490 730 2523 Q.
749 2491 774 2515 3.
801 2489 832 2516 de
857 2500 910 2517 cur.
937 2490 1026 2518 furios.

193 2530 217 2554 5.
238 2529 278 2553 70.
316 2527 409 2553 Omnis
428 2528 574 2556 obscuritas
594 2535 618 2556 et
637 2532 730 2558 inextr.
751 2532 883 2559 circuitus.
904 2544 924 2559 c.
947 2535 969 2560 7.
989 2533 1026 2568 QQ.

193 2573 217 2597 4.
238 2571 263 2596 S.
283 2569 316 2595 ib.
336 2571 359 2595 5.
381 2572 420 2596 70.
441 2581 462 2596 c.
481 2572 505 2596 3.
525 2571 546 2604 Q.
567 2573 605 2598 12.
625 2573 656 2599 de
675 2574 735 2600 bon.
755 2573 840 2601 libert.
861 2577 884 2602 6.
904 2577 927 2601 4.

230 2613 415 2640 Infactus.
452 2613 580 2646 (Adiect.)
617 2617 683 2642 Non
701 2619 831 2652 factas,
857 2619 925 2644 Non
943 2621 1027 2645 exsi-

194 2662 285 2682 stens.
323 2654 377 2688 (Cf.
397 2665 420 2681 v.
440 2655 574 2689 Infectus.)
611 2656 652 2683 III.
680 2660 745 2686 Gn.
764 2660 858 2686 Factae
878 2660 921 2694 [al.
943 2660 1026 2695 Facti]

194 2703 278 2724 autem
299 2708 390 2724 causae
409 2697 518 2725 infactae
538 2698 580 2732 [al.
605 2698 725 2734 infectae]
750 2702 820 2728 nulla
840 2705 1027 2731 constitutione

195 2740 251 2767 fieri
270 2745 389 2777 possunt.
410 2739 439 2766 fr.
462 2742 501 2767 12.
521 2741 542 2775 Q.
562 2744 585 2767 2.
606 2741 638 2767 (16
658 2744 751 2779 captiv.
770 2746 809 2771 49.
832 2747 871 2772 15.

230 2784 438 2810 Infamare.
476 2784 506 2817 §.
526 2785 560 2810 1.
595 2786 723 2811 Famam
750 2788 888 2820 laedere,
905 2790 1027 2825 Diffu-

961 2320 1029 2347 Cali-
1050 2355 1051 2359 Ἰ

192 2359 265 2394 gines
286 2357 461 2394 inexplicabili
481 2359 641 2386 obscuritate
667 2361 798 2387 confusac.
823 2361 889 2388 Nov.
912 2362 966 2389 Val.
985 2363 1028 2390 III.
1050 2362 1051 2384 ἶ

1052 706 1054 734 ᾗ
1076 697 1187 724 alterum
1211 698 1361 725 subiecerit.
1386 698 1416 725 fr.
1438 701 1478 725 14.
1502 701 1523 733 Q.
1549 701 1571 726 l.
1596 700 1628 726 ad
1651 699 1680 726 L.
1704 700 1751 726 Iul.
1776 700 1808 726 de
1832 699 1911 726 adult.

1052 752 1054 757 .
1075 742 1116 766 48.
1135 742 1159 766 5.
1196 740 1225 767 Si
1245 751 1302 767 eum
1323 742 1371 774 (sc.
1392 741 1529 774 arbitrum)
1552 743 1741 769 infamaverunt
1760 743 1911 779 litigatores.

1076 783 1106 809 fr.
1126 785 1149 809 9.
1170 784 1191 817 Q.
1212 785 1234 810 4.
1256 784 1285 810 fr.
1307 786 1346 810 15.
1367 784 1399 810 de
1418 795 1469 811 rec.
1490 795 1532 821 qu.
1553 786 1605 812 arb.
1626 788 1649 812 4.
1664 787 1687 812 8.
1709 801 1740 805 —-
1760 786 1838 819 §.20
1859 787 1912 812 In-

1053 827 1200 861 'famz'ac
1216 836 1320 860 poena
1339 834 1459 853 notare.
1490 827 1532 854 111.
1548 829 1613 855 Gn.
1634 828 1695 864 Quo
1715 828 1782 854 facto
1803 833 1913 864 uterque

1076 868 1221 900 infamatur,
1242 874 1308 894 ct—
1321 874 1392 895 extra
1413 870 1531 896 ordinem
1551 874 1696 897 co‘crcetur.
1716 870 1747 897 fr.
1767 871 1808 897 66.
1827 881 1865 907 pr.
1881 870 1913 897 de

1076 911 1106 937 R.
1126 910 1157 937 N.
1177 913 1218 937 23.
1237 913 1261 937 2.
1299 911 1457 949 Perpetuam
1482 913 1595 940 edictum
1614 914 1720 940 infamat
1739 915 1856 951 (pactos,
1876 923 1912 939 sc.

1076 954 1205 986 iniuriae.)
1226 964 1247 980 c.
1269 955 1309 980 18.
1330 965 1361 980 ex
1381 965 1423 991 qu.
1444 966 1465 982 c.
1486 956 1571 982 infam.
1591 959 1614 983 2.
1636 959 1675 983 12.

1112 997 1293 1023 lusamia.
1330 998 1361 1030 §.
1386 999 1420 1023 1.
1459 1000 1567 1025 Malus
1590 1009 1712 1031 rumor,
1736 1000 1912 1035 Diffama—

1053 1064 1054 1079 ἱ
1076 1041 1129 1066 tio.
1166 1039 1184 1065 1.
1205 1040 1267 1073 Sy·
1286 1039 1437 1076 Ignominia.
1457 1041 1665 1068 Existimationis
1685 1041 1791 1068 macula.
1812 1052 1832 1068 c.
1849 1043 1871 1068 1.
1891 1052 1912 1068 c.

1052 1080 1054 1114 ’ς
1075 1084 1098 1108 5.
1119 1092 1158 1119 sq.
1180 1092 1200 1108 c.
1222 1084 1261 1108 14.
1282 1092 1302 1109 c.
1320 1084 1359 1109 16.
1379 1092 1418 1119 sq.
1440 1094 1471 1110 ex
1491 1094 1532 1120 qu.
1553 1095 1574 1110 c.
1594 1085 1679 1111 infam.
1698 1087 1722 1111 2.
1738 1087 1776 1111 12.
1814 1084 1914 1111 Contu-

1052 1119 1054 1140 l
1076 1125 1158 1151 melia.
1179 1124 1251 1151 Paul.
1272 1124 1304 1151 V.
1324 1127 1347 1152 4.
1368 1126 1469 1159 QQ.15.
1495 1136 1553 1163 sqq.
1595 1127 1670 1162 Quos
1693 1129 1761 1153 vitae
1780 1127 1913 1153 humilitas

1075 1168 1246 1194 infamaverit.
1283 1167 1351 1194 'Nota
1371 1173 1397 1195 et
1416 1168 1517 1195 infamia
1538 1171 1613 1196 vitae.
1634 1170 1670 1196 lh.
1690 1170 1723 1196 V.
1744 1172 1781 1196 15.
1801 1170 1822 1203 Q.
1844 1172 1866 1196 1.
1882 1169 1911 1196 fr.

1075 1212 1099 1237 3.
1119 1211 1140 1245 Q.
1160 1213 1183 1237 5.
1210 1210 1243 1237 de
1266 1211 1354 1237 testib.
1374 1214 1415 1238 22.
1435 1214 1458 1238 5.
1495 1212 1537 1238 Ill.
1565 1214 1629 1240 (7η.
1657 1213 1768 1239 Omnem
1792 1214 1912 1239 iniuriam

1075 1259 1119 1280 aut
1137 1255 1162 1280 in
1187 1263 1283 1290 corpus
1308 1253 1411 1287 int'vrri.
1432 1260 1475 1281 aut
1499 1255 1530 1281 ad
1550 1255 1713 1292 dignitatem.
1738 1260 1781 1281 aut
1800 1255 1831 1282 ad
1851 1255 1912 1281 infa-

1052 1306 1054 1320 1
1075 1298 1150 1323 miam
1170 1297 1308 1333 pertinere.
1329 1296 1359 1323 fr.
1382 1299 1402 1323 1.
1423 1298 1444 1331 Q
1464 1300 1487 1324 2.
1513 1298 1543 1324 cf.
1568 1298 1598 1324 fr.
1620 1301 1658 1324 15.
1682 1299 1703 1332 Q.
1723 1300 1765 1325 27.
1785 1298 1817 1325 de
1836 1300 1912 1325 iniur.

1052 1351 1053 1378 ἱ
1075 1342 1116 1366 47.
1138 1341 1177 1365 10.
1214 1338 1243 1365 Si
1263 1340 1322 1375 quis
1342 1339 1373 1366 ad
1393 1341 1521 1367 infamiam
1535 1341 1644 1368 alicuius
1658 1340 1784 1373 libellum,
1804 1346 1847 1367 aut
1860 1351 1913 1367 car-

1052 1383 1053 1392 *
1075 1393 1133 1408 men
1153 1382 1297 1419 scripserit.
1324 1382 1380 1408 Gai.
1402 1382 1445 1409 III.
1465 1386 1523 1410 220.
1549 1384 1578 1410 fr.
1598 1387 1621 1410 5.
1646 1385 1668 1418 Q.
1688 1386 1711 1411 9.
1736 1383 1752 1410 1.
1772 1383 1788 1410 l.
1809 1386 1850 1410 47.
1873 1385 1912 1410 10.

1051 1425 1053 1460 l
1074 1425 1186 1451 Interest
1205 1424 1327 1461 publicae
1346 1425 1513 1462 disciplinae,
1538 1428 1687 1464 opinionem
1706 1427 1913 1463 uniuscuiusque

1051 1467 1087 1504 ξε
1108 1468 1177 1504 turpi
1197 1469 1319 1494 carminis
1343 1468 1445 1494 infamia
1469 1469 1609 1496 vindicare.
1633 1470 1705 1496 Paul.
1730 1469 1762 1496 V.
1781 1471 1805 1495 4.
1829 1470 1850 1503 Q.
1872 1472 1911 1496 15.

1075 1510 1104 1537 Si
1123 1510 1242 1547 periculo
1262 1511 1344 1541 vitae,
1365 1510 1531 1540 infamiaeve.
1555 1512 1688 1539 dominum
1708 1522 1800 1539 servus
1820 1512 1912 1539 libera-

1075 1554 1149 1579 verit.
1170 1552 1200 1579 fr.
1221 1554 1244 1579 9.
1264 1563 1303 1590 pr.
1323 1552 1355 1579 de.
1374 1564 1484 1581 manum.
1504 1555 1574 1581 vind.
1594 1557 1634 1582 40.
1649 1557 1672 1582 2.
1711 1554 1765 1582 'Nec
1785 1556 1912 1582 timorin-

1075 1596 1179 1627 famiae,
1201 1612 1230 1616 —
1252 1606 1337 1632 neque
1360 1596 1469 1623 alicuius
1493 1599 1639 1624 vexationis
1663 1599 1747 1624 timor.
1773 1597 1803 1624 fr.
1825 1599 1847 1624 7.
1870 1608 1910 1634 pr.

1076 1639 1127 1674 Qu.
1152 1643 1212 1665 met.
1238 1649 1260 1665 c.
1285 1641 1306 1665 4.
1333 1641 1355 1665 2.
1388 1655 1420 1659 —
1452 1641 1482 1673 §-
1503 1642 1537 1667 2.
1567 1644 1672 1668 Poena
1700 1642 1910 1676 ignominiae.

1076 1683 1162 1708 Nota
1182 1683 1455 1709 existimationis.
1484 1683 1501 1709 I.
1517 1685 1577 1717 Sy.
1598 1683 1689 1710 Notari
1708 1683 1844 1716 (infamia.)
1863 1682 1912 1709 La-

1075 1724 1168 1750 borare
1187 1729 1256 1750 nota.
1293 1724 1411 1756 Infamis.
1436 1735 1459 1751 v.
1480 1724 1620 1758 Famosus⁷
1646 1736 1719 1757 esse.
1739 1736 1759 1752 s.
1780 1726 1856 1752 effici.
1880 1725 1910 1752 fr.

1051 1796 1053 1803 .
1076 1768 1098 1792 l.
1119 1776 1156 1802 sq.
1177 1766 1208 1792 fr.
1227 1768 1250 1792 4.
1270 1767 1291 1800 Q.
1311 1768 1334 1793 5.
1356 1766 1385 1793 fr.
1405 1768 1429 1793 6.
1449 1768 1485 1801 QQ.
1507 1770 1528 1794 1.
1548 1770 1571 1794 3.
1592 1779 1649 1805 sqq.
1673 1769 1702 1795 fr.
1723 1771 1745 1795 7.
1765 1768 1795 1795 fr.
1817 1770 1856 1795 13.
1870 1779 1910 1805 pr.

1051 1811 1053 1844 ξ
1074 1808 1143 1842 QQ.1.
1163 1810 1187 1835 4.
1207 1811 1230 1835 7.
1251 1808 1283 1835 (16
1302 1808 1326 1835 h.
1347 1820 1389 1846 qu.
1409 1815 1462 1836 not.
1483 1810 1568 1837 infam.
1588 1813 1612 1837 3.
1625 1813 1650 1837 2.
1670 1811 1783 1838 Pantv.
1803 1813 1824 1838 4.
1836 1812 1858 1845 Q
1870 1813 1910 1838 18.

1074 1861 1113 1887 sq.
1155 1851 1197 1877 111.
1224 1852 1289 1879 011.
1314 1851 1399 1878 Causa
1424 1852 1597 1880 damnationis
1621 1854 1768 1890 quaerenda
1792 1859 1845 1882 est.
1874 1858 1910 1886 ut,

1051 1901 1052 1925 ἢ
1074 1895 1096 1920 si
1116 1894 1247 1920 contineat
1267 1894 1395 1921 infamiam
1419 1900 1584 1932 perpetuam,
1608 1897 1676 1923 idem
1697 1897 1859 1923 observetur.
1879 1896 1909 1923 fr.

1051 1928 1052 1937 ¹
1074 1937 1097 1962 4.
1122 1936 1145 1970 Q.
1170 1938 1194 1962 4.
1218 1936 1250 1963 de
1274 1937 1305 1964 R.
1330 1937 1362 1965 Μ.
1387 1939 1427 1965 49.
1454 1940 1493 1965 16.
1535 1939 1564 1965 Si
1587 1941 1614 1966 in
1638 1939 1739 1966 duabus
1763 1939 1910 1966 actionibus

1074 1979 1135 2005 alibi
1154 1989 1253 2005 summa
1272 1981 1366 2012 maior,
1393 1980 1453 2007 alibi
1473 1981 1575 2008 infamia
1595 1987 1648 2014 est,
1667 1982 1850 2020 praeponenda
1870 1987 1910 2009 est

1075 2032 1151 2048 causa
1176 2023 1384 2050 existimationis
1409 2023 1439 2050 fr.
1467 2026 1523 2050 104.
1548 2024 1580 2051 de
1604 2025 1635 2052 R.
1661 2025 1679 2052 1.
1704 2028 1744 2052 50.
1771 2027 1809 2051 17.
1847 2024 1909 2050 Gra-

1074 2066 1147 2091 viore
1172 2065 1399 2092 animadversione
1422 2067 1552 2103 indigent..
1583 2078 1658 2104 quam
1683 2073 1711 2094 ut
1734 2068 1847 2094 sufficiat
1871 2068 1908 2093 eis

1074 2112 1256 2145 suspectorum
1276 2109 1386 2135 infamia.
1406 2109 1436 2135 fr.
1458 2112 1480 2136 1.
1500 2110 1521 2143 Q.
1543 2112 1564 2136 7.
1585 2111 1617 2137 dc
1637 2110 1679 2136 off.
1699 2110 1751 2136 Pri.
1771 2109 1816 2136 Vr.
1831 2111 1853 2136 l.
1869 2112 1908 2138 12.

1073 2151 1104 2177 Ei
1124 2150 1216 2177 adesse
1230 2151 1410 2187 probibentur,
1429 2157 1462 2183 et.
1482 2153 1504 2178 si
1518 2152 1656 2184 adfuerint,
1674 2152 1777 2179 infamia
1791 2152 1909 2190 plectun-

1050 2200 1052 2214 (
1074 2198 1122 2219 tur.
1143 2192 1184 2219 Fr.
1206 2192 1238 2219 (16
1257 2193 1274 2219 1.
1296 2193 1324 2220 F.
1344 2195 1365 2228 Q.
1386 2196 1426 2220 16.
1463 2194 1517 2221 Nec
1541 2195 1669 2221 infamiam
1696 2197 1811 2222 criminis
1829 2195 1907 2226 tollit,

1074 2235 1120 2262 sed
1139 2246 1239 2273 poenae
1262 2238 1369 2272 gratiam
1393 2236 1460 2264 facit.
1487 2248 1506 2264 c.
1531 2238 1611 2264 3.(16
1634 2248 1690 2275 gen.
1715 2239 1803 2265 abolit.
1823 2240 1845 2265 9.
1866 2239 1906 2264 43,

1050 2285 1052 2316 ζ
1075 2278 1105 2305 cf.
1128 2278 1158 2305 fr.
1179 2280 1219 2305 63.
1240 2278 1272 2305 de
1293 2279 1352 2306 furt.
1373 2281 1413 2306 47.
1433 2282 1457 2306 2.

1108 2322 1282 2348 Infamis.
1303 2322 1432 2354 (Adit-ct.)
1457 2323 1487 2355 ἓ.
1511 2325 1544 2349 1.
1572 2325 1706 2358 Turpis,
1726 2326 1904 2360 Infamans.

1073 2363 1114 2390 III.
1136 2365 1201 2391 Cn.
1222 2363 1250 2390 Si
1270 2364 1311 2390 vel
1331 2364 1421 2390 durius
1441 2365 1554 2397 habitos,
1574 2376 1649 2402 quam
1669 2376 1776 2402 acquum
1796 2371 1843 2395 est.
1863 2364 1905 2391 vel

1073 2406 1160 2432 infami
1185 2408 1277 2433 iniuria
1302 2406 1417 2433 adfectos
1444 2408 1495 2440 (sc.
1521 2410 1628 2441 servos)
1648 2409 1808 2444 cognoveris
1831 2407 1860 2434 fr.
1879 2410 1904 2434 2.

1073 2449 1105 2475 dc
1124 2449 1148 2475 h.
1169 2460 1210 2485 qu.
1237 2450 1285 2475 sui.
1311 2451 1333 2475 1.
1358 2451 1380 2475 6.
1420 2450 1472 2485 Qui
1493 2467 1523 2471 —
1544 2451 1737 2478 infamissimam
1756 2451 1904 2488 suscipiens

1049 2497 1050 2510 ¹
1072 2491 1206 2524 vilitatem,
1227 2493 1445 2519 existimationem
1471 2503 1542 2520 suam
1562 2510 1593 2513 -
1614 2493 1777 2519 damnaverit.
1803 2493 1852 2519 Th.
1872 2492 1903 2520 C.

1049 2538 1050 2545 ¹
1071 2534 1127 2561 XII.
1149 2537 1171 2561 1.
1192 2545 1212 2561 c.
1233 2536 1273 2561 92.
1294 2534 1326 2560 de
1346 2534 1478 2562 decurion.
1510 2551 1541 2554 —
1574 2537 1604 2569 δ.
1624 2537 1658 2561 2.
1691 2537 1837 2571 Infamia
1857 2538 1903 2563 la-

1072 2579 1194 2604 borans.
1231 2577 1250 2603 I.
1267 2579 1328 2611 Sy.
1348 2577 1493 2604 Infamatus.
1514 2578 1553 2604 Cf.
1574 2588 1597 2603 v.
1617 2577 1749 2604 Infamare.
1769 2579 1789 2612 Q.
1811 2580 1832 2605 1.
1857 2578 1903 2604 Fa-

1048 2641 1050 2653 l
1071 2629 1168 2645 mosns.
1201 2618 1241 2645 Cf.
1262 2619 1286 2645 h.
1306 2630 1329 2646 v.
1355 2620 1376 2653 Q
1395 2622 1419 2646 2.
1455 2620 1559 2646 Infamia
1584 2621 1676 2646 notari.
1712 2620 1816 2647 Infamis
1835 2631 1902 2653 esse,

1048 2657 1050 2679 *¹
1072 2672 1095 2688 v.
1116 2662 1191 2688 effici.
1230 2661 1270 2689 Cf.
1296 2673 1320 2689 v.
1345 2662 1457 2689 Infamia.
1482 2663 1501 2695 Q.
1525 2664 1548 2687 2.
1585 2662 1628 2688 III.
1649 2664 1714 2690 Cn·
1733 2663 1856 2696 Insames,
1877 2669 1902 2690 et

1072 2705 1088 2730 ii
1108 2705 1151 2741 qui
1172 2715 1281 2742 corpore
1301 2710 1435 2742 quaestum
1461 2704 1569 2736 faciunt,
1590 2707 1659 2731 servi
1679 2707 1760 2732 etiam.
1781 2706 1850 2733 Paul.
1871 2706 1900 2732 II.

1072 2748 1113 2773 26.
1139 2747 1175 2780 QQ.
1201 2749 1222 2773 1.
1247 2749 1270 2774 4.
1312 2748 1385 2774 Licet
1408 2746 1467 2772 talis
1492 2747 1538 2778 sit,
1564 2749 1606 2783 qui
1627 2747 1688 2774 alias
1709 2759 1829 2775 accusare
1849 2758 1900 2775 non

1071 2791 1163 2826 possit,
1184 2795 1212 2816 ut
1230 2790 1375 2816 libertinus.
1396 2793 1438 2815 aut
1451 2790 1535 2816 minor
1555 2790 1631 2817 XXV
1650 2801 1783 2823 annorum,
1803 2796 1845 2817 aut
1864 2792 1899 2817 in-
