<?xml version="1.0" encoding="UTF-8"?>
<!DOCTYPE html PUBLIC "-//W3C//DTD XHTML 1.0 Transitional//EN"
    "http://www.w3.org/TR/xhtml1/DTD/xhtml1-transitional.dtd">
<html xmlns="http://www.w3.org/1999/xhtml" xml:lang="en" lang="en">
 <head>
  <title>
</title>
<meta http-equiv="Content-Type" content="text/html;charset=utf-8" />
  <meta name='ocr-system' content='tesseract 3.04.00' />
  <meta name='ocr-capabilities' content='ocr_page ocr_carea ocr_par ocr_line ocrx_word'/>
</head>
<body>
  <div class='ocr_page' id='page_1' title='image "./manualelatinitat00dirk_0523.png"; bbox 0 0 2197 3121; ppageno 0'>
   <div class='ocr_carea' id='block_1_1' title="bbox 1009 159 1096 189">
    <p class='ocr_par' dir='ltr' id='par_1_1' title="bbox 1009 159 1096 189">
     <span class='ocr_line' id='line_1_1' title="bbox 1009 159 1096 189; baseline 0 0"><span class='ocrx_word' id='word_1_1' title='bbox 1009 159 1096 189; x_wconf 71' lang='lat' dir='ltr'><em>ILTI).</em></span> 
     </span>
    </p>
   </div>
   <div class='ocr_carea' id='block_1_2' title="bbox 186 240 1034 1044">
    <p class='ocr_par' dir='ltr' id='par_1_2' title="bbox 189 240 1032 317">
     <span class='ocr_line' id='line_1_2' title="bbox 190 240 1032 274; baseline -0.008 -2"><span class='ocrx_word' id='word_1_2' title='bbox 190 244 331 272; x_wconf 85' lang='lat' dir='ltr'>iucundum</span> <span class='ocrx_word' id='word_1_3' title='bbox 355 250 403 271; x_wconf 82' lang='lat' dir='ltr'>est.</span> <span class='ocrx_word' id='word_1_4' title='bbox 435 244 484 271; x_wconf 89' lang='lat' dir='ltr'>Th.</span> <span class='ocrx_word' id='word_1_5' title='bbox 506 243 536 270; x_wconf 74' lang='lat' dir='ltr'>C.</span> <span class='ocrx_word' id='word_1_6' title='bbox 557 243 587 270; x_wconf 91' lang='lat' dir='ltr'>II.</span> <span class='ocrx_word' id='word_1_7' title='bbox 612 244 634 269; x_wconf 89' lang='lat' dir='ltr'>S.</span> <span class='ocrx_word' id='word_1_8' title='bbox 659 252 680 268; x_wconf 90' lang='lat' dir='ltr'>c.</span> <span class='ocrx_word' id='word_1_9' title='bbox 707 243 729 267; x_wconf 95' lang='lat'>1.</span> <span class='ocrx_word' id='word_1_10' title='bbox 754 241 869 274; x_wconf 82' lang='lat' dir='ltr'><em>(ch.)</em></span> <span class='ocrx_word' id='word_1_11' title='bbox 895 240 928 267; x_wconf 81' lang='lat' dir='ltr'>de</span> <span class='ocrx_word' id='word_1_12' title='bbox 952 240 1032 266; x_wconf 87' lang='lat' dir='ltr'>feriis.</span> 
     </span>
     <span class='ocr_line' id='line_1_3' title="bbox 189 284 952 317; baseline -0.008 -3"><span class='ocrx_word' id='word_1_13' title='bbox 189 288 300 315; x_wconf 77' lang='lat' dir='ltr'>Maxime</span> <span class='ocrx_word' id='word_1_14' title='bbox 321 289 454 314; x_wconf 81' lang='lat' dir='ltr'>carissime</span> <span class='ocrx_word' id='word_1_15' title='bbox 475 297 503 313; x_wconf 90' lang='lat' dir='ltr'>ac</span> <span class='ocrx_word' id='word_1_16' title='bbox 523 285 727 312; x_wconf 78' lang='lat' dir='ltr'>iucundissime!</span> <span class='ocrx_word' id='word_1_17' title='bbox 748 284 831 310; x_wconf 83' lang='lat' dir='ltr'>Vatic.</span> <span class='ocrx_word' id='word_1_18' title='bbox 852 284 873 317; x_wconf 87' lang='lat'>5.</span> <span class='ocrx_word' id='word_1_19' title='bbox 893 285 952 309; x_wconf 87' lang='lat'><em>249.</em></span> 
     </span>
    </p>

    <p class='ocr_par' dir='ltr' id='par_1_3' title="bbox 186 328 1033 704">
     <span class='ocr_line' id='line_1_4' title="bbox 228 328 1032 362; baseline -0.009 -4"><span class='ocrx_word' id='word_1_20' title='bbox 228 332 407 358; x_wconf 74' lang='lat' dir='ltr'>Iudaeus.</span> <span class='ocrx_word' id='word_1_21' title='bbox 445 329 562 362; x_wconf 83' lang='lat' dir='ltr'>(Subst)</span> <span class='ocrx_word' id='word_1_22' title='bbox 600 330 778 359; x_wconf 73' lang='lat' dir='ltr'>Hebraeus,</span> <span class='ocrx_word' id='word_1_23' title='bbox 805 328 971 353; x_wconf 78' lang='lat' dir='ltr'>Mosaictte</span> <span class='ocrx_word' id='word_1_24' title='bbox 990 328 1032 351; x_wconf 88' lang='lat' dir='ltr'>le-</span> 
     </span>
     <span class='ocr_line' id='line_1_5' title="bbox 186 367 1033 409; baseline -0.009 -8"><span class='ocrx_word' id='word_1_25' title='bbox 186 376 241 409; x_wconf 74' lang='lat' dir='ltr'>gis</span> <span class='ocrx_word' id='word_1_26' title='bbox 261 377 377 401; x_wconf 77' lang='lat' dir='ltr'>cultor.</span> <span class='ocrx_word' id='word_1_27' title='bbox 406 372 449 398; x_wconf 90' lang='grc'>111.</span> <span class='ocrx_word' id='word_1_28' title='bbox 466 374 532 399; x_wconf 72' lang='grc' dir='ltr'>(7η.</span> <span class='ocrx_word' id='word_1_29' title='bbox 553 371 656 407; x_wconf 64' lang='lat' dir='ltr'>Pagwi,</span> <span class='ocrx_word' id='word_1_30' title='bbox 676 370 762 396; x_wconf 73' lang='lat' dir='ltr'>ludaei</span> <span class='ocrx_word' id='word_1_31' title='bbox 784 371 859 396; x_wconf 79' lang='lat' dir='ltr'>etiam</span> <span class='ocrx_word' id='word_1_32' title='bbox 879 373 956 404; x_wconf 81' lang='lat' dir='ltr'>atquc</span> <span class='ocrx_word' id='word_1_33' title='bbox 975 367 1033 393; x_wconf 75' lang='lat' dir='ltr'>liae-</span> 
     </span>
     <span class='ocr_line' id='line_1_6' title="bbox 190 411 1032 442; baseline -0.007 0"><span class='ocrx_word' id='word_1_34' title='bbox 190 417 273 442; x_wconf 82' lang='lat' dir='ltr'>retici.</span> <span class='ocrx_word' id='word_1_35' title='bbox 311 416 399 442; x_wconf 83' lang='lat' dir='ltr'>Iudaei</span> <span class='ocrx_word' id='word_1_36' title='bbox 419 419 444 441; x_wconf 74' lang='lat' dir='ltr'>et</span> <span class='ocrx_word' id='word_1_37' title='bbox 464 414 626 441; x_wconf 83' lang='lat' dir='ltr'>Samaritani.</span> <span class='ocrx_word' id='word_1_38' title='bbox 653 412 702 439; x_wconf 87' lang='lat' dir='ltr'>Th.</span> <span class='ocrx_word' id='word_1_39' title='bbox 723 413 753 439; x_wconf 81' lang='lat' dir='ltr'>C.</span> <span class='ocrx_word' id='word_1_40' title='bbox 773 411 843 438; x_wconf 84' lang='lat' dir='ltr'><em>XVI.</em></span> <span class='ocrx_word' id='word_1_41' title='bbox 863 412 887 437; x_wconf 81' lang='grc'>8.</span> <span class='ocrx_word' id='word_1_42' title='bbox 908 421 928 437; x_wconf 94' lang='lat' dir='ltr'>c.</span> <span class='ocrx_word' id='word_1_43' title='bbox 952 413 990 437; x_wconf 86' lang='lat'>16.</span> <span class='ocrx_word' id='word_1_44' title='bbox 1011 421 1032 437; x_wconf 86' lang='lat' dir='ltr'>c.</span> 
     </span>
     <span class='ocr_line' id='line_1_7' title="bbox 189 454 1032 492; baseline -0.008 -7"><span class='ocrx_word' id='word_1_45' title='bbox 189 461 231 485; x_wconf 89' lang='lat'>26.</span> <span class='ocrx_word' id='word_1_46' title='bbox 256 470 277 485; x_wconf 91' lang='lat' dir='ltr'>c.</span> <span class='ocrx_word' id='word_1_47' title='bbox 297 460 338 485; x_wconf 82' lang='lat'>28.</span> <span class='ocrx_word' id='word_1_48' title='bbox 360 458 392 484; x_wconf 86' lang='lat' dir='ltr'>de</span> <span class='ocrx_word' id='word_1_49' title='bbox 411 457 466 483; x_wconf 88' lang='lat' dir='ltr'><em>Iud.</em></span> <span class='ocrx_word' id='word_1_50' title='bbox 505 457 560 492; x_wconf 83' lang='lat' dir='ltr'>Qui</span> <span class='ocrx_word' id='word_1_51' title='bbox 585 467 616 483; x_wconf 79' lang='lat' dir='ltr'>ex</span> <span class='ocrx_word' id='word_1_52' title='bbox 640 455 735 482; x_wconf 84' lang='lat' dir='ltr'>Iudaeo</span> <span class='ocrx_word' id='word_1_53' title='bbox 755 455 923 481; x_wconf 72' lang='lat' dir='ltr'>Christianus</span> <span class='ocrx_word' id='word_1_54' title='bbox 949 454 1032 479; x_wconf 77' lang='lat' dir='ltr'>factus</span> 
     </span>
     <span class='ocr_line' id='line_1_8' title="bbox 190 496 1032 536; baseline -0.008 -8"><span class='ocrx_word' id='word_1_55' title='bbox 190 507 238 529; x_wconf 85' lang='lat' dir='ltr'>est.</span> <span class='ocrx_word' id='word_1_56' title='bbox 258 501 295 527; x_wconf 93' lang='lat' dir='ltr'>1b.</span> <span class='ocrx_word' id='word_1_57' title='bbox 315 500 331 527; x_wconf 91' lang='lat' dir='ltr'>l.</span> <span class='ocrx_word' id='word_1_58' title='bbox 352 500 368 526; x_wconf 92' lang='lat' dir='ltr'>l.</span> <span class='ocrx_word' id='word_1_59' title='bbox 389 511 410 526; x_wconf 81' lang='lat' dir='ltr'>c.</span> <span class='ocrx_word' id='word_1_60' title='bbox 425 503 448 526; x_wconf 88' lang='lat'>5.</span> <span class='ocrx_word' id='word_1_61' title='bbox 470 510 490 526; x_wconf 92' lang='lat' dir='ltr'>c.</span> <span class='ocrx_word' id='word_1_62' title='bbox 511 501 534 525; x_wconf 96' lang='lat'>7.</span> <span class='ocrx_word' id='word_1_63' title='bbox 572 499 666 536; x_wconf 81' lang='lat' dir='ltr'>Populi</span> <span class='ocrx_word' id='word_1_64' title='bbox 686 498 847 525; x_wconf 86' lang='lat' dir='ltr'>Iudaeorum.</span> <span class='ocrx_word' id='word_1_65' title='bbox 876 496 987 532; x_wconf 74' lang='lat' dir='ltr'>Religio.</span> <span class='ocrx_word' id='word_1_66' title='bbox 1008 506 1032 522; x_wconf 86' lang='lat' dir='ltr'>v.</span> 
     </span>
     <span class='ocr_line' id='line_1_9' title="bbox 190 542 1031 578; baseline -0.007 -8"><span class='ocrx_word' id='word_1_67' title='bbox 190 544 280 575; x_wconf 72' lang='lat' dir='ltr'>Secta.</span> <span class='ocrx_word' id='word_1_68' title='bbox 305 543 467 569; x_wconf 84' lang='lat' dir='ltr'>Iudaeorum.</span> <span class='ocrx_word' id='word_1_69' title='bbox 505 542 541 568; x_wconf 87' lang='lat' dir='ltr'>Ib.</span> <span class='ocrx_word' id='word_1_70' title='bbox 567 553 587 569; x_wconf 94' lang='lat' dir='ltr'>c.</span> <span class='ocrx_word' id='word_1_71' title='bbox 615 544 637 568; x_wconf 89' lang='lat'>1.</span> <span class='ocrx_word' id='word_1_72' title='bbox 658 551 697 578; x_wconf 86' lang='lat' dir='ltr'>sq.</span> <span class='ocrx_word' id='word_1_73' title='bbox 722 552 743 567; x_wconf 88' lang='lat' dir='ltr'>c.</span> <span class='ocrx_word' id='word_1_74' title='bbox 767 542 790 566; x_wconf 87' lang='lat'>4.</span> <span class='ocrx_word' id='word_1_75' title='bbox 811 550 850 576; x_wconf 86' lang='lat' dir='ltr'>sq.</span> <span class='ocrx_word' id='word_1_76' title='bbox 877 549 898 565; x_wconf 90' lang='lat' dir='ltr'>c.</span> <span class='ocrx_word' id='word_1_77' title='bbox 922 543 946 565; x_wconf 71' lang='grc' dir='ltr'>δ’.</span> <span class='ocrx_word' id='word_1_78' title='bbox 972 549 1031 575; x_wconf 88' lang='lat' dir='ltr'><em>sqq.</em></span> 
     </span>
     <span class='ocr_line' id='line_1_10' title="bbox 190 581 1032 619; baseline -0.01 -5"><span class='ocrx_word' id='word_1_79' title='bbox 190 598 210 614; x_wconf 87' lang='lat' dir='ltr'>c.</span> <span class='ocrx_word' id='word_1_80' title='bbox 234 589 271 613; x_wconf 90' lang='lat'>14.</span> <span class='ocrx_word' id='word_1_81' title='bbox 297 597 317 613; x_wconf 90' lang='lat' dir='ltr'>c.</span> <span class='ocrx_word' id='word_1_82' title='bbox 336 588 377 611; x_wconf 73' lang='lat'>20.</span> <span class='ocrx_word' id='word_1_83' title='bbox 402 586 423 619; x_wconf 91' lang='lat'>5.</span> <span class='ocrx_word' id='word_1_84' title='bbox 446 587 468 610; x_wconf 94' lang='lat' dir='ltr'>l.</span> <span class='ocrx_word' id='word_1_85' title='bbox 493 595 514 611; x_wconf 85' lang='lat' dir='ltr'>c.</span> <span class='ocrx_word' id='word_1_86' title='bbox 535 586 577 612; x_wconf 80' lang='lat'>29.</span> <span class='ocrx_word' id='word_1_87' title='bbox 615 583 812 611; x_wconf 68' lang='lat' dir='ltr'>circumcidere</span> <span class='ocrx_word' id='word_1_88' title='bbox 835 581 937 608; x_wconf 56' lang='lat' dir='ltr'>Iudae-is</span> <span class='ocrx_word' id='word_1_89' title='bbox 962 582 1032 607; x_wconf 88' lang='lat' dir='ltr'>Iilios</span> 
     </span>
     <span class='ocr_line' id='line_1_11' title="bbox 190 624 1032 665; baseline -0.007 -10"><span class='ocrx_word' id='word_1_90' title='bbox 190 639 253 656; x_wconf 89' lang='lat' dir='ltr'>suos</span> <span class='ocrx_word' id='word_1_91' title='bbox 273 634 372 655; x_wconf 87' lang='lat' dir='ltr'>tantum</span> <span class='ocrx_word' id='word_1_92' title='bbox 394 645 422 648; x_wconf 98' lang='lat'><strong>—</strong></span> <span class='ocrx_word' id='word_1_93' title='bbox 444 629 613 665; x_wconf 72' lang='lat' dir='ltr'>permittitur.</span> <span class='ocrx_word' id='word_1_94' title='bbox 634 627 665 653; x_wconf 82' lang='lat' dir='ltr'>fr.</span> <span class='ocrx_word' id='word_1_95' title='bbox 683 628 722 652; x_wconf 91' lang='grc'>11.</span> <span class='ocrx_word' id='word_1_96' title='bbox 742 635 781 663; x_wconf 87' lang='lat' dir='ltr'>pr.</span> <span class='ocrx_word' id='word_1_97' title='bbox 801 624 832 650; x_wconf 86' lang='lat' dir='ltr'>ad</span> <span class='ocrx_word' id='word_1_98' title='bbox 853 624 881 651; x_wconf 94' lang='lat' dir='ltr'>L.</span> <span class='ocrx_word' id='word_1_99' title='bbox 897 624 978 651; x_wconf 86' lang='lat' dir='ltr'>Corn.</span> <span class='ocrx_word' id='word_1_100' title='bbox 1000 624 1032 650; x_wconf 84' lang='lat' dir='ltr'>(le</span> 
     </span>
     <span class='ocr_line' id='line_1_12' title="bbox 190 670 667 704; baseline -0.006 -6"><span class='ocrx_word' id='word_1_101' title='bbox 190 673 264 698; x_wconf 88' lang='lat' dir='ltr'>sicar.</span> <span class='ocrx_word' id='word_1_102' title='bbox 284 673 324 698; x_wconf 69' lang='lat'>48.</span> <span class='ocrx_word' id='word_1_103' title='bbox 344 672 367 697; x_wconf 75' lang='lat'>8.</span> <span class='ocrx_word' id='word_1_104' title='bbox 396 670 469 697; x_wconf 87' lang='lat' dir='ltr'><em>Paul.</em></span> <span class='ocrx_word' id='word_1_105' title='bbox 492 670 521 696; x_wconf 81' lang='lat' dir='ltr'>V.</span> <span class='ocrx_word' id='word_1_106' title='bbox 541 672 582 696; x_wconf 81' lang='lat'>22.</span> <span class='ocrx_word' id='word_1_107' title='bbox 603 671 624 704; x_wconf 92' lang='lat'><em>5.</em></span> <span class='ocrx_word' id='word_1_108' title='bbox 644 672 667 695; x_wconf 88' lang='lat'>4.</span> 
     </span>
    </p>

    <p class='ocr_par' dir='ltr' id='par_1_4' title="bbox 189 712 1033 826">
     <span class='ocr_line' id='line_1_13' title="bbox 226 712 1032 746; baseline -0.006 -5"><span class='ocrx_word' id='word_1_109' title='bbox 226 715 405 741; x_wconf 74' lang='lat' dir='ltr'>Iudaeus.</span> <span class='ocrx_word' id='word_1_110' title='bbox 444 713 584 746; x_wconf 71' lang='lat' dir='ltr'>(Adiect.)</span> <span class='ocrx_word' id='word_1_111' title='bbox 622 714 668 738; x_wconf 67' lang='lat' dir='ltr'>Ad</span> <span class='ocrx_word' id='word_1_112' title='bbox 686 712 849 737; x_wconf 73' lang='lat' dir='ltr'>Hebraeos</span> <span class='ocrx_word' id='word_1_113' title='bbox 872 717 1032 744; x_wconf 70' lang='lat' dir='ltr'>spec-tans.</span> 
     </span>
     <span class='ocr_line' id='line_1_14' title="bbox 189 752 1033 790; baseline -0.005 -7"><span class='ocrx_word' id='word_1_114' title='bbox 189 757 208 783; x_wconf 92' lang='lat'>1.</span> <span class='ocrx_word' id='word_1_115' title='bbox 228 758 290 790; x_wconf 67' lang='lat' dir='ltr'>sy.</span> <span class='ocrx_word' id='word_1_116' title='bbox 316 756 428 787; x_wconf 71' lang='lat' dir='ltr'>Iudaica.</span> <span class='ocrx_word' id='word_1_117' title='bbox 449 756 542 782; x_wconf 85' lang='lat' dir='ltr'>Iudaea</span> <span class='ocrx_word' id='word_1_118' title='bbox 563 755 640 788; x_wconf 77' lang='lat' dir='ltr'><em>(lex.)</em></span> <span class='ocrx_word' id='word_1_119' title='bbox 672 753 721 779; x_wconf 82' lang='lat' dir='ltr'>Tb.</span> <span class='ocrx_word' id='word_1_120' title='bbox 742 752 773 779; x_wconf 68' lang='lat' dir='ltr'>C.</span> <span class='ocrx_word' id='word_1_121' title='bbox 794 752 850 779; x_wconf 59' lang='lat' dir='ltr'><em>VII.</em></span> <span class='ocrx_word' id='word_1_122' title='bbox 870 756 894 779; x_wconf 72' lang='grc' dir='ltr'>ὅ.</span> <span class='ocrx_word' id='word_1_123' title='bbox 915 763 936 779; x_wconf 92' lang='lat' dir='ltr'>c.</span> <span class='ocrx_word' id='word_1_124' title='bbox 956 755 980 779; x_wconf 88' lang='lat'>2.</span> <span class='ocrx_word' id='word_1_125' title='bbox 1001 752 1033 780; x_wconf 87' lang='lat' dir='ltr'>de</span> 
     </span>
     <span class='ocr_line' id='line_1_15' title="bbox 189 797 706 826; baseline -0.008 -1"><span class='ocrx_word' id='word_1_126' title='bbox 189 804 277 826; x_wconf 81' lang='lat' dir='ltr'>metat.</span> <span class='ocrx_word' id='word_1_127' title='bbox 296 799 354 825; x_wconf 85' lang='lat' dir='ltr'>XII.</span> <span class='ocrx_word' id='word_1_128' title='bbox 376 801 398 825; x_wconf 94' lang='lat' dir='ltr'>l.</span> <span class='ocrx_word' id='word_1_129' title='bbox 419 809 440 825; x_wconf 83' lang='lat' dir='ltr'>c.</span> <span class='ocrx_word' id='word_1_130' title='bbox 461 801 501 825; x_wconf 79' lang='grc'>99.</span> <span class='ocrx_word' id='word_1_131' title='bbox 522 798 555 824; x_wconf 88' lang='lat' dir='ltr'>de</span> <span class='ocrx_word' id='word_1_132' title='bbox 573 797 706 824; x_wconf 62' lang='lat' dir='ltr'>docui-ion.</span> 
     </span>
    </p>

    <p class='ocr_par' dir='ltr' id='par_1_5' title="bbox 188 838 1034 1044">
     <span class='ocr_line' id='line_1_16' title="bbox 226 838 1034 875; baseline -0.005 -7"><span class='ocrx_word' id='word_1_133' title='bbox 226 842 420 869; x_wconf 70' lang='lat' dir='ltr'><em>Iudaicus.</em></span> <span class='ocrx_word' id='word_1_134' title='bbox 441 841 569 875; x_wconf 82' lang='lat' dir='ltr'>(Adiect)</span> <span class='ocrx_word' id='word_1_135' title='bbox 606 839 686 866; x_wconf 82' lang='lat' dir='ltr'><strong>Idem.</strong></span> <span class='ocrx_word' id='word_1_136' title='bbox 722 838 764 864; x_wconf 89' lang='grc'>111.</span> <span class='ocrx_word' id='word_1_137' title='bbox 784 840 850 866; x_wconf 71' lang='grc'>(711.</span> <span class='ocrx_word' id='word_1_138' title='bbox 874 839 928 874; x_wconf 83' lang='lat' dir='ltr'>Qui</span> <span class='ocrx_word' id='word_1_139' title='bbox 947 848 975 864; x_wconf 86' lang='lat' dir='ltr'>se</span> <span class='ocrx_word' id='word_1_140' title='bbox 994 838 1034 865; x_wconf 88' lang='lat' dir='ltr'>Iu-</span> 
     </span>
     <span class='ocr_line' id='line_1_17' title="bbox 189 880 1031 920; baseline -0.004 -10"><span class='ocrx_word' id='word_1_141' title='bbox 189 884 264 910; x_wconf 85' lang='lat' dir='ltr'>daico</span> <span class='ocrx_word' id='word_1_142' title='bbox 289 885 341 910; x_wconf 88' lang='lat' dir='ltr'>ritu</span> <span class='ocrx_word' id='word_1_143' title='bbox 368 884 536 917; x_wconf 77' lang='lat' dir='ltr'>(circumcidi</span> <span class='ocrx_word' id='word_1_144' title='bbox 560 880 719 920; x_wconf 86' lang='lat' dir='ltr'>patiuntur.)</span> <span class='ocrx_word' id='word_1_145' title='bbox 752 880 823 907; x_wconf 88' lang='lat' dir='ltr'><em>Paul.</em></span> <span class='ocrx_word' id='word_1_146' title='bbox 844 881 875 908; x_wconf 82' lang='lat' dir='ltr'>V.</span> <span class='ocrx_word' id='word_1_147' title='bbox 900 883 941 907; x_wconf 87' lang='lat'>22.</span> <span class='ocrx_word' id='word_1_148' title='bbox 966 882 987 915; x_wconf 96' lang='lat'>5.</span> <span class='ocrx_word' id='word_1_149' title='bbox 1007 883 1031 907; x_wconf 79' lang='lat'>3.</span> 
     </span>
     <span class='ocr_line' id='line_1_18' title="bbox 189 923 1032 964; baseline -0.004 -11"><span class='ocrx_word' id='word_1_150' title='bbox 189 927 243 962; x_wconf 80' lang='lat' dir='ltr'>Qui</span> <span class='ocrx_word' id='word_1_151' title='bbox 262 926 392 953; x_wconf 75' lang='lat' dir='ltr'>Iudaicam</span> <span class='ocrx_word' id='word_1_152' title='bbox 411 926 624 964; x_wconf 68' lang='lat' dir='ltr'>superstitionem</span> <span class='ocrx_word' id='word_1_153' title='bbox 644 928 796 960; x_wconf 85' lang='lat' dir='ltr'>sequantur.</span> <span class='ocrx_word' id='word_1_154' title='bbox 815 923 845 950; x_wconf 84' lang='lat' dir='ltr'>sr.</span> <span class='ocrx_word' id='word_1_155' title='bbox 866 926 890 950; x_wconf 93' lang='lat'>3.</span> <span class='ocrx_word' id='word_1_156' title='bbox 911 925 934 958; x_wconf 93' lang='lat'>5.</span> <span class='ocrx_word' id='word_1_157' title='bbox 955 926 979 950; x_wconf 90' lang='lat'>3.</span> <span class='ocrx_word' id='word_1_158' title='bbox 1000 923 1032 950; x_wconf 85' lang='lat' dir='ltr'>dc</span> 
     </span>
     <span class='ocr_line' id='line_1_19' title="bbox 189 966 1033 996; baseline -0.004 0"><span class='ocrx_word' id='word_1_159' title='bbox 189 970 325 996; x_wconf 88' lang='lat' dir='ltr'>deeurion.</span> <span class='ocrx_word' id='word_1_160' title='bbox 345 971 386 995; x_wconf 87' lang='lat'>50.</span> <span class='ocrx_word' id='word_1_161' title='bbox 405 972 429 995; x_wconf 86' lang='lat'>2.</span> <span class='ocrx_word' id='word_1_162' title='bbox 462 968 511 995; x_wconf 89' lang='lat' dir='ltr'>Th.</span> <span class='ocrx_word' id='word_1_163' title='bbox 532 967 561 994; x_wconf 92' lang='lat' dir='ltr'>C.</span> <span class='ocrx_word' id='word_1_164' title='bbox 582 967 653 994; x_wconf 76' lang='lat' dir='ltr'><em>XVI.</em></span> <span class='ocrx_word' id='word_1_165' title='bbox 672 970 696 993; x_wconf 68' lang='grc' dir='ltr'>ὅ.</span> <span class='ocrx_word' id='word_1_166' title='bbox 722 977 742 993; x_wconf 85' lang='lat' dir='ltr'>c.</span> <span class='ocrx_word' id='word_1_167' title='bbox 762 968 804 992; x_wconf 97' lang='lat'>24.</span> <span class='ocrx_word' id='word_1_168' title='bbox 829 966 861 993; x_wconf 81' lang='lat' dir='ltr'>de</span> <span class='ocrx_word' id='word_1_169' title='bbox 880 967 935 993; x_wconf 87' lang='lat' dir='ltr'><em>Iud.</em></span> <span class='ocrx_word' id='word_1_170' title='bbox 973 967 1033 993; x_wconf 80' lang='lat' dir='ltr'>Per-</span> 
     </span>
     <span class='ocr_line' id='line_1_20' title="bbox 188 1009 1032 1044; baseline -0.004 -5"><span class='ocrx_word' id='word_1_171' title='bbox 188 1013 309 1044; x_wconf 72' lang='lat' dir='ltr'>versitas,</span> <span class='ocrx_word' id='word_1_172' title='bbox 329 1022 353 1038; x_wconf 91' lang='lat' dir='ltr'>v.</span> <span class='ocrx_word' id='word_1_173' title='bbox 373 1011 554 1042; x_wconf 77' lang='lat' dir='ltr'>incredulitas,</span> <span class='ocrx_word' id='word_1_174' title='bbox 574 1010 684 1037; x_wconf 86' lang='lat' dir='ltr'>Iudaica.</span> <span class='ocrx_word' id='word_1_175' title='bbox 723 1009 759 1036; x_wconf 85' lang='lat' dir='ltr'>lb.</span> <span class='ocrx_word' id='word_1_176' title='bbox 780 1009 797 1036; x_wconf 95' lang='lat' dir='ltr'>l.</span> <span class='ocrx_word' id='word_1_177' title='bbox 818 1009 834 1036; x_wconf 98' lang='lat' dir='ltr'>l.</span> <span class='ocrx_word' id='word_1_178' title='bbox 855 1020 876 1036; x_wconf 92' lang='lat' dir='ltr'>c.</span> <span class='ocrx_word' id='word_1_179' title='bbox 898 1012 936 1036; x_wconf 96' lang='lat'>19.</span> <span class='ocrx_word' id='word_1_180' title='bbox 962 1009 1032 1036; x_wconf 77' lang='lat' dir='ltr'>lteli-</span> 
     </span>
    </p>
   </div>
   <div class='ocr_carea' id='block_1_3' title="bbox 188 1052 1032 1092">
    <p class='ocr_par' dir='ltr' id='par_1_6' title="bbox 188 1052 1032 1092">
     <span class='ocr_line' id='line_1_21' title="bbox 188 1052 1032 1092; baseline -0.005 -10"><span class='ocrx_word' id='word_1_181' title='bbox 188 1057 243 1092; x_wconf 75' lang='lat' dir='ltr'>gio,</span> <span class='ocrx_word' id='word_1_182' title='bbox 268 1065 292 1081; x_wconf 86' lang='lat' dir='ltr'>v.</span> <span class='ocrx_word' id='word_1_183' title='bbox 312 1054 385 1086; x_wconf 77' lang='lat' dir='ltr'>Lex,</span> <span class='ocrx_word' id='word_1_184' title='bbox 409 1053 521 1080; x_wconf 81' lang='lat' dir='ltr'>Iudaica.</span> <span class='ocrx_word' id='word_1_185' title='bbox 559 1053 596 1079; x_wconf 87' lang='lat' dir='ltr'>lb.</span> <span class='ocrx_word' id='word_1_186' title='bbox 622 1064 643 1079; x_wconf 90' lang='lat' dir='ltr'>c.</span> <span class='ocrx_word' id='word_1_187' title='bbox 663 1054 704 1079; x_wconf 84' lang='lat'>23.</span> <span class='ocrx_word' id='word_1_188' title='bbox 732 1052 763 1079; x_wconf 82' lang='lat' dir='ltr'>cf.</span> <span class='ocrx_word' id='word_1_189' title='bbox 783 1052 839 1079; x_wconf 68' lang='lat' dir='ltr'><em>VII.</em></span> <span class='ocrx_word' id='word_1_190' title='bbox 863 1055 885 1079; x_wconf 83' lang='lat' dir='ltr'>S.</span> <span class='ocrx_word' id='word_1_191' title='bbox 915 1063 936 1079; x_wconf 92' lang='lat' dir='ltr'>c.</span> <span class='ocrx_word' id='word_1_192' title='bbox 955 1055 979 1079; x_wconf 82' lang='lat'>2.</span> <span class='ocrx_word' id='word_1_193' title='bbox 1000 1052 1032 1079; x_wconf 86' lang='lat' dir='ltr'>de</span> 
     </span>
    </p>
   </div>
   <div class='ocr_carea' id='block_1_4' title="bbox 185 1103 1032 2328">
    <p class='ocr_par' dir='ltr' id='par_1_7' title="bbox 188 1103 277 1125">
     <span class='ocr_line' id='line_1_22' title="bbox 188 1103 277 1125; baseline 0 -1"><span class='ocrx_word' id='word_1_194' title='bbox 188 1103 277 1125; x_wconf 84' lang='lat' dir='ltr'>metat.</span> 
     </span>
    </p>

    <p class='ocr_par' dir='ltr' id='par_1_8' title="bbox 185 1139 1032 2328">
     <span class='ocr_line' id='line_1_23' title="bbox 224 1139 1032 1174; baseline -0.004 -7"><span class='ocrx_word' id='word_1_195' title='bbox 224 1141 357 1167; x_wconf 83' lang='lat' dir='ltr'>ludex.</span> <span class='ocrx_word' id='word_1_196' title='bbox 394 1139 425 1172; x_wconf 56' lang='grc' dir='ltr'>ᾖ.</span> <span class='ocrx_word' id='word_1_197' title='bbox 452 1140 487 1165; x_wconf 85' lang='lat' dir='ltr'>l.</span> <span class='ocrx_word' id='word_1_198' title='bbox 529 1140 770 1174; x_wconf 77' lang='lat' dir='ltr'>Magistratus,</span> <span class='ocrx_word' id='word_1_199' title='bbox 801 1140 854 1173; x_wconf 78' lang='lat' dir='ltr'>qui</span> <span class='ocrx_word' id='word_1_200' title='bbox 886 1140 956 1164; x_wconf 75' lang='lat' dir='ltr'>iuri</span> <span class='ocrx_word' id='word_1_201' title='bbox 985 1141 1032 1164; x_wconf 79' lang='lat' dir='ltr'>di-</span> 
     </span>
     <span class='ocr_line' id='line_1_24' title="bbox 187 1181 1031 1217; baseline -0.002 -8"><span class='ocrx_word' id='word_1_202' title='bbox 187 1185 287 1210; x_wconf 84' lang='lat' dir='ltr'>cundo</span> <span class='ocrx_word' id='word_1_203' title='bbox 303 1188 445 1216; x_wconf 79' lang='lat' dir='ltr'>praeest.</span> <span class='ocrx_word' id='word_1_204' title='bbox 474 1181 492 1208; x_wconf 94' lang='lat' dir='ltr'>I.</span> <span class='ocrx_word' id='word_1_205' title='bbox 507 1182 568 1216; x_wconf 78' lang='lat' dir='ltr'>Sy.</span> <span class='ocrx_word' id='word_1_206' title='bbox 589 1181 719 1214; x_wconf 82' lang='lat' dir='ltr'>1udicans,</span> <span class='ocrx_word' id='word_1_207' title='bbox 740 1191 760 1208; x_wconf 93' lang='grc'>5.</span> <span class='ocrx_word' id='word_1_208' title='bbox 776 1181 809 1213; x_wconf 85' lang='grc'>15,</span> <span class='ocrx_word' id='word_1_209' title='bbox 830 1182 874 1217; x_wconf 92' lang='lat' dir='ltr'>qni</span> <span class='ocrx_word' id='word_1_210' title='bbox 888 1182 1031 1217; x_wconf 80' lang='lat' dir='ltr'>cognoscit.</span> 
     </span>
     <span class='ocr_line' id='line_1_25' title="bbox 187 1223 1032 1262; baseline -0.002 -10"><span class='ocrx_word' id='word_1_211' title='bbox 187 1226 217 1252; x_wconf 84' lang='lat' dir='ltr'>fr.</span> <span class='ocrx_word' id='word_1_212' title='bbox 239 1227 278 1252; x_wconf 93' lang='lat' dir='ltr'>ll.</span> <span class='ocrx_word' id='word_1_213' title='bbox 299 1235 336 1262; x_wconf 91' lang='lat' dir='ltr'>pr.</span> <span class='ocrx_word' id='word_1_214' title='bbox 358 1225 395 1258; x_wconf 91' lang='lat'>55.</span> <span class='ocrx_word' id='word_1_215' title='bbox 417 1226 439 1251; x_wconf 92' lang='grc'>1.</span> <span class='ocrx_word' id='word_1_216' title='bbox 459 1234 498 1260; x_wconf 88' lang='lat' dir='ltr'>sq.</span> <span class='ocrx_word' id='word_1_217' title='bbox 519 1224 551 1250; x_wconf 81' lang='lat' dir='ltr'>dc</span> <span class='ocrx_word' id='word_1_218' title='bbox 571 1224 662 1250; x_wconf 90' lang='lat' dir='ltr'>iurisd.</span> <span class='ocrx_word' id='word_1_219' title='bbox 677 1227 701 1250; x_wconf 81' lang='lat'>2.</span> <span class='ocrx_word' id='word_1_220' title='bbox 718 1226 740 1250; x_wconf 98' lang='lat' dir='ltr'>l.</span> <span class='ocrx_word' id='word_1_221' title='bbox 760 1224 789 1250; x_wconf 85' lang='lat' dir='ltr'>fr.</span> <span class='ocrx_word' id='word_1_222' title='bbox 810 1226 834 1250; x_wconf 90' lang='lat'>3.</span> <span class='ocrx_word' id='word_1_223' title='bbox 855 1224 892 1257; x_wconf 90' lang='lat'>55.</span> <span class='ocrx_word' id='word_1_224' title='bbox 913 1226 935 1250; x_wconf 92' lang='lat'>1.</span> <span class='ocrx_word' id='word_1_225' title='bbox 956 1226 979 1250; x_wconf 88' lang='lat'>5.</span> <span class='ocrx_word' id='word_1_226' title='bbox 1000 1223 1032 1250; x_wconf 82' lang='lat' dir='ltr'>de</span> 
     </span>
     <span class='ocr_line' id='line_1_26' title="bbox 187 1266 1031 1303; baseline -0.001 -9"><span class='ocrx_word' id='word_1_227' title='bbox 187 1268 231 1295; x_wconf 79' lang='lat' dir='ltr'>off.</span> <span class='ocrx_word' id='word_1_228' title='bbox 250 1266 303 1293; x_wconf 83' lang='lat' dir='ltr'><em>Prs.</em></span> <span class='ocrx_word' id='word_1_229' title='bbox 318 1266 391 1303; x_wconf 67' lang='lat' dir='ltr'><em>Yigg.</em></span> <span class='ocrx_word' id='word_1_230' title='bbox 408 1269 429 1293; x_wconf 97' lang='grc'>1.</span> <span class='ocrx_word' id='word_1_231' title='bbox 452 1269 491 1293; x_wconf 98' lang='lat'>15.</span> <span class='ocrx_word' id='word_1_232' title='bbox 512 1266 554 1293; x_wconf 65' lang='lat' dir='ltr'><em>CI&#39;.</em></span> <span class='ocrx_word' id='word_1_233' title='bbox 574 1277 598 1293; x_wconf 82' lang='lat' dir='ltr'>v.</span> <span class='ocrx_word' id='word_1_234' title='bbox 618 1267 747 1293; x_wconf 88' lang='lat' dir='ltr'>Iudicans.</span> <span class='ocrx_word' id='word_1_235' title='bbox 785 1266 902 1298; x_wconf 79' lang='lat' dir='ltr'>Praetor,</span> <span class='ocrx_word' id='word_1_236' title='bbox 921 1266 1031 1293; x_wconf 83' lang='lat' dir='ltr'>Praeses</span> 
     </span>
     <span class='ocr_line' id='line_1_27' title="bbox 186 1309 1030 1347; baseline -0.001 -10"><span class='ocrx_word' id='word_1_237' title='bbox 186 1310 228 1337; x_wconf 90' lang='lat' dir='ltr'>Pr.</span> <span class='ocrx_word' id='word_1_238' title='bbox 249 1309 321 1336; x_wconf 78' lang='lat' dir='ltr'><em>Paul.</em></span> <span class='ocrx_word' id='word_1_239' title='bbox 336 1309 368 1335; x_wconf 90' lang='lat' dir='ltr'>V.</span> <span class='ocrx_word' id='word_1_240' title='bbox 387 1311 428 1335; x_wconf 87' lang='lat'>26.</span> <span class='ocrx_word' id='word_1_241' title='bbox 449 1310 470 1343; x_wconf 92' lang='lat'>5.</span> <span class='ocrx_word' id='word_1_242' title='bbox 485 1311 507 1336; x_wconf 90' lang='lat'>4.</span> <span class='ocrx_word' id='word_1_243' title='bbox 529 1310 559 1336; x_wconf 85' lang='lat' dir='ltr'><em>I&#39;r.</em></span> <span class='ocrx_word' id='word_1_244' title='bbox 576 1311 618 1336; x_wconf 82' lang='lat'>23.</span> <span class='ocrx_word' id='word_1_245' title='bbox 638 1310 676 1343; x_wconf 96' lang='lat'>55.</span> <span class='ocrx_word' id='word_1_246' title='bbox 699 1312 719 1336; x_wconf 96' lang='lat' dir='ltr'>l.</span> <span class='ocrx_word' id='word_1_247' title='bbox 741 1320 780 1347; x_wconf 89' lang='lat' dir='ltr'>sq.</span> <span class='ocrx_word' id='word_1_248' title='bbox 819 1311 871 1345; x_wconf 76' lang='lat' dir='ltr'>Qu.</span> <span class='ocrx_word' id='word_1_249' title='bbox 891 1314 950 1336; x_wconf 85' lang='lat' dir='ltr'>met.</span> <span class='ocrx_word' id='word_1_250' title='bbox 972 1320 992 1336; x_wconf 92' lang='lat' dir='ltr'>c.</span> <span class='ocrx_word' id='word_1_251' title='bbox 1006 1312 1030 1336; x_wconf 79' lang='lat'>4.</span> 
     </span>
     <span class='ocr_line' id='line_1_28' title="bbox 185 1352 1031 1388; baseline -0.001 -8"><span class='ocrx_word' id='word_1_252' title='bbox 185 1356 211 1380; x_wconf 86' lang='lat'>2.</span> <span class='ocrx_word' id='word_1_253' title='bbox 230 1353 260 1380; x_wconf 80' lang='lat' dir='ltr'>fr.</span> <span class='ocrx_word' id='word_1_254' title='bbox 280 1355 305 1379; x_wconf 88' lang='lat'>2.</span> <span class='ocrx_word' id='word_1_255' title='bbox 331 1352 397 1385; x_wconf 95' lang='lat'><em>5.1.</em></span> <span class='ocrx_word' id='word_1_256' title='bbox 418 1353 440 1378; x_wconf 80' lang='lat' dir='ltr'>Si</span> <span class='ocrx_word' id='word_1_257' title='bbox 461 1362 504 1388; x_wconf 84' lang='lat' dir='ltr'>qu.</span> <span class='ocrx_word' id='word_1_258' title='bbox 525 1353 550 1378; x_wconf 88' lang='lat' dir='ltr'>in</span> <span class='ocrx_word' id='word_1_259' title='bbox 570 1354 611 1378; x_wconf 88' lang='lat' dir='ltr'>ius</span> <span class='ocrx_word' id='word_1_260' title='bbox 630 1357 713 1378; x_wconf 83' lang='lat' dir='ltr'>vocat.</span> <span class='ocrx_word' id='word_1_261' title='bbox 733 1355 757 1379; x_wconf 89' lang='lat'>2.</span> <span class='ocrx_word' id='word_1_262' title='bbox 777 1356 801 1379; x_wconf 83' lang='lat'>5.</span> <span class='ocrx_word' id='word_1_263' title='bbox 840 1354 914 1388; x_wconf 75' lang='lat' dir='ltr'>Quae</span> <span class='ocrx_word' id='word_1_264' title='bbox 933 1352 1031 1379; x_wconf 82' lang='lat' dir='ltr'>Romae</span> 
     </span>
     <span class='ocr_line' id='line_1_29' title="bbox 186 1394 1031 1431; baseline -0.001 -9"><span class='ocrx_word' id='word_1_265' title='bbox 186 1397 273 1423; x_wconf 77' lang='lat' dir='ltr'>varios</span> <span class='ocrx_word' id='word_1_266' title='bbox 294 1395 394 1421; x_wconf 71' lang='lat' dir='ltr'>iudices</span> <span class='ocrx_word' id='word_1_267' title='bbox 414 1395 520 1427; x_wconf 69' lang='lat' dir='ltr'>habent.</span> <span class='ocrx_word' id='word_1_268' title='bbox 541 1395 582 1421; x_wconf 85' lang='lat' dir='ltr'>De</span> <span class='ocrx_word' id='word_1_269' title='bbox 602 1394 698 1431; x_wconf 88' lang='lat' dir='ltr'>quibus</span> <span class='ocrx_word' id='word_1_270' title='bbox 717 1394 759 1420; x_wconf 65' lang='lat' dir='ltr'>vel</span> <span class='ocrx_word' id='word_1_271' title='bbox 774 1394 925 1421; x_wconf 75' lang='lat' dir='ltr'>Praefectus</span> <span class='ocrx_word' id='word_1_272' title='bbox 940 1395 984 1422; x_wconf 78' lang='lat' dir='ltr'>Vr.</span> <span class='ocrx_word' id='word_1_273' title='bbox 999 1411 1031 1415; x_wconf 85' lang='lat'>—</span> 
     </span>
     <span class='ocr_line' id='line_1_30' title="bbox 186 1437 1032 1475; baseline -0.001 -10"><span class='ocrx_word' id='word_1_274' title='bbox 186 1440 301 1475; x_wconf 77' lang='lat' dir='ltr'>itemque</span> <span class='ocrx_word' id='word_1_275' title='bbox 321 1437 400 1464; x_wconf 80' lang='lat' dir='ltr'>Coss.</span> <span class='ocrx_word' id='word_1_276' title='bbox 425 1443 451 1464; x_wconf 84' lang='lat' dir='ltr'>et</span> <span class='ocrx_word' id='word_1_277' title='bbox 470 1438 622 1469; x_wconf 73' lang='lat' dir='ltr'>Praetores.</span> <span class='ocrx_word' id='word_1_278' title='bbox 648 1439 796 1474; x_wconf 74' lang='lat' dir='ltr'>caetertquc</span> <span class='ocrx_word' id='word_1_279' title='bbox 815 1437 914 1464; x_wconf 78' lang='lat' dir='ltr'>Romae.</span> <span class='ocrx_word' id='word_1_280' title='bbox 938 1448 1032 1474; x_wconf 80' lang='lat' dir='ltr'>cogno-</span> 
     </span>
     <span class='ocr_line' id='line_1_31' title="bbox 186 1480 1032 1518; baseline 0 -10"><span class='ocrx_word' id='word_1_281' title='bbox 186 1486 271 1508; x_wconf 89' lang='lat' dir='ltr'>scunt.</span> <span class='ocrx_word' id='word_1_282' title='bbox 292 1481 322 1507; x_wconf 73' lang='lat' dir='ltr'>sr.</span> <span class='ocrx_word' id='word_1_283' title='bbox 340 1482 379 1506; x_wconf 84' lang='lat'>10.</span> <span class='ocrx_word' id='word_1_284' title='bbox 399 1490 439 1517; x_wconf 85' lang='lat' dir='ltr'>sq.</span> <span class='ocrx_word' id='word_1_285' title='bbox 461 1480 492 1507; x_wconf 84' lang='lat' dir='ltr'>de</span> <span class='ocrx_word' id='word_1_286' title='bbox 512 1481 555 1506; x_wconf 78' lang='lat' dir='ltr'>on.</span> <span class='ocrx_word' id='word_1_287' title='bbox 576 1480 663 1506; x_wconf 84' lang='lat' dir='ltr'>Praes.</span> <span class='ocrx_word' id='word_1_288' title='bbox 684 1482 708 1507; x_wconf 96' lang='lat'>1.</span> <span class='ocrx_word' id='word_1_289' title='bbox 730 1483 768 1507; x_wconf 72' lang='grc'>15.</span> <span class='ocrx_word' id='word_1_290' title='bbox 806 1480 940 1507; x_wconf 80' lang='lat' dir='ltr'>Potestate</span> <span class='ocrx_word' id='word_1_291' title='bbox 959 1491 1032 1518; x_wconf 84' lang='lat' dir='ltr'>prae-</span> 
     </span>
     <span class='ocr_line' id='line_1_32' title="bbox 186 1522 1030 1559; baseline -0.001 -8"><span class='ocrx_word' id='word_1_292' title='bbox 186 1524 265 1551; x_wconf 86' lang='lat' dir='ltr'>ditus.</span> <span class='ocrx_word' id='word_1_293' title='bbox 296 1523 346 1550; x_wconf 89' lang='lat' dir='ltr'>Th.</span> <span class='ocrx_word' id='word_1_294' title='bbox 368 1522 399 1550; x_wconf 88' lang='lat' dir='ltr'>C.</span> <span class='ocrx_word' id='word_1_295' title='bbox 419 1523 449 1549; x_wconf 75' lang='lat' dir='ltr'>II.</span> <span class='ocrx_word' id='word_1_296' title='bbox 471 1525 492 1549; x_wconf 98' lang='lat'>1.</span> <span class='ocrx_word' id='word_1_297' title='bbox 513 1534 534 1549; x_wconf 92' lang='lat' dir='ltr'>c.</span> <span class='ocrx_word' id='word_1_298' title='bbox 556 1525 578 1549; x_wconf 94' lang='lat'>1.</span> <span class='ocrx_word' id='word_1_299' title='bbox 599 1533 658 1559; x_wconf 87' lang='lat' dir='ltr'><em>sqq.</em></span> <span class='ocrx_word' id='word_1_300' title='bbox 678 1523 711 1549; x_wconf 84' lang='lat' dir='ltr'>de</span> <span class='ocrx_word' id='word_1_301' title='bbox 729 1523 821 1550; x_wconf 89' lang='lat' dir='ltr'>iurisd.</span> <span class='ocrx_word' id='word_1_302' title='bbox 842 1524 884 1550; x_wconf 91' lang='lat' dir='ltr'><em>III.</em></span> <span class='ocrx_word' id='word_1_303' title='bbox 906 1526 948 1550; x_wconf 87' lang='grc'>11.</span> <span class='ocrx_word' id='word_1_304' title='bbox 966 1534 987 1550; x_wconf 85' lang='lat' dir='ltr'>c.</span> <span class='ocrx_word' id='word_1_305' title='bbox 1009 1526 1030 1550; x_wconf 93' lang='lat'>1.</span> 
     </span>
     <span class='ocr_line' id='line_1_33' title="bbox 186 1565 1028 1605; baseline 0 -12"><span class='ocrx_word' id='word_1_306' title='bbox 186 1577 226 1605; x_wconf 89' lang='lat' dir='ltr'>pr.</span> <span class='ocrx_word' id='word_1_307' title='bbox 254 1567 276 1601; x_wconf 91' lang='lat'>5.</span> <span class='ocrx_word' id='word_1_308' title='bbox 298 1569 320 1592; x_wconf 92' lang='lat'>1.</span> <span class='ocrx_word' id='word_1_309' title='bbox 349 1567 372 1592; x_wconf 88' lang='lat' dir='ltr'>si</span> <span class='ocrx_word' id='word_1_310' title='bbox 398 1576 471 1602; x_wconf 86' lang='lat' dir='ltr'><em>quac.</em></span> <span class='ocrx_word' id='word_1_311' title='bbox 500 1566 589 1603; x_wconf 84' lang='lat' dir='ltr'>praed.</span> <span class='ocrx_word' id='word_1_312' title='bbox 614 1571 668 1603; x_wconf 90' lang='lat' dir='ltr'>pot.</span> <span class='ocrx_word' id='word_1_313' title='bbox 710 1565 739 1592; x_wconf 92' lang='grc'>11.</span> <span class='ocrx_word' id='word_1_314' title='bbox 766 1568 833 1600; x_wconf 73' lang='grc'>01).</span> <span class='ocrx_word' id='word_1_315' title='bbox 862 1567 977 1593; x_wconf 81' lang='lat' dir='ltr'>Arbiter.</span> <span class='ocrx_word' id='word_1_316' title='bbox 999 1583 1028 1587; x_wconf 86' lang='lat'>-—</span> 
     </span>
     <span class='ocr_line' id='line_1_34' title="bbox 186 1608 1029 1645; baseline 0 -9"><span class='ocrx_word' id='word_1_317' title='bbox 186 1609 298 1636; x_wconf 77' lang='lat' dir='ltr'>Maiores</span> <span class='ocrx_word' id='word_1_318' title='bbox 318 1609 426 1635; x_wconf 77' lang='lat' dir='ltr'>iudices.</span> <span class='ocrx_word' id='word_1_319' title='bbox 447 1608 477 1635; x_wconf 78' lang='lat' dir='ltr'>fr.</span> <span class='ocrx_word' id='word_1_320' title='bbox 496 1611 537 1635; x_wconf 85' lang='lat'>32.</span> <span class='ocrx_word' id='word_1_321' title='bbox 559 1610 580 1642; x_wconf 92' lang='lat'>5.</span> <span class='ocrx_word' id='word_1_322' title='bbox 602 1611 624 1635; x_wconf 85' lang='lat'>7.</span> <span class='ocrx_word' id='word_1_323' title='bbox 645 1609 677 1635; x_wconf 84' lang='lat' dir='ltr'>de</span> <span class='ocrx_word' id='word_1_324' title='bbox 696 1618 747 1634; x_wconf 81' lang='lat' dir='ltr'>ree.</span> <span class='ocrx_word' id='word_1_325' title='bbox 768 1619 810 1645; x_wconf 90' lang='lat' dir='ltr'>qu.</span> <span class='ocrx_word' id='word_1_326' title='bbox 832 1609 885 1637; x_wconf 85' lang='lat' dir='ltr'>arb.</span> <span class='ocrx_word' id='word_1_327' title='bbox 900 1612 924 1636; x_wconf 89' lang='lat'>4.</span> <span class='ocrx_word' id='word_1_328' title='bbox 939 1612 962 1636; x_wconf 71' lang='lat'>8.</span> <span class='ocrx_word' id='word_1_329' title='bbox 989 1609 1029 1636; x_wconf 79' lang='lat' dir='ltr'>Cf.</span> 
     </span>
     <span class='ocr_line' id='line_1_35' title="bbox 186 1651 1030 1686; baseline 0 -7"><span class='ocrx_word' id='word_1_330' title='bbox 186 1662 210 1678; x_wconf 77' lang='lat' dir='ltr'>V.</span> <span class='ocrx_word' id='word_1_331' title='bbox 226 1652 342 1679; x_wconf 85' lang='lat' dir='ltr'>Arbiter.</span> <span class='ocrx_word' id='word_1_332' title='bbox 362 1652 383 1685; x_wconf 90' lang='lat'>5.</span> <span class='ocrx_word' id='word_1_333' title='bbox 403 1653 426 1677; x_wconf 83' lang='lat'>2.</span> <span class='ocrx_word' id='word_1_334' title='bbox 464 1652 519 1678; x_wconf 87' lang='lat' dir='ltr'>Suo</span> <span class='ocrx_word' id='word_1_335' title='bbox 539 1651 658 1683; x_wconf 80' lang='lat' dir='ltr'>arbitrio,</span> <span class='ocrx_word' id='word_1_336' title='bbox 672 1667 703 1670; x_wconf 91' lang='lat'>—-</span> <span class='ocrx_word' id='word_1_337' title='bbox 725 1651 788 1678; x_wconf 86' lang='lat' dir='ltr'>Sine</span> <span class='ocrx_word' id='word_1_338' title='bbox 807 1652 893 1679; x_wconf 86' lang='lat' dir='ltr'>iudice</span> <span class='ocrx_word' id='word_1_339' title='bbox 912 1656 1030 1686; x_wconf 81' lang='lat' dir='ltr'>(servum</span> 
     </span>
     <span class='ocr_line' id='line_1_36' title="bbox 187 1694 1031 1731; baseline 0.001 -10"><span class='ocrx_word' id='word_1_340' title='bbox 187 1695 219 1721; x_wconf 85' lang='lat' dir='ltr'>ad</span> <span class='ocrx_word' id='word_1_341' title='bbox 239 1695 337 1721; x_wconf 84' lang='lat' dir='ltr'>bestias</span> <span class='ocrx_word' id='word_1_342' title='bbox 357 1695 443 1727; x_wconf 83' lang='lat' dir='ltr'>dare.)</span> <span class='ocrx_word' id='word_1_343' title='bbox 469 1694 499 1720; x_wconf 79' lang='lat' dir='ltr'>fr.</span> <span class='ocrx_word' id='word_1_344' title='bbox 521 1696 560 1721; x_wconf 92' lang='lat' dir='ltr'>ll.</span> <span class='ocrx_word' id='word_1_345' title='bbox 580 1695 661 1728; x_wconf 73' lang='lat'><em>551.</em></span> <span class='ocrx_word' id='word_1_346' title='bbox 682 1705 721 1731; x_wconf 81' lang='lat' dir='ltr'>sq.</span> <span class='ocrx_word' id='word_1_347' title='bbox 741 1694 773 1720; x_wconf 84' lang='lat' dir='ltr'>ad</span> <span class='ocrx_word' id='word_1_348' title='bbox 792 1694 822 1721; x_wconf 92' lang='lat' dir='ltr'>L.</span> <span class='ocrx_word' id='word_1_349' title='bbox 843 1695 924 1722; x_wconf 87' lang='lat' dir='ltr'>Corn.</span> <span class='ocrx_word' id='word_1_350' title='bbox 946 1696 978 1722; x_wconf 83' lang='lat' dir='ltr'>de</span> <span class='ocrx_word' id='word_1_351' title='bbox 997 1697 1031 1722; x_wconf 84' lang='lat' dir='ltr'>si-</span> 
     </span>
     <span class='ocr_line' id='line_1_37' title="bbox 188 1737 1030 1775; baseline 0 -11"><span class='ocrx_word' id='word_1_352' title='bbox 188 1747 238 1764; x_wconf 86' lang='lat' dir='ltr'>car.</span> <span class='ocrx_word' id='word_1_353' title='bbox 258 1739 299 1763; x_wconf 74' lang='grc'>48.</span> <span class='ocrx_word' id='word_1_354' title='bbox 319 1739 343 1763; x_wconf 76' lang='grc'>8.</span> <span class='ocrx_word' id='word_1_355' title='bbox 380 1737 422 1763; x_wconf 93' lang='lat'><em>111.</em></span> <span class='ocrx_word' id='word_1_356' title='bbox 444 1738 509 1764; x_wconf 76' lang='lat' dir='ltr'>Cn.</span> <span class='ocrx_word' id='word_1_357' title='bbox 539 1737 627 1769; x_wconf 79' lang='lat' dir='ltr'>Iudex,</span> <span class='ocrx_word' id='word_1_358' title='bbox 648 1739 691 1774; x_wconf 88' lang='lat' dir='ltr'>qui</span> <span class='ocrx_word' id='word_1_359' title='bbox 711 1738 835 1764; x_wconf 87' lang='lat' dir='ltr'>tribunali</span> <span class='ocrx_word' id='word_1_360' title='bbox 854 1743 967 1775; x_wconf 85' lang='lat' dir='ltr'>praeest.</span> <span class='ocrx_word' id='word_1_361' title='bbox 987 1738 1030 1764; x_wconf 80' lang='lat' dir='ltr'>vel</span> 
     </span>
     <span class='ocr_line' id='line_1_38' title="bbox 187 1779 1029 1818; baseline 0.002 -13"><span class='ocrx_word' id='word_1_362' title='bbox 187 1780 263 1806; x_wconf 84' lang='lat' dir='ltr'>aliam</span> <span class='ocrx_word' id='word_1_363' title='bbox 277 1780 485 1806; x_wconf 78' lang='lat' dir='ltr'>iurisdictionem</span> <span class='ocrx_word' id='word_1_364' title='bbox 504 1779 590 1806; x_wconf 84' lang='lat' dir='ltr'>habet.</span> <span class='ocrx_word' id='word_1_365' title='bbox 611 1780 640 1806; x_wconf 80' lang='lat' dir='ltr'>fr.</span> <span class='ocrx_word' id='word_1_366' title='bbox 658 1783 679 1807; x_wconf 93' lang='lat' dir='ltr'>l.</span> <span class='ocrx_word' id='word_1_367' title='bbox 700 1781 732 1807; x_wconf 88' lang='lat' dir='ltr'>de</span> <span class='ocrx_word' id='word_1_368' title='bbox 752 1781 829 1807; x_wconf 89' lang='lat' dir='ltr'>iudic.</span> <span class='ocrx_word' id='word_1_369' title='bbox 844 1784 868 1807; x_wconf 90' lang='lat'>5.</span> <span class='ocrx_word' id='word_1_370' title='bbox 890 1784 913 1808; x_wconf 92' lang='lat'>1.</span> <span class='ocrx_word' id='word_1_371' title='bbox 950 1782 1029 1818; x_wconf 77' lang='lat' dir='ltr'>Apud</span> 
     </span>
     <span class='ocr_line' id='line_1_39' title="bbox 186 1821 1028 1858; baseline 0.001 -9"><span class='ocrx_word' id='word_1_372' title='bbox 186 1823 353 1858; x_wconf 74' lang='lat' dir='ltr'>magistratus</span> <span class='ocrx_word' id='word_1_373' title='bbox 372 1821 400 1848; x_wconf 88' lang='lat' dir='ltr'>P.</span> <span class='ocrx_word' id='word_1_374' title='bbox 420 1821 465 1853; x_wconf 60' lang='lat' dir='ltr'>R..</span> <span class='ocrx_word' id='word_1_375' title='bbox 490 1822 532 1848; x_wconf 85' lang='lat' dir='ltr'>vel</span> <span class='ocrx_word' id='word_1_376' title='bbox 552 1822 690 1849; x_wconf 75' lang='lat' dir='ltr'>Praesides</span> <span class='ocrx_word' id='word_1_377' title='bbox 711 1823 752 1849; x_wconf 89' lang='lat' dir='ltr'>Pr.</span> <span class='ocrx_word' id='word_1_378' title='bbox 772 1824 814 1850; x_wconf 86' lang='lat' dir='ltr'>vel</span> <span class='ocrx_word' id='word_1_379' title='bbox 834 1824 899 1850; x_wconf 88' lang='lat' dir='ltr'>alios</span> <span class='ocrx_word' id='word_1_380' title='bbox 919 1824 1028 1850; x_wconf 80' lang='lat' dir='ltr'>iudices.</span> 
     </span>
     <span class='ocr_line' id='line_1_40' title="bbox 187 1864 1028 1899; baseline 0.004 -9"><span class='ocrx_word' id='word_1_381' title='bbox 187 1865 218 1891; x_wconf 83' lang='lat' dir='ltr'>fr.</span> <span class='ocrx_word' id='word_1_382' title='bbox 238 1868 261 1891; x_wconf 81' lang='lat'>4.</span> <span class='ocrx_word' id='word_1_383' title='bbox 287 1866 308 1898; x_wconf 88' lang='lat'>5.</span> <span class='ocrx_word' id='word_1_384' title='bbox 332 1867 352 1890; x_wconf 95' lang='lat' dir='ltr'>l.</span> <span class='ocrx_word' id='word_1_385' title='bbox 378 1864 411 1891; x_wconf 76' lang='lat' dir='ltr'>de</span> <span class='ocrx_word' id='word_1_386' title='bbox 435 1865 524 1891; x_wconf 82' lang='lat' dir='ltr'>iutcrr.</span> <span class='ocrx_word' id='word_1_387' title='bbox 551 1866 576 1891; x_wconf 91' lang='lat' dir='ltr'>in</span> <span class='ocrx_word' id='word_1_388' title='bbox 596 1867 652 1892; x_wconf 76' lang='lat' dir='ltr'>iure</span> <span class='ocrx_word' id='word_1_389' title='bbox 673 1868 712 1892; x_wconf 90' lang='lat' dir='ltr'>ll.</span> <span class='ocrx_word' id='word_1_390' title='bbox 734 1868 756 1892; x_wconf 95' lang='grc'>1.</span> <span class='ocrx_word' id='word_1_391' title='bbox 793 1866 875 1893; x_wconf 80' lang='lat' dir='ltr'>Iudex</span> <span class='ocrx_word' id='word_1_392' title='bbox 899 1867 1028 1899; x_wconf 72' lang='lat' dir='ltr'>tutelaris,</span> 
     </span>
     <span class='ocr_line' id='line_1_41' title="bbox 186 1907 1029 1946; baseline 0.004 -13"><span class='ocrx_word' id='word_1_393' title='bbox 186 1909 301 1944; x_wconf 77' lang='lat' dir='ltr'>itemque</span> <span class='ocrx_word' id='word_1_394' title='bbox 322 1907 417 1933; x_wconf 83' lang='lat' dir='ltr'><em>C.viri.</em></span> <span class='ocrx_word' id='word_1_395' title='bbox 438 1907 509 1933; x_wconf 74' lang='lat' dir='ltr'><em>Paul.</em></span> <span class='ocrx_word' id='word_1_396' title='bbox 531 1907 562 1934; x_wconf 65' lang='lat' dir='ltr'>V.</span> <span class='ocrx_word' id='word_1_397' title='bbox 583 1909 622 1933; x_wconf 89' lang='lat'>16.</span> <span class='ocrx_word' id='word_1_398' title='bbox 643 1909 663 1941; x_wconf 87' lang='lat'>5.</span> <span class='ocrx_word' id='word_1_399' title='bbox 684 1911 708 1934; x_wconf 87' lang='lat'>2.</span> <span class='ocrx_word' id='word_1_400' title='bbox 746 1908 774 1934; x_wconf 88' lang='lat' dir='ltr'>In</span> <span class='ocrx_word' id='word_1_401' title='bbox 795 1910 904 1935; x_wconf 88' lang='lat' dir='ltr'>comites</span> <span class='ocrx_word' id='word_1_402' title='bbox 924 1920 1029 1946; x_wconf 83' lang='lat' dir='ltr'>quoque</span> 
     </span>
     <span class='ocr_line' id='line_1_42' title="bbox 187 1950 1028 1990; baseline 0.001 -12"><span class='ocrx_word' id='word_1_403' title='bbox 187 1951 302 1978; x_wconf 81' lang='lat' dir='ltr'>Indicum</span> <span class='ocrx_word' id='word_1_404' title='bbox 320 1960 352 1976; x_wconf 78' lang='lat' dir='ltr'>cx</span> <span class='ocrx_word' id='word_1_405' title='bbox 372 1950 396 1976; x_wconf 88' lang='lat' dir='ltr'>h.</span> <span class='ocrx_word' id='word_1_406' title='bbox 418 1950 433 1977; x_wconf 89' lang='lat' dir='ltr'>l.</span> <span class='ocrx_word' id='word_1_407' title='bbox 453 1950 577 1976; x_wconf 85' lang='lat' dir='ltr'>iudicium</span> <span class='ocrx_word' id='word_1_408' title='bbox 597 1950 679 1977; x_wconf 84' lang='lat' dir='ltr'>datur.</span> <span class='ocrx_word' id='word_1_409' title='bbox 701 1950 731 1976; x_wconf 87' lang='lat' dir='ltr'>fr.</span> <span class='ocrx_word' id='word_1_410' title='bbox 745 1954 769 1977; x_wconf 90' lang='lat'>5.</span> <span class='ocrx_word' id='word_1_411' title='bbox 789 1951 822 1978; x_wconf 84' lang='lat' dir='ltr'>de</span> <span class='ocrx_word' id='word_1_412' title='bbox 834 1951 864 1978; x_wconf 88' lang='lat' dir='ltr'>L.</span> <span class='ocrx_word' id='word_1_413' title='bbox 879 1952 925 1979; x_wconf 89' lang='lat' dir='ltr'><em>Iul.</em></span> <span class='ocrx_word' id='word_1_414' title='bbox 946 1958 1028 1990; x_wconf 77' lang='lat' dir='ltr'>repet.</span> 
     </span>
     <span class='ocr_line' id='line_1_43' title="bbox 186 1993 1029 2031; baseline 0.002 -12"><span class='ocrx_word' id='word_1_415' title='bbox 186 1995 228 2020; x_wconf 73' lang='lat'>48.</span> <span class='ocrx_word' id='word_1_416' title='bbox 250 1996 289 2020; x_wconf 95' lang='lat' dir='ltr'>ll.</span> <span class='ocrx_word' id='word_1_417' title='bbox 326 1993 430 2019; x_wconf 79' lang='lat' dir='ltr'>Indices</span> <span class='ocrx_word' id='word_1_418' title='bbox 451 1993 613 2025; x_wconf 70' lang='lat' dir='ltr'>dioeceseos,</span> <span class='ocrx_word' id='word_1_419' title='bbox 634 2008 664 2012; x_wconf 91' lang='lat'>—</span> <span class='ocrx_word' id='word_1_420' title='bbox 685 1999 736 2020; x_wconf 85' lang='lat' dir='ltr'>tam</span> <span class='ocrx_word' id='word_1_421' title='bbox 756 1994 847 2021; x_wconf 80' lang='lat' dir='ltr'>civiles</span> <span class='ocrx_word' id='word_1_422' title='bbox 868 2005 945 2031; x_wconf 87' lang='lat' dir='ltr'>quam</span> <span class='ocrx_word' id='word_1_423' title='bbox 964 1995 1029 2021; x_wconf 82' lang='lat' dir='ltr'>mili-</span> 
     </span>
     <span class='ocr_line' id='line_1_44' title="bbox 187 2036 1029 2069; baseline 0.002 -7"><span class='ocrx_word' id='word_1_424' title='bbox 187 2040 264 2062; x_wconf 81' lang='lat' dir='ltr'>tares.</span> <span class='ocrx_word' id='word_1_425' title='bbox 289 2046 310 2062; x_wconf 87' lang='lat' dir='ltr'>c.</span> <span class='ocrx_word' id='word_1_426' title='bbox 332 2038 353 2062; x_wconf 91' lang='lat' dir='ltr'>l.</span> <span class='ocrx_word' id='word_1_427' title='bbox 380 2036 402 2069; x_wconf 90' lang='lat'>5.</span> <span class='ocrx_word' id='word_1_428' title='bbox 423 2038 445 2062; x_wconf 98' lang='lat'>7.</span> <span class='ocrx_word' id='word_1_429' title='bbox 471 2036 503 2062; x_wconf 85' lang='lat' dir='ltr'>de</span> <span class='ocrx_word' id='word_1_430' title='bbox 527 2036 570 2062; x_wconf 82' lang='lat' dir='ltr'><em>ofs.</em></span> <span class='ocrx_word' id='word_1_431' title='bbox 591 2036 643 2062; x_wconf 77' lang='lat' dir='ltr'><em>Prf.</em></span> <span class='ocrx_word' id='word_1_432' title='bbox 664 2036 704 2063; x_wconf 87' lang='lat' dir='ltr'>Pr.</span> <span class='ocrx_word' id='word_1_433' title='bbox 726 2037 782 2063; x_wconf 88' lang='lat' dir='ltr'><em>Afr.</em></span> <span class='ocrx_word' id='word_1_434' title='bbox 804 2039 826 2064; x_wconf 91' lang='lat'>1.</span> <span class='ocrx_word' id='word_1_435' title='bbox 845 2039 886 2064; x_wconf 87' lang='lat'>27.</span> <span class='ocrx_word' id='word_1_436' title='bbox 925 2038 1029 2064; x_wconf 87' lang='lat' dir='ltr'>Consu-</span> 
     </span>
     <span class='ocr_line' id='line_1_45' title="bbox 188 2078 1029 2115; baseline 0.002 -10"><span class='ocrx_word' id='word_1_437' title='bbox 188 2078 249 2105; x_wconf 86' lang='lat' dir='ltr'>laris</span> <span class='ocrx_word' id='word_1_438' title='bbox 269 2084 295 2105; x_wconf 86' lang='lat' dir='ltr'>et</span> <span class='ocrx_word' id='word_1_439' title='bbox 313 2078 436 2108; x_wconf 75' lang='lat' dir='ltr'>Praeses.</span> <span class='ocrx_word' id='word_1_440' title='bbox 461 2080 505 2115; x_wconf 88' lang='lat' dir='ltr'>qui</span> <span class='ocrx_word' id='word_1_441' title='bbox 525 2095 556 2098; x_wconf 98' lang='lat'><strong>—</strong></span> <span class='ocrx_word' id='word_1_442' title='bbox 581 2079 773 2106; x_wconf 87' lang='lat' dir='ltr'>ordinariorum</span> <span class='ocrx_word' id='word_1_443' title='bbox 795 2080 910 2107; x_wconf 85' lang='lat' dir='ltr'>iudicum</span> <span class='ocrx_word' id='word_1_444' title='bbox 934 2092 1029 2107; x_wconf 87' lang='lat' dir='ltr'>nomen</span> 
     </span>
     <span class='ocr_line' id='line_1_46' title="bbox 188 2121 1028 2158; baseline 0.005 -11"><span class='ocrx_word' id='word_1_445' title='bbox 188 2121 314 2148; x_wconf 82' lang='lat' dir='ltr'>obtinent.</span> <span class='ocrx_word' id='word_1_446' title='bbox 335 2121 400 2148; x_wconf 55' lang='grc' dir='ltr'>δον.</span> <span class='ocrx_word' id='word_1_447' title='bbox 416 2121 473 2148; x_wconf 69' lang='lat' dir='ltr'><em>Val.</em></span> <span class='ocrx_word' id='word_1_448' title='bbox 488 2121 530 2148; x_wconf 90' lang='lat' dir='ltr'><em>III.</em></span> <span class='ocrx_word' id='word_1_449' title='bbox 551 2121 583 2147; x_wconf 82' lang='lat' dir='ltr'>de</span> <span class='ocrx_word' id='word_1_450' title='bbox 603 2122 691 2148; x_wconf 88' lang='lat' dir='ltr'>tribut.</span> <span class='ocrx_word' id='word_1_451' title='bbox 712 2123 767 2149; x_wconf 82' lang='lat' dir='ltr'>fise.</span> <span class='ocrx_word' id='word_1_452' title='bbox 782 2123 812 2149; x_wconf 90' lang='grc'>11.</span> <span class='ocrx_word' id='word_1_453' title='bbox 828 2125 866 2150; x_wconf 90' lang='grc'>19.</span> <span class='ocrx_word' id='word_1_454' title='bbox 888 2134 908 2150; x_wconf 89' lang='lat' dir='ltr'>c.</span> <span class='ocrx_word' id='word_1_455' title='bbox 930 2126 951 2151; x_wconf 91' lang='lat'>1.</span> <span class='ocrx_word' id='word_1_456' title='bbox 971 2125 992 2158; x_wconf 92' lang='lat'>5</span> <span class='ocrx_word' id='word_1_457' title='bbox 1006 2126 1028 2151; x_wconf 90' lang='lat'>7.</span> 
     </span>
     <span class='ocr_line' id='line_1_47' title="bbox 189 2163 1030 2204; baseline 0.005 -15"><span class='ocrx_word' id='word_1_458' title='bbox 189 2163 345 2200; x_wconf 73' lang='lat' dir='ltr'>Quicunque</span> <span class='ocrx_word' id='word_1_459' title='bbox 365 2164 488 2192; x_wconf 90' lang='lat' dir='ltr'>iudicum.</span> <span class='ocrx_word' id='word_1_460' title='bbox 512 2166 648 2196; x_wconf 77' lang='lat' dir='ltr'>comitum.</span> <span class='ocrx_word' id='word_1_461' title='bbox 668 2167 822 2197; x_wconf 75' lang='lat' dir='ltr'>amicorum,</span> <span class='ocrx_word' id='word_1_462' title='bbox 842 2166 883 2192; x_wconf 71' lang='lat' dir='ltr'>vel</span> <span class='ocrx_word' id='word_1_463' title='bbox 903 2166 1030 2204; x_wconf 83' lang='lat' dir='ltr'>palatino-</span> 
     </span>
     <span class='ocr_line' id='line_1_48' title="bbox 189 2207 1029 2237; baseline 0.006 -6"><span class='ocrx_word' id='word_1_464' title='bbox 189 2216 245 2232; x_wconf 87' lang='lat' dir='ltr'>rum</span> <span class='ocrx_word' id='word_1_465' title='bbox 265 2216 379 2233; x_wconf 84' lang='lat' dir='ltr'>meorum</span> <span class='ocrx_word' id='word_1_466' title='bbox 400 2212 447 2233; x_wconf 86' lang='lat' dir='ltr'>etc.</span> <span class='ocrx_word' id='word_1_467' title='bbox 480 2207 528 2234; x_wconf 90' lang='lat' dir='ltr'>Th.</span> <span class='ocrx_word' id='word_1_468' title='bbox 550 2208 580 2234; x_wconf 78' lang='lat' dir='ltr'>C.</span> <span class='ocrx_word' id='word_1_469' title='bbox 601 2208 646 2234; x_wconf 81' lang='lat' dir='ltr'>IX.</span> <span class='ocrx_word' id='word_1_470' title='bbox 667 2211 688 2234; x_wconf 94' lang='lat'>1.</span> <span class='ocrx_word' id='word_1_471' title='bbox 710 2219 730 2235; x_wconf 86' lang='lat' dir='ltr'>c.</span> <span class='ocrx_word' id='word_1_472' title='bbox 751 2210 774 2235; x_wconf 97' lang='lat'>4.</span> <span class='ocrx_word' id='word_1_473' title='bbox 796 2209 828 2235; x_wconf 85' lang='lat' dir='ltr'>de</span> <span class='ocrx_word' id='word_1_474' title='bbox 847 2215 959 2237; x_wconf 81' lang='lat' dir='ltr'>accusat.</span> <span class='ocrx_word' id='word_1_475' title='bbox 990 2210 1029 2236; x_wconf 91' lang='lat' dir='ltr'>Iu-</span> 
     </span>
     <span class='ocr_line' id='line_1_49' title="bbox 189 2248 1027 2287; baseline 0.005 -12"><span class='ocrx_word' id='word_1_476' title='bbox 189 2248 261 2275; x_wconf 76' lang='lat' dir='ltr'>dices</span> <span class='ocrx_word' id='word_1_477' title='bbox 276 2258 372 2280; x_wconf 75' lang='lat' dir='ltr'>omues,</span> <span class='ocrx_word' id='word_1_478' title='bbox 393 2255 418 2276; x_wconf 84' lang='lat' dir='ltr'>et</span> <span class='ocrx_word' id='word_1_479' title='bbox 431 2255 547 2276; x_wconf 86' lang='lat' dir='ltr'>rectores</span> <span class='ocrx_word' id='word_1_480' title='bbox 562 2252 763 2287; x_wconf 76' lang='lat' dir='ltr'>provinciarum.</span> <span class='ocrx_word' id='word_1_481' title='bbox 784 2252 820 2278; x_wconf 93' lang='lat' dir='ltr'>Ib.</span> <span class='ocrx_word' id='word_1_482' title='bbox 834 2252 893 2278; x_wconf 81' lang='lat' dir='ltr'>XV.</span> <span class='ocrx_word' id='word_1_483' title='bbox 910 2255 930 2279; x_wconf 91' lang='lat' dir='ltr'>l.</span> <span class='ocrx_word' id='word_1_484' title='bbox 952 2263 972 2279; x_wconf 91' lang='lat' dir='ltr'>c.</span> <span class='ocrx_word' id='word_1_485' title='bbox 989 2255 1027 2279; x_wconf 94' lang='grc'>15.</span> 
     </span>
     <span class='ocr_line' id='line_1_50' title="bbox 189 2291 1027 2328; baseline 0.006 -11"><span class='ocrx_word' id='word_1_486' title='bbox 189 2291 222 2317; x_wconf 85' lang='lat' dir='ltr'>de</span> <span class='ocrx_word' id='word_1_487' title='bbox 241 2301 302 2328; x_wconf 86' lang='lat' dir='ltr'>opp.</span> <span class='ocrx_word' id='word_1_488' title='bbox 322 2291 382 2327; x_wconf 90' lang='lat' dir='ltr'><em>pub.</em></span> <span class='ocrx_word' id='word_1_489' title='bbox 403 2292 434 2319; x_wconf 78' lang='lat' dir='ltr'>cf.</span> <span class='ocrx_word' id='word_1_490' title='bbox 454 2293 471 2319; x_wconf 95' lang='lat' dir='ltr'>I.</span> <span class='ocrx_word' id='word_1_491' title='bbox 491 2296 514 2319; x_wconf 86' lang='lat'>5.</span> <span class='ocrx_word' id='word_1_492' title='bbox 536 2304 556 2320; x_wconf 88' lang='lat' dir='ltr'>c.</span> <span class='ocrx_word' id='word_1_493' title='bbox 579 2296 600 2320; x_wconf 95' lang='lat'>1.</span> <span class='ocrx_word' id='word_1_494' title='bbox 622 2293 725 2327; x_wconf 81' lang='lat' dir='ltr'><em>(ch.)</em></span> <span class='ocrx_word' id='word_1_495' title='bbox 746 2294 778 2320; x_wconf 84' lang='lat' dir='ltr'>de</span> <span class='ocrx_word' id='word_1_496' title='bbox 798 2295 841 2320; x_wconf 71' lang='lat' dir='ltr'>off.</span> <span class='ocrx_word' id='word_1_497' title='bbox 862 2294 914 2321; x_wconf 78' lang='lat' dir='ltr'>Prf.</span> <span class='ocrx_word' id='word_1_498' title='bbox 934 2295 975 2322; x_wconf 89' lang='lat' dir='ltr'>Pr.</span> <span class='ocrx_word' id='word_1_499' title='bbox 997 2296 1027 2322; x_wconf 84' lang='lat' dir='ltr'>cf.</span> 
     </span>
    </p>
   </div>
   <div class='ocr_carea' id='block_1_5' title="bbox 189 2333 1028 2374">
    <p class='ocr_par' dir='ltr' id='par_1_9' title="bbox 189 2333 1028 2374">
     <span class='ocr_line' id='line_1_51' title="bbox 189 2333 1028 2374; baseline 0.005 -14"><span class='ocrx_word' id='word_1_500' title='bbox 189 2334 252 2360; x_wconf 79' lang='lat' dir='ltr'>lust.</span> <span class='ocrx_word' id='word_1_501' title='bbox 273 2333 303 2359; x_wconf 76' lang='lat' dir='ltr'>C.</span> <span class='ocrx_word' id='word_1_502' title='bbox 329 2343 349 2359; x_wconf 85' lang='lat' dir='ltr'>c.</span> <span class='ocrx_word' id='word_1_503' title='bbox 368 2335 391 2360; x_wconf 82' lang='grc'>6.</span> <span class='ocrx_word' id='word_1_504' title='bbox 417 2335 462 2361; x_wconf 89' lang='lat' dir='ltr'>ubi</span> <span class='ocrx_word' id='word_1_505' title='bbox 482 2346 550 2362; x_wconf 84' lang='lat' dir='ltr'>caus.</span> <span class='ocrx_word' id='word_1_506' title='bbox 572 2341 631 2363; x_wconf 88' lang='lat' dir='ltr'>stat.</span> <span class='ocrx_word' id='word_1_507' title='bbox 651 2339 674 2363; x_wconf 95' lang='lat'>3.</span> <span class='ocrx_word' id='word_1_508' title='bbox 695 2339 736 2363; x_wconf 82' lang='lat'>22.</span> <span class='ocrx_word' id='word_1_509' title='bbox 774 2337 853 2374; x_wconf 84' lang='lat' dir='ltr'>Apud</span> <span class='ocrx_word' id='word_1_510' title='bbox 876 2340 1028 2374; x_wconf 81' lang='lat' dir='ltr'>provinciae</span> 
     </span>
    </p>
   </div>
   <div class='ocr_carea' id='block_1_6' title="bbox 188 2418 1028 2627">
    <p class='ocr_par' dir='ltr' id='par_1_10' title="bbox 188 2418 1028 2627">
     <span class='ocr_line' id='line_1_52' title="bbox 189 2418 1027 2456; baseline 0.007 -12"><span class='ocrx_word' id='word_1_511' title='bbox 189 2419 272 2445; x_wconf 80' lang='lat' dir='ltr'>adscr.</span> <span class='ocrx_word' id='word_1_512' title='bbox 310 2418 360 2444; x_wconf 81' lang='lat' dir='ltr'>Pro</span> <span class='ocrx_word' id='word_1_513' title='bbox 381 2419 560 2448; x_wconf 77' lang='lat' dir='ltr'>iurisdictione</span> <span class='ocrx_word' id='word_1_514' title='bbox 579 2422 682 2454; x_wconf 84' lang='lat' dir='ltr'>iudicis,</span> <span class='ocrx_word' id='word_1_515' title='bbox 703 2423 816 2456; x_wconf 71' lang='lat' dir='ltr'>(mulcta</span> <span class='ocrx_word' id='word_1_516' title='bbox 835 2423 977 2456; x_wconf 84' lang='lat' dir='ltr'>damnari.)</span> <span class='ocrx_word' id='word_1_517' title='bbox 996 2424 1027 2450; x_wconf 79' lang='lat' dir='ltr'>fr.</span> 
     </span>
     <span class='ocr_line' id='line_1_53' title="bbox 188 2462 1027 2503; baseline 0.006 -15"><span class='ocrx_word' id='word_1_518' title='bbox 188 2465 212 2488; x_wconf 86' lang='lat'>2.</span> <span class='ocrx_word' id='word_1_519' title='bbox 232 2462 297 2495; x_wconf 88' lang='lat'><em>5.1.</em></span> <span class='ocrx_word' id='word_1_520' title='bbox 322 2462 345 2487; x_wconf 88' lang='lat' dir='ltr'>si</span> <span class='ocrx_word' id='word_1_521' title='bbox 365 2471 407 2498; x_wconf 88' lang='lat' dir='ltr'>qu.</span> <span class='ocrx_word' id='word_1_522' title='bbox 433 2462 459 2487; x_wconf 92' lang='lat' dir='ltr'>in</span> <span class='ocrx_word' id='word_1_523' title='bbox 483 2463 523 2489; x_wconf 81' lang='lat' dir='ltr'>ius</span> <span class='ocrx_word' id='word_1_524' title='bbox 546 2475 602 2491; x_wconf 87' lang='lat' dir='ltr'><em>voc.</em></span> <span class='ocrx_word' id='word_1_525' title='bbox 622 2468 647 2492; x_wconf 79' lang='lat'>2.</span> <span class='ocrx_word' id='word_1_526' title='bbox 667 2468 691 2492; x_wconf 87' lang='lat'>5.</span> <span class='ocrx_word' id='word_1_527' title='bbox 733 2465 813 2502; x_wconf 82' lang='lat' dir='ltr'>Apud</span> <span class='ocrx_word' id='word_1_528' title='bbox 836 2471 1027 2503; x_wconf 78' lang='lat' dir='ltr'>competentem</span> 
     </span>
     <span class='ocr_line' id='line_1_54' title="bbox 190 2504 1027 2543; baseline 0.005 -12"><span class='ocrx_word' id='word_1_529' title='bbox 190 2504 359 2542; x_wconf 83' lang='lat' dir='ltr'>adpellationi</span> <span class='ocrx_word' id='word_1_530' title='bbox 379 2504 491 2531; x_wconf 83' lang='lat' dir='ltr'>iudicem</span> <span class='ocrx_word' id='word_1_531' title='bbox 510 2515 551 2532; x_wconf 80' lang='lat' dir='ltr'>res</span> <span class='ocrx_word' id='word_1_532' title='bbox 571 2517 652 2543; x_wconf 77' lang='lat' dir='ltr'>agere.</span> <span class='ocrx_word' id='word_1_533' title='bbox 674 2508 703 2535; x_wconf 88' lang='lat' dir='ltr'>fr.</span> <span class='ocrx_word' id='word_1_534' title='bbox 718 2511 759 2535; x_wconf 78' lang='lat'>20.</span> <span class='ocrx_word' id='word_1_535' title='bbox 776 2508 880 2535; x_wconf 84' lang='lat' dir='ltr'>iudicat.</span> <span class='ocrx_word' id='word_1_536' title='bbox 895 2509 972 2535; x_wconf 75' lang='lat' dir='ltr'>solvi.</span> <span class='ocrx_word' id='word_1_537' title='bbox 986 2510 1027 2536; x_wconf 90' lang='lat'>46.</span> 
     </span>
     <span class='ocr_line' id='line_1_55' title="bbox 190 2547 1028 2584; baseline 0.004 -10"><span class='ocrx_word' id='word_1_538' title='bbox 190 2550 214 2574; x_wconf 89' lang='lat'>7.</span> <span class='ocrx_word' id='word_1_539' title='bbox 228 2548 259 2573; x_wconf 84' lang='lat' dir='ltr'><em>cl&#39;.</em></span> <span class='ocrx_word' id='word_1_540' title='bbox 280 2547 309 2573; x_wconf 80' lang='lat' dir='ltr'>fr.</span> <span class='ocrx_word' id='word_1_541' title='bbox 324 2549 365 2573; x_wconf 82' lang='lat'>40.</span> <span class='ocrx_word' id='word_1_542' title='bbox 385 2548 444 2580; x_wconf 91' lang='lat'><em>5.1.</em></span> <span class='ocrx_word' id='word_1_543' title='bbox 465 2547 497 2574; x_wconf 80' lang='lat' dir='ltr'>de</span> <span class='ocrx_word' id='word_1_544' title='bbox 516 2554 583 2584; x_wconf 83' lang='lat' dir='ltr'>pact.</span> <span class='ocrx_word' id='word_1_545' title='bbox 596 2552 620 2577; x_wconf 89' lang='lat'>2.</span> <span class='ocrx_word' id='word_1_546' title='bbox 636 2553 675 2577; x_wconf 80' lang='lat'>14.</span> <span class='ocrx_word' id='word_1_547' title='bbox 713 2551 794 2578; x_wconf 79' lang='lat' dir='ltr'>Iudex</span> <span class='ocrx_word' id='word_1_548' title='bbox 815 2551 937 2578; x_wconf 84' lang='lat' dir='ltr'>adulterii</span> <span class='ocrx_word' id='word_1_549' title='bbox 956 2553 1028 2583; x_wconf 83' lang='lat' dir='ltr'>(ante</span> 
     </span>
     <span class='ocr_line' id='line_1_56' title="bbox 190 2589 1026 2627; baseline 0.005 -10"><span class='ocrx_word' id='word_1_550' title='bbox 190 2590 282 2617; x_wconf 86' lang='lat' dir='ltr'>oculos</span> <span class='ocrx_word' id='word_1_551' title='bbox 301 2589 398 2615; x_wconf 80' lang='lat' dir='ltr'>habere</span> <span class='ocrx_word' id='word_1_552' title='bbox 418 2590 517 2623; x_wconf 87' lang='lat' dir='ltr'>debet.)</span> <span class='ocrx_word' id='word_1_553' title='bbox 537 2590 567 2617; x_wconf 87' lang='lat' dir='ltr'>sr.</span> <span class='ocrx_word' id='word_1_554' title='bbox 589 2594 627 2618; x_wconf 87' lang='lat'>13.</span> <span class='ocrx_word' id='word_1_555' title='bbox 647 2594 668 2627; x_wconf 91' lang='lat'>5.</span> <span class='ocrx_word' id='word_1_556' title='bbox 683 2596 707 2620; x_wconf 88' lang='lat'>5.</span> <span class='ocrx_word' id='word_1_557' title='bbox 728 2594 759 2620; x_wconf 82' lang='lat' dir='ltr'>ad</span> <span class='ocrx_word' id='word_1_558' title='bbox 779 2594 807 2620; x_wconf 97' lang='lat' dir='ltr'>L.</span> <span class='ocrx_word' id='word_1_559' title='bbox 827 2594 874 2620; x_wconf 89' lang='lat' dir='ltr'><em>Iul.</em></span> <span class='ocrx_word' id='word_1_560' title='bbox 895 2594 927 2620; x_wconf 88' lang='lat' dir='ltr'>de</span> <span class='ocrx_word' id='word_1_561' title='bbox 946 2594 1026 2621; x_wconf 85' lang='lat' dir='ltr'>adult.</span> 
     </span>
    </p>
   </div>
   <div class='ocr_carea' id='block_1_7' title="bbox 189 2632 1027 2671">
    <p class='ocr_par' dir='ltr' id='par_1_11' title="bbox 189 2632 1027 2671">
     <span class='ocr_line' id='line_1_57' title="bbox 189 2632 1027 2671; baseline 0.007 -13"><span class='ocrx_word' id='word_1_562' title='bbox 189 2635 230 2660; x_wconf 84' lang='lat'>48.</span> <span class='ocrx_word' id='word_1_563' title='bbox 258 2635 280 2659; x_wconf 83' lang='lat'>5.</span> <span class='ocrx_word' id='word_1_564' title='bbox 322 2632 404 2669; x_wconf 88' lang='lat' dir='ltr'>quue</span> <span class='ocrx_word' id='word_1_565' title='bbox 428 2643 503 2659; x_wconf 84' lang='lat' dir='ltr'>cansa</span> <span class='ocrx_word' id='word_1_566' title='bbox 529 2635 631 2669; x_wconf 79' lang='lat' dir='ltr'>cognita</span> <span class='ocrx_word' id='word_1_567' title='bbox 654 2645 701 2671; x_wconf 90' lang='lat' dir='ltr'>per</span> <span class='ocrx_word' id='word_1_568' title='bbox 724 2637 836 2663; x_wconf 85' lang='lat' dir='ltr'>iudicem</span> <span class='ocrx_word' id='word_1_569' title='bbox 861 2637 1027 2664; x_wconf 88' lang='lat' dir='ltr'>statuendum</span> 
     </span>
    </p>
   </div>
   <div class='ocr_carea' id='block_1_8' title="bbox 190 2675 1905 2757">
    <p class='ocr_par' dir='ltr' id='par_1_12' title="bbox 190 2675 1905 2757">
     <span class='ocr_line' id='line_1_58' title="bbox 190 2675 1026 2717; baseline 0.004 -14"><span class='ocrx_word' id='word_1_570' title='bbox 190 2677 247 2703; x_wconf 85' lang='lat' dir='ltr'>erit.</span> <span class='ocrx_word' id='word_1_571' title='bbox 271 2676 302 2702; x_wconf 83' lang='lat' dir='ltr'>fr.</span> <span class='ocrx_word' id='word_1_572' title='bbox 321 2677 362 2702; x_wconf 84' lang='lat'>32.</span> <span class='ocrx_word' id='word_1_573' title='bbox 382 2686 421 2712; x_wconf 88' lang='lat' dir='ltr'>pr.</span> <span class='ocrx_word' id='word_1_574' title='bbox 450 2675 480 2702; x_wconf 86' lang='lat' dir='ltr'>fr.</span> <span class='ocrx_word' id='word_1_575' title='bbox 499 2678 540 2702; x_wconf 85' lang='lat'>33.</span> <span class='ocrx_word' id='word_1_576' title='bbox 565 2676 598 2702; x_wconf 89' lang='lat' dir='ltr'>de</span> <span class='ocrx_word' id='word_1_577' title='bbox 621 2676 708 2714; x_wconf 82' lang='lat' dir='ltr'><em>adopt.</em></span> <span class='ocrx_word' id='word_1_578' title='bbox 729 2681 751 2705; x_wconf 91' lang='lat'>1.</span> <span class='ocrx_word' id='word_1_579' title='bbox 772 2681 794 2706; x_wconf 95' lang='lat'>7.</span> <span class='ocrx_word' id='word_1_580' title='bbox 831 2679 879 2706; x_wconf 90' lang='lat' dir='ltr'>His</span> <span class='ocrx_word' id='word_1_581' title='bbox 899 2680 1026 2717; x_wconf 85' lang='lat' dir='ltr'>probatis,</span> 
     </span>
     <span class='ocr_line' id='line_1_59' title="bbox 1048 2713 1905 2757; baseline -0.001 -8"><span class='ocrx_word' id='word_1_582' title='bbox 1048 2713 1050 2732; x_wconf 82' lang='lat' dir='ltr'>i</span> <span class='ocrx_word' id='word_1_583' title='bbox 1071 2725 1094 2750; x_wconf 89' lang='lat'>3.</span> <span class='ocrx_word' id='word_1_584' title='bbox 1115 2724 1139 2750; x_wconf 87' lang='grc'>6.</span> <span class='ocrx_word' id='word_1_585' title='bbox 1160 2740 1190 2744; x_wconf 94' lang='grc'>-</span> <span class='ocrx_word' id='word_1_586' title='bbox 1216 2724 1246 2757; x_wconf 60' lang='grc' dir='ltr'>ἕ.</span> <span class='ocrx_word' id='word_1_587' title='bbox 1270 2725 1305 2750; x_wconf 84' lang='grc'>3.</span> <span class='ocrx_word' id='word_1_588' title='bbox 1341 2725 1403 2755; x_wconf 82' lang='lat' dir='ltr'>Qui</span> <span class='ocrx_word' id='word_1_589' title='bbox 1425 2722 1592 2748; x_wconf 73' lang='lat' dir='ltr'>consessui</span> <span class='ocrx_word' id='word_1_590' title='bbox 1614 2722 1756 2748; x_wconf 76' lang='lat' dir='ltr'>iudicum</span> <span class='ocrx_word' id='word_1_591' title='bbox 1773 2723 1905 2757; x_wconf 79' lang='lat' dir='ltr'>praefe-</span> 
     </span>
    </p>
   </div>
   <div class='ocr_carea' id='block_1_9' title="bbox 190 2718 1025 2845">
    <p class='ocr_par' dir='ltr' id='par_1_13' title="bbox 190 2718 1025 2845">
     <span class='ocr_line' id='line_1_60' title="bbox 191 2718 1025 2757; baseline 0.005 -11"><span class='ocrx_word' id='word_1_592' title='bbox 191 2724 341 2757; x_wconf 81' lang='lat' dir='ltr'>competens</span> <span class='ocrx_word' id='word_1_593' title='bbox 365 2718 443 2745; x_wconf 80' lang='lat' dir='ltr'>iudex</span> <span class='ocrx_word' id='word_1_594' title='bbox 469 2729 522 2745; x_wconf 88' lang='lat' dir='ltr'>rem</span> <span class='ocrx_word' id='word_1_595' title='bbox 545 2729 608 2745; x_wconf 88' lang='lat' dir='ltr'>suae</span> <span class='ocrx_word' id='word_1_596' title='bbox 631 2721 754 2755; x_wconf 78' lang='lat' dir='ltr'>aequitati</span> <span class='ocrx_word' id='word_1_597' title='bbox 772 2723 875 2749; x_wconf 89' lang='lat' dir='ltr'>restitui</span> <span class='ocrx_word' id='word_1_598' title='bbox 895 2723 1025 2750; x_wconf 86' lang='lat' dir='ltr'>decernat.</span> 
     </span>
     <span class='ocr_line' id='line_1_61' title="bbox 190 2761 670 2796; baseline -0.002 -7"><span class='ocrx_word' id='word_1_599' title='bbox 190 2762 221 2789; x_wconf 85' lang='lat' dir='ltr'>sr.</span> <span class='ocrx_word' id='word_1_600' title='bbox 240 2765 282 2791; x_wconf 76' lang='lat'>23.</span> <span class='ocrx_word' id='word_1_601' title='bbox 306 2763 326 2796; x_wconf 89' lang='lat'>5</span> <span class='ocrx_word' id='word_1_602' title='bbox 350 2764 373 2787; x_wconf 87' lang='lat'>2.</span> <span class='ocrx_word' id='word_1_603' title='bbox 404 2761 455 2796; x_wconf 83' lang='lat' dir='ltr'>Qu.</span> <span class='ocrx_word' id='word_1_604' title='bbox 479 2766 538 2788; x_wconf 88' lang='lat' dir='ltr'>met.</span> <span class='ocrx_word' id='word_1_605' title='bbox 563 2772 583 2788; x_wconf 87' lang='lat' dir='ltr'>c.</span> <span class='ocrx_word' id='word_1_606' title='bbox 604 2764 627 2788; x_wconf 95' lang='lat'>4.</span> <span class='ocrx_word' id='word_1_607' title='bbox 646 2764 670 2788; x_wconf 89' lang='lat'>2.</span> 
     </span>
     <span class='ocr_line' id='line_1_62' title="bbox 192 2804 1024 2845; baseline 0.006 -14"><span class='ocrx_word' id='word_1_608' title='bbox 192 2805 225 2831; x_wconf 86' lang='lat' dir='ltr'>ali</span> <span class='ocrx_word' id='word_1_609' title='bbox 244 2811 269 2832; x_wconf 82' lang='lat' dir='ltr'>te</span> <span class='ocrx_word' id='word_1_610' title='bbox 289 2817 301 2832; x_wconf 84' lang='lat' dir='ltr'>a</span> <span class='ocrx_word' id='word_1_611' title='bbox 320 2810 394 2843; x_wconf 83' lang='lat' dir='ltr'>patre</span> <span class='ocrx_word' id='word_1_612' title='bbox 414 2810 458 2832; x_wconf 89' lang='lat' dir='ltr'>tuo</span> <span class='ocrx_word' id='word_1_613' title='bbox 478 2804 612 2832; x_wconf 83' lang='lat' dir='ltr'>iubebunt.</span> <span class='ocrx_word' id='word_1_614' title='bbox 637 2804 667 2832; x_wconf 86' lang='lat' dir='ltr'>fr.</span> <span class='ocrx_word' id='word_1_615' title='bbox 687 2807 710 2832; x_wconf 83' lang='lat'>5.</span> <span class='ocrx_word' id='word_1_616' title='bbox 735 2806 757 2839; x_wconf 87' lang='lat'>5.</span> <span class='ocrx_word' id='word_1_617' title='bbox 777 2808 800 2833; x_wconf 94' lang='lat'>7.</span> <span class='ocrx_word' id='word_1_618' title='bbox 824 2807 856 2834; x_wconf 86' lang='lat' dir='ltr'>cf.</span> <span class='ocrx_word' id='word_1_619' title='bbox 879 2818 919 2845; x_wconf 83' lang='lat' dir='ltr'>pr.</span> <span class='ocrx_word' id='word_1_620' title='bbox 944 2810 981 2843; x_wconf 88' lang='lat'>55.</span> <span class='ocrx_word' id='word_1_621' title='bbox 1000 2812 1024 2836; x_wconf 88' lang='lat'>2.</span> 
     </span>
    </p>
   </div>
   <div class='ocr_carea' id='block_1_10' title="bbox 713 2762 1049 2801">
    <p class='ocr_par' dir='ltr' id='par_1_14' title="bbox 713 2762 1049 2801">
     <span class='ocr_line' id='line_1_63' title="bbox 713 2762 1049 2801; baseline 0.015 -12"><span class='ocrx_word' id='word_1_622' title='bbox 713 2762 900 2801; x_wconf 82' lang='lat' dir='ltr'>Competentes</span> <span class='ocrx_word' id='word_1_623' title='bbox 925 2766 1025 2793; x_wconf 88' lang='lat' dir='ltr'>iudices</span> <span class='ocrx_word' id='word_1_624' title='bbox 1048 2791 1049 2794; x_wconf 75' lang='grc'>,</span> 
     </span>
    </p>
   </div>
   <div class='ocr_carea' id='block_1_11' title="bbox 1048 273 1058 2875">
    <p class='ocr_par' dir='ltr' id='par_1_15' title="bbox 1048 273 1058 2875">
     <span class='ocr_line' id='line_1_64' title="bbox 1048 273 1058 2875; baseline 0 0"><span class='ocrx_word' id='word_1_625' title='bbox 1048 273 1058 2875; x_wconf 95' lang='lat' dir='ltr'> </span> 
     </span>
    </p>
   </div>
   <div class='ocr_carea' id='block_1_12' title="bbox 1855 158 1918 187">
    <p class='ocr_par' dir='ltr' id='par_1_16' title="bbox 1855 158 1918 187">
     <span class='ocr_line' id='line_1_65' title="bbox 1855 158 1918 187; baseline 0 0"><span class='ocrx_word' id='word_1_626' title='bbox 1855 158 1918 187; x_wconf 83' lang='grc'>509</span> 
     </span>
    </p>
   </div>
   <div class='ocr_carea' id='block_1_13' title="bbox 1055 238 1915 275">
    <p class='ocr_par' dir='ltr' id='par_1_17' title="bbox 1055 238 1915 275">
     <span class='ocr_line' id='line_1_66' title="bbox 1055 238 1915 275; baseline -0.002 -9"><span class='ocrx_word' id='word_1_627' title='bbox 1055 240 1057 245; x_wconf 87' lang='grc'><strong>“</strong></span> <span class='ocrx_word' id='word_1_628' title='bbox 1080 242 1118 266; x_wconf 81' lang='lat'>14.</span> <span class='ocrx_word' id='word_1_629' title='bbox 1139 240 1171 266; x_wconf 85' lang='lat' dir='ltr'>de</span> <span class='ocrx_word' id='word_1_630' title='bbox 1189 250 1244 275; x_wconf 77' lang='lat' dir='ltr'><em>agn.</em></span> <span class='ocrx_word' id='word_1_631' title='bbox 1265 245 1290 265; x_wconf 78' lang='lat' dir='ltr'>et</span> <span class='ocrx_word' id='word_1_632' title='bbox 1306 240 1389 267; x_wconf 82' lang='lat' dir='ltr'>alend.</span> <span class='ocrx_word' id='word_1_633' title='bbox 1404 242 1445 266; x_wconf 84' lang='lat'>25.</span> <span class='ocrx_word' id='word_1_634' title='bbox 1465 242 1488 266; x_wconf 94' lang='grc'>3.</span> <span class='ocrx_word' id='word_1_635' title='bbox 1525 239 1669 266; x_wconf 85' lang='lat' dir='ltr'>Restitutio</span> <span class='ocrx_word' id='word_1_636' title='bbox 1688 239 1714 264; x_wconf 91' lang='lat' dir='ltr'>in</span> <span class='ocrx_word' id='word_1_637' title='bbox 1733 239 1861 274; x_wconf 73' lang='lat' dir='ltr'>integrum</span> <span class='ocrx_word' id='word_1_638' title='bbox 1880 238 1915 264; x_wconf 80' lang='lat' dir='ltr'>sa-</span> 
     </span>
    </p>
   </div>
   <div class='ocr_carea' id='block_1_14' title="bbox 1077 280 1915 574">
    <p class='ocr_par' dir='ltr' id='par_1_18' title="bbox 1077 280 1915 574">
     <span class='ocr_line' id='line_1_67' title="bbox 1079 280 1915 317; baseline -0.002 -8"><span class='ocrx_word' id='word_1_639' title='bbox 1079 283 1169 309; x_wconf 76' lang='lat' dir='ltr'>rienda</span> <span class='ocrx_word' id='word_1_640' title='bbox 1189 283 1276 309; x_wconf 77' lang='lat' dir='ltr'>officio</span> <span class='ocrx_word' id='word_1_641' title='bbox 1297 283 1396 309; x_wconf 84' lang='lat' dir='ltr'>indicis.</span> <span class='ocrx_word' id='word_1_642' title='bbox 1417 284 1446 310; x_wconf 79' lang='lat' dir='ltr'>t&#39;r.</span> <span class='ocrx_word' id='word_1_643' title='bbox 1462 285 1485 309; x_wconf 88' lang='lat'>9.</span> <span class='ocrx_word' id='word_1_644' title='bbox 1506 283 1527 317; x_wconf 92' lang='lat'>5</span> <span class='ocrx_word' id='word_1_645' title='bbox 1545 284 1567 309; x_wconf 91' lang='lat'>7.</span> <span class='ocrx_word' id='word_1_646' title='bbox 1588 282 1622 308; x_wconf 92' lang='lat' dir='ltr'>ib.</span> <span class='ocrx_word' id='word_1_647' title='bbox 1642 283 1665 307; x_wconf 87' lang='lat'>4.</span> <span class='ocrx_word' id='word_1_648' title='bbox 1685 284 1708 307; x_wconf 82' lang='lat'>2.</span> <span class='ocrx_word' id='word_1_649' title='bbox 1747 280 1838 317; x_wconf 69' lang='lat' dir='ltr'>Neque</span> <span class='ocrx_word' id='word_1_650' title='bbox 1858 282 1915 307; x_wconf 80' lang='lat' dir='ltr'>sinc</span> 
     </span>
     <span class='ocr_line' id='line_1_68' title="bbox 1078 323 1915 363; baseline -0.004 -11"><span class='ocrx_word' id='word_1_651' title='bbox 1078 326 1163 352; x_wconf 77' lang='lat' dir='ltr'>iudice</span> <span class='ocrx_word' id='word_1_652' title='bbox 1182 326 1298 361; x_wconf 71' lang='lat' dir='ltr'>transigi.</span> <span class='ocrx_word' id='word_1_653' title='bbox 1317 335 1400 362; x_wconf 74' lang='lat' dir='ltr'>neque</span> <span class='ocrx_word' id='word_1_654' title='bbox 1419 326 1487 363; x_wconf 86' lang='lat' dir='ltr'>apud</span> <span class='ocrx_word' id='word_1_655' title='bbox 1508 325 1619 352; x_wconf 83' lang='lat' dir='ltr'>iudicem</span> <span class='ocrx_word' id='word_1_656' title='bbox 1633 325 1733 361; x_wconf 79' lang='lat' dir='ltr'>exquiri</span> <span class='ocrx_word' id='word_1_657' title='bbox 1746 325 1843 350; x_wconf 77' lang='lat' dir='ltr'>veritas</span> <span class='ocrx_word' id='word_1_658' title='bbox 1858 323 1915 357; x_wconf 82' lang='lat' dir='ltr'>(ali-</span> 
     </span>
     <span class='ocr_line' id='line_1_69' title="bbox 1079 366 1914 405; baseline -0.002 -11"><span class='ocrx_word' id='word_1_659' title='bbox 1079 374 1117 395; x_wconf 85' lang='lat' dir='ltr'>ter</span> <span class='ocrx_word' id='word_1_660' title='bbox 1137 373 1225 405; x_wconf 72' lang='lat' dir='ltr'>potest</span> <span class='ocrx_word' id='word_1_661' title='bbox 1245 369 1306 400; x_wconf 71' lang='lat' dir='ltr'>etc.)</span> <span class='ocrx_word' id='word_1_662' title='bbox 1332 367 1361 393; x_wconf 75' lang='lat' dir='ltr'><em>I&#39;r.</em></span> <span class='ocrx_word' id='word_1_663' title='bbox 1382 370 1402 394; x_wconf 96' lang='lat' dir='ltr'>l.</span> <span class='ocrx_word' id='word_1_664' title='bbox 1429 369 1449 402; x_wconf 90' lang='lat'>5.</span> <span class='ocrx_word' id='word_1_665' title='bbox 1472 371 1493 395; x_wconf 93' lang='grc'>1,</span> <span class='ocrx_word' id='word_1_666' title='bbox 1518 374 1618 394; x_wconf 80' lang='lat' dir='ltr'>testam.</span> <span class='ocrx_word' id='word_1_667' title='bbox 1643 366 1762 404; x_wconf 86' lang='lat' dir='ltr'>quemad.</span> <span class='ocrx_word' id='word_1_668' title='bbox 1783 377 1852 404; x_wconf 82' lang='lat' dir='ltr'>aper.</span> <span class='ocrx_word' id='word_1_669' title='bbox 1871 368 1914 393; x_wconf 79' lang='lat'>29.</span> 
     </span>
     <span class='ocr_line' id='line_1_70' title="bbox 1077 408 1913 446; baseline -0.002 -9"><span class='ocrx_word' id='word_1_670' title='bbox 1077 413 1100 437; x_wconf 89' lang='lat'>3.</span> <span class='ocrx_word' id='word_1_671' title='bbox 1137 411 1239 438; x_wconf 86' lang='lat' dir='ltr'>Iudices</span> <span class='ocrx_word' id='word_1_672' title='bbox 1259 415 1454 446; x_wconf 75' lang='lat' dir='ltr'>exactoresque.</span> <span class='ocrx_word' id='word_1_673' title='bbox 1480 411 1545 438; x_wconf 72' lang='lat' dir='ltr'><em>Nor.</em></span> <span class='ocrx_word' id='word_1_674' title='bbox 1560 411 1650 437; x_wconf 85' lang='lat' dir='ltr'>Maior.</span> <span class='ocrx_word' id='word_1_675' title='bbox 1671 410 1703 437; x_wconf 88' lang='lat' dir='ltr'>de</span> <span class='ocrx_word' id='word_1_676' title='bbox 1723 410 1812 436; x_wconf 80' lang='lat' dir='ltr'>curIaI.</span> <span class='ocrx_word' id='word_1_677' title='bbox 1831 408 1876 436; x_wconf 90' lang='lat' dir='ltr'>IV.</span> <span class='ocrx_word' id='word_1_678' title='bbox 1891 411 1913 435; x_wconf 87' lang='lat'>7.</span> 
     </span>
     <span class='ocr_line' id='line_1_71' title="bbox 1078 454 1434 491; baseline -0.006 -11"><span class='ocrx_word' id='word_1_679' title='bbox 1078 464 1098 480; x_wconf 90' lang='lat' dir='ltr'>c.</span> <span class='ocrx_word' id='word_1_680' title='bbox 1121 456 1142 480; x_wconf 83' lang='lat' dir='ltr'>l.</span> <span class='ocrx_word' id='word_1_681' title='bbox 1163 465 1200 491; x_wconf 90' lang='lat' dir='ltr'>pr.</span> <span class='ocrx_word' id='word_1_682' title='bbox 1223 471 1253 474; x_wconf 97' lang='lat'><strong>—</strong></span> <span class='ocrx_word' id='word_1_683' title='bbox 1278 454 1308 487; x_wconf 63' lang='grc' dir='ltr'>ξ.</span> <span class='ocrx_word' id='word_1_684' title='bbox 1329 455 1364 480; x_wconf 71' lang='grc'>2.</span> <span class='ocrx_word' id='word_1_685' title='bbox 1390 455 1434 484; x_wconf 74' lang='lat' dir='ltr'>Is,</span> 
     </span>
     <span class='ocr_line' id='line_1_72' title="bbox 1079 497 1914 530; baseline -0.002 -7"><span class='ocrx_word' id='word_1_686' title='bbox 1079 499 1124 523; x_wconf 79' lang='lat' dir='ltr'>rel</span> <span class='ocrx_word' id='word_1_687' title='bbox 1143 503 1229 523; x_wconf 72' lang='lat' dir='ltr'>sorte</span> <span class='ocrx_word' id='word_1_688' title='bbox 1248 499 1384 528; x_wconf 65' lang='lat' dir='ltr'>elec-tue,</span> <span class='ocrx_word' id='word_1_689' title='bbox 1409 498 1565 523; x_wconf 72' lang='lat' dir='ltr'>iudicium</span> <span class='ocrx_word' id='word_1_690' title='bbox 1584 498 1751 530; x_wconf 74' lang='lat' dir='ltr'>privatum</span> <span class='ocrx_word' id='word_1_691' title='bbox 1770 497 1914 527; x_wconf 79' lang='lat' dir='ltr'>dirimit,</span> 
     </span>
     <span class='ocr_line' id='line_1_73' title="bbox 1079 538 1915 574; baseline -0.001 -9"><span class='ocrx_word' id='word_1_692' title='bbox 1079 542 1124 565; x_wconf 76' lang='lat' dir='ltr'>rel</span> <span class='ocrx_word' id='word_1_693' title='bbox 1146 542 1179 565; x_wconf 82' lang='lat' dir='ltr'>de</span> <span class='ocrx_word' id='word_1_694' title='bbox 1202 541 1338 566; x_wconf 78' lang='lat' dir='ltr'>crimine</span> <span class='ocrx_word' id='word_1_695' title='bbox 1361 541 1553 565; x_wconf 80' lang='lat' dir='ltr'>sententiam</span> <span class='ocrx_word' id='word_1_696' title='bbox 1573 541 1653 574; x_wconf 84' lang='lat' dir='ltr'>fert.</span> <span class='ocrx_word' id='word_1_697' title='bbox 1691 538 1721 565; x_wconf 88' lang='grc'>11.</span> <span class='ocrx_word' id='word_1_698' title='bbox 1746 540 1813 572; x_wconf 76' lang='lat' dir='ltr'>Op.</span> <span class='ocrx_word' id='word_1_699' title='bbox 1837 538 1915 564; x_wconf 87' lang='lat' dir='ltr'>Iuris-</span> 
     </span>
    </p>
   </div>
   <div class='ocr_carea' id='block_1_15' title="bbox 1460 455 1914 488">
    <p class='ocr_par' dir='ltr' id='par_1_19' title="bbox 1460 455 1914 488">
     <span class='ocr_line' id='line_1_74' title="bbox 1460 455 1914 488; baseline -0.004 -8"><span class='ocrx_word' id='word_1_700' title='bbox 1460 457 1513 488; x_wconf 78' lang='lat' dir='ltr'>qni</span> <span class='ocrx_word' id='word_1_701' title='bbox 1532 456 1641 480; x_wconf 81' lang='lat' dir='ltr'>iussus</span> <span class='ocrx_word' id='word_1_702' title='bbox 1661 464 1677 480; x_wconf 87' lang='grc' dir='ltr'><em>α</em></span> <span class='ocrx_word' id='word_1_703' title='bbox 1697 455 1914 488; x_wconf 76' lang='lat' dir='ltr'>magistratu,</span> 
     </span>
    </p>
   </div>
   <div class='ocr_carea' id='block_1_16' title="bbox 1074 580 1917 1861">
    <p class='ocr_par' dir='ltr' id='par_1_20' title="bbox 1074 580 1917 1861">
     <span class='ocr_line' id='line_1_75' title="bbox 1077 580 1914 619; baseline -0.001 -11"><span class='ocrx_word' id='word_1_704' title='bbox 1077 582 1334 619; x_wconf 73' lang='lat' dir='ltr'>dictioni&#39;praeesse.</span> <span class='ocrx_word' id='word_1_705' title='bbox 1350 598 1382 601; x_wconf 92' lang='lat'><strong>—</strong></span> <span class='ocrx_word' id='word_1_706' title='bbox 1401 581 1482 607; x_wconf 80' lang='lat' dir='ltr'>Iudex</span> <span class='ocrx_word' id='word_1_707' title='bbox 1502 580 1575 607; x_wconf 85' lang='lat' dir='ltr'>datus</span> <span class='ocrx_word' id='word_1_708' title='bbox 1596 591 1662 607; x_wconf 83' lang='lat' dir='ltr'>esse.</span> <span class='ocrx_word' id='word_1_709' title='bbox 1682 581 1712 607; x_wconf 78' lang='lat' dir='ltr'>fr.</span> <span class='ocrx_word' id='word_1_710' title='bbox 1726 583 1767 608; x_wconf 76' lang='lat'>81.</span> <span class='ocrx_word' id='word_1_711' title='bbox 1783 581 1815 608; x_wconf 83' lang='lat' dir='ltr'>de</span> <span class='ocrx_word' id='word_1_712' title='bbox 1834 580 1914 607; x_wconf 83' lang='lat' dir='ltr'>indic.</span> 
     </span>
     <span class='ocr_line' id='line_1_76' title="bbox 1076 623 1915 661; baseline -0.001 -11"><span class='ocrx_word' id='word_1_713' title='bbox 1076 627 1099 650; x_wconf 88' lang='lat'>5.</span> <span class='ocrx_word' id='word_1_714' title='bbox 1122 626 1143 650; x_wconf 89' lang='lat' dir='ltr'>l.</span> <span class='ocrx_word' id='word_1_715' title='bbox 1181 624 1240 661; x_wconf 80' lang='lat' dir='ltr'>Ipse</span> <span class='ocrx_word' id='word_1_716' title='bbox 1261 634 1427 661; x_wconf 79' lang='lat' dir='ltr'>cognoscere.</span> <span class='ocrx_word' id='word_1_717' title='bbox 1448 640 1479 643; x_wconf 93' lang='lat'><strong>—</strong></span> <span class='ocrx_word' id='word_1_718' title='bbox 1499 623 1612 650; x_wconf 72' lang='lat' dir='ltr'>Iudicem</span> <span class='ocrx_word' id='word_1_719' title='bbox 1631 624 1700 650; x_wconf 80' lang='lat' dir='ltr'>dare.</span> <span class='ocrx_word' id='word_1_720' title='bbox 1724 624 1754 650; x_wconf 91' lang='lat' dir='ltr'>sr.</span> <span class='ocrx_word' id='word_1_721' title='bbox 1775 625 1797 650; x_wconf 81' lang='lat'>8.</span> <span class='ocrx_word' id='word_1_722' title='bbox 1818 633 1857 660; x_wconf 86' lang='lat' dir='ltr'>sq.</span> <span class='ocrx_word' id='word_1_723' title='bbox 1882 623 1915 649; x_wconf 84' lang='lat' dir='ltr'>de</span> 
     </span>
     <span class='ocr_line' id='line_1_77' title="bbox 1077 665 1915 703; baseline -0.001 -10"><span class='ocrx_word' id='word_1_724' title='bbox 1077 667 1120 693; x_wconf 77' lang='lat' dir='ltr'><em>off.</em></span> <span class='ocrx_word' id='word_1_725' title='bbox 1140 667 1227 693; x_wconf 82' lang='lat' dir='ltr'>Praes.</span> <span class='ocrx_word' id='word_1_726' title='bbox 1246 669 1320 693; x_wconf 60' lang='lat'><em>[18.</em></span> <span class='ocrx_word' id='word_1_727' title='bbox 1341 678 1361 694; x_wconf 86' lang='lat' dir='ltr'>c.</span> <span class='ocrx_word' id='word_1_728' title='bbox 1380 669 1404 693; x_wconf 93' lang='lat'>2.</span> <span class='ocrx_word' id='word_1_729' title='bbox 1425 666 1457 693; x_wconf 87' lang='lat' dir='ltr'>de</span> <span class='ocrx_word' id='word_1_730' title='bbox 1476 665 1569 703; x_wconf 85' lang='lat' dir='ltr'>pedan.</span> <span class='ocrx_word' id='word_1_731' title='bbox 1588 666 1664 693; x_wconf 86' lang='lat' dir='ltr'>indic.</span> <span class='ocrx_word' id='word_1_732' title='bbox 1678 668 1701 693; x_wconf 80' lang='lat'>3.</span> <span class='ocrx_word' id='word_1_733' title='bbox 1721 669 1744 694; x_wconf 85' lang='lat'>3.</span> <span class='ocrx_word' id='word_1_734' title='bbox 1782 667 1915 703; x_wconf 79' lang='lat' dir='ltr'>Magistra-</span> 
     </span>
     <span class='ocr_line' id='line_1_78' title="bbox 1077 709 1915 746; baseline -0.001 -10"><span class='ocrx_word' id='word_1_735' title='bbox 1077 715 1118 736; x_wconf 86' lang='lat' dir='ltr'>tus</span> <span class='ocrx_word' id='word_1_736' title='bbox 1138 710 1166 736; x_wconf 88' lang='lat' dir='ltr'>P.</span> <span class='ocrx_word' id='word_1_737' title='bbox 1186 710 1217 736; x_wconf 78' lang='lat' dir='ltr'>R.</span> <span class='ocrx_word' id='word_1_738' title='bbox 1237 720 1260 736; x_wconf 74' lang='grc' dir='ltr'>ν.</span> <span class='ocrx_word' id='word_1_739' title='bbox 1281 710 1323 744; x_wconf 70' lang='lat' dir='ltr'>IS,</span> <span class='ocrx_word' id='word_1_740' title='bbox 1341 711 1385 746; x_wconf 90' lang='lat' dir='ltr'>qni</span> <span class='ocrx_word' id='word_1_741' title='bbox 1404 709 1519 736; x_wconf 85' lang='lat' dir='ltr'>iudicare</span> <span class='ocrx_word' id='word_1_742' title='bbox 1541 710 1624 735; x_wconf 82' lang='lat' dir='ltr'>iussit.</span> <span class='ocrx_word' id='word_1_743' title='bbox 1646 726 1675 729; x_wconf 98' lang='lat'><strong>—</strong></span> <span class='ocrx_word' id='word_1_744' title='bbox 1704 709 1805 736; x_wconf 81' lang='lat' dir='ltr'>Indices</span> <span class='ocrx_word' id='word_1_745' title='bbox 1825 709 1856 735; x_wconf 87' lang='lat' dir='ltr'>ab</span> <span class='ocrx_word' id='word_1_746' title='bbox 1876 710 1915 735; x_wconf 84' lang='lat' dir='ltr'>eiS</span> 
     </span>
     <span class='ocr_line' id='line_1_79' title="bbox 1077 751 1914 789; baseline -0.001 -11"><span class='ocrx_word' id='word_1_747' title='bbox 1077 753 1138 779; x_wconf 77' lang='lat' dir='ltr'>dati.</span> <span class='ocrx_word' id='word_1_748' title='bbox 1159 753 1189 779; x_wconf 80' lang='lat' dir='ltr'>fr.</span> <span class='ocrx_word' id='word_1_749' title='bbox 1209 754 1250 779; x_wconf 76' lang='grc'>58.</span> <span class='ocrx_word' id='word_1_750' title='bbox 1270 753 1302 779; x_wconf 81' lang='lat' dir='ltr'>de</span> <span class='ocrx_word' id='word_1_751' title='bbox 1321 753 1398 779; x_wconf 87' lang='lat' dir='ltr'>iudic.</span> <span class='ocrx_word' id='word_1_752' title='bbox 1419 755 1442 779; x_wconf 86' lang='lat'>5.</span> <span class='ocrx_word' id='word_1_753' title='bbox 1465 754 1486 778; x_wconf 97' lang='lat' dir='ltr'>l.</span> <span class='ocrx_word' id='word_1_754' title='bbox 1507 752 1536 778; x_wconf 77' lang='lat' dir='ltr'>fr.</span> <span class='ocrx_word' id='word_1_755' title='bbox 1558 753 1597 778; x_wconf 84' lang='lat'>15.</span> <span class='ocrx_word' id='word_1_756' title='bbox 1616 762 1654 789; x_wconf 81' lang='lat' dir='ltr'>pr.</span> <span class='ocrx_word' id='word_1_757' title='bbox 1675 751 1707 778; x_wconf 85' lang='lat' dir='ltr'>de</span> <span class='ocrx_word' id='word_1_758' title='bbox 1726 763 1754 778; x_wconf 84' lang='lat' dir='ltr'>re</span> <span class='ocrx_word' id='word_1_759' title='bbox 1774 752 1851 779; x_wconf 89' lang='lat' dir='ltr'>iudic.</span> <span class='ocrx_word' id='word_1_760' title='bbox 1872 753 1914 778; x_wconf 85' lang='lat'>42.</span> 
     </span>
     <span class='ocr_line' id='line_1_80' title="bbox 1079 794 1914 832; baseline -0.001 -11"><span class='ocrx_word' id='word_1_761' title='bbox 1079 798 1100 822; x_wconf 91' lang='lat' dir='ltr'>l.</span> <span class='ocrx_word' id='word_1_762' title='bbox 1122 795 1151 821; x_wconf 80' lang='lat' dir='ltr'>fr.</span> <span class='ocrx_word' id='word_1_763' title='bbox 1164 798 1188 821; x_wconf 86' lang='lat'>2.</span> <span class='ocrx_word' id='word_1_764' title='bbox 1203 805 1242 832; x_wconf 89' lang='lat' dir='ltr'>pr.</span> <span class='ocrx_word' id='word_1_765' title='bbox 1263 795 1295 822; x_wconf 86' lang='lat' dir='ltr'>de</span> <span class='ocrx_word' id='word_1_766' title='bbox 1314 795 1345 822; x_wconf 81' lang='lat' dir='ltr'>R.</span> <span class='ocrx_word' id='word_1_767' title='bbox 1366 796 1383 822; x_wconf 91' lang='lat'>1.</span> <span class='ocrx_word' id='word_1_768' title='bbox 1404 797 1444 821; x_wconf 89' lang='grc'>50.</span> <span class='ocrx_word' id='word_1_769' title='bbox 1466 797 1505 821; x_wconf 87' lang='lat'>17.</span> <span class='ocrx_word' id='word_1_770' title='bbox 1542 794 1657 827; x_wconf 75' lang='lat' dir='ltr'>Praetor,</span> <span class='ocrx_word' id='word_1_771' title='bbox 1676 805 1700 821; x_wconf 93' lang='lat' dir='ltr'>v.</span> <span class='ocrx_word' id='word_1_772' title='bbox 1715 794 1833 822; x_wconf 71' lang='lat' dir='ltr'>Prae-ses.</span> <span class='ocrx_word' id='word_1_773' title='bbox 1857 794 1914 821; x_wconf 86' lang='lat' dir='ltr'><em>Gai.</em></span> 
     </span>
     <span class='ocr_line' id='line_1_81' title="bbox 1077 837 1915 875; baseline -0.001 -11"><span class='ocrx_word' id='word_1_774' title='bbox 1077 838 1118 864; x_wconf 93' lang='lat' dir='ltr'><em>III.</em></span> <span class='ocrx_word' id='word_1_775' title='bbox 1138 840 1197 864; x_wconf 79' lang='lat'><em>224.</em></span> <span class='ocrx_word' id='word_1_776' title='bbox 1217 838 1248 864; x_wconf 79' lang='lat' dir='ltr'>fr.</span> <span class='ocrx_word' id='word_1_777' title='bbox 1268 841 1291 864; x_wconf 82' lang='lat'>4.</span> <span class='ocrx_word' id='word_1_778' title='bbox 1312 838 1344 865; x_wconf 84' lang='lat' dir='ltr'>de</span> <span class='ocrx_word' id='word_1_779' title='bbox 1364 838 1407 865; x_wconf 74' lang='lat' dir='ltr'>off.</span> <span class='ocrx_word' id='word_1_780' title='bbox 1427 838 1512 864; x_wconf 79' lang='lat' dir='ltr'>Praet.</span> <span class='ocrx_word' id='word_1_781' title='bbox 1534 840 1556 864; x_wconf 96' lang='lat' dir='ltr'>l.</span> <span class='ocrx_word' id='word_1_782' title='bbox 1578 839 1616 864; x_wconf 84' lang='lat'>14.</span> <span class='ocrx_word' id='word_1_783' title='bbox 1636 838 1665 864; x_wconf 89' lang='lat' dir='ltr'>sr.</span> <span class='ocrx_word' id='word_1_784' title='bbox 1686 840 1726 864; x_wconf 75' lang='lat'>12.</span> <span class='ocrx_word' id='word_1_785' title='bbox 1747 848 1785 875; x_wconf 90' lang='lat' dir='ltr'>pr.</span> <span class='ocrx_word' id='word_1_786' title='bbox 1806 838 1827 871; x_wconf 90' lang='lat'>5.</span> <span class='ocrx_word' id='word_1_787' title='bbox 1841 839 1862 863; x_wconf 97' lang='lat' dir='ltr'>l.</span> <span class='ocrx_word' id='word_1_788' title='bbox 1883 837 1915 863; x_wconf 80' lang='lat' dir='ltr'>de</span> 
     </span>
     <span class='ocr_line' id='line_1_82' title="bbox 1077 879 1913 908; baseline -0.002 -1"><span class='ocrx_word' id='word_1_789' title='bbox 1077 881 1155 908; x_wconf 85' lang='lat' dir='ltr'>indic.</span> <span class='ocrx_word' id='word_1_790' title='bbox 1176 883 1237 907; x_wconf 90' lang='grc'>5.1.</span> <span class='ocrx_word' id='word_1_791' title='bbox 1259 880 1288 906; x_wconf 77' lang='lat' dir='ltr'>fr.</span> <span class='ocrx_word' id='word_1_792' title='bbox 1308 882 1332 906; x_wconf 92' lang='lat'>4.</span> <span class='ocrx_word' id='word_1_793' title='bbox 1353 881 1384 907; x_wconf 81' lang='lat' dir='ltr'>(Ie</span> <span class='ocrx_word' id='word_1_794' title='bbox 1404 886 1482 907; x_wconf 80' lang='lat' dir='ltr'>tutor.</span> <span class='ocrx_word' id='word_1_795' title='bbox 1503 880 1554 908; x_wconf 82' lang='lat' dir='ltr'>dat.</span> <span class='ocrx_word' id='word_1_796' title='bbox 1573 883 1615 907; x_wconf 83' lang='lat'>26.</span> <span class='ocrx_word' id='word_1_797' title='bbox 1634 883 1658 907; x_wconf 96' lang='lat'>5.</span> <span class='ocrx_word' id='word_1_798' title='bbox 1694 880 1810 907; x_wconf 76' lang='lat' dir='ltr'>Arbiter.</span> <span class='ocrx_word' id='word_1_799' title='bbox 1831 879 1872 906; x_wconf 83' lang='lat' dir='ltr'>Cf.</span> <span class='ocrx_word' id='word_1_800' title='bbox 1889 880 1913 906; x_wconf 91' lang='grc'>11.</span> 
     </span>
     <span class='ocr_line' id='line_1_83' title="bbox 1077 921 1915 960; baseline -0.002 -10"><span class='ocrx_word' id='word_1_801' title='bbox 1077 935 1100 950; x_wconf 83' lang='lat' dir='ltr'>v.</span> <span class='ocrx_word' id='word_1_802' title='bbox 1138 923 1356 960; x_wconf 71' lang='lat' dir='ltr'>Recuperatores.</span> <span class='ocrx_word' id='word_1_803' title='bbox 1389 924 1445 950; x_wconf 87' lang='lat' dir='ltr'><em>Gai.</em></span> <span class='ocrx_word' id='word_1_804' title='bbox 1468 923 1511 950; x_wconf 86' lang='lat' dir='ltr'>IV.</span> <span class='ocrx_word' id='word_1_805' title='bbox 1538 925 1594 950; x_wconf 89' lang='grc'>109.</span> <span class='ocrx_word' id='word_1_806' title='bbox 1620 925 1676 950; x_wconf 91' lang='grc'>141.</span> <span class='ocrx_word' id='word_1_807' title='bbox 1712 923 1755 950; x_wconf 88' lang='grc'>111.</span> <span class='ocrx_word' id='word_1_808' title='bbox 1780 924 1846 951; x_wconf 70' lang='lat' dir='ltr'>Un-</span> <span class='ocrx_word' id='word_1_809' title='bbox 1876 921 1915 948; x_wconf 65' lang='lat' dir='ltr'>Ne</span> 
     </span>
     <span class='ocr_line' id='line_1_84' title="bbox 1077 966 1915 1003; baseline -0.004 -10"><span class='ocrx_word' id='word_1_810' title='bbox 1077 967 1190 993; x_wconf 78' lang='lat' dir='ltr'>Senator</span> <span class='ocrx_word' id='word_1_811' title='bbox 1209 967 1251 997; x_wconf 77' lang='lat' dir='ltr'>sit.</span> <span class='ocrx_word' id='word_1_812' title='bbox 1271 976 1303 992; x_wconf 84' lang='lat' dir='ltr'>ne</span> <span class='ocrx_word' id='word_1_813' title='bbox 1318 966 1432 998; x_wconf 77' lang='lat' dir='ltr'>decurio.</span> <span class='ocrx_word' id='word_1_814' title='bbox 1453 972 1496 993; x_wconf 88' lang='lat' dir='ltr'>ant</span> <span class='ocrx_word' id='word_1_815' title='bbox 1510 966 1591 993; x_wconf 89' lang='lat' dir='ltr'>ullum</span> <span class='ocrx_word' id='word_1_816' title='bbox 1604 966 1729 993; x_wconf 77' lang='lat' dir='ltr'>honorem</span> <span class='ocrx_word' id='word_1_817' title='bbox 1744 967 1836 1003; x_wconf 82' lang='lat' dir='ltr'>capiat,</span> <span class='ocrx_word' id='word_1_818' title='bbox 1850 975 1915 991; x_wconf 71' lang='lat' dir='ltr'>nevo</span> 
     </span>
     <span class='ocr_line' id='line_1_85' title="bbox 1076 1007 1915 1046; baseline -0.002 -10"><span class='ocrx_word' id='word_1_819' title='bbox 1076 1011 1101 1036; x_wconf 93' lang='lat' dir='ltr'>in</span> <span class='ocrx_word' id='word_1_820' title='bbox 1123 1020 1180 1036; x_wconf 75' lang='lat' dir='ltr'>euni</span> <span class='ocrx_word' id='word_1_821' title='bbox 1200 1008 1319 1035; x_wconf 75' lang='lat' dir='ltr'>ordinem</span> <span class='ocrx_word' id='word_1_822' title='bbox 1343 1009 1445 1039; x_wconf 63' lang='lat' dir='ltr'>sedeat.</span> <span class='ocrx_word' id='word_1_823' title='bbox 1470 1019 1535 1035; x_wconf 81' lang='lat' dir='ltr'>neve</span> <span class='ocrx_word' id='word_1_824' title='bbox 1560 1009 1639 1035; x_wconf 78' lang='lat' dir='ltr'>iudex</span> <span class='ocrx_word' id='word_1_825' title='bbox 1663 1010 1705 1035; x_wconf 85' lang='lat' dir='ltr'>sit.</span> <span class='ocrx_word' id='word_1_826' title='bbox 1730 1009 1760 1035; x_wconf 78' lang='lat' dir='ltr'>fr.</span> <span class='ocrx_word' id='word_1_827' title='bbox 1782 1011 1804 1035; x_wconf 90' lang='lat'>1.</span> <span class='ocrx_word' id='word_1_828' title='bbox 1823 1019 1863 1046; x_wconf 85' lang='lat' dir='ltr'>pr.</span> <span class='ocrx_word' id='word_1_829' title='bbox 1883 1007 1915 1034; x_wconf 85' lang='lat' dir='ltr'>ad</span> 
     </span>
     <span class='ocr_line' id='line_1_86' title="bbox 1076 1050 1916 1089; baseline -0.004 -10"><span class='ocrx_word' id='word_1_830' title='bbox 1076 1052 1106 1079; x_wconf 90' lang='lat' dir='ltr'>L.</span> <span class='ocrx_word' id='word_1_831' title='bbox 1122 1052 1170 1078; x_wconf 90' lang='lat' dir='ltr'><em>Iul.</em></span> <span class='ocrx_word' id='word_1_832' title='bbox 1191 1051 1222 1078; x_wconf 78' lang='lat' dir='ltr'>de</span> <span class='ocrx_word' id='word_1_833' title='bbox 1242 1053 1267 1077; x_wconf 90' lang='lat' dir='ltr'>vi</span> <span class='ocrx_word' id='word_1_834' title='bbox 1287 1053 1354 1089; x_wconf 86' lang='lat' dir='ltr'>priv.</span> <span class='ocrx_word' id='word_1_835' title='bbox 1368 1054 1409 1078; x_wconf 61' lang='lat'>48.</span> <span class='ocrx_word' id='word_1_836' title='bbox 1431 1054 1452 1078; x_wconf 88' lang='lat'>7.</span> <span class='ocrx_word' id='word_1_837' title='bbox 1491 1052 1519 1078; x_wconf 92' lang='lat' dir='ltr'>Si</span> <span class='ocrx_word' id='word_1_838' title='bbox 1538 1052 1666 1089; x_wconf 83' lang='lat' dir='ltr'>plebeius.</span> <span class='ocrx_word' id='word_1_839' title='bbox 1685 1052 1728 1078; x_wconf 80' lang='lat' dir='ltr'>vel</span> <span class='ocrx_word' id='word_1_840' title='bbox 1746 1051 1838 1078; x_wconf 85' lang='lat' dir='ltr'>humili</span> <span class='ocrx_word' id='word_1_841' title='bbox 1856 1050 1916 1078; x_wconf 87' lang='lat' dir='ltr'>loco</span> 
     </span>
     <span class='ocr_line' id='line_1_87' title="bbox 1077 1094 1916 1131; baseline -0.002 -9"><span class='ocrx_word' id='word_1_842' title='bbox 1077 1101 1162 1127; x_wconf 72' lang='lat' dir='ltr'>natus,</span> <span class='ocrx_word' id='word_1_843' title='bbox 1182 1095 1312 1127; x_wconf 82' lang='lat' dir='ltr'>Senatori,</span> <span class='ocrx_word' id='word_1_844' title='bbox 1331 1094 1373 1120; x_wconf 84' lang='lat' dir='ltr'>vel</span> <span class='ocrx_word' id='word_1_845' title='bbox 1393 1096 1474 1131; x_wconf 89' lang='lat' dir='ltr'>equiti</span> <span class='ocrx_word' id='word_1_846' title='bbox 1494 1095 1534 1126; x_wconf 67' lang='lat' dir='ltr'>R..</span> <span class='ocrx_word' id='word_1_847' title='bbox 1554 1094 1702 1126; x_wconf 78' lang='lat' dir='ltr'>decurioni,</span> <span class='ocrx_word' id='word_1_848' title='bbox 1722 1094 1763 1121; x_wconf 82' lang='lat' dir='ltr'>vel</span> <span class='ocrx_word' id='word_1_849' title='bbox 1783 1095 1916 1131; x_wconf 43' lang='lat' dir='ltr'>magistra*</span> 
     </span>
     <span class='ocr_line' id='line_1_88' title="bbox 1077 1135 1915 1173; baseline -0.002 -9"><span class='ocrx_word' id='word_1_850' title='bbox 1077 1140 1122 1170; x_wconf 76' lang='lat' dir='ltr'>tui.</span> <span class='ocrx_word' id='word_1_851' title='bbox 1142 1138 1184 1164; x_wconf 68' lang='lat' dir='ltr'>vel</span> <span class='ocrx_word' id='word_1_852' title='bbox 1204 1137 1301 1169; x_wconf 77' lang='lat' dir='ltr'>Aedili.</span> <span class='ocrx_word' id='word_1_853' title='bbox 1320 1137 1363 1163; x_wconf 78' lang='lat' dir='ltr'>vel</span> <span class='ocrx_word' id='word_1_854' title='bbox 1383 1138 1462 1164; x_wconf 89' lang='lat' dir='ltr'>iudici</span> <span class='ocrx_word' id='word_1_855' title='bbox 1481 1139 1530 1171; x_wconf 89' lang='lat' dir='ltr'><em>(sc.</em></span> <span class='ocrx_word' id='word_1_856' title='bbox 1544 1139 1662 1164; x_wconf 86' lang='lat' dir='ltr'>iniuriam</span> <span class='ocrx_word' id='word_1_857' title='bbox 1676 1138 1820 1173; x_wconf 79' lang='lat' dir='ltr'>irrogavit.)</span> <span class='ocrx_word' id='word_1_858' title='bbox 1843 1135 1915 1163; x_wconf 90' lang='lat' dir='ltr'><em>Paul.</em></span> 
     </span>
     <span class='ocr_line' id='line_1_89' title="bbox 1078 1179 1915 1217; baseline -0.002 -10"><span class='ocrx_word' id='word_1_859' title='bbox 1078 1181 1107 1208; x_wconf 79' lang='lat' dir='ltr'>V.</span> <span class='ocrx_word' id='word_1_860' title='bbox 1129 1183 1152 1207; x_wconf 92' lang='lat'>4.</span> <span class='ocrx_word' id='word_1_861' title='bbox 1179 1181 1200 1214; x_wconf 90' lang='lat'>5.</span> <span class='ocrx_word' id='word_1_862' title='bbox 1222 1182 1262 1207; x_wconf 76' lang='lat'>10.</span> <span class='ocrx_word' id='word_1_863' title='bbox 1299 1181 1323 1207; x_wconf 88' lang='lat' dir='ltr'><strong>A</strong></span> <span class='ocrx_word' id='word_1_864' title='bbox 1341 1181 1550 1217; x_wconf 73' lang='lat' dir='ltr'>magistratibus,</span> <span class='ocrx_word' id='word_1_865' title='bbox 1574 1180 1752 1217; x_wconf 82' lang='lat' dir='ltr'>pedaneisque</span> <span class='ocrx_word' id='word_1_866' title='bbox 1776 1179 1915 1210; x_wconf 69' lang='lat' dir='ltr'>iudicibus,</span> 
     </span>
     <span class='ocr_line' id='line_1_90' title="bbox 1077 1223 1914 1259; baseline -0.002 -10"><span class='ocrx_word' id='word_1_867' title='bbox 1077 1224 1163 1257; x_wconf 87' lang='lat' dir='ltr'>(dicta</span> <span class='ocrx_word' id='word_1_868' title='bbox 1183 1223 1338 1256; x_wconf 79' lang='lat' dir='ltr'>sententia.)</span> <span class='ocrx_word' id='word_1_869' title='bbox 1368 1223 1416 1250; x_wconf 87' lang='lat' dir='ltr'>Th.</span> <span class='ocrx_word' id='word_1_870' title='bbox 1437 1223 1467 1250; x_wconf 86' lang='lat' dir='ltr'>C.</span> <span class='ocrx_word' id='word_1_871' title='bbox 1487 1223 1529 1250; x_wconf 65' lang='lat' dir='ltr'>XI.</span> <span class='ocrx_word' id='word_1_872' title='bbox 1550 1225 1592 1249; x_wconf 87' lang='lat'>31.</span> <span class='ocrx_word' id='word_1_873' title='bbox 1617 1233 1638 1249; x_wconf 90' lang='lat' dir='ltr'>c.</span> <span class='ocrx_word' id='word_1_874' title='bbox 1657 1225 1681 1249; x_wconf 88' lang='lat'>3.</span> <span class='ocrx_word' id='word_1_875' title='bbox 1702 1223 1734 1249; x_wconf 87' lang='lat' dir='ltr'>de</span> <span class='ocrx_word' id='word_1_876' title='bbox 1752 1233 1836 1259; x_wconf 75' lang='lat' dir='ltr'>repar.</span> <span class='ocrx_word' id='word_1_877' title='bbox 1856 1232 1914 1259; x_wconf 79' lang='lat' dir='ltr'>app.</span> 
     </span>
     <span class='ocr_line' id='line_1_91' title="bbox 1077 1264 1916 1303; baseline -0.004 -10"><span class='ocrx_word' id='word_1_878' title='bbox 1077 1267 1269 1293; x_wconf 71' lang='lat' dir='ltr'>Testimonium</span> <span class='ocrx_word' id='word_1_879' title='bbox 1288 1266 1394 1303; x_wconf 78' lang='lat' dir='ltr'>publice</span> <span class='ocrx_word' id='word_1_880' title='bbox 1413 1266 1512 1298; x_wconf 73' lang='lat' dir='ltr'>dicere,</span> <span class='ocrx_word' id='word_1_881' title='bbox 1537 1271 1581 1292; x_wconf 85' lang='lat' dir='ltr'>aut</span> <span class='ocrx_word' id='word_1_882' title='bbox 1604 1265 1682 1292; x_wconf 75' lang='lat' dir='ltr'>iudex</span> <span class='ocrx_word' id='word_1_883' title='bbox 1705 1275 1776 1297; x_wconf 75' lang='lat' dir='ltr'>csse,</span> <span class='ocrx_word' id='word_1_884' title='bbox 1801 1264 1916 1302; x_wconf 81' lang='lat' dir='ltr'>postula-</span> 
     </span>
     <span class='ocr_line' id='line_1_92' title="bbox 1077 1308 1915 1346; baseline -0.004 -10"><span class='ocrx_word' id='word_1_885' title='bbox 1077 1320 1137 1336; x_wconf 80' lang='lat' dir='ltr'>reve</span> <span class='ocrx_word' id='word_1_886' title='bbox 1161 1309 1304 1346; x_wconf 85' lang='lat' dir='ltr'>prohiberi.</span> <span class='ocrx_word' id='word_1_887' title='bbox 1334 1308 1364 1335; x_wconf 82' lang='lat' dir='ltr'>fr.</span> <span class='ocrx_word' id='word_1_888' title='bbox 1389 1310 1412 1335; x_wconf 85' lang='lat'>6.</span> <span class='ocrx_word' id='word_1_889' title='bbox 1441 1310 1505 1343; x_wconf 90' lang='lat'><em>5.1.</em></span> <span class='ocrx_word' id='word_1_890' title='bbox 1532 1309 1564 1335; x_wconf 85' lang='lat' dir='ltr'>ad</span> <span class='ocrx_word' id='word_1_891' title='bbox 1583 1309 1612 1336; x_wconf 89' lang='lat' dir='ltr'>L.</span> <span class='ocrx_word' id='word_1_892' title='bbox 1637 1309 1684 1335; x_wconf 91' lang='lat' dir='ltr'><em>Inl.</em></span> <span class='ocrx_word' id='word_1_893' title='bbox 1708 1313 1790 1346; x_wconf 84' lang='lat' dir='ltr'>repet.</span> <span class='ocrx_word' id='word_1_894' title='bbox 1814 1309 1854 1334; x_wconf 79' lang='lat'>48.</span> <span class='ocrx_word' id='word_1_895' title='bbox 1876 1309 1915 1333; x_wconf 92' lang='lat' dir='ltr'>ll.</span> 
     </span>
     <span class='ocr_line' id='line_1_93' title="bbox 1077 1349 1915 1389; baseline -0.004 -10"><span class='ocrx_word' id='word_1_896' title='bbox 1077 1353 1116 1379; x_wconf 67' lang='lat' dir='ltr'>Ne</span> <span class='ocrx_word' id='word_1_897' title='bbox 1141 1354 1200 1389; x_wconf 85' lang='lat' dir='ltr'>quis</span> <span class='ocrx_word' id='word_1_898' title='bbox 1229 1352 1262 1378; x_wconf 86' lang='lat' dir='ltr'>ob</span> <span class='ocrx_word' id='word_1_899' title='bbox 1286 1351 1398 1378; x_wconf 85' lang='lat' dir='ltr'>iudicem</span> <span class='ocrx_word' id='word_1_900' title='bbox 1422 1352 1582 1378; x_wconf 67' lang='lat' dir='ltr'>arbitrumve.</span> <span class='ocrx_word' id='word_1_901' title='bbox 1606 1351 1731 1382; x_wconf 81' lang='lat' dir='ltr'>dandum,</span> <span class='ocrx_word' id='word_1_902' title='bbox 1755 1349 1915 1381; x_wconf 67' lang='lat' dir='ltr'>mutandum,</span> 
     </span>
     <span class='ocr_line' id='line_1_94' title="bbox 1076 1393 1915 1432; baseline -0.004 -11"><span class='ocrx_word' id='word_1_903' title='bbox 1076 1395 1251 1422; x_wconf 79' lang='lat' dir='ltr'>iubendumve</span> <span class='ocrx_word' id='word_1_904' title='bbox 1271 1399 1298 1421; x_wconf 89' lang='lat' dir='ltr'>ut</span> <span class='ocrx_word' id='word_1_905' title='bbox 1317 1394 1415 1421; x_wconf 73' lang='lat' dir='ltr'>iudiCet</span> <span class='ocrx_word' id='word_1_906' title='bbox 1434 1394 1545 1431; x_wconf 85' lang='lat' dir='ltr'>(aliquid</span> <span class='ocrx_word' id='word_1_907' title='bbox 1566 1395 1716 1432; x_wconf 79' lang='lat' dir='ltr'>acceperit.)</span> <span class='ocrx_word' id='word_1_908' title='bbox 1737 1393 1766 1420; x_wconf 76' lang='lat' dir='ltr'>fr.</span> <span class='ocrx_word' id='word_1_909' title='bbox 1782 1395 1804 1420; x_wconf 91' lang='lat'>7.</span> <span class='ocrx_word' id='word_1_910' title='bbox 1824 1403 1864 1430; x_wconf 89' lang='lat' dir='ltr'>pr.</span> <span class='ocrx_word' id='word_1_911' title='bbox 1880 1393 1915 1419; x_wconf 88' lang='lat' dir='ltr'>ib.</span> 
     </span>
     <span class='ocr_line' id='line_1_95' title="bbox 1075 1435 1917 1475; baseline -0.004 -11"><span class='ocrx_word' id='word_1_912' title='bbox 1075 1440 1116 1465; x_wconf 67' lang='grc' dir='ltr'>Δ18.</span> <span class='ocrx_word' id='word_1_913' title='bbox 1139 1441 1177 1465; x_wconf 88' lang='grc'>11.</span> <span class='ocrx_word' id='word_1_914' title='bbox 1207 1438 1260 1473; x_wconf 82' lang='lat' dir='ltr'>Qui</span> <span class='ocrx_word' id='word_1_915' title='bbox 1281 1448 1366 1474; x_wconf 82' lang='lat' dir='ltr'>neque</span> <span class='ocrx_word' id='word_1_916' title='bbox 1385 1437 1561 1464; x_wconf 86' lang='lat' dir='ltr'>iurisdictioni</span> <span class='ocrx_word' id='word_1_917' title='bbox 1580 1443 1693 1475; x_wconf 73' lang='lat' dir='ltr'>praeest⁷</span> <span class='ocrx_word' id='word_1_918' title='bbox 1713 1447 1798 1473; x_wconf 85' lang='lat' dir='ltr'>neque</span> <span class='ocrx_word' id='word_1_919' title='bbox 1817 1447 1829 1462; x_wconf 88' lang='lat' dir='ltr'>a</span> <span class='ocrx_word' id='word_1_920' title='bbox 1844 1435 1917 1462; x_wconf 90' lang='lat' dir='ltr'>Prin-</span> 
     </span>
     <span class='ocr_line' id='line_1_96' title="bbox 1076 1479 1916 1519; baseline -0.005 -11"><span class='ocrx_word' id='word_1_921' title='bbox 1076 1483 1134 1519; x_wconf 84' lang='lat' dir='ltr'>cipe</span> <span class='ocrx_word' id='word_1_922' title='bbox 1153 1486 1284 1518; x_wconf 80' lang='lat' dir='ltr'>potestate</span> <span class='ocrx_word' id='word_1_923' title='bbox 1303 1481 1388 1517; x_wconf 87' lang='lat' dir='ltr'>aliqua</span> <span class='ocrx_word' id='word_1_924' title='bbox 1413 1481 1547 1517; x_wconf 79' lang='lat' dir='ltr'>praeditus</span> <span class='ocrx_word' id='word_1_925' title='bbox 1567 1485 1620 1513; x_wconf 84' lang='lat' dir='ltr'>est,</span> <span class='ocrx_word' id='word_1_926' title='bbox 1645 1490 1731 1517; x_wconf 81' lang='lat' dir='ltr'>neque</span> <span class='ocrx_word' id='word_1_927' title='bbox 1751 1480 1782 1505; x_wconf 87' lang='lat' dir='ltr'>ab</span> <span class='ocrx_word' id='word_1_928' title='bbox 1802 1489 1846 1511; x_wconf 83' lang='lat' dir='ltr'>eo,</span> <span class='ocrx_word' id='word_1_929' title='bbox 1871 1479 1916 1515; x_wconf 88' lang='lat' dir='ltr'>qui</span> 
     </span>
     <span class='ocr_line' id='line_1_97' title="bbox 1076 1523 1915 1555; baseline -0.004 -5"><span class='ocrx_word' id='word_1_930' title='bbox 1076 1526 1116 1551; x_wconf 87' lang='lat' dir='ltr'>ius</span> <span class='ocrx_word' id='word_1_931' title='bbox 1136 1524 1281 1550; x_wconf 85' lang='lat' dir='ltr'>dandorum</span> <span class='ocrx_word' id='word_1_932' title='bbox 1302 1524 1415 1550; x_wconf 90' lang='lat' dir='ltr'>iudicum</span> <span class='ocrx_word' id='word_1_933' title='bbox 1435 1523 1526 1555; x_wconf 77' lang='lat' dir='ltr'>habet,</span> <span class='ocrx_word' id='word_1_934' title='bbox 1551 1523 1627 1550; x_wconf 80' lang='lat' dir='ltr'>datus</span> <span class='ocrx_word' id='word_1_935' title='bbox 1648 1528 1700 1554; x_wconf 84' lang='lat' dir='ltr'>est,</span> <span class='ocrx_word' id='word_1_936' title='bbox 1725 1532 1773 1549; x_wconf 88' lang='lat' dir='ltr'>nec</span> <span class='ocrx_word' id='word_1_937' title='bbox 1797 1532 1829 1548; x_wconf 82' lang='lat' dir='ltr'>cx</span> <span class='ocrx_word' id='word_1_938' title='bbox 1848 1531 1915 1548; x_wconf 91' lang='lat' dir='ltr'>com-</span> 
     </span>
     <span class='ocr_line' id='line_1_98' title="bbox 1076 1564 1913 1605; baseline -0.004 -12"><span class='ocrx_word' id='word_1_939' title='bbox 1076 1568 1208 1605; x_wconf 88' lang='lat' dir='ltr'>promisso</span> <span class='ocrx_word' id='word_1_940' title='bbox 1233 1571 1343 1593; x_wconf 85' lang='lat' dir='ltr'>sumtus.</span> <span class='ocrx_word' id='word_1_941' title='bbox 1369 1567 1398 1592; x_wconf 83' lang='lat' dir='ltr'><em>l&#39;r.</em></span> <span class='ocrx_word' id='word_1_942' title='bbox 1418 1568 1458 1592; x_wconf 71' lang='grc'>81.</span> <span class='ocrx_word' id='word_1_943' title='bbox 1479 1566 1510 1593; x_wconf 77' lang='lat' dir='ltr'>cs.</span> <span class='ocrx_word' id='word_1_944' title='bbox 1537 1567 1567 1593; x_wconf 78' lang='lat' dir='ltr'>fr.</span> <span class='ocrx_word' id='word_1_945' title='bbox 1594 1568 1631 1593; x_wconf 84' lang='lat'>12.</span> <span class='ocrx_word' id='word_1_946' title='bbox 1656 1567 1735 1600; x_wconf 90' lang='lat'><em>55.1.</em></span> <span class='ocrx_word' id='word_1_947' title='bbox 1755 1575 1795 1601; x_wconf 86' lang='lat' dir='ltr'>sq.</span> <span class='ocrx_word' id='word_1_948' title='bbox 1819 1564 1849 1591; x_wconf 82' lang='lat' dir='ltr'>fr.</span> <span class='ocrx_word' id='word_1_949' title='bbox 1874 1565 1913 1590; x_wconf 86' lang='lat'>76.</span> 
     </span>
     <span class='ocr_line' id='line_1_99' title="bbox 1076 1606 1914 1646; baseline -0.005 -9"><span class='ocrx_word' id='word_1_950' title='bbox 1076 1611 1108 1637; x_wconf 90' lang='lat' dir='ltr'>de</span> <span class='ocrx_word' id='word_1_951' title='bbox 1132 1610 1210 1636; x_wconf 85' lang='lat' dir='ltr'>indic.</span> <span class='ocrx_word' id='word_1_952' title='bbox 1231 1612 1254 1636; x_wconf 88' lang='grc'>5.</span> <span class='ocrx_word' id='word_1_953' title='bbox 1276 1612 1298 1637; x_wconf 89' lang='lat' dir='ltr'>l.</span> <span class='ocrx_word' id='word_1_954' title='bbox 1323 1620 1344 1636; x_wconf 88' lang='lat' dir='ltr'>c.</span> <span class='ocrx_word' id='word_1_955' title='bbox 1364 1611 1387 1635; x_wconf 92' lang='grc'>5.</span> <span class='ocrx_word' id='word_1_956' title='bbox 1412 1609 1469 1636; x_wconf 79' lang='lat' dir='ltr'><em>eod.</em></span> <span class='ocrx_word' id='word_1_957' title='bbox 1489 1612 1513 1636; x_wconf 89' lang='lat'>3.</span> <span class='ocrx_word' id='word_1_958' title='bbox 1536 1611 1556 1636; x_wconf 89' lang='lat' dir='ltr'>l.</span> <span class='ocrx_word' id='word_1_959' title='bbox 1582 1609 1611 1635; x_wconf 92' lang='lat' dir='ltr'>sr.</span> <span class='ocrx_word' id='word_1_960' title='bbox 1633 1611 1672 1635; x_wconf 83' lang='lat'>15.</span> <span class='ocrx_word' id='word_1_961' title='bbox 1697 1619 1736 1646; x_wconf 89' lang='lat' dir='ltr'>pr.</span> <span class='ocrx_word' id='word_1_962' title='bbox 1760 1608 1793 1634; x_wconf 84' lang='lat' dir='ltr'>de</span> <span class='ocrx_word' id='word_1_963' title='bbox 1814 1617 1842 1633; x_wconf 84' lang='lat' dir='ltr'>re</span> <span class='ocrx_word' id='word_1_964' title='bbox 1861 1606 1914 1633; x_wconf 85' lang='lat' dir='ltr'><em>iud.</em></span> 
     </span>
     <span class='ocr_line' id='line_1_100' title="bbox 1075 1649 1914 1689; baseline -0.004 -10"><span class='ocrx_word' id='word_1_965' title='bbox 1075 1656 1116 1680; x_wconf 76' lang='lat'>42.</span> <span class='ocrx_word' id='word_1_966' title='bbox 1140 1655 1160 1680; x_wconf 95' lang='lat' dir='ltr'>l.</span> <span class='ocrx_word' id='word_1_967' title='bbox 1181 1653 1211 1679; x_wconf 82' lang='lat' dir='ltr'>sr.</span> <span class='ocrx_word' id='word_1_968' title='bbox 1230 1655 1254 1679; x_wconf 83' lang='lat'>2.</span> <span class='ocrx_word' id='word_1_969' title='bbox 1275 1653 1296 1686; x_wconf 89' lang='lat'>5.</span> <span class='ocrx_word' id='word_1_970' title='bbox 1318 1655 1339 1678; x_wconf 95' lang='lat' dir='ltr'>l.</span> <span class='ocrx_word' id='word_1_971' title='bbox 1378 1652 1429 1687; x_wconf 79' lang='lat' dir='ltr'>Qu.</span> <span class='ocrx_word' id='word_1_972' title='bbox 1450 1657 1515 1678; x_wconf 83' lang='lat' dir='ltr'>sent.</span> <span class='ocrx_word' id='word_1_973' title='bbox 1541 1653 1598 1678; x_wconf 88' lang='lat' dir='ltr'>sine</span> <span class='ocrx_word' id='word_1_974' title='bbox 1617 1662 1675 1689; x_wconf 86' lang='lat' dir='ltr'><em>app.</em></span> <span class='ocrx_word' id='word_1_975' title='bbox 1696 1653 1736 1678; x_wconf 83' lang='lat'>49.</span> <span class='ocrx_word' id='word_1_976' title='bbox 1756 1652 1779 1677; x_wconf 72' lang='grc'>8.</span> <span class='ocrx_word' id='word_1_977' title='bbox 1816 1649 1914 1677; x_wconf 77' lang='lat' dir='ltr'>Venire</span> 
     </span>
     <span class='ocr_line' id='line_1_101' title="bbox 1076 1693 1914 1732; baseline -0.006 -9"><span class='ocrx_word' id='word_1_978' title='bbox 1076 1697 1107 1723; x_wconf 85' lang='lat' dir='ltr'>ad</span> <span class='ocrx_word' id='word_1_979' title='bbox 1126 1696 1237 1722; x_wconf 71' lang='lat' dir='ltr'>iudicem</span> <span class='ocrx_word' id='word_1_980' title='bbox 1257 1695 1448 1732; x_wconf 71' lang='lat' dir='ltr'>accipiundum.</span> <span class='ocrx_word' id='word_1_981' title='bbox 1468 1705 1491 1721; x_wconf 79' lang='lat' dir='ltr'>v.</span> <span class='ocrx_word' id='word_1_982' title='bbox 1506 1694 1667 1732; x_wconf 81' lang='lat' dir='ltr'>capiendum.</span> <span class='ocrx_word' id='word_1_983' title='bbox 1689 1694 1745 1721; x_wconf 89' lang='lat' dir='ltr'><em>Gai.</em></span> <span class='ocrx_word' id='word_1_984' title='bbox 1760 1693 1803 1720; x_wconf 85' lang='lat' dir='ltr'>IV.</span> <span class='ocrx_word' id='word_1_985' title='bbox 1818 1695 1857 1719; x_wconf 92' lang='lat'>15.</span> <span class='ocrx_word' id='word_1_986' title='bbox 1874 1694 1914 1719; x_wconf 84' lang='grc'>18.</span> 
     </span>
     <span class='ocr_line' id='line_1_102' title="bbox 1075 1737 1914 1776; baseline -0.002 -11"><span class='ocrx_word' id='word_1_987' title='bbox 1075 1739 1291 1776; x_wconf 73' lang='lat' dir='ltr'>liecuperatoria.</span> <span class='ocrx_word' id='word_1_988' title='bbox 1317 1742 1340 1764; x_wconf 88' lang='lat' dir='ltr'>et</span> <span class='ocrx_word' id='word_1_989' title='bbox 1367 1748 1432 1774; x_wconf 55' lang='lat' dir='ltr'>qua*¹</span> <span class='ocrx_word' id='word_1_990' title='bbox 1451 1738 1499 1763; x_wconf 88' lang='lat' dir='ltr'>sub</span> <span class='ocrx_word' id='word_1_991' title='bbox 1521 1748 1571 1763; x_wconf 91' lang='lat' dir='ltr'>uno</span> <span class='ocrx_word' id='word_1_992' title='bbox 1590 1737 1676 1764; x_wconf 84' lang='lat' dir='ltr'>iudice</span> <span class='ocrx_word' id='word_1_993' title='bbox 1696 1738 1859 1774; x_wconf 83' lang='lat' dir='ltr'>accipiuntur</span> <span class='ocrx_word' id='word_1_994' title='bbox 1878 1737 1914 1762; x_wconf 85' lang='lat' dir='ltr'>iu—</span> 
     </span>
     <span class='ocr_line' id='line_1_103' title="bbox 1075 1779 1914 1812; baseline -0.004 -4"><span class='ocrx_word' id='word_1_995' title='bbox 1075 1782 1150 1808; x_wconf 80' lang='lat' dir='ltr'>dicia.</span> <span class='ocrx_word' id='word_1_996' title='bbox 1182 1781 1216 1807; x_wconf 83' lang='lat' dir='ltr'>lh.</span> <span class='ocrx_word' id='word_1_997' title='bbox 1239 1780 1281 1807; x_wconf 80' lang='lat' dir='ltr'>lv.</span> <span class='ocrx_word' id='word_1_998' title='bbox 1308 1782 1363 1806; x_wconf 90' lang='lat'><em>105.</em></span> <span class='ocrx_word' id='word_1_999' title='bbox 1385 1780 1415 1806; x_wconf 76' lang='lat' dir='ltr'>cf.</span> <span class='ocrx_word' id='word_1_1000' title='bbox 1442 1782 1497 1806; x_wconf 79' lang='lat'><em>104.</em></span> <span class='ocrx_word' id='word_1_1001' title='bbox 1521 1782 1577 1807; x_wconf 88' lang='grc'>109.</span> <span class='ocrx_word' id='word_1_1002' title='bbox 1614 1780 1764 1812; x_wconf 87' lang='lat' dir='ltr'>Pedaneus,</span> <span class='ocrx_word' id='word_1_1003' title='bbox 1784 1796 1816 1799; x_wconf 98' lang='lat'><strong>—</strong></span> <span class='ocrx_word' id='word_1_1004' title='bbox 1836 1779 1914 1806; x_wconf 90' lang='lat' dir='ltr'>Com-</span> 
     </span>
     <span class='ocr_line' id='line_1_104' title="bbox 1074 1822 1912 1861; baseline -0.001 -12"><span class='ocrx_word' id='word_1_1005' title='bbox 1074 1824 1269 1861; x_wconf 82' lang='lat' dir='ltr'>promissarius,</span> <span class='ocrx_word' id='word_1_1006' title='bbox 1290 1823 1376 1850; x_wconf 86' lang='lat' dir='ltr'>iudex.</span> <span class='ocrx_word' id='word_1_1007' title='bbox 1397 1823 1426 1850; x_wconf 80' lang='lat' dir='ltr'>fr.</span> <span class='ocrx_word' id='word_1_1008' title='bbox 1448 1825 1470 1849; x_wconf 92' lang='lat' dir='ltr'>l.</span> <span class='ocrx_word' id='word_1_1009' title='bbox 1491 1824 1511 1857; x_wconf 89' lang='lat'>5.</span> <span class='ocrx_word' id='word_1_1010' title='bbox 1531 1825 1554 1849; x_wconf 85' lang='lat'>6.</span> <span class='ocrx_word' id='word_1_1011' title='bbox 1576 1823 1608 1849; x_wconf 79' lang='lat' dir='ltr'>de</span> <span class='ocrx_word' id='word_1_1012' title='bbox 1626 1823 1762 1860; x_wconf 85' lang='lat' dir='ltr'>postul.3.</span> <span class='ocrx_word' id='word_1_1013' title='bbox 1784 1825 1806 1849; x_wconf 93' lang='lat'>1.</span> <span class='ocrx_word' id='word_1_1014' title='bbox 1827 1822 1857 1849; x_wconf 84' lang='lat' dir='ltr'>fr.</span> <span class='ocrx_word' id='word_1_1015' title='bbox 1871 1824 1912 1848; x_wconf 82' lang='lat'>41.</span> 
     </span>
    </p>
   </div>
   <div class='ocr_carea' id='block_1_17' title="bbox 1051 1865 1914 1903">
    <p class='ocr_par' dir='ltr' id='par_1_21' title="bbox 1051 1865 1914 1903">
     <span class='ocr_line' id='line_1_105' title="bbox 1051 1865 1914 1903; baseline -0.002 -10"><span class='ocrx_word' id='word_1_1016' title='bbox 1051 1867 1052 1874; x_wconf 57' lang='lat'>¹</span> <span class='ocrx_word' id='word_1_1017' title='bbox 1074 1867 1106 1893; x_wconf 85' lang='lat' dir='ltr'>de</span> <span class='ocrx_word' id='word_1_1018' title='bbox 1126 1877 1176 1893; x_wconf 86' lang='lat' dir='ltr'>rec.</span> <span class='ocrx_word' id='word_1_1019' title='bbox 1198 1877 1242 1903; x_wconf 89' lang='lat' dir='ltr'>qu.</span> <span class='ocrx_word' id='word_1_1020' title='bbox 1262 1866 1314 1893; x_wconf 86' lang='lat' dir='ltr'>arb.</span> <span class='ocrx_word' id='word_1_1021' title='bbox 1335 1869 1358 1893; x_wconf 88' lang='lat'>4.</span> <span class='ocrx_word' id='word_1_1022' title='bbox 1379 1870 1402 1893; x_wconf 77' lang='grc'>8.</span> <span class='ocrx_word' id='word_1_1023' title='bbox 1422 1866 1452 1892; x_wconf 84' lang='lat' dir='ltr'>fr.</span> <span class='ocrx_word' id='word_1_1024' title='bbox 1473 1868 1496 1892; x_wconf 82' lang='lat'>4.</span> <span class='ocrx_word' id='word_1_1025' title='bbox 1516 1866 1548 1892; x_wconf 80' lang='lat' dir='ltr'>de</span> <span class='ocrx_word' id='word_1_1026' title='bbox 1567 1870 1646 1892; x_wconf 89' lang='lat' dir='ltr'>tutor.</span> <span class='ocrx_word' id='word_1_1027' title='bbox 1666 1865 1716 1892; x_wconf 86' lang='lat' dir='ltr'>dat.</span> <span class='ocrx_word' id='word_1_1028' title='bbox 1730 1867 1771 1891; x_wconf 90' lang='lat'>26.</span> <span class='ocrx_word' id='word_1_1029' title='bbox 1792 1867 1814 1892; x_wconf 87' lang='lat'>5.</span> <span class='ocrx_word' id='word_1_1030' title='bbox 1844 1865 1914 1901; x_wconf 77' lang='lat' dir='ltr'>Lege</span> 
     </span>
    </p>
   </div>
   <div class='ocr_carea' id='block_1_18' title="bbox 1074 1907 1913 1987">
    <p class='ocr_par' dir='ltr' id='par_1_22' title="bbox 1074 1907 1913 1987">
     <span class='ocr_line' id='line_1_106' title="bbox 1074 1907 1913 1946; baseline -0.002 -10"><span class='ocrx_word' id='word_1_1031' title='bbox 1074 1910 1198 1946; x_wconf 78' lang='lat' dir='ltr'>agebatur</span> <span class='ocrx_word' id='word_1_1032' title='bbox 1217 1925 1248 1928; x_wconf 87' lang='lat'>—</span> <span class='ocrx_word' id='word_1_1033' title='bbox 1268 1920 1315 1946; x_wconf 79' lang='lat' dir='ltr'>per</span> <span class='ocrx_word' id='word_1_1034' title='bbox 1334 1909 1428 1936; x_wconf 86' lang='lat' dir='ltr'>iudicis</span> <span class='ocrx_word' id='word_1_1035' title='bbox 1446 1909 1659 1946; x_wconf 79' lang='lat' dir='ltr'>postulationem.</span> <span class='ocrx_word' id='word_1_1036' title='bbox 1683 1908 1740 1935; x_wconf 79' lang='lat' dir='ltr'><em>Gai.</em></span> <span class='ocrx_word' id='word_1_1037' title='bbox 1759 1907 1802 1935; x_wconf 91' lang='lat' dir='ltr'>IV.</span> <span class='ocrx_word' id='word_1_1038' title='bbox 1818 1910 1858 1935; x_wconf 89' lang='lat'>12.</span> <span class='ocrx_word' id='word_1_1039' title='bbox 1871 1910 1913 1934; x_wconf 78' lang='lat'>2⁰.</span> 
     </span>
     <span class='ocr_line' id='line_1_107' title="bbox 1076 1951 1912 1987; baseline -0.002 -8"><span class='ocrx_word' id='word_1_1040' title='bbox 1076 1953 1155 1979; x_wconf 78' lang='lat' dir='ltr'>ludex</span> <span class='ocrx_word' id='word_1_1041' title='bbox 1179 1954 1248 1979; x_wconf 74' lang='lat' dir='ltr'>esto!</span> <span class='ocrx_word' id='word_1_1042' title='bbox 1277 1952 1305 1978; x_wconf 84' lang='lat' dir='ltr'>Si</span> <span class='ocrx_word' id='word_1_1043' title='bbox 1326 1957 1374 1978; x_wconf 83' lang='lat' dir='ltr'>etc.</span> <span class='ocrx_word' id='word_1_1044' title='bbox 1405 1952 1461 1978; x_wconf 88' lang='lat' dir='ltr'><em>Gai.</em></span> <span class='ocrx_word' id='word_1_1045' title='bbox 1482 1951 1525 1978; x_wconf 92' lang='lat' dir='ltr'>lV.</span> <span class='ocrx_word' id='word_1_1046' title='bbox 1544 1953 1585 1978; x_wconf 87' lang='lat'>34.</span> <span class='ocrx_word' id='word_1_1047' title='bbox 1605 1952 1646 1977; x_wconf 84' lang='lat'>36.</span> <span class='ocrx_word' id='word_1_1048' title='bbox 1667 1961 1705 1987; x_wconf 89' lang='lat' dir='ltr'>sq.</span> <span class='ocrx_word' id='word_1_1049' title='bbox 1726 1953 1767 1978; x_wconf 85' lang='lat'>47.</span> <span class='ocrx_word' id='word_1_1050' title='bbox 1790 1952 1845 1977; x_wconf 86' lang='lat'><em>136.</em></span> <span class='ocrx_word' id='word_1_1051' title='bbox 1882 1951 1912 1977; x_wconf 94' lang='lat' dir='ltr'>L.</span> 
     </span>
    </p>
   </div>
   <div class='ocr_carea' id='block_1_19' title="bbox 1050 1994 1913 2032">
    <p class='ocr_par' dir='ltr' id='par_1_23' title="bbox 1050 1994 1913 2032">
     <span class='ocr_line' id='line_1_108' title="bbox 1050 1994 1913 2032; baseline -0.001 -11"><span class='ocrx_word' id='word_1_1052' title='bbox 1050 1994 1051 1998; x_wconf 45' lang='lat'>¹</span> <span class='ocrx_word' id='word_1_1053' title='bbox 1075 1995 1143 2022; x_wconf 87' lang='lat' dir='ltr'><em>Gall.</em></span> <span class='ocrx_word' id='word_1_1054' title='bbox 1169 1995 1268 2032; x_wconf 82' lang='lat' dir='ltr'>Cisalp.</span> <span class='ocrx_word' id='word_1_1055' title='bbox 1289 1995 1306 2021; x_wconf 94' lang='lat'>1.</span> <span class='ocrx_word' id='word_1_1056' title='bbox 1326 1997 1368 2021; x_wconf 83' lang='lat'>22.</span> <span class='ocrx_word' id='word_1_1057' title='bbox 1388 1997 1429 2022; x_wconf 80' lang='lat'>32.</span> <span class='ocrx_word' id='word_1_1058' title='bbox 1470 1995 1551 2021; x_wconf 74' lang='lat' dir='ltr'>Iudex</span> <span class='ocrx_word' id='word_1_1059' title='bbox 1575 2010 1607 2014; x_wconf 84' lang='lat'><em>-</em></span> <span class='ocrx_word' id='word_1_1060' title='bbox 1632 1994 1788 2026; x_wconf 76' lang='lat' dir='ltr'>condemna,</span> <span class='ocrx_word' id='word_1_1061' title='bbox 1814 1995 1836 2020; x_wconf 93' lang='lat' dir='ltr'>si</span> <span class='ocrx_word' id='word_1_1062' title='bbox 1859 2004 1913 2020; x_wconf 91' lang='lat' dir='ltr'>non</span> 
     </span>
    </p>
   </div>
   <div class='ocr_carea' id='block_1_20' title="bbox 1073 2036 1912 2332">
    <p class='ocr_par' dir='ltr' id='par_1_24' title="bbox 1073 2036 1912 2332">
     <span class='ocr_line' id='line_1_109' title="bbox 1074 2036 1912 2075; baseline -0.001 -12"><span class='ocrx_word' id='word_1_1063' title='bbox 1074 2043 1147 2075; x_wconf 87' lang='lat' dir='ltr'>paret</span> <span class='ocrx_word' id='word_1_1064' title='bbox 1171 2038 1292 2064; x_wconf 78' lang='lat' dir='ltr'>absolve!</span> <span class='ocrx_word' id='word_1_1065' title='bbox 1324 2038 1380 2064; x_wconf 75' lang='lat' dir='ltr'><em>Gai.</em></span> <span class='ocrx_word' id='word_1_1066' title='bbox 1401 2038 1444 2064; x_wconf 88' lang='lat' dir='ltr'>IV.</span> <span class='ocrx_word' id='word_1_1067' title='bbox 1468 2040 1509 2064; x_wconf 73' lang='lat'><em>453.</em></span> <span class='ocrx_word' id='word_1_1068' title='bbox 1534 2040 1574 2064; x_wconf 81' lang='lat'>47.</span> <span class='ocrx_word' id='word_1_1069' title='bbox 1595 2039 1636 2063; x_wconf 87' lang='grc'>50.</span> <span class='ocrx_word' id='word_1_1070' title='bbox 1657 2047 1695 2073; x_wconf 88' lang='lat' dir='ltr'>sq.</span> <span class='ocrx_word' id='word_1_1071' title='bbox 1721 2038 1762 2063; x_wconf 79' lang='lat'>86.</span> <span class='ocrx_word' id='word_1_1072' title='bbox 1793 2036 1822 2063; x_wconf 88' lang='lat' dir='ltr'>L.</span> <span class='ocrx_word' id='word_1_1073' title='bbox 1843 2036 1912 2063; x_wconf 80' lang='lat' dir='ltr'><em>Gall.</em></span> 
     </span>
     <span class='ocr_line' id='line_1_110' title="bbox 1074 2078 1912 2118; baseline -0.002 -11"><span class='ocrx_word' id='word_1_1074' title='bbox 1074 2081 1174 2118; x_wconf 82' lang='lat' dir='ltr'>Cisalp.</span> <span class='ocrx_word' id='word_1_1075' title='bbox 1201 2081 1217 2107; x_wconf 92' lang='grc' dir='ltr'>Ι.</span> <span class='ocrx_word' id='word_1_1076' title='bbox 1237 2083 1278 2107; x_wconf 84' lang='lat'>31.</span> <span class='ocrx_word' id='word_1_1077' title='bbox 1298 2083 1339 2108; x_wconf 78' lang='lat'>40.</span> <span class='ocrx_word' id='word_1_1078' title='bbox 1378 2082 1510 2116; x_wconf 77' lang='lat' dir='ltr'>Quantum</span> <span class='ocrx_word' id='word_1_1079' title='bbox 1530 2080 1673 2107; x_wconf 83' lang='lat' dir='ltr'>adiudicari</span> <span class='ocrx_word' id='word_1_1080' title='bbox 1693 2084 1809 2117; x_wconf 68' lang='lat' dir='ltr'>oportet.</span> <span class='ocrx_word' id='word_1_1081' title='bbox 1834 2078 1912 2105; x_wconf 81' lang='lat' dir='ltr'>iudex</span> 
     </span>
     <span class='ocr_line' id='line_1_111' title="bbox 1074 2123 1912 2159; baseline -0.002 -9"><span class='ocrx_word' id='word_1_1082' title='bbox 1074 2124 1145 2151; x_wconf 86' lang='lat' dir='ltr'>Titio</span> <span class='ocrx_word' id='word_1_1083' title='bbox 1166 2123 1325 2150; x_wconf 77' lang='lat' dir='ltr'>adludicato!</span> <span class='ocrx_word' id='word_1_1084' title='bbox 1346 2124 1402 2150; x_wconf 90' lang='lat' dir='ltr'><em>Gai.</em></span> <span class='ocrx_word' id='word_1_1085' title='bbox 1423 2124 1466 2151; x_wconf 91' lang='lat' dir='ltr'>IV.</span> <span class='ocrx_word' id='word_1_1086' title='bbox 1483 2125 1523 2150; x_wconf 85' lang='lat'>42.</span> <span class='ocrx_word' id='word_1_1087' title='bbox 1553 2123 1625 2150; x_wconf 87' lang='lat' dir='ltr'>Si-</span> <span class='ocrx_word' id='word_1_1088' title='bbox 1641 2123 1720 2149; x_wconf 84' lang='lat' dir='ltr'>iudex</span> <span class='ocrx_word' id='word_1_1089' title='bbox 1738 2132 1779 2148; x_wconf 88' lang='lat' dir='ltr'>me</span> <span class='ocrx_word' id='word_1_1090' title='bbox 1798 2123 1912 2159; x_wconf 87' lang='lat' dir='ltr'>priorem</span> 
     </span>
     <span class='ocr_line' id='line_1_112' title="bbox 1074 2166 1911 2202; baseline -0.004 -9"><span class='ocrx_word' id='word_1_1091' title='bbox 1074 2167 1121 2193; x_wconf 88' lang='lat' dir='ltr'>tibi</span> <span class='ocrx_word' id='word_1_1092' title='bbox 1141 2167 1332 2193; x_wconf 84' lang='lat' dir='ltr'>condemnavit.</span> <span class='ocrx_word' id='word_1_1093' title='bbox 1357 2166 1387 2193; x_wconf 78' lang='lat' dir='ltr'>I&#39;r.</span> <span class='ocrx_word' id='word_1_1094' title='bbox 1408 2169 1430 2193; x_wconf 95' lang='lat'>1.</span> <span class='ocrx_word' id='word_1_1095' title='bbox 1451 2167 1472 2200; x_wconf 92' lang='lat'>5</span> <span class='ocrx_word' id='word_1_1096' title='bbox 1492 2169 1515 2192; x_wconf 86' lang='lat'>4.</span> <span class='ocrx_word' id='word_1_1097' title='bbox 1554 2167 1604 2202; x_wconf 85' lang='lat' dir='ltr'>Qu.</span> <span class='ocrx_word' id='word_1_1098' title='bbox 1625 2171 1690 2192; x_wconf 82' lang='lat' dir='ltr'>sent.</span> <span class='ocrx_word' id='word_1_1099' title='bbox 1715 2166 1772 2191; x_wconf 86' lang='lat' dir='ltr'>sine</span> <span class='ocrx_word' id='word_1_1100' title='bbox 1792 2175 1850 2201; x_wconf 84' lang='lat' dir='ltr'>app.</span> <span class='ocrx_word' id='word_1_1101' title='bbox 1870 2166 1911 2190; x_wconf 87' lang='lat'>49.</span> 
     </span>
     <span class='ocr_line' id='line_1_113' title="bbox 1073 2208 1910 2245; baseline -0.005 -9"><span class='ocrx_word' id='word_1_1102' title='bbox 1073 2214 1096 2236; x_wconf 68' lang='grc' dir='ltr'>ὅ.</span> <span class='ocrx_word' id='word_1_1103' title='bbox 1117 2210 1148 2236; x_wconf 82' lang='lat' dir='ltr'>cf.</span> <span class='ocrx_word' id='word_1_1104' title='bbox 1179 2209 1234 2236; x_wconf 72' lang='lat' dir='ltr'><em>Gai.</em></span> <span class='ocrx_word' id='word_1_1105' title='bbox 1256 2209 1299 2236; x_wconf 85' lang='lat' dir='ltr'>IV.</span> <span class='ocrx_word' id='word_1_1106' title='bbox 1324 2211 1381 2236; x_wconf 89' lang='lat'><em>119.</em></span> <span class='ocrx_word' id='word_1_1107' title='bbox 1424 2209 1492 2236; x_wconf 85' lang='lat' dir='ltr'>Cum</span> <span class='ocrx_word' id='word_1_1108' title='bbox 1516 2208 1595 2235; x_wconf 78' lang='lat' dir='ltr'>iudex</span> <span class='ocrx_word' id='word_1_1109' title='bbox 1619 2208 1645 2234; x_wconf 92' lang='lat' dir='ltr'>id</span> <span class='ocrx_word' id='word_1_1110' title='bbox 1670 2208 1858 2245; x_wconf 76' lang='lat' dir='ltr'>exploraverit.</span> <span class='ocrx_word' id='word_1_1111' title='bbox 1886 2212 1910 2232; x_wconf 82' lang='lat' dir='ltr'>et</span> 
     </span>
     <span class='ocr_line' id='line_1_114' title="bbox 1074 2249 1909 2280; baseline -0.005 -1"><span class='ocrx_word' id='word_1_1112' title='bbox 1074 2253 1140 2280; x_wconf 82' lang='lat' dir='ltr'>sorte</span> <span class='ocrx_word' id='word_1_1113' title='bbox 1160 2252 1304 2279; x_wconf 79' lang='lat' dir='ltr'>secundum</span> <span class='ocrx_word' id='word_1_1114' title='bbox 1323 2263 1363 2279; x_wconf 86' lang='lat' dir='ltr'>me</span> <span class='ocrx_word' id='word_1_1115' title='bbox 1383 2252 1524 2278; x_wconf 69' lang='lat' dir='ltr'>iudicatum</span> <span class='ocrx_word' id='word_1_1116' title='bbox 1543 2252 1584 2278; x_wconf 73' lang='lat' dir='ltr'>sit.</span> <span class='ocrx_word' id='word_1_1117' title='bbox 1606 2251 1643 2278; x_wconf 90' lang='lat' dir='ltr'>Ib.</span> <span class='ocrx_word' id='word_1_1118' title='bbox 1663 2251 1706 2278; x_wconf 85' lang='lat' dir='ltr'>IV.</span> <span class='ocrx_word' id='word_1_1119' title='bbox 1728 2252 1784 2277; x_wconf 73' lang='lat'><em>166.</em></span> <span class='ocrx_word' id='word_1_1120' title='bbox 1820 2249 1909 2276; x_wconf 68' lang='lat' dir='ltr'><em>Iudex.</em></span> 
     </span>
     <span class='ocr_line' id='line_1_115' title="bbox 1074 2293 1910 2332; baseline -0.006 -10"><span class='ocrx_word' id='word_1_1121' title='bbox 1074 2297 1118 2332; x_wconf 87' lang='lat' dir='ltr'>qui</span> <span class='ocrx_word' id='word_1_1122' title='bbox 1142 2295 1299 2332; x_wconf 85' lang='lat' dir='ltr'>quandoque</span> <span class='ocrx_word' id='word_1_1123' title='bbox 1325 2300 1473 2331; x_wconf 76' lang='lat' dir='ltr'>cognoscet,</span> <span class='ocrx_word' id='word_1_1124' title='bbox 1500 2295 1650 2328; x_wconf 81' lang='lat' dir='ltr'>(decretum</span> <span class='ocrx_word' id='word_1_1125' title='bbox 1669 2293 1800 2320; x_wconf 81' lang='lat' dir='ltr'>Praetoris</span> <span class='ocrx_word' id='word_1_1126' title='bbox 1820 2302 1910 2328; x_wconf 85' lang='lat' dir='ltr'>seque-</span> 
     </span>
    </p>
   </div>
   <div class='ocr_carea' id='block_1_21' title="bbox 189 2336 1909 2412">
    <p class='ocr_par' dir='ltr' id='par_1_25' title="bbox 189 2336 1909 2414">
     <span class='ocr_line' id='line_1_116' title="bbox 1049 2336 1909 2374; baseline -0.006 -9"><span class='ocrx_word' id='word_1_1127' title='bbox 1049 2344 1051 2357; x_wconf 63' lang='lat' dir='ltr'>ss</span> <span class='ocrx_word' id='word_1_1128' title='bbox 1074 2341 1136 2371; x_wconf 86' lang='lat' dir='ltr'>tur.)</span> <span class='ocrx_word' id='word_1_1129' title='bbox 1157 2339 1186 2365; x_wconf 84' lang='lat' dir='ltr'><em>l&#39;r.</em></span> <span class='ocrx_word' id='word_1_1130' title='bbox 1208 2340 1230 2364; x_wconf 86' lang='lat'>7.</span> <span class='ocrx_word' id='word_1_1131' title='bbox 1250 2339 1272 2372; x_wconf 87' lang='lat'>5.</span> <span class='ocrx_word' id='word_1_1132' title='bbox 1293 2341 1315 2364; x_wconf 74' lang='lat'>7.</span> <span class='ocrx_word' id='word_1_1133' title='bbox 1337 2338 1368 2364; x_wconf 84' lang='lat' dir='ltr'>de</span> <span class='ocrx_word' id='word_1_1134' title='bbox 1387 2338 1453 2364; x_wconf 85' lang='lat' dir='ltr'><em>adm.</em></span> <span class='ocrx_word' id='word_1_1135' title='bbox 1474 2343 1499 2364; x_wconf 84' lang='lat' dir='ltr'>ct</span> <span class='ocrx_word' id='word_1_1136' title='bbox 1518 2348 1573 2374; x_wconf 91' lang='lat' dir='ltr'>per.</span> <span class='ocrx_word' id='word_1_1137' title='bbox 1586 2338 1626 2364; x_wconf 85' lang='lat'>26.</span> <span class='ocrx_word' id='word_1_1138' title='bbox 1647 2339 1669 2364; x_wconf 88' lang='lat'>7.</span> <span class='ocrx_word' id='word_1_1139' title='bbox 1706 2336 1795 2367; x_wconf 78' lang='lat' dir='ltr'>Iudex,</span> <span class='ocrx_word' id='word_1_1140' title='bbox 1815 2336 1858 2371; x_wconf 91' lang='lat' dir='ltr'>qui</span> <span class='ocrx_word' id='word_1_1141' title='bbox 1878 2344 1909 2361; x_wconf 82' lang='lat' dir='ltr'>ex</span> 
     </span>
     <span class='ocr_line' id='line_1_117' title="bbox 189 2375 1027 2412; baseline 0.005 -9"><span class='ocrx_word' id='word_1_1142' title='bbox 189 2376 301 2403; x_wconf 78' lang='lat' dir='ltr'>iudicem</span> <span class='ocrx_word' id='word_1_1143' title='bbox 326 2375 439 2412; x_wconf 83' lang='lat' dir='ltr'>pulsare.</span> <span class='ocrx_word' id='word_1_1144' title='bbox 476 2378 525 2405; x_wconf 82' lang='lat' dir='ltr'>Th.</span> <span class='ocrx_word' id='word_1_1145' title='bbox 546 2379 576 2405; x_wconf 90' lang='lat' dir='ltr'>C.</span> <span class='ocrx_word' id='word_1_1146' title='bbox 596 2380 665 2406; x_wconf 75' lang='lat' dir='ltr'><em>XIII.</em></span> <span class='ocrx_word' id='word_1_1147' title='bbox 692 2382 731 2406; x_wconf 92' lang='grc'>10.</span> <span class='ocrx_word' id='word_1_1148' title='bbox 756 2390 777 2406; x_wconf 80' lang='lat' dir='ltr'>c.</span> <span class='ocrx_word' id='word_1_1149' title='bbox 797 2383 820 2406; x_wconf 89' lang='lat'>5.</span> <span class='ocrx_word' id='word_1_1150' title='bbox 846 2380 878 2406; x_wconf 78' lang='lat' dir='ltr'>de</span> <span class='ocrx_word' id='word_1_1151' title='bbox 903 2391 982 2407; x_wconf 85' lang='lat' dir='ltr'>censu</span> <span class='ocrx_word' id='word_1_1152' title='bbox 1007 2392 1027 2407; x_wconf 91' lang='lat' dir='ltr'>s.</span> 
     </span>
    </p>
   </div>
   <div class='ocr_carea' id='block_1_22' title="bbox 1072 2377 1909 2632">
    <p class='ocr_par' dir='ltr' id='par_1_26' title="bbox 1072 2377 1909 2632">
     <span class='ocr_line' id='line_1_118' title="bbox 1073 2377 1909 2417; baseline -0.005 -10"><span class='ocrx_word' id='word_1_1153' title='bbox 1073 2381 1120 2408; x_wconf 87' lang='lat' dir='ltr'>hac</span> <span class='ocrx_word' id='word_1_1154' title='bbox 1141 2382 1243 2408; x_wconf 84' lang='lat' dir='ltr'>actione</span> <span class='ocrx_word' id='word_1_1155' title='bbox 1264 2382 1405 2417; x_wconf 73' lang='lat' dir='ltr'>cognoscit.</span> <span class='ocrx_word' id='word_1_1156' title='bbox 1427 2381 1495 2407; x_wconf 60' lang='grc'>11.-1,</span> <span class='ocrx_word' id='word_1_1157' title='bbox 1515 2381 1536 2414; x_wconf 89' lang='lat'>5.</span> <span class='ocrx_word' id='word_1_1158' title='bbox 1557 2383 1579 2406; x_wconf 95' lang='lat' dir='ltr'>l.</span> <span class='ocrx_word' id='word_1_1159' title='bbox 1600 2380 1632 2407; x_wconf 90' lang='lat' dir='ltr'>de</span> <span class='ocrx_word' id='word_1_1160' title='bbox 1651 2390 1681 2406; x_wconf 81' lang='lat' dir='ltr'>eo</span> <span class='ocrx_word' id='word_1_1161' title='bbox 1701 2389 1743 2415; x_wconf 89' lang='lat' dir='ltr'>qu.</span> <span class='ocrx_word' id='word_1_1162' title='bbox 1764 2388 1784 2404; x_wconf 88' lang='lat' dir='ltr'>c.</span> <span class='ocrx_word' id='word_1_1163' title='bbox 1804 2377 1853 2403; x_wconf 71' lang='lat' dir='ltr'>loe.</span> <span class='ocrx_word' id='word_1_1164' title='bbox 1869 2379 1909 2404; x_wconf 85' lang='lat'>13.</span> 
     </span>
     <span class='ocr_line' id='line_1_119' title="bbox 1072 2420 1908 2460; baseline -0.006 -9"><span class='ocrx_word' id='word_1_1165' title='bbox 1072 2428 1096 2451; x_wconf 83' lang='lat'>4.</span> <span class='ocrx_word' id='word_1_1166' title='bbox 1134 2424 1215 2451; x_wconf 79' lang='lat' dir='ltr'>Iudex</span> <span class='ocrx_word' id='word_1_1167' title='bbox 1240 2425 1358 2450; x_wconf 85' lang='lat' dir='ltr'>actionis.</span> <span class='ocrx_word' id='word_1_1168' title='bbox 1388 2424 1417 2450; x_wconf 88' lang='lat' dir='ltr'>fr.</span> <span class='ocrx_word' id='word_1_1169' title='bbox 1437 2425 1461 2450; x_wconf 80' lang='lat'>3.</span> <span class='ocrx_word' id='word_1_1170' title='bbox 1485 2434 1524 2460; x_wconf 89' lang='lat' dir='ltr'>pr.</span> <span class='ocrx_word' id='word_1_1171' title='bbox 1549 2423 1581 2450; x_wconf 85' lang='lat' dir='ltr'>de</span> <span class='ocrx_word' id='word_1_1172' title='bbox 1605 2424 1704 2460; x_wconf 76' lang='lat' dir='ltr'>pigner.</span> <span class='ocrx_word' id='word_1_1173' title='bbox 1728 2423 1769 2446; x_wconf 82' lang='lat'>20.</span> <span class='ocrx_word' id='word_1_1174' title='bbox 1795 2422 1816 2446; x_wconf 93' lang='lat' dir='ltr'>l.</span> <span class='ocrx_word' id='word_1_1175' title='bbox 1854 2420 1908 2447; x_wconf 88' lang='lat' dir='ltr'><em>Iud.</em></span> 
     </span>
     <span class='ocr_line' id='line_1_120' title="bbox 1073 2464 1909 2500; baseline -0.005 -7"><span class='ocrx_word' id='word_1_1176' title='bbox 1073 2467 1162 2493; x_wconf 90' lang='lat' dir='ltr'>iudicii</span> <span class='ocrx_word' id='word_1_1177' title='bbox 1182 2467 1206 2493; x_wconf 82' lang='lat' dir='ltr'>l).</span> <span class='ocrx_word' id='word_1_1178' title='bbox 1227 2466 1243 2493; x_wconf 86' lang='lat' dir='ltr'>f.</span> <span class='ocrx_word' id='word_1_1179' title='bbox 1268 2466 1298 2492; x_wconf 82' lang='lat' dir='ltr'>sr.</span> <span class='ocrx_word' id='word_1_1180' title='bbox 1320 2469 1342 2493; x_wconf 98' lang='lat'>1.</span> <span class='ocrx_word' id='word_1_1181' title='bbox 1367 2467 1388 2500; x_wconf 92' lang='lat'>5.</span> <span class='ocrx_word' id='word_1_1182' title='bbox 1408 2468 1432 2492; x_wconf 86' lang='lat'>2.</span> <span class='ocrx_word' id='word_1_1183' title='bbox 1456 2466 1489 2492; x_wconf 84' lang='lat' dir='ltr'>de</span> <span class='ocrx_word' id='word_1_1184' title='bbox 1507 2477 1577 2493; x_wconf 86' lang='lat' dir='ltr'>usur.</span> <span class='ocrx_word' id='word_1_1185' title='bbox 1597 2468 1639 2491; x_wconf 85' lang='lat'>22.</span> <span class='ocrx_word' id='word_1_1186' title='bbox 1660 2467 1681 2491; x_wconf 87' lang='lat'>1.</span> <span class='ocrx_word' id='word_1_1187' title='bbox 1718 2464 1854 2490; x_wconf 86' lang='lat' dir='ltr'>Arbitratu</span> <span class='ocrx_word' id='word_1_1188' title='bbox 1872 2464 1909 2490; x_wconf 92' lang='lat' dir='ltr'>iu-</span> 
     </span>
     <span class='ocr_line' id='line_1_121' title="bbox 1073 2506 1907 2546; baseline -0.005 -10"><span class='ocrx_word' id='word_1_1189' title='bbox 1073 2510 1148 2541; x_wconf 79' lang='lat' dir='ltr'>dicis,</span> <span class='ocrx_word' id='word_1_1190' title='bbox 1168 2511 1258 2546; x_wconf 87' lang='lat' dir='ltr'>ntique</span> <span class='ocrx_word' id='word_1_1191' title='bbox 1278 2510 1352 2545; x_wconf 82' lang='lat' dir='ltr'>quasi</span> <span class='ocrx_word' id='word_1_1192' title='bbox 1371 2510 1421 2535; x_wconf 75' lang='lat' dir='ltr'>viri</span> <span class='ocrx_word' id='word_1_1193' title='bbox 1438 2509 1509 2535; x_wconf 83' lang='lat' dir='ltr'>boni.</span> <span class='ocrx_word' id='word_1_1194' title='bbox 1530 2509 1558 2535; x_wconf 78' lang='lat' dir='ltr'><em>I&#39;r.</em></span> <span class='ocrx_word' id='word_1_1195' title='bbox 1580 2510 1617 2534; x_wconf 86' lang='lat'>17.</span> <span class='ocrx_word' id='word_1_1196' title='bbox 1638 2508 1658 2541; x_wconf 88' lang='lat'>5.</span> <span class='ocrx_word' id='word_1_1197' title='bbox 1676 2509 1699 2532; x_wconf 86' lang='lat'>5.</span> <span class='ocrx_word' id='word_1_1198' title='bbox 1720 2506 1751 2533; x_wconf 85' lang='lat' dir='ltr'>(le</span> <span class='ocrx_word' id='word_1_1199' title='bbox 1771 2508 1847 2533; x_wconf 88' lang='lat' dir='ltr'>iniur.</span> <span class='ocrx_word' id='word_1_1200' title='bbox 1866 2508 1907 2533; x_wconf 83' lang='lat'>47.</span> 
     </span>
     <span class='ocr_line' id='line_1_122' title="bbox 1074 2549 1907 2585; baseline -0.004 -7"><span class='ocrx_word' id='word_1_1201' title='bbox 1074 2555 1113 2579; x_wconf 89' lang='lat'>10.</span> <span class='ocrx_word' id='word_1_1202' title='bbox 1133 2552 1165 2578; x_wconf 72' lang='lat' dir='ltr'><em>cI&#39;.</em></span> <span class='ocrx_word' id='word_1_1203' title='bbox 1185 2552 1215 2578; x_wconf 83' lang='lat' dir='ltr'>fr.</span> <span class='ocrx_word' id='word_1_1204' title='bbox 1234 2554 1258 2578; x_wconf 86' lang='lat'>3.</span> <span class='ocrx_word' id='word_1_1205' title='bbox 1279 2553 1300 2585; x_wconf 88' lang='lat'>5.</span> <span class='ocrx_word' id='word_1_1206' title='bbox 1320 2553 1344 2578; x_wconf 89' lang='lat'>3.</span> <span class='ocrx_word' id='word_1_1207' title='bbox 1364 2552 1492 2578; x_wconf 75' lang='lat' dir='ltr'>commod.</span> <span class='ocrx_word' id='word_1_1208' title='bbox 1513 2553 1551 2577; x_wconf 78' lang='lat'>13.</span> <span class='ocrx_word' id='word_1_1209' title='bbox 1572 2553 1594 2577; x_wconf 90' lang='lat'>6.</span> <span class='ocrx_word' id='word_1_1210' title='bbox 1615 2550 1645 2576; x_wconf 88' lang='lat' dir='ltr'>fr.</span> <span class='ocrx_word' id='word_1_1211' title='bbox 1666 2551 1722 2576; x_wconf 79' lang='lat'><em>137.</em></span> <span class='ocrx_word' id='word_1_1212' title='bbox 1742 2550 1763 2583; x_wconf 97' lang='lat'>5.</span> <span class='ocrx_word' id='word_1_1213' title='bbox 1783 2551 1807 2576; x_wconf 76' lang='lat'>2.</span> <span class='ocrx_word' id='word_1_1214' title='bbox 1827 2549 1859 2576; x_wconf 87' lang='lat' dir='ltr'>de</span> <span class='ocrx_word' id='word_1_1215' title='bbox 1875 2549 1907 2576; x_wconf 90' lang='lat' dir='ltr'>V.</span> 
     </span>
     <span class='ocr_line' id='line_1_123' title="bbox 1073 2592 1908 2632; baseline -0.005 -11"><span class='ocrx_word' id='word_1_1216' title='bbox 1073 2596 1105 2622; x_wconf 86' lang='grc' dir='ltr'>Ο.</span> <span class='ocrx_word' id='word_1_1217' title='bbox 1125 2597 1167 2621; x_wconf 88' lang='lat'>45.</span> <span class='ocrx_word' id='word_1_1218' title='bbox 1190 2597 1210 2621; x_wconf 94' lang='lat' dir='ltr'>l.</span> <span class='ocrx_word' id='word_1_1219' title='bbox 1247 2595 1342 2626; x_wconf 76' lang='lat' dir='ltr'>Iudex,</span> <span class='ocrx_word' id='word_1_1220' title='bbox 1367 2596 1410 2632; x_wconf 88' lang='lat' dir='ltr'>qui</span> <span class='ocrx_word' id='word_1_1221' title='bbox 1429 2595 1596 2632; x_wconf 76' lang='lat' dir='ltr'>pronunciat,</span> <span class='ocrx_word' id='word_1_1222' title='bbox 1620 2603 1644 2618; x_wconf 88' lang='lat' dir='ltr'>v.</span> <span class='ocrx_word' id='word_1_1223' title='bbox 1664 2593 1809 2619; x_wconf 85' lang='lat' dir='ltr'>constituit.</span> <span class='ocrx_word' id='word_1_1224' title='bbox 1845 2592 1908 2619; x_wconf 87' lang='lat' dir='ltr'>Sen-</span> 
     </span>
    </p>
   </div>
   <div class='ocr_carea' id='block_1_23' title="bbox 1072 2635 1906 2715">
    <p class='ocr_par' dir='ltr' id='par_1_27' title="bbox 1072 2635 1906 2715">
     <span class='ocr_line' id='line_1_124' title="bbox 1072 2635 1906 2672; baseline -0.004 -8"><span class='ocrx_word' id='word_1_1225' title='bbox 1072 2640 1152 2664; x_wconf 82' lang='lat' dir='ltr'>tentia</span> <span class='ocrx_word' id='word_1_1226' title='bbox 1173 2638 1275 2664; x_wconf 66' lang='lat' dir='ltr'>iudicis</span> <span class='ocrx_word' id='word_1_1227' title='bbox 1301 2637 1374 2664; x_wconf 86' lang='lat' dir='ltr'><em>Paul.</em></span> <span class='ocrx_word' id='word_1_1228' title='bbox 1394 2638 1425 2664; x_wconf 92' lang='lat' dir='ltr'>V.</span> <span class='ocrx_word' id='word_1_1229' title='bbox 1445 2639 1485 2663; x_wconf 82' lang='lat'>25.</span> <span class='ocrx_word' id='word_1_1230' title='bbox 1510 2637 1544 2670; x_wconf 86' lang='lat'>55</span> <span class='ocrx_word' id='word_1_1231' title='bbox 1565 2637 1589 2661; x_wconf 85' lang='lat'>2.</span> <span class='ocrx_word' id='word_1_1232' title='bbox 1609 2637 1632 2661; x_wconf 90' lang='grc'>4.</span> <span class='ocrx_word' id='word_1_1233' title='bbox 1657 2635 1686 2661; x_wconf 87' lang='lat' dir='ltr'>fr.</span> <span class='ocrx_word' id='word_1_1234' title='bbox 1708 2637 1747 2662; x_wconf 84' lang='grc'>10.</span> <span class='ocrx_word' id='word_1_1235' title='bbox 1767 2635 1799 2661; x_wconf 86' lang='lat' dir='ltr'>de</span> <span class='ocrx_word' id='word_1_1236' title='bbox 1818 2635 1842 2661; x_wconf 90' lang='lat' dir='ltr'>h.</span> <span class='ocrx_word' id='word_1_1237' title='bbox 1864 2645 1906 2672; x_wconf 90' lang='lat' dir='ltr'>qu.</span> 
     </span>
     <span class='ocr_line' id='line_1_125' title="bbox 1073 2676 1905 2715; baseline -0.004 -9"><span class='ocrx_word' id='word_1_1238' title='bbox 1073 2683 1120 2707; x_wconf 91' lang='lat' dir='ltr'>sui.</span> <span class='ocrx_word' id='word_1_1239' title='bbox 1143 2683 1163 2708; x_wconf 96' lang='lat'>1.</span> <span class='ocrx_word' id='word_1_1240' title='bbox 1184 2682 1208 2706; x_wconf 86' lang='lat'>6.</span> <span class='ocrx_word' id='word_1_1241' title='bbox 1232 2680 1262 2707; x_wconf 76' lang='lat' dir='ltr'>fr.</span> <span class='ocrx_word' id='word_1_1242' title='bbox 1281 2682 1322 2707; x_wconf 85' lang='lat'>38.</span> <span class='ocrx_word' id='word_1_1243' title='bbox 1344 2680 1376 2706; x_wconf 79' lang='lat' dir='ltr'>de</span> <span class='ocrx_word' id='word_1_1244' title='bbox 1394 2680 1424 2705; x_wconf 79' lang='lat' dir='ltr'>R.</span> <span class='ocrx_word' id='word_1_1245' title='bbox 1445 2678 1474 2704; x_wconf 73' lang='lat' dir='ltr'>V.</span> <span class='ocrx_word' id='word_1_1246' title='bbox 1496 2680 1518 2704; x_wconf 88' lang='lat'>6.</span> <span class='ocrx_word' id='word_1_1247' title='bbox 1540 2679 1561 2703; x_wconf 95' lang='grc'>1.</span> <span class='ocrx_word' id='word_1_1248' title='bbox 1594 2676 1624 2704; x_wconf 71' lang='grc'>1“1’.</span> <span class='ocrx_word' id='word_1_1249' title='bbox 1645 2680 1668 2704; x_wconf 89' lang='grc'>5.</span> <span class='ocrx_word' id='word_1_1250' title='bbox 1688 2688 1725 2715; x_wconf 84' lang='lat' dir='ltr'>pr.</span> <span class='ocrx_word' id='word_1_1251' title='bbox 1746 2678 1778 2704; x_wconf 86' lang='lat' dir='ltr'>de</span> <span class='ocrx_word' id='word_1_1252' title='bbox 1798 2678 1905 2705; x_wconf 77' lang='lat' dir='ltr'>calnmn.</span> 
     </span>
    </p>
   </div>
   <div class='ocr_carea' id='block_1_24' title="bbox 1070 2763 1905 2845">
    <p class='ocr_par' dir='ltr' id='par_1_28' title="bbox 1070 2763 1905 2845">
     <span class='ocr_line' id='line_1_126' title="bbox 1070 2763 1905 2800; baseline -0.006 -8"><span class='ocrx_word' id='word_1_1253' title='bbox 1070 2773 1140 2793; x_wconf 75' lang='lat' dir='ltr'>clus</span> <span class='ocrx_word' id='word_1_1254' title='bbox 1159 2772 1217 2798; x_wconf 83' lang='lat' dir='ltr'>est,</span> <span class='ocrx_word' id='word_1_1255' title='bbox 1244 2769 1276 2793; x_wconf 84' lang='lat' dir='ltr'>in</span> <span class='ocrx_word' id='word_1_1256' title='bbox 1293 2767 1422 2799; x_wconf 80' lang='lat' dir='ltr'>publico</span> <span class='ocrx_word' id='word_1_1257' title='bbox 1447 2765 1580 2790; x_wconf 74' lang='lat' dir='ltr'><em>iudicio.</em></span> <span class='ocrx_word' id='word_1_1258' title='bbox 1618 2763 1635 2789; x_wconf 91' lang='lat' dir='ltr'>I.</span> <span class='ocrx_word' id='word_1_1259' title='bbox 1660 2765 1721 2798; x_wconf 78' lang='lat' dir='ltr'>Sy.</span> <span class='ocrx_word' id='word_1_1260' title='bbox 1754 2764 1807 2800; x_wconf 82' lang='lat' dir='ltr'>Qui</span> <span class='ocrx_word' id='word_1_1261' title='bbox 1830 2764 1905 2799; x_wconf 71' lang='lat' dir='ltr'>magi-</span> 
     </span>
     <span class='ocr_line' id='line_1_127' title="bbox 1071 2806 1902 2845; baseline -0.007 -9"><span class='ocrx_word' id='word_1_1262' title='bbox 1071 2814 1169 2836; x_wconf 87' lang='lat' dir='ltr'>stratus</span> <span class='ocrx_word' id='word_1_1263' title='bbox 1188 2814 1267 2841; x_wconf 86' lang='lat' dir='ltr'>esset,</span> <span class='ocrx_word' id='word_1_1264' title='bbox 1287 2807 1426 2845; x_wconf 78' lang='lat' dir='ltr'>publicove</span> <span class='ocrx_word' id='word_1_1265' title='bbox 1446 2806 1542 2833; x_wconf 90' lang='lat' dir='ltr'>iudicio</span> <span class='ocrx_word' id='word_1_1266' title='bbox 1561 2812 1701 2844; x_wconf 81' lang='lat' dir='ltr'>praeesset.</span> <span class='ocrx_word' id='word_1_1267' title='bbox 1730 2807 1902 2843; x_wconf 75' lang='lat' dir='ltr'>Magistratus.</span> 
     </span>
    </p>
   </div>
  </div>
 </body>
</html>
