2197 3121
998 151 1083 182 IMP.

181 239 244 266 lion.
264 239 305 264 47.
324 239 367 264 ⁵20.
404 236 643 264 mathematicorum
657 234 750 261 callida
763 235 915 272 impostura,
935 238 961 260 et
973 232 1017 260 ob-

181 283 277 308 stinata
295 282 441 318 persuasio.
462 279 530 306 Coll.
550 278 602 305 LL.
621 277 654 304 M.
675 277 733 304 XV.
753 280 776 303 2.

199 322 466 357 'Impotenten
504 322 623 355 (Advb.)
662 322 902 347 Intervenienee
920 321 1018 345 abusu

180 369 357 401 potentiae.
394 367 593 393 Libidinose.
618 363 637 390 1.
661 365 722 397 Sy.
742 363 770 389 Si
790 364 848 400 quis
868 366 919 388 tam
937 363 1018 398 impo-

182 414 269 436 tenter
287 420 316 435 se
335 414 415 445 gerat,
434 413 462 435 ut
482 413 529 434 etc.
567 407 596 434 Si
615 417 661 444 per
680 407 823 443 potentiam
843 406 898 431 eius
918 409 966 431 etc.
987 404 1017 430 fr.

183 454 208 479 9.
228 452 250 486 ξ
270 454 293 479 5.
314 452 346 478 de
365 452 408 478 oss.
428 451 503 478 Proc.
524 455 549 476 et
567 449 628 486 Leg.
650 451 670 475 l.
692 450 732 475 16.

218 495 464 528 Impotentia.
502 495 637 522 Libido.
663 492 850 519 Temeritas.
888 490 930 516 ΙΙΙ.
951 491 1017 518 Cn.

183 537 297 573 Quando
317 537 495 575 improborum
514 536 666 572 impotentia
687 535 780 561 factum
794 538 842 565 est,
861 537 889 559 ut
902 538 950 559 etc.
968 532 1017 559 Th.

182 579 215 606 C.
236 580 267 606 V.
290 581 328 606 13.
350 590 370 606 c.
390 581 431 606 33.
452 579 565 613 (ch.)
602 578 655 613 Qui
680 588 726 615 per
744 577 924 614 impotentiam
942 586 1018 603 occu-

182 627 279 659 parunt
298 622 427 655 (fundos.)
446 622 483 648 Ib.
503 621 572 647 XIII.
593 623 632 647 ll.
652 631 673 647 c.
692 622 715 647 8.
735 619 767 646 de
786 620 908 646 censitor.

219 665 600 699 Impraesentiarum.
637 663 678 690 Cf.
698 673 721 689 v.
742 663 778 689 In.
799 663 820 696 §.
839 664 863 689 2.

218 708 502 741 Impraestatio.
540 706 581 733 Cf.
601 717 625 732 v.
644 705 797 732 Praestatio.

220 750 446 784 lmpreeafi.
468 751 551 776 Mali
564 750 730 784 quidpiam
747 750 886 782 precari.
901 748 1017 776 lllcn.

184 792 214 820 Si
234 794 388 825 incantavit,
414 794 436 819 si
456 794 612 830 imprecatus
632 796 684 824 est,
711 792 734 817 si
753 807 785 811 —
805 792 968 818 exorcizavit.
988 791 1018 818 fr.

185 837 208 863 1.
228 837 251 870 §.
270 838 294 862 3.
315 836 347 862 (le
365 841 430 862 extr.
451 846 524 872 cogn.
543 838 583 861 50.
604 836 643 861 13.

220 880 438 912 Impressio.
475 879 506 912 §.
526 879 561 904 1.
597 879 778 912 Expressit)
804 878 1016 913 (signaculi.)
1040 883 1042 888 '

185 921 228 948 III.
243 923 308 949 Cu.
328 921 378 947 Vel
400 931 511 958 superna
530 919 712 946 codicillorum
730 921 878 957 impressio,
896 920 938 946 vel
958 921 1020 946 scri-

184 969 262 1001 ptura
281 965 397 990 interior.
418 963 467 990 Th.
482 963 511 990 C.
525 962 568 989 VI.
588 965 628 989 22.
649 974 670 989 c.
688 964 709 989 1.
730 962 762 989 de
781 963 872 989 honor.
893 962 975 989 codic.
987 979 1019 982 —

185 1007 218 1040 §.
239 1008 274 1033 2.
296 1009 486 1042 ,id-gressio,
509 1008 692 1033 Concussit).
728 1005 771 1032 III.
787 1007 852 1033 Gn.
872 1006 926 1042 Qui
940 1010 1019 1037 metu,

186 1054 212 1075 et
232 1050 406 1086 impressione
425 1049 534 1075 alicuius
554 1050 671 1079 terroris.
691 1064 724 1068 --
737 1050 861 1075 mentitus
881 1053 928 1075 est.
947 1048 1020 1075 Paul.

186 1091 218 1118 V.
240 1094 262 1119 1.
282 1093 303 1126 §.
318 1094 347 1118 ¹4.
384 1092 526 1118 Potestatis
550 1093 624 1118 iussu
650 1097 675 1118 et
697 1093 870 1128 impressione
890 1092 1020 1130 compelli.

186 1134 253 1161 Nov.
274 1134 330 1161 Val.
349 1134 391 1161 III.
412 1134 445 1161 de
464 1134 580 1161 confirm.
605 1134 630 1161 h.
655 1145 697 1171 qu.
722 1134 816 1161 admin.
836 1135 865 1161 ll.
890 1136 931 1162 32.
956 1145 978 1162 c.
998 1137 1020 1161 l.

186 1187 226 1215 pr.
263 1177 307 1210 Vt,
328 1177 398 1214 quod
411 1177 531 1204 fortunae
544 1178 683 1215 impressio
702 1177 818 1210 sustulit,
837 1177 1021 1214 iil—largitas

187 1225 294 1255 augusta
314 1225 474 1257 compenset.
498 1220 535 1246 lb.
560 1220 592 1247 de
615 1220 705 1258 praed.
727 1222 819 1258 pistor.
845 1220 875 1247 11.
894 1223 935 1248 34.
956 1231 977 1248 c.
999 1223 1021 1247 1.

185 1263 208 1296 ξ.
224 1264 245 1289 1.
283 1262 484 1300 lmpressionem
498 1264 644 1300 potentium
657 1263 836 1290 cohibendam.
857 1263 906 1290 Th.
921 1263 950 1291 C.
964 1263 1021 1291 XII.

188 1307 209 1332 1.
230 1316 252 1332 c.
269 1307 326 1332 173.
345 1316 384 1343 pr.
405 1306 437 1333 (le
456 1306 589 1333 decurion.

220 1350 464 1382 Impressum.
485 1349 604 1382 (Partic.)
619 1351 816 1384 Expressum
831 1351 1020 1385 (sigillum.)

186 1390 227 1417 ΙΙΙ.
239 1392 304 1419 Gn.
316 1390 424 1427 Signum
448 1397 534 1418 utrum
558 1392 634 1419 anulo
658 1397 758 1418 tantum
777 1393 934 1430 impressum
953 1392 1024 1419 adhi-

185 1434 290 1466 bemus,
315 1444 347 1460 an
369 1444 432 1460 vero
456 1439 482 1461 et
501 1436 524 1461 si
543 1445 595 1461 non
615 1435 705 1467 anulo,
724 1445 815 1462 verum
840 1435 890 1461 alio
911 1435 1023 1472 quodam

185 1478 333 1514 impressos?
352 1476 383 1503 fr,
402 1479 442 1503 22.
464 1477 485 1511 ξ.
506 1480 529 1504 5.
549 1477 601 1514 Qu.
621 1483 722 1505 testam.
742 1478 789 1505 fac.
808 1489 834 1516 p.
852 1480 894 1505 28.
915 1481 938 1505 l.

222 1520 463 1554 Imprimere·
484 1521 514 1554 ξ.
534 1522 568 1547 l.
589 1523 797 1555 Exprimere,
818 1523 1023 1558 Efformare.

188 1562 206 1588 Ι.
225 1563 286 1597 Sy.
304 1562 442 1600 Imponere
461 1564 567 1599 (signa.)
587 1574 607 1590 c.
629 1566 650 1590 l.
671 1569 699 1590 ut
718 1574 783 1590 nem.
804 1564 845 1591 lic.
863 1566 888 1591 2.
910 1567 948 1592 17.
985 1564 1025 1591 Si-

188 1615 272 1641 gnare..
310 1605 462 1642 Imprimere
482 1607 591 1642 signum.
611 1606 682 1633 Paul.
704 1606 735 1633 V.
753 1609 797 1634 25.
820 1608 841 1640 §.
862 1609 885 1634 6.
908 1607 938 1634 fr.
960 1609 981 1634 1.
1003 1608 1024 1642 §.

189 1644 230 1673 36.
251 1647 341 1684 depos.
363 1650 402 1674 16.
422 1649 446 1674 3.
466 1648 496 1675 sr.
515 1651 556 1676 ⁵2⁵2.
581 1649 602 1683 ξ.
623 1652 646 1675 5.
671 1650 723 1685 Qu.
748 1655 848 1677 testam.
872 1650 919 1677 sac.
938 1660 964 1687 p.
983 1652 1024 1677 28.
1046 1660 1047 1666 ⁵

190 1691 212 1716 1.
223 1689 267 1716 llI.
279 1692 344 1718 G‘n.
355 1690 526 1717 venerabiles
546 1691 640 1718 formas
655 1693 729 1729 impr.
750 1692 799 1720 Th.
810 1692 840 1719 C.
852 1693 896 1720 [X.
909 1695 950 1719 38.
966 1704 986 1720 c.
1001 1694 1024 1719 6.

189 1732 221 1759 de
241 1733 336 1769 indulg.
357 1734 428 1759 crim.
465 1734 494 1760 In
513 1734 615 1761 tabulas
635 1736 709 1772 impr.
729 1735 850 1773 (apices.)
870 1736 906 1762 lb.
927 1735 971 1762 Vl.
981 1738 1024 1762 35.

190 1786 210 1802 c.
230 1778 253 1801 4.
275 1775 306 1802 de
326 1777 390 1812 priv.
412 1786 465 1803 eor.
486 1787 528 1813 qu.
548 1779 574 1804 in
594 1777 612 1804 S
628 1778 679 1815 pal.
704 1794 736 1798 ——
760 1779 790 1812 ᾖ.
811 1780 846 1805 2.
872 1781 1024 1805 [aserere.
1046 1772 1048 1785 l

189 1818 279 1852 LSy.
300 1818 427 1845 statuere.
447 1819 483 1846 lb.
503 1820 520 1846 Ι.
540 1823 563 1846 5.
584 1831 604 1846 c.
618 1823 640 1846 2.
662 1820 765 1853 (Wek.)
788 1820 820 1847 de
840 1821 882 1847 off.
902 1821 953 1847 Prf.
969 1821 1012 1848 Pr.

225 1862 506 1894 Improbabilis.
526 1863 654 1896 (Adiect.)
675 1865 742 1890 Non
763 1866 957 1897 probandus.
995 1864 1026 1890 II.

192 1905 259 1937 ΟΡ.
279 1903 307 1929 ln
332 1903 447 1930 fraudem
468 1905 531 1931 iuris
551 1905 634 1931 videri
654 1905 778 1932 additum.
799 1922 830 1926 —
851 1905 946 1942 Legem
965 1916 1025 1932 eou-

189 1951 287 1973 tractus
307 1957 359 1972 uon
379 1947 578 1984 improbabilem
598 1948 656 1974 dici.
677 1948 758 1975 Vatic.
779 1949 800 1982 §.
822 1951 861 1975 11.
898 1948 940 1975 111.
960 1950 1025 1977 οη.

190 1989 244 2025 Qui
262 2004 295 2008 —
315 1990 493 2016 contractibus
518 1990 612 2022 licitis,
636 1991 714 2017 utiles
738 2001 789 2017 non
813 1991 878 2018 adeo
898 1992 1027 2029 improba-

190 2032 237 2059 bili
256 2043 327 2059 more
349 2043 377 2058 se
397 2033 528 2059 exhibent.
549 2033 579 2059 fr.
599 2035 622 2059 3.
643 2033 675 2059 de
694 2039 828 2070 proxenet.
848 2036 888 2061 50.
911 2037 950 2061 14.
978 2034 1027 2061 Re-

191 2080 261 2101 moto
281 2075 424 2113 captandae
443 2077 535 2102 mortis
554 2076 661 2102 alterius
680 2082 742 2103 voto
762 2077 937 2114 improbabili.
951 2087 972 2105 c.
987 2079 1027 2104 11.

193 2116 224 2143 de
243 2122 364 2145 transact.
383 2120 407 2144 2.
427 2121 450 2144 4.

228 2161 462 2194 Improbare.
501 2163 567 2188 Non
594 2164 743 2196 probare,
772 2164 932 2195 Reiicere,
962 2164 1027 2190 Da-

194 2211 308 2229 mnare.
338 2203 357 2229 I.
377 2205 438 2238 Sy.
458 2203 622 2241 Vituperare,
642 2204 804 2241 Reprobare.
823 2205 853 2232 fr.
867 2206 890 2231 41
911 2206 931 2239 ξ.
954 2208 975 2232 1.
995 2205 1028 2232 de

195 2243 270 2269 alien.
289 2244 341 2271 iud.
359 2251 421 2273 mut.
442 2257 462 2273 c.
483 2249 506 2273 4.
527 2249 548 2274 7.
570 2247 600 2273 fr.
614 2248 637 2273 8.
657 2257 696 2284 pr.
717 2247 746 2274 sr.
762 2250 800 2273 14.
821 2248 853 2274 de
872 2248 947 2275 cond.
968 2249 1026 2275 inst.

194 2288 235 2311 28.
274 2308 279 2312 .
315 2286 438 2315 Reiicere.
458 2289 488 2316 sr.
508 2292 535 2316 2
552 2291 590 2324 §§.
603 2292 644 2316 35.
658 2292 699 2317 38.
714 2300 753 2327 sq.
774 2290 806 2317 ad
825 2290 852 2317 S.
864 2290 895 2317 C.
916 2290 1027 2318 Tel-tull.

195 2330 236 2353 38.
259 2300 296 2354 17.
334 2329 454 2358 Abolere.
474 2332 515 2359 Cf.
535 2333 559 2359 h.
579 2343 603 2359 v.
623 2333 644 2366 §.
664 2334 687 2359 3.
708 2332 737 2359 11.
751 2335 818 2368 Op.
838 2333 1028 2371 comprobare,
1049 2347 1051 2361 ι

197 2370 273 2397 Proh:
274 2381 317 2397 ire.
338 2370 394 2397 Gai.
413 2372 443 2400 ΙΙ.
463 2376 519 2402 117.
533 2375 593 2413 le.
606 2376 677 2402 XXI.
700 2378 719 2402 l.
758 2375 792 2402 Ρ(
787 2378 917 2403 rmittere
939 2377 968 2403 1ι.
987 2379 1026 2402 13.

196 2414 217 2447 ξ
240 2415 260 2439 l.
282 2413 312 2440 sr.
332 2415 372 2439 14.
392 2424 430 2450 pr.
449 2415 480 2442 de
498 2428 555 2455 app.
577 2424 601 2445 et
620 2419 692 2445 relat.
712 2420 753 2445 49.
771 2421 790 2445 l.
828 2419 980 2456 Improbaii.
996 2418 1050 2438 ——l

197 2456 298 2482 Ialere.
319 2455 348 2482 fr.
367 2458 410 2482 57.
429 2456 460 2482 de
477 2468 505 2484 re
523 2461 574 2486 iud
593 2462 757 2488 42.1.111.
778 2464 843 2490 Γπ.
862 2462 923 2488 Non
942 2456 1051 2501 solerel

198 2498 340 2535 improbari
359 2498 558 2536 adpellationem
577 2513 679 2536 eorum
705 2506 750 2541 qui
768 2505 810 2531 vel
830 2515 906 2531 unam
925 2515 1028 2531 causam

198 2541 347 2578 .1‹l:prlt.ndi
365 2542 527 2578 probabilem
546 2544 570 2570 11:
572 2545 697 2573 binerunt
718 2547 747 2574 ft.
770 2549 809 2574 13.
827 2548 854 2581 ἑ.
876 2549 897 2573 1.
917 2547 949 2573 de
968 2557 1027 2584 app.

199 2589 224 2610 et
244 2584 315 2610 utut.
335 2585 375 2610 49.
396 2586 417 2610 1.
455 2585 529 2620 Quae
553 2587 605 2618 (sc
625 2589 805 2623 conditiones)
830 2595 920 2616 contra
943 2590 1028 2616 bonos

199 2637 285 2653 inm-›s‹
288 2625 355 2654 vel
375 2626 516 2653 derisoriie
540 2634 613 2660 sunt,
637 2636 680 2657 aut
702 2632 851 2659 huiusmodi
871 2642 934 2669 quas
954 2632 1029 2659 Prae—

199 2674 270 2695 tores
288 2647 403 2705 iuipi⁵1.ol
403 2675 509 2696 metunt.
535 2670 564 2697 11.
586 2673 624 2697 14.
645 2682 683 2708 sq
708 2674 740 2701 de
765 2675 840 2702 cond.
865 2677 925 2702 inst.
944 2677 985 2702 28
1006 2678 1020 2702 7
1051 2681 1052 2684 ’

201 2711 232 2738 cf.
252 2711 282 2737 fr.
303 2713 343 2737 70.
364 2711 396 2737 de
415 2712 501 2739 hei-ed.
522 2715 581 2739 inst.
601 2715 641 2740 28.
661 2716 684 2740 5.
707 2716 798 2744 f1.15
818 2719 839 2752 §.
859 2720 882 2744 5.
903 2718 935 2744 de
954 2719 1028 2744 iniur.

200 2756 240 2780 47.
257 2756 295 2780 lo.
333 2753 478 2781 Severitate
497 2755 575 2782 S.Cti
591 2757 779 2793 improbabitur
797 2762 980 2794 (contractus.)
1000 2761 1029 2788 fr.

201 2797 224 2822 9.
243 2797 264 2830 ξ.
284 2799 306 2823 2.
327 2797 358 2823 ad
378 2797 403 2823 S.
413 2797 443 2824 C.
463 2797 558 2825 Maced.
581 2801 618 2825 14.
639 2801 662 2825 (3.
701 2799 793 2828 Cassio
812 2803 918 2839 placuit.
938 2820 969 2823 —
984 2804 1031 2831 sed

1834 157 1897 187 443

1063 233 1140 260 huius
1158 234 1314 260 sententiam
1333 233 1452 270 plerique
1465 234 1621 271 improbant.
1636 233 1692 261 Gai.
1706 235 1746 262 111.
1761 237 1801 263 71.
1821 236 1895 264 Pom-

1063 277 1166 313 ponius,
1185 275 1266 303 relata
1278 276 1370 303 Iuliani
1390 278 1527 314 scriptura,
1540 277 1604 304 dicit
1621 287 1673 303 non
1692 288 1720 304 se
1739 280 1894 317 improbare.

1062 320 1091 345 fr.
1113 320 1153 346 18.
1172 319 1194 353 §.
1213 321 1236 345 5.
1258 318 1289 345 de
1309 319 1392 346 damn.
1414 320 1459 346 inf.
1478 322 1520 347 39.
1539 322 1563 346 2.
1599 320 1633 346 Et
1652 320 1778 349 Proculus
1797 322 1896 351 Labeo—

1062 362 1102 387 nis
1122 363 1277 388 sententiam
1300 362 1443 399 improbat,
1469 368 1494 389 et
1517 364 1543 389 in
1566 363 1680 390 Iavoleni
1698 368 1827 393 sententia
1846 372 1895 394 est.

1063 403 1092 430 fr.
1112 406 1153 431 60.
1174 404 1206 432 de
1223 405 1255 432 A.
1275 415 1299 432 v.
1319 405 1352 432 Ο.
1372 404 1402 431 Η.
1422 407 1463 432 29.
1483 408 1507 432 2.
1549 406 1697 434 Secundum
1721 408 1839 436 oriIInem
1858 411 1896 437 rei

1063 452 1160 483 gestae.
1179 448 1296 475 moribus
1315 448 1485 485 improbanda
1505 454 1545 475 est
1564 450 1737 484 (conventio.)
1758 450 1787 478 sr.
1807 454 1847 479 27.
1864 453 1896 479 de

1063 495 1129 527 pact.
1151 490 1204 517 dot.
1223 493 1264 518 23.
1284 493 1308 518 4.
1346 491 1444 518 Contra
1468 492 1598 528 publicam
1618 494 1731 529 quietem
1751 510 1783 514 ἡ
1802 496 1897 532 impro-

1062 533 1161 560 bandas
1181 538 1249 560 artes
1269 544 1397 561 exercere.
1417 534 1707 563 C011,L[..M.xv.2.
1731 537 1801 564 Iusta
1820 549 1896 565 causa

1062 576 1248 612 improbandae
1271 587 1373 614 operae.
1397 577 1427 604 fr.
1453 579 1494 604 13.
1519 588 1558 615 pr.
1583 578 1615 604 de
1639 589 1696 606 ann.
1716 580 1792 616 legat.
1811 583 1851 609 33.
1874 585 1895 609 1.

1062 618 1116 652 (Cf.
1136 629 1159 645 v.
1179 619 1366 656 Improbatus.)

1097 663 1345 695 Improbatio.
1377 664 1408 696 §.
1427 664 1463 690 1.
1492 665 1696 698 Reprobatio.
1716 665 1739 691 ΙΙ
1755 668 1821 700 Op.
1835 667 1898 694 Pro-

1063 705 1133 731 batio
1156 706 1280 742 (operis)
1300 706 1329 732 fr.
1349 708 1390 732 60.
1410 707 1432 740 ξ.
1451 707 1475 733 3.
1495 706 1571 733 locat.
1592 708 1632 733 19.
1646 708 1670 733 2.
1685 723 1716 727 —
1731 708 1761 741 ξ.
1776 711 1810 736 2.
1826 713 1898 738 Pro.

1059 749 1156 774 butio.
1176 748 1194 774 I.
1207 750 1269 783 Sy.
1290 748 1421 776 Probatio.
1441 748 1470 775 fr.
1493 751 1532 776 18.
1552 749 1573 783 ξ.
1592 751 1617 775 2.
1637 749 1669 776 de
1687 750 1789 787 probat.
1814 755 1854 779 22.
1864 756 1888 780 3.

1098 792 1353 824 Improbatus.
1377 792 1496 825 (Partie.)
1520 794 1737 826 Reprobatus.
1758 796 1899 823 Damna-

1062 839 1122 860 tus.
1159 833 1202 860 III.
1228 835 1293 862 011.
1326 835 1355 861 Si
1375 836 1491 861 excusati
1515 836 1568 861 sint
1587 834 1627 861 illi
1644 836 1694 867 (sc.
1714 839 1837 871 tutores.)
1856 839 1898 866 vel

1064 876 1212 913 improbati.
1231 877 1261 903 fr.
1280 879 1304 903 2.
1329 878 1351 911 §.
1371 880 1412 905 35.
1432 878 1463 904 ad
1484 878 1509 904 S.
1520 877 1550 904 C.
1572 877 1684 905 Tertull.
1707 880 1752 906 38.
1776 882 1815 907 17.
1853 881 1899 908 Im—

1063 919 1189 956 probatos
1213 919 1326 956 probare
1350 922 1405 953 (se.
1429 921 1626 954 fideiussores.)
1651 921 1682 947 fr.
1707 924 1746 948 10.
1771 932 1810 960 pr.
1834 924 1855 957 ξ.
1877 926 1899 951 1,

1065 962 1116 997 Qu.
1136 961 1227 988 satisd.
1247 972 1301 998 cog.
1321 965 1344 989 2.
1365 964 1388 989 8.
1426 964 1455 990 Si
1474 965 1610 1001 prostituit
1628 964 1757 997 ancillam,
1776 965 1819 992 vel
1831 967 1901 994 aliud

1064 1004 1241 1075 improbatum
1264 1005 1349 1032 facere
1373 1007 1465 1043 co'egit.
1491 1006 1521 1033 sr
1545 1009 1586 1033 24.
1613 1008 1635 1041 §.
1654 1009 1679 1033 3.
1703 1007 1736 1034 de
1761 1009 1804 1046 pig
1807 1019 1831 1036 n
1851 1015 1900 1037 act.

1065 1091 1096 1117 A.
1115 1091 1145 1118 E
1165 1090 1197 1118 V.
1219 1092 1258 1117 19.
1278 1093 1301 1117 1.
1338 1066 1476 1128 I'lerisque
1499 1060 1672 1129 improbata.
1667 1098 1706 1119 est
1725 1093 1781 1127 (illa
1800 1095 1903 1122 institu-

1066 1134 1129 1166 tio.)
1154 1133 1215 1171 le.
1240 1133 1311 1160 XXI.
1337 1136 1359 1160 1.
1400 1134 1474 1161 Libri
1499 1136 1659 1172 improbatae
1678 1136 1808 1163 lectionis.
1827 1138 1892 1164 sr.4
1877 1139 1901 1164 4.

1065 1177 1088 1210 ξ.
1116 1178 1138 1202 l.
1162 1176 1241 1203 famil.
1266 1178 1356 1204 ercisc.
1382 1179 1421 1204 lo.
1444 1180 1469 1204 2.
1514 1177 1637 1205 Illicitum
1656 1180 1848 1213 iusiurandum,
1870 1197 1901 1202 —

1067 1219 1169 1246 scilicet
1187 1219 1350 1257 improbatae
1368 1220 1474 1257 publice
1493 1221 1537 1254 [al.
1557 1221 1690 1258 publicae]
1710 1222 1851 1259 religionis.
1872 1224 1901 1251 fr,

1066 1265 1090 1289 5.
1110 1263 1131 1297 ᾗ.
1151 1264 1180 1289 3.’
1196 1262 1229 1289 de
1247 1264 1352 1289 iureiur.
1374 1265 1413 1289 12.
1432 1265 1456 1290 2.

1103 1307 1293 1339 Improbe.
1337 1305 1456 1339 (Advb.)
1498 1308 1667 1342 Nequiter,
1700 1309 1790 1335 Mala
1814 1311 1902 1345 fide,

1068 1350 1190 1383 Inique.
1227 1348 1245 1375 I
1265 1350 1326 1383 Sy.
1347 1348 1406 1375 Non
1425 1349 1523 1386 probe,
1547 1350 1639 1377 Parum
1659 1351 1749 1388 probe.
1771 1351 1800 1377 fni
1819 1352 1902 1385 27.§.

1067 1391 1143 1418 atad
1163 1391 1189 1417 S.
1202 1390 1232 1418 C
1253 1391 1392 1418 Tieb.36.
1418 1394 1440 1418 1.
1465 1392 1495 1419 fr.
1522 1394 1561 1420 13.
1586 1394 1607 1428 §.
1633 1395 1672 1419 ll.
1699 1393 1731 1420 de
1755 1393 1839 1420 damn.
1859 1394 1903 1421 inf.

1067 1436 1108 1461 39.
1128 1437 1152 1461 2.
1190 1433 1281 1466 Recte,
1301 1434 1392 1471 Reque
1406 1435 1533 1472 improbe
1553 1446 1638 1473 neque
1656 1436 1836 1473 imprudenter
1854 1438 1905 1471 (re-

1069 1478 1181 1510 cusare.)
1206 1477 1235 1504 fr.
1258 1480 1296 1504 10.
1322 1478 1344 1512 §.
1365 1479 1387 1504 l.
1407 1479 1429 1504 si
1454 1488 1496 1515 qu.
1517 1488 1567 1505 om.
1590 1489 1611 1505 c.
1630 1484 1732 1505 testam.
1752 1481 1792 1506 29.
1812 1481 1836 1506 4.
1873 1480 1903 1507 II.

1072 1522 1138 1554 ΟΡ.
1159 1519 1252 1552 Probe,
1271 1520 1379 1548 Vtiliter
1398 1521 1560 1553 (desiderare
1580 1521 1642 1554 etc.)
1662 1521 1691 1548 fr.
1707 1524 1747 1548 17.
1766 1522 1798 1549 de
1816 1522 1841 1549 h.
1862 1533 1903 1559 qu.

1070 1568 1098 1590 ut
1116 1563 1169 1590 ind.
1188 1565 1230 1590 34.
1250 1565 1273 1590 9.
1294 1563 1365 1591 Coll.
1388 1563 1440 1590 LL.
1465 1564 1498 1590 M.
1518 1564 1550 1590 X.
1569 1566 1594 1590 2.
1631 1563 1674 1590 III.
1694 1565 1760 1592 (711.
1780 1564 1834 1600 Qui
1853 1575 1905 1591 ser—

1070 1616 1129 1633 vum
1149 1606 1274 1633 sollicitat
1293 1606 1325 1632 ad
1344 1606 1443 1642 aliquid
1456 1606 1498 1633 vel
1512 1606 1665 1639 faciendum,
1684 1607 1726 1633 vel
1741 1607 1905 1643 cogitandum

1069 1649 1196 1686 improbe.
1217 1648 1247 1675 fr.
1268 1651 1290 1675 1.
1310 1650 1332 1683 ξ.
1352 1651 1375 1675 3.
1396 1649 1428 1676 de
1447 1660 1524 1676 servo
1544 1660 1611 1677 corr.
1632 1653 1672 1677 ll.
1691 1651 1714 1676 3.
1756 1650 1833 1688 Impr.
1853 1656 1906 1677 tur-

1069 1693 1190 1729 piterque
1210 1693 1379 1718 committere.
1400 1691 1449 1718 Th.
1462 1692 1491 1718 C.
1506 1692 1535 1718 II.
1557 1694 1578 1718 l.
1600 1703 1619 1719 c.
1633 1694 1657 1719 3.
1679 1692 1711 1719 de
1729 1693 1820 1719 iurisd.
1845 1692 1905 1719 Non

1069 1736 1144 1771 impr.
1164 1734 1310 1771 respondit,
1329 1734 1376 1760 sed
1395 1736 1524 1771 scriptura
1551 1734 1652 1762 ductus.
1673 1735 1703 1762 fr.
1724 1737 1763 1762 ll.
1788 1736 1810 1769 §.
1830 1737 1853 1761 8.
1873 1735 1905 1762 de

1069 1778 1158 1803 interr.
1183 1778 1209 1803 in
1232 1777 1295 1803 iure.
1322 1779 1362 1804 11.
1389 1779 1411 1804 l.
1453 1778 1506 1813 Qui
1525 1782 1717 1805 testamentum
1728 1777 1905 1805 inofficiosum

1070 1821 1146 1857 impr.
1166 1819 1241 1851 dixit,
1261 1824 1286 1845 et
1304 1829 1357 1845 non
1377 1819 1497 1847 obtinuit.
1522 1820 1552 1847 fr.
1571 1822 1595 1847 8.
1619 1822 1641 1855 §
1663 1823 1702 1848 14.
1725 1821 1759 1848 de
1778 1822 1850 1848 inoff.
1870 1826 1906 1848 te-

1070 1868 1144 1889 stam.
1164 1864 1187 1889 5.
1207 1864 1231 1888 2.
1269 1862 1322 1898 Qui
1341 1863 1416 1899 impr.
1440 1868 1536 1890 coeunt
1558 1865 1584 1890 iu
1603 1864 1713 1890 alienam
1731 1863 1812 1891 litem.
1832 1864 1862 1891 fr.
1882 1866 1905 1891 6.

1071 1905 1102 1932 ad
1121 1905 1150 1932 L.
1171 1904 1216 1931 Iul.
1237 1905 1269 1931 de
1288 1906 1314 1931 vi
1333 1906 1399 1942 priv.
1419 1907 1459 1932 48.
1480 1908 1503 1933 7.
1539 1906 1617 1944 Impr.
1636 1907 1745 1938 resistit,
1766 1908 1905 1944 quominus

1071 1953 1120 1975 etc.
1138 1948 1169 1974 fr.
1189 1949 1230 1974 41.
1250 1947 1282 1974 de
1304 1949 1374 1985 pign.
1398 1953 1446 1975 aet.
1473 1951 1512 1975 13.
1532 1951 1555 1976 7.
1578 1949 1676 1983 ,Nimis
1695 1951 1770 1987 impr.
1791 1955 1904 1987 negatur.

1072 2002 1092 2018 c.
1111 1994 1135 2018 5.
1155 1990 1187 2017 de
1206 1996 1293 2017 novat.
1313 1994 1336 2017 8.
1357 1993 1397 2017 42.

1106 2028 1348 2067 Improbftasp
1369 2036 1574 2066 Inhonestas,
1594 2037 1771 2068 Probitas,
1792 2038 1904 2063 Falla-

1071 2079 1129 2104 cia.
1166 2076 1184 2102 1.
1204 2077 1265 2111 Sy.
1285 2075 1375 2103 Fraus.
1413 2076 1479 2103 Mala
1498 2076 1573 2103 fides.
1597 2077 1627 2104 fr.
1650 2079 1671 2103 l.
1696 2078 1717 2112 §.
1740 2080 1760 2104 1.
1786 2078 1815 2105 fr.
1834 2080 1858 2106 3.
1883 2080 1904 2112 ξ.

1074 2122 1095 2146 l.
1115 2124 1184 2146 naut.
1205 2129 1313 2156 caupon.
1333 2121 1357 2146 4.
1377 2121 1400 2146 9.
1421 2119 1450 2146 fr.
1472 2121 1511 2145 12.
1531 2120 1553 2153 §.
1576 2121 1596 2146 l.
1617 2120 1649 2146 de
1669 2120 1728 2146 l'urt.
1747 2122 1788 2147 47.
1807 2123 1831 2147 2.
1862 2121 1904 2147 ΙΙΙ,

1072 2164 1138 2190 Gn.
1158 2162 1187 2188 Si
1207 2177 1239 2181 —
1257 2172 1358 2188 morum
1382 2167 1441 2189 ante
1465 2162 1559 2194 celata,
1584 2162 1626 2189 vel
1651 2164 1780 2199 ignorata,
1801 2165 1906 2190 emersit

1072 2205 1234 2242 improbitas.
1254 2204 1285 2231 fr.
1305 2207 1328 2231 8.
1348 2205 1380 2231 de
1400 2206 1517 2231 confirm.
1542 2210 1589 2231 tut.
1608 2206 1649 2231 26.
1663 2208 1687 2232 3.
1724 2206 1794 2232 Dum
1813 2207 1905 2233 honori

1072 2247 1261 2285 postulantium
1279 2247 1364 2279 datur,
1383 2248 1425 2274 vel
1444 2248 1604 2285 improbitati
1624 2248 1732 2275 ceditur.
1753 2249 1781 2275 sr.
1802 2251 1825 2275 9.
1845 2250 1866 2282 ς’.
1881 2252 1904 2275 4.

1073 2291 1105 2317 de.
1123 2291 1167 2318 off.
1187 2290 1262 2317 Proc.
1283 2296 1308 2316 et
1326 2290 1387 2326 Leg.
1410 2293 1431 2316 1.
1453 2293 1491 2317 115.
1512 2291 1543 2317 cf.
1564 2290 1594 2317 sr.
1614 2292 1637 2317 3.
1658 2291 1679 2325 ξ
1702 2294 1723 2318 l.
1744 2297 1811 2318 naut.
1832 2301 1903 2328 caup.

1072 2335 1095 2360 4.
1115 2335 1139 2360 9.
1175 2333 1309 2360 Indebitae
1323 2335 1504 2359 conventionis
1519 2334 1620 2365 iniuria,
1640 2339 1666 2360 et
1679 2335 1782 2370 iniquae
1796 2335 1906 2360 exactio-

1072 2378 1112 2403 nis
1131 2376 1273 2414 repellatur
1292 2376 1453 2413 improbitas
1474 2375 1523 2402 Th.
1538 2376 1568 2403 C.
1581 2376 1650 2403 XVI.
1670 2380 1693 2403 ⁵2.
1715 2387 1735 2403 e.
1757 2378 1794 2401 14.
1814 2386 1853 2412 pr.
1873 2376 1905 2402 de

1073 2421 1152 2456 (pise.
1173 2419 1235 2445 eccl.
1273 2419 1314 2445 Ab
1334 2418 1546 2455 improbitatibus
1562 2419 1719 2445 insolentum
1739 2418 1904 2452 (vindicare.)

1073 2462 1138 2488 Nov.
1160 2461 1291 2488 Maiorian.
1312 2461 1344 2487 de
1363 2461 1461 2487 defens.
1482 2463 1552 2488 civit.
1566 2461 1609 2488 IV.
1628 2464 1651 2488 2.
1673 2472 1692 2487 ι’.
1716 2463 1737 2486 1.
1775 2460 1857 2487 Nemo
1874 2461 1906 2488 de

1073 2504 1240 2542 improbitate
1260 2514 1305 2530 sua
1325 2505 1495 2540 consequitur
1520 2505 1653 2531 actionem.
1678 2503 1707 2529 fr.
1730 2505 1769 2529 12.
1788 2504 1810 2537 ς’
1831 2506 1853 2530 l.
1874 2504 1905 2531 de

1049 2547 1132 2574 ·surt.
1151 2549 1192 2573 47.
1212 2550 1235 2573 2.

1108 2591 1320 2622 Imm-obus.
1352 2590 1480 2623 (Adiect.)
1509 2591 1538 2623 ξ.
1558 2590 1591 2614 1.
1612 2590 1833 2623 Ιηιρνοόαΐηε,
1855 2592 1905 2617 In-

1050 2652 1051 2657 .
1074 2634 1187 2658 iustus.
1225 2631 1267 2658 III.
1292 2634 1357 2659 011.
1389 2632 1468 2668 Quod
1488 2633 1505 2658 ii
1524 2631 1740 2668 improbaverint.
1759 2632 1906 2669 improbiun

1075 2679 1139 2701 esto.
1172 2674 1213 2701 Fr.
1234 2674 1299 2711 legis
1325 2677 1417 2712 parieti
1438 2675 1482 2701 sac.
1508 2674 1557 2710 Ap.
1579 2673 1708 2710 Spangbg.
1728 2684 1752 2711 p.
1773 2676 1812 2700 73.
1850 2675 1905 2701 Hoc

1051 2706 1053 2739 l
1075 2722 1178 2754 pactum
1201 2717 1301 2749 vatem
1326 2728 1377 2744 non
1403 2719 1468 2743 euim
1494 2716 1641 2753 improbum
1662 2722 1717 2751 (Ἧι,
1738 2718 1759 2743 si
1779 2719 1837 2753 quis
1857 2722 1904 2743 etc,

1076 2761 1104 2787 fr.
1119 2762 1159 2786 49.
1174 2760 1206 2787 de
1219 2766 1286 2798 pact..
1301 2763 1324 2787 2.
1342 2762 1380 2785 14.
1395 2759 1442 2785 Th.
1458 2759 1488 2785 C.
1504 2759 1570 2785 VIII.
1591 2761 1613 2784 5.
1629 2770 1649 2785 c.
1664 2762 1688 2785 4.
1707 2760 1728 2793 ᾗ.
1746 2762 1766 2786 l.
1783 2760 1904 2786 decursu

1052 2808 1053 2833 i
1075 2803 1135 2840 pub.
1174 2804 1216 2829 Ob
1237 2814 1339 2829 causam
1353 2803 1460 2838 accepit.
1479 2812 1527 2828 uec
1539 2802 1682 2839 improbam
1696 2813 1806 2829 causam.
1821 2802 1849 2828 fr.
1866 2804 1902 2827 15.

1410 2846 1466 2871 56*
