2197 3121
280 192 341 223 156

278 279 340 312 puta
365 275 405 300 ius
424 273 539 300 militiae.
563 273 594 299 fr.
613 274 637 300 3.
657 273 680 307 ξ.
701 274 723 299 7.
743 272 776 299 (18
795 272 888 298 minor.
908 273 932 297 4.
952 272 977 298 4.
1002 271 1032 298 fr.
1052 272 1077 298 8.
1097 271 1120 305 3.

277 319 302 343 3.
323 317 355 343 de
374 316 476 343 liberat.
496 316 545 352 leg.
565 317 606 342 34.
626 317 650 342 3.

314 360 489 387 cohereS.
530 360 594 392 Qui
617 369 679 385 nna
703 368 771 385 cum
795 360 876 385 aliis
894 359 983 384 lieres
1001 359 1121 394 factu:

278 409 324 429 est
349 404 518 429 eorundem
542 404 702 428 banorum.
745 400 788 427 III.
813 402 880 428 (Ἢ.

280 445 363 472 redes.
384 461 416 464 —
436 450 479 471 aut
498 446 567 471 inter
585 445 688 473 socios.
709 460 742 463 —
761 449 805 470 aut
824 445 893 470 inter
912 444 1028 475 vicinos,
1048 443 1122 480 (aga-

280 489 341 520 tnr).
370 487 426 514 Gai.
451 487 494 514 lv.
519 489 560 513 42.
590 486 651 523 le.
676 486 747 513 XIX.
775 488 814 513 16.
857 485 980 513 Formula
1009 485 1122 512 familiae

279 531 457 557 erciscundae.
477 541 543 567 qnae
562 530 650 556 locum
669 529 747 556 habet
767 531 835 556 inter
848 529 999 556 coheredes.
1020 528 1057 555 Ib.
1072 528 1088 556 1.
1103 528 1120 555 l.

279 574 351 601 Paul.
371 574 412 600 111.
433 576 455 600 b'.
481 574 502 607 3.
524 575 546 599 l.
584 572 690 599 Fratres
713 577 738 599 et
758 572 911 599 coheredes,
942 572 973 598 fr.
995 573 1035 598 14.
1055 571 1076 605 3.
1098 573 1120 598 l.

279 617 312 644 ad
335 616 365 644 L.
393 616 461 643 Falc.
489 618 532 642 35.
551 618 576 642 2.
607 626 627 642 c.
649 617 671 642 7.

278 661 365 696 Quem
384 664 458 697 pater
477 659 607 696 impuberi
627 658 700 685 fratri
720 657 877 684 coheredem
897 662 923 683 et
945 662 1060 684 tutorem
1079 657 1122 684 de-

279 703 325 729 dit.
355 703 385 728 t'r.
404 704 446 728 28.
473 702 494 736 3.
517 704 539 728 1.
564 702 596 729 de
617 706 743 728 excusatt.
768 703 809 727 27.
832 703 853 727 l.

278 747 381 772 iiciatur
404 745 502 772 heredi.
541 744 597 772 Gai.
625 744 655 771 11.
680 746 739 770 243.
769 744 800 770 fr.
828 745 868 770 70.
893 744 914 778 3.
935 746 959 770 2.
988 743 1021 770 de
1046 743 1122 780 legat.

278 788 308 815 ll.
329 789 405 822 (31.)

313 832 512 859 cohibere.
555 831 586 864 §.
616 832 651 856 1.
686 832 877 863 continere,
908 831 1122 865 Comprehen-

277 878 355 902 dere.
391 874 422 901 II.
444 877 511 909 01).
540 874 569 900 Si
594 875 661 899 intra
687 875 874 910 praestitutum
896 873 1004 900 modum
1023 884 1123 900 summa

278 917 440 944 sc‘cohibet.
461 933 493 937 —
513 916 542 943 Si
562 926 696 948 summam.
717 918 978 953 aestimationemque
990 921 1123 943 transcen-

278 961 318 988 dit
336 961 503 995 (negotium).
533 959 582 986 Th.
598 959 628 986 C.
648 959 693 986 XI.
714 962 755 986 3⁰.
776 970 797 986 c.
811 962 853 987 49.
874 959 906 986 (le
926 970 984 997 app.
1005 965 1031 986 et
1044 970 1121 997 poen.

279 1021 311 1024 —
331 1005 362 1038 ξ.
383 1006 417 1030 2.
450 1005 620 1035 Coffrcere,
648 1004 874 1037 :ld-stringere.
912 1003 954 1029 III.
975 1004 1040 1031 Gu-
1060 1003 1122 1029 Avi-

278 1047 326 1074 dac
351 1047 502 1084 cupiditatis
529 1046 601 1072 frena
627 1045 758 1073 cohibere.
792 1046 829 1072 lb.
853 1046 911 1073 XV.
937 1049 961 1072 2.
990 1056 1012 1072 c.
1036 1047 1059 1072 6.
1090 1045 1122 1072 de,

279 1090 386 1128 aqnavtl.
425 1091 500 1125 Quos
521 1090 571 1115 etsi
590 1087 697 1114 vinculo
717 1099 769 1115 non
790 1090 990 1126 adstringimuS.
1011 1105 1043 1108 —
1063 1088 1122 1116 reli-

278 1135 363 1170 gionis
383 1138 469 1159 tamen
488 1134 545 1159 iure
564 1131 726 1158 cohibemus.
755 1133 792 1159 lb.
813 1132 856 1159 III.
874 1136 898 1159 8.
919 1142 939 1159 c.
959 1135 983 1158 2.
1004 1133 1025 1166 3.
1045 1133 1069 1158 3.
1089 1132 1122 1158 de

278 1187 330 1203 sec.
351 1181 424 1213 nupt.
463 1175 531 1202 Cum
551 1174 593 1201 vel
613 1174 760 1202 cohibenda
780 1181 855 1208 sunt,
879 1175 922 1202 vel
942 1177 1019 1201 etiam
1038 1175 1122 1202 vindi-

278 1220 367 1247 canda.
398 1219 468 1246 Call.
483 1217 535 1244 LL.
552 1218 584 1244 Μ.
606 1217 649 1244 VI.
670 1220 693 1245 4.
732 1218 796 1251 Lex,
817 1235 849 1238 —
869 1229 935 1255 quae
955 1218 1055 1245 indices
1069 1229 1122 1245 om-

278 1274 325 1290 ncs
349 1279 381 1283 ——
405 1262 492 1288 edicto
516 1272 565 1288 suo
590 1267 667 1298 atque
691 1263 845 1288 auctoritate
870 1261 984 1288 cohibet.
1019 1261 1069 1288 Th.
1090 1261 1121 1288 C.

278 1306 337 1333 XV.
360 1307 381 1331 1.
407 1315 428 1331 c.
450 1307 489 1332 15.
515 1305 547 1331 de
567 1315 628 1342 opp.
649 1305 711 1342 pub.
754 1304 783 1331 Si
808 1305 867 1341 quis
887 1321 920 1324 —
940 1304 1122 1342 deprehensus

277 1350 356 1376 suerit
374 1349 401 1375 in
421 1348 537 1374 cohibito
558 1358 647 1374 errore
667 1349 774 1374 versari,

277 1392 387 1419 malefic.

314 1435 582 1463 sobonestare.
626 1436 752 1461 Honore
784 1435 940 1470 adficere.
983 1434 1024 1461 III.
1055 1436 1121 1463 Gn.
1144 1444 1145 1467 1

278 1479 383 1516 Quodsi
403 1479 444 1505 cui
463 1493 496 1497 -—
515 1476 647 1503 naturales
668 1477 746 1503 liberi
765 1477 936 1513 contigerint,
961 1487 1061 1514 eosque
1079 1488 1122 1504 ve-

279 1523 307 1549 lit
328 1538 360 1542 ——
380 1522 466 1548 curiae
485 1520 628 1558 splendore
648 1520 834 1552 cohonestare,
856 1524 881 1546 et
899 1519 1054 1547 hereditatis
1067 1522 1122 1558 opi-

279 1566 329 1592 bus
348 1565 478 1591 adiuvare.
512 1564 578 1591 Nov.
601 1564 650 1590 Th.
670 1563 701 1589 lI.
726 1563 759 1590 de
778 1562 802 1589 h.
823 1573 865 1600 qu.
886 1573 926 1601 sp.
946 1573 1016 1590 mun.
1041 1563 1059 1590 l.
1079 1566 1120 1590 22.

279 1620 300 1636 c.
322 1611 344 1635 1.
364 1609 385 1643 3.
407 1610 429 1634 7.

314 1652 466 1679 Cohors.
508 1652 540 1684 §0
560 1651 594 1677 l.
625 1652 729 1685 Copia
758 1651 934 1681 hominnm,
963 1650 1121 1676 Numerus

278 1697 428 1721 militum.
465 1693 507 1720 Ill.
523 1695 588 1721 Gn.
608 1692 648 1719 Ne
667 1695 692 1719 in
714 1702 845 1729 quoquam
863 1691 923 1718 loco
940 1692 1066 1728 sacrilega
1080 1702 1122 1718 co-

279 1739 341 1765 hors
360 1737 450 1764 talium
470 1737 603 1763 hominum
623 1736 769 1772 colligatur.
798 1734 848 1761 Th.
863 1734 893 1761 C.
908 1734 979 1761 XVI.
999 1737 1022 1761 5.
1043 1745 1064 1762 c.
1078 1738 1120 1762 20.

279 1781 312 1808 de
330 1781 452 1808 haeretic.
490 1779 549 1806 Non
576 1790 653 1806 unam
673 1779 821 1806 cohortem.
850 1788 936 1814 neque
959 1788 1035 1804 unam
1055 1778 1120 1805 alam

278 1824 389 1851 dicimus
410 1823 588 1856 (exercitum).
608 1821 655 1848 scd
675 1831 797 1848 numeros
817 1820 916 1847 multos
935 1821 1055 1848 militum.
1088 1821 1119 1848 fr.

277 1870 302 1893 2.
322 1868 343 1901 3.
366 1869 387 1893 l.
413 1866 443 1892 cs.
465 1876 503 1902 pr,
523 1865 555 1891 (lc
576 1865 599 1891 h.
620 1875 662 1902 qu.
683 1870 736 1891 not.
757 1864 843 1891 infam.
863 1865 887 1890 3.
907 1866 932 1890 2.
968 1863 1120 1891 Praefectus

279 1910 412 1939 cohortis.
431 1909 473 1934 vel
494 1910 623 1944 equilum.
649 1912 692 1934 aut
711 1907 841 1933 tribunus.
873 1906 903 1933 sr.
923 1908 964 1933 63.
985 1907 1018 1933 de
1035 1907 1067 1934 Ιὶ.
1087 1907 1119 1934 Ν.

277 1955 320 1980 23.
339 1956 363 1979 2.
402 1952 509 1988 Septem
529 1951 652 1977 cohortes
673 1952 721 1983 (sc.
736 1949 855 1986 vigilum)
876 1952 1033 1986 opportunis
1053 1951 1119 1977 locis

280 1997 417 2023 constitnit
441 1995 491 2029 (D.
511 1994 674 2029 Augustus).
707 1993 737 2019 l'r.
756 1995 779 2019 3.
800 2003 840 2030 pr.
867 1992 898 2019 cs.
924 1992 954 2018 sr.
976 1995 998 2019 l.
1024 1993 1055 2019 dc
1075 1994 1118 2020 oss'.

281 2040 362 2067 I'racl'.
383 2039 457 2074 Yigg.
480 2040 501 2064 1.
524 2040 562 2064 15.
583 2053 614 2057 —
635 2037 665 2070 §-
686 2038 720 2062 2.
748 2037 969 2072 Officialiuni
988 2047 1119 2070 corpus,

279 2086 329 2110 vel
356 2074 509 2109 reatinum
538 2083 766 2115 magistratus.
809 2078 851 2104 111.
878 2080 943 2106 (7η.
972 2078 1045 2113 Quas
1066 2082 1118 2112 (sc,

280 2126 420 2164 pecunias)
442 2125 501 2161 quis
521 2125 546 2150 in
566 2125 730 2159 magistratu.
751 2126 895 2158 potestate.
916 2123 1058 2153 curatione,
1077 2121 1119 2147 vel

281 2180 333 2207 quo
358 2169 408 2195 alio
432 2168 533 2194 officio.
559 2176 677 2194 munt-rc.
701 2166 882 2191 ininistvriovv.
905 2164 1012 2201 publico
1041 2165 1119 2201 cepit,

280 2213 323 2240 vel
342 2222 400 2238 rum
420 2222 451 2237 vx
472 2210 579 2236 cohorte
599 2211 673 2235 cuius
694 2218 784 2234 vorum
804 2212 851 2234 cst.
884 2207 914 2233 fr.
936 2209 958 2233 1.
979 2218 1018 2244 pr.
1039 2207 1071 2233 de.
1090 2207 1118 2234 L.

281 2255 327 2283 tul.
347 2259 427 2291 repet.
458 2255 498 2279 ts.
522 2255 559 2278 11.
602 2252 637 2278 Vt
666 2256 806 2288 susceptos
835 2252 860 2277 in
889 2250 977 2277 officio
1002 2251 1119 2287 proprio.

281 2298 322 2325 vel
343 2297 480 2335 prohat-m.
505 2296 652 2321 cohortium
673 2296 770 2321 nomini
791 2294 956 2329 legionumve
975 2294 1120 2331 privile-giis

281 2342 417 2368 aestiment
442 2339 603 2365 insert-nilus.
638 2338 687 2365 Th.
709 2338 739 2364 C.
766 2337 833 2363 1111.
858 2338 882 2362 4.
912 2347 932 2363 c.
954 2338 993 2362 12.
1023 2336 1055 2363 (1(Ι
1079 2348 1121 2363 co-

961 2379 1120 2406 conditionis

887 2423 920 2449 de
947 2423 1038 2449 advoc.
1068 2423 1119 2449 div.

694 2381 801 2407 ..ln—rius
831 2380 932 2406 vilioris

789 2434 810 2450 c.
834 2427 857 2450 ὅ.

281 2384 375 2412 hortat.
418 2383 439 2409 Α
465 2382 594 2408 rotun-tis.
624 2382 664 2407 vel

282 2427 393 2454 m-xibus
422 2441 454 2445 -
483 2425 580 2451 libi-ros
609 2424 750 2451 custudire.

282 2471 400 2497 iudivior.
419 2471 444 2495 2.
464 2470 487 2495 7.

318 2512 594 2540 Cohortalinus.
645 2512 690 2536 Ad
716 2511 874 2536 cohortem
907 2511 1120 2545 officialium

281 2558 458 2590 pertinens.
496 2554 514 2580 Ι,
529 2556 590 2588 Sy.
616 2552 775 2579 Cohortalis.
805 2552 856 2578 Th.
871 2552 901 2578 C.
919 2551 960 2578 1¹1.
979 2554 1022 2578 35.
1043 2563 1063 2578 c.
1080 2554 1120 2579 14.

283 2599 320 2633 33.
345 2601 364 2624 t.
385 2608 424 2634 sq.
448 2597 480 2624 dc
503 2598 571 2634 priv.
591 2606 644 2623 cor.
667 2605 709 2631 qu.
731 2596 756 2621 in
776 2594 803 2620 S.
824 2595 874 2631 pal.
902 2594 968 2621 1111.
987 2598 1011 2621 5.
1037 2605 1058 2621 c.
1078 2597 1119 2622 66.

283 2642 363 2676 331.
384 2652 423 2677 sq.
449 2641 480 2667 tle
506 2651 584 2668 cursu
607 2639 670 2677 pul).
712 2638 885 2664 provincialis
911 2638 1052 2675 adparitor.
1083 2638 1120 2664 Ib.

284 2684 351 2710 VIII.
379 2686 394 2709 l.
416 2694 435 2709 c.
455 2686 496 2710 26.
522 2683 554 2709 dc
574 2681 701 2709 cohortal.
744 2680 773 2706 Il.
800 2682 866 2714 01).
901 2681 1068 2713 Castrensis,
1088 2697 1120 2701 »-

284 2726 454 2753 Cohortalina
474 2727 500 2752 in
520 2727 663 2763 provinciis
683 2723 816 2758 (militia).
847 2723 882 2748 ll).
902 2723 944 2749 ,XX
955 2723 972 2750 I.
992 2726 1015 2751 5.
1038 2735 1058 2751 c.
1079 2726 1120 2750 4⁸.

285 2782 305 2797 c.
326 2772 366 2795 (55.
388 2770 408 2803 3.
428 2771 451 2794 3.
472 2769 504 2794 (lc
524 2770 644 2795 haeretic.

285 2823 369 2849 nequi·
389 2812 579 2841 cohortalinuS.
605 2828 635 2831 -
661 2811 692 2837 ad
712 2810 787 2836 aliam
806 2808 899 2835 audeat
918 2809 1051 2845 adspirxnw
1071 2810 1121 2836 sor-

286 2862 380 2883 tnnam.
419 2855 454 2880 lh.

686 2768 729 2794 Ill.
750 2768 815 2794 Cn.
848 2765 881 2791 Yt
902 2776 986 2801 ιιι-(μιν
1006 2767 1120 2794 curiatis.
1142 2781 1144 2803 ι1

910 400 938 427 Si
959 402 1026 426 inter
1045 399 1122 426 cohe-
1142 429 1144 440 ‚

699 626 720 641 c.
742 617 782 641 16.
811 615 844 641 d«
868 614 1001 641 collation.
1030 616 1054 641 6.
1077 616 1120 641 20.
1142 607 1144 637 3

897 700 926 727 Si
951 700 1060 727 coheres
1080 700 1123 726 ad·
1143 718 1145 727 v

820 1347 857 1374 ιι).
877 1347 922 1374 lx.
944 1349 983 1374 16.
1005 1358 1026 1374 c.
1046 1349 1070 1374 s.
1090 1348 1122 1375 de
1144 1337 1145 1347 ¹

1143 2664 1144 2677 l

1142 2684 1144 2696 A

1142 2743 1144 2758 s

1142 2763 1144 2775 Ι

483 2853 547 2880 x‘lll.
572 2856 594 2879 -1,
621 2865 641 2880 c.
665 2856 706 2880 25.
736 2852 791 2879 ΧΠ.
818 2854 840 2878 l.
865 2862 885 2879 c.
907 2853 964 2878 154.
989 2852 1020 2878 dc
1045 2852 1121 2879 ‹lecu-

1008 188 1102 221 COH
1127 206 1166 213 —
1192 186 1279 220 COI.

1163 271 1232 298 riou.
1269 269 1447 303 Cohortalini‚
1465 286 1499 292 —
1518 271 1728 309 adparitionibus
1748 273 1864 310 obligati.
1889 274 1925 301 lb.
1939 274 2009 302 ΧΠ.

1165 315 1188 340 5.
1211 324 1232 340 c.
1253 314 1294 340 61.

1201 355 1426 384 (lobon-tali&
1464 357 1708 386 Cohortalinus.
1752 359 1795 386 111.
1819 361 1886 387 Gn.
1916 361 2010 387 Alai-es

1166 404 1191 426 et
1216 398 1374 426 cohortales.
1415 398 1451 425 Ib.
1476 397 1532 425 VII.
1557 402 1598 426 20.
1629 411 1650 427 c.
1675 403 1699 428 4.
1729 402 1751 436 3.
1774 404 1799 429 3.
1835 402 1867 429 de
1895 409 2009 430 vetet-an.

1166 442 1271 478 Quodsi
1291 442 1351 478 quis
1371 441 1482 473 ducum,
1501 440 1544 468 vel
1563 442 1752 481 adparitorum.
1772 444 1816 471 vel
1835 445 2011 473 cohortalium

1166 490 1214 512 etc.
1243 485 1281 512 lb.
1301 484 1370 511 VIII.
1390 486 1414 511 5.
1434 495 1455 511 c.
1476 485 1519 511 66.
1538 485 1560 518 §-
1579 487 1603 512 2.
1629 486 1662 513 de
1682 498 1761 514 cursu
1781 488 1844 525 pub.
1883 488 2012 515 Cohorta-

1165 528 1219 561 les,
1245 533 1323 565 atque
1342 528 1526 563 magistrorum
1553 530 1671 564 equitum
1691 536 1715 557 et
1736 530 1854 568 peditum
1874 530 2010 558 officiales.

1166 572 1203 598 Ib.
1223 571 1290 598 Vffl.
1312 573 1335 597 7.
1355 581 1376 597 c.
1391 572 1414 597 4.
1435 570 1468 596 de
1487 569 1539 597 div.
1559 571 1629 598 offic.
1667 574 1828 610 Quicunque
1846 573 1879 600 ad
1899 574 2011 606 chartas,

1165 614 1207 641 vel
1227 614 1344 645 tabulas,
1363 612 1406 639 vel
1427 612 1604 650 quodcunque
1623 615 1694 642 aliud
1713 617 1890 643 ministerium
1904 616 2012 644 curialis

1166 658 1305 694 optaverit.
1333 656 1371 683 Ib.
1391 655 1458 683 VIII.
1479 658 1503 683 4.
1524 666 1546 683 c.
1561 659 1603 684 20.
1623 658 1656 685 de
1675 658 1803 686 cohortal.
1841 659 1871 686 Si
1890 661 1950 697 quis
1969 670 2012 687 cu-

1166 700 1238 727 rialis
1258 704 1379 732 exactor,
1403 699 1446 725 vel
1466 699 1610 726 cohortalis
1630 702 1796 739 compulsor.
1822 712 1871 740 pro
1894 702 2011 730 obnoxio

1166 753 1195 769 se
1223 742 1346 769 intulisse
1373 747 1567 769 commemoret.
1607 743 1675 770 Nov.
1700 744 1823 772 Marcian.
1852 745 1886 772 de
1909 745 2009 782 indulg.

1166 785 1259 822 reliqu.
1279 785 1321 812 III.
1341 787 1365 812 2.
1386 795 1407 812 c.
1422 786 1445 812 l.
1463 786 1485 820 3.
1499 787 1523 812 2.
1544 785 1576 812 cf.
1596 787 1634 821 33.
1655 789 1678 814 l.
1697 789 1722 814 3.
1759 787 1949 815 Praesentibus
1969 798 2011 815 co-

1166 828 1314 855 hortalibus
1333 833 1406 865 gesta
1425 828 1574 856 conficiant.
1605 840 1626 856 c.
1647 832 1687 856 ll.
1708 831 1729 864 3.
1751 833 1774 858 1.
1795 831 1827 858 dc
1846 831 1937 858 advoc.
1958 831 2010 858 div.

1165 871 1286 899 iudicior.
1304 873 1329 898 2.
1349 873 1372 898 7.

1202 914 1413 942 cohortari.
1450 916 1608 947 Hortari,
1629 917 1779 943 Suadere.
1807 916 1850 944 III.
1865 919 1931 945 οη.
1951 917 2012 944 Non

1166 957 1326 989 invidemus,
1346 956 1394 983 sed
1412 958 1502 994 potius
1522 957 1698 991 cohortamur,
1719 959 1913 997 (amplectenda
1927 959 2012 987 felicis

1165 1000 1259 1038 populi
1278 1000 1390 1028 studia).
1428 999 1478 1027 Th.
1499 999 1530 1027 C.
1549 1000 1608 1027 XV.
1630 1002 1652 1027 7.
1678 1012 1699 1028 c.
1718 1003 1742 1029 3.
1767 1002 1800 1029 de
1823 1004 1935 1030 scaenic.
1972 1003 2012 1030 In-

1166 1054 1273 1080 surgere
1293 1053 1342 1070 nos
1361 1043 1502 1080 disciplina
1521 1048 1673 1071 nostrorum
1687 1049 1837 1083 temporum
1849 1045 2010 1073 cohortatur.

1167 1086 1237 1113 Coll.
1257 1085 1310 1112 LL.
1330 1085 1363 1113 m.
1384 1085 1429 1113 VI.
1449 1088 1474 1113 4.

1203 1129 1433 1157 cohortatio.
1470 1131 1644 1158 Hortatio.
1679 1130 1723 1157 III.
1746 1131 1812 1158 Cn.
1845 1131 1952 1168 Quibus
1975 1137 2012 1159 ta-

1166 1182 1226 1198 men
1246 1171 1393 1198 cohortatio
1412 1173 1565 1209 imponitur,
1585 1183 1638 1199 non
1652 1175 1798 1200 necessitas
1812 1175 1964 1212 imperatur,
1983 1180 2014 1202 nt

1167 1220 1215 1242 etc.
1245 1214 1295 1241 Th.
1310 1214 1341 1241 C.
1360 1215 1405 1242 XI.
1427 1217 1467 1242 15.
1488 1226 1510 1242 c.
1529 1217 1554 1242 2.
1575 1215 1608 1242 de
1626 1216 1688 1253 pub.
1709 1222 1850 1253 comparat.

1203 1258 1474 1291 coinquinare.
1513 1260 1554 1285 Co
1563 1262 1770 1286 mmaculare.
1811 1259 1854 1286 III.
1878 1262 1945 1288 Gn.
1976 1260 2013 1288 Vt

1167 1312 1226 1334 eos,
1252 1311 1319 1338 quos
1338 1311 1386 1338 par
1405 1302 1506 1328 facinus
1526 1303 1679 1338 coinquinat
1704 1307 1730 1328 et
1754 1307 1861 1339 aequat,
1885 1308 2012 1340 utrosque

1167 1344 1262 1372 similis
1281 1354 1366 1381 poena
1385 1346 1531 1371 comitetur.
1552 1355 1573 1371 c.
1587 1347 1630 1371 31.
1650 1345 1683 1371 de
1702 1346 1783 1382 episc.
1804 1350 1830 1372 et
1849 1345 1911 1373 cler.
1932 1348 1955 1373 l.
1968 1348 1993 1373 3.

1203 1388 1325 1416 (luite.
1367 1388 1399 1422 ᾖ.
1425 1389 1460 1415 1.
1490 1389 1686 1420 convenire,
1715 1390 1930 1425 Congregari.
1967 1389 2011 1416 ῙΠ.

1167 1433 1233 1459 Cn·
1270 1430 1379 1457 Praetor
1397 1432 1476 1467 igitur
1493 1431 1596 1457 iubebit
1615 1441 1660 1458 eos
1681 1433 1837 1465 convocari,
1857 1437 1902 1458 ant
1921 1433 2011 1459 sinon

1167 1475 1287 1506 coibunt,
1306 1479 1350 1500 aut
1369 1475 1452 1501 coacti
1471 1484 1524 1500 non
1543 1474 1688 1501 decernent
1707 1479 1755 1501 etc.
1787 1474 1818 1501 fr.
1838 1476 1862 1502 3.
1887 1476 1909 1510 3.
1930 1477 1953 1502 7.
1978 1475 2012 1502 de

1166 1518 1233 1544 adm.
1253 1522 1279 1544 et
1298 1518 1378 1554 peric.
1397 1518 1439 1543 26.
1460 1518 1482 1543 7.
1513 1517 1544 1544 fr.
1565 1520 1588 1544 1.
1613 1518 1647 1544 de
1666 1528 1708 1554 qu.
1728 1517 1784 1544 reb.
1804 1517 1836 1544 ad
1855 1517 1933 1545 eund.
1953 1518 2007 1545 iud.

1167 1563 1206 1587 11.
1226 1563 1250 1587 2.
1288 1560 1452 1586 Permittitur
1469 1561 1636 1588 tenuioribus
1655 1562 1752 1598 stipem
1770 1566 1930 1588 menstruam
1950 1570 2012 1591 con-

1166 1604 1246 1636 ferre.
1273 1603 1335 1630 (lum
1358 1608 1444 1630 tamen
1468 1603 1549 1630 semel
1574 1605 1600 1630 in
1624 1614 1715 1631 mense
1740 1608 1842 1631 coeant.
1874 1603 1905 1630 fr.
1926 1605 1949 1631 1.
1970 1614 2010 1641 pr.

1166 1648 1187 1681 3.
1211 1649 1232 1673 l.
1258 1646 1291 1673 de
1310 1646 1403 1683 colleg.
1423 1651 1450 1672 et
1469 1656 1539 1684 corp.
1564 1649 1606 1674 47.
1626 1649 1668 1673 22.
1697 1663 1730 1666 —
1761 1648 1792 1681 §.
1815 1648 1851 1674 2.
1881 1648 2011 1674 Coitum

1170 1693 1339 1718 Venerenm
1358 1699 1512 1716 exercere.
1550 1689 1592 1716 ΠΙ.
1614 1690 1680 1717 Gn.
1709 1689 1739 1716 Si
1758 1691 1867 1716 maritus
1888 1691 2010 1716 uxori—

1166 1735 1237 1760 coire
1255 1734 1361 1759 minime
1379 1737 1490 1769 propter
1514 1732 1660 1758 naturalem
1684 1732 1893 1759 imbecillitatem
1915 1732 2010 1759 valeat.

1166 1787 1187 1803 c.
1208 1779 1248 1803 10.
1269 1776 1301 1803 (le
1320 1775 1412 1812 repud.
1433 1777 1457 1801 5.
1478 1776 1518 1801 17.
1555 1774 1652 1801 Alieno
1671 1785 1758 1808 serm,
1777 1775 1884 1802 volente
1904 1775 2011 1803 domino

1166 1821 1231 1848 eins,
1251 1820 1330 1846 coire.
1360 1818 1416 1845 Gai.
1432 1818 1449 1845 I.
1464 1819 1505 1844 81.
1526 1818 1557 1844 cf.
1572 1819 1613 1844 91.
1630 1820 1686 1844 160.
1724 1818 1753 1845 Si
1768 1820 1827 1855 quis
1848 1829 1908 1845 cum
1926 1818 2011 1845 aliena

1165 1862 1259 1889 ancilla
1279 1878 1311 1882 —
1331 1862 1431 1888 coierit.
1461 1861 1499 1888 Ib.
1519 1861 1537 1888 I.
1557 1862 1598 1888 85.
1623 1877 1656 1881 -
1682 1862 1712 1894 §-
1733 1863 1770 1888 3.
1801 1864 2010 1890 Contralzere.

1166 1908 1346 1933 Celebrare.
1384 1906 1483 1931 Inire.
1519 1904 1538 1931 I.
1558 1905 1620 1938 Sy.
1650 1904 1801 1931 convenire
1820 1906 1860 1939 (in
1879 1906 2009 1932 matrimo-

1165 1950 1256 1981 nium).
1276 1948 1307 1975 t'r.
1328 1949 1386 1974 121.
1406 1948 1428 1981 3.
1449 1949 1471 1973 l.
1492 1946 1522 1973 fr.
1538 1948 1594 1973 134.
1615 1957 1655 1984 pr.
1676 1947 1709 1973 de
1728 1947 1759 1974 V.
1775 1947 1808 1974 O.
1828 1950 1869 1974 45.
1886 1950 1908 1974 1.
1938 1946 2009 1974 Con—

1164 1992 1268 2018 trahcre
1287 1990 1474 2024 (societatem).
1495 1989 1525 2016 t'r.
1546 1992 1568 2016 1.
1588 2000 1628 2027 pr.
1648 1990 1678 2016 t'r.
1698 1991 1722 2016 4.
1741 1999 1780 2026 pr.
1801 1989 1832 2016 fr.
1846 1992 1870 2016 5.
1884 2000 1924 2027 pr.
1944 1990 1966 2023 3.
1984 1991 2007 2016 1.

1165 2035 1195 2061 l'r.
1208 2037 1250 2061 30.
1269 2044 1318 2071 pro
1333 2044 1386 2060 soc.
1408 2035 1448 2059 17.
1461 2035 1486 2059 ⁴2.
1510 2032 1654 2070 Vsurpare,
1675 2032 1818 2059 Celebrare
1831 2032 2007 2069 (collegium).

1165 2078 1194 2104 t'r.
1216 2079 1238 2104 1.
1259 2078 1280 2110 3.
1302 2078 1341 2102 14.
1366 2076 1399 2102 dc
1422 2076 1465 2102 off.
1486 2075 1539 2102 Prf.
1559 2075 1604 2102 Vr.
1627 2078 1648 2102 l.
1670 2077 1710 2101 12.
1742 2075 1772 2101 fr.
1792 2077 1816 2102 2.
1841 2075 1871 2102 fr.
1890 2077 1914 2102 3.
1940 2076 1962 2110 3.
1984 2078 2006 2102 l.

1164 2121 1197 2147 (le
1216 2119 1308 2155 colleg.
1329 2124 1355 2145 et
1374 2129 1445 2155 corp.
1469 2120 1510 2144 47.
1529 2120 1572 2144 22⁷..
1614 2118 1657 2144 III.
1679 2119 1744 2145 (711.
1774 2118 1828 2153 Qui
1854 2123 1945 2145 contra
1964 2128 2007 2145 an-

1165 2174 1259 2190 nonam
1278 2162 1378 2193 ser-crit,
1397 2162 1584 2187 societatemve
1603 2162 1708 2194 coierit,
1729 2170 1780 2197 quo
1801 2171 1903 2187 annona
1922 2162 2008 2188 carior

1165 2208 1217 2234 liat.
1247 2206 1276 2233 t'r.
1291 2208 1315 2232 2.
1330 2215 1369 2242 pr.
1390 2204 1422 2231 :ul
1441 2204 1471 2231 L.
1485 2204 1532 2231 lul.
1548 2204 1581 2231 de
1594 2214 1652 2230 ann.
1672 2205 1714 2230 4⁸.
1736 2205 1775 2230 12.
1814 2204 1867 2240 Qui
1887 2204 2008 2242 improbe

1165 2254 1260 2277 coiinnt
1280 2250 1307 2275 in
1326 2248 1436 2274 alienam
1455 2247 1536 2274 lits-m.
1565 2247 1596 2274 fr.
1615 2248 1638 2273 6.
1663 2246 1695 2273 ad
1713 2246 1743 2272 L.
1763 2246 1810 2273 lul.
1836 2247 1868 2273 (18
1893 2248 1919 2274 vi
1938 2248 2006 2284 priv.

1165 2296 1206 2320 ts.
1227 2295 1250 2319 7.
1287 2292 1317 2318 Si
1341 2292 1400 2327 quis
1427 2291 1519 2317 coierit
1543 2290 1574 2317 ad
1598 2291 1791 2316 accusationem
1819 2291 2005 2317 innocentium.

1166 2336 1236 2363 Coll.
1255 2335 1308 2362 LL.
1328 2334 1362 2361 M.
1382 2333 1450 2360 VIII.
1471 2335 1494 2360 7.
1514 2334 1544 2360 sr.
1566 2335 1589 2359 1.
1610 2343 1649 2369 pr.
1670 2332 1700 2359 l'r.
1720 2335 1744 2359 9.
1764 2333 1786 2366 3.
1805 2334 1830 2359 3.
1850 2333 1883 2359 de
1901 2333 1931 2360 L.
1943 2332 2006 2360 Cor.

1166 2380 1198 2407 dv
1219 2379 1275 2406 t'als.
1303 2379 1344 2404 48.
1372 2379 1411 2403 10.
1457 2376 1589 2411 Collegia,
1617 2375 1660 2402 vel
1688 2386 1811 2413 corpora,
1840 2376 1937 2412 quibus
1964 2377 2006 2403 ius

1165 2422 1278 2449 coeundi
1296 2421 1353 2457 lege
1372 2421 1529 2457 permissum
1548 2423 1596 2445 est.
1625 2418 1656 2444 sr.
1676 2420 1700 2444 5.
1724 2419 1746 2452 3.
1768 2420 1807 2445 12.
1832 2418 1864 2445 de.
1886 2419 1943 2445 iure
1961 2419 2006 2445 im-

1164 2476 1233 2493 mnn.
1254 2468 1294 2491 50.
1315 2466 1338 2490 (i.
1359 2463 1389 2490 fr.
1410 2465 1432 2489 l.
1452 2462 1484 2488 de
1503 2471 1614 2488 manum.
1635 2471 1677 2498 qu.
1699 2471 1766 2488 serv.
1787 2461 1819 2488 ad
1838 2462 1907 2488 univ.
1928 2463 2004 2488 40.3.

1165 2509 1374 2544 Negotiationem
1392 2506 1517 2541 sagariam
1537 2505 1615 2531 coire.
1635 2504 1665 2531 sr.
1679 2507 1720 2530 52.
1740 2505 1762 2538 3.
1777 2506 1800 2530 4.
1820 2514 1868 2541 pro
1888 2513 1942 2530 soc.
1964 2505 2004 2530 17.

1164 2555 1188 2579 2.
1219 2554 1319 2578 Omnes
1338 2559 1388 2581 res7
1409 2558 1474 2585 quac
1493 2549 1644 2574 coeuntium
1657 2552 1726 2574 sunt.
1746 2547 1777 2573 fr.
1793 2549 1814 2573 l.
1828 2547 1850 2580 3.
1867 2548 1888 2573 l.
1908 2547 1944 2573 ib.
1958 2548 1999 2573 17.

1164 2598 1188 2622 2.
1227 2596 1280 2631 Qui
1299 2592 1463 2620 matrimonio
1483 2592 1577 2617 coituri
1597 2595 1666 2617 sunt.
1687 2590 1717 2617 fr.
1736 2592 1778 2616 27.
1798 2589 1831 2616 de
1850 2589 1937 2616 donat.
1956 2589 2002 2616 int.

1165 2638 1197 2665 V.
1216 2641 1258 2664 24.
1274 2639 1296 2663 1.
1334 2636 1387 2671 Qui
1401 2634 1544 2661 secundum
1564 2639 1704 2671 praecepta
1723 2633 1809 2669 legum
1828 2636 1932 2659 co'cunt.
1960 2631 2001 2658 Pr.

1165 2682 1186 2715 3.
1208 2683 1248 2707 12.
1272 2680 1290 2706 I.
1317 2679 1349 2705 (lc
1369 2683 1441 2715 nupt.
1467 2679 1489 2704 1.
1511 2679 1550 2703 10.
1593 2676 1622 2703 Si
1646 2676 1712 2703 tals-s
1736 2685 1865 2713 personae
1888 2676 1956 2701 inter
1974 2684 2003 2701 se

1143 2730 1144 2736 ¹
1166 2725 1288 2751 coierint.
1312 2721 1440 2754 (nefarias
1465 2725 1543 2757 atque
1566 2721 1681 2746 incestas
1705 2720 1810 2756 nuptias
1839 2718 2003 2745 contraxisse

1165 2766 1308 2799 (licuntur).
1338 2765 1394 2791 Gai.
1414 2764 1432 2790 I.
1453 2765 1493 2790 59.
1523 2763 1583 2800 le.
1603 2762 1672 2789 XVI.
1695 2764 1716 2788 1.

1201 2809 1333 2836 Coitio.
1370 2808 1401 2840 §-
1422 2808 1456 2833 1.
1489 2807 1725 2842 Congregalio.
1764 2804 1780 2830 1.
1800 2805 1861 2838 Sy.
1881 2803 2002 2831 Conven-

1164 2852 1257 2884 ticnla,
1283 2851 1494 2882 conventiones,
1519 2848 1627 2876 Coetus.
1666 2847 1716 2875 Th.
1738 2846 1769 2874 C.
1787 2846 1858 2873 XH.
1883 2848 1906 2872 5.
1935 2857 1956 2873 c.
1978 2848 2000 2873 7.
