2197 3121
1015 164 1107 196 ADS.

199 249 231 276 R.
251 247 282 275 C.
302 249 341 274 12.
362 249 385 274 l.
422 247 464 274 An
484 246 615 273 adsentire
632 245 792 278 venditioni,
815 245 858 273 vel
882 245 1036 283 obligationi

199 291 301 326 deb-eat.
320 291 350 318 sr.
370 292 393 317 5.
413 291 435 324 5.
456 292 495 316 11.
515 290 548 316 de
565 290 621 316 reb.
640 300 692 316 eor.
714 300 756 326 qu.
776 299 796 316 s.
818 294 865 315 tut.
888 291 929 316 27.
950 291 974 316 9.

233 333 411 367 Adsequi.
450 334 623 367 Cousequi,
644 333 805 366 Adipisci.
842 331 861 358 I.
881 333 942 366 Sy.
968 331 1038 358 Con-

199 378 276 414 sequi
295 376 474 410 (libertatem).
494 375 524 402 sr.
539 377 579 401 12.
601 376 622 409 5.
637 376 660 401 9.
681 375 713 401 de
732 376 826 412 captiv.
846 375 887 401 49.
905 377 945 401 15.
977 374 1038 401 Per-

200 421 295 457 cipere.
327 419 376 446 Th.
390 418 421 445 C.
435 418 477 445 HI.
496 421 520 444 8.
540 428 561 444 c.
575 420 598 444 2.
620 428 658 455 pr.
679 417 711 444 de
730 427 782 443 sec.
803 422 875 454 nupt.
912 417 955 444 HI.
972 418 1037 444 (711.

200 463 323 493 Scientia,
343 471 420 498 quam
438 461 497 497 quis
517 465 560 487 aut
578 471 626 497 per
644 470 673 487 se
692 460 796 488 habere.
817 465 861 486 aut
875 459 1037 485 consulendo

198 506 382 543 prudentiores
406 504 515 540 adsequi
541 508 637 540 potest.
672 503 702 529 fr.
723 505 762 529 10.
787 502 819 529 de
845 503 875 529 B.
899 501 927 528 P.
951 503 993 528 37.
1014 504 1036 528 l.

198 548 254 575 Nec
274 558 366 577 emere,
386 557 434 573 nec
453 546 576 573 donatum
595 546 716 582 adsequi.
736 555 783 571 nec
803 544 954 571 damnosam
968 545 1038 580 quis-

198 602 276 628 quam
303 590 473 617 hereditatem
502 589 573 615 adire
602 588 775 625 compellitur.
805 598 826 614 c.
853 588 892 613 16.
922 587 954 613 de.
983 588 1038 613 iure

198 634 278 660 delib.
298 635 322 660 6.
340 635 381 659 30.
418 632 573 659 Fideiussor
593 635 750 662 conventus.
775 630 863 657 officio
882 630 977 656 iudicis
996 629 1038 656 ad-

198 681 305 703 secutus
329 681 369 702 est
392 680 421 701 ut
445 680 493 701 etc.
522 675 552 701 fr.
571 677 595 701 2.
624 674 657 701 de
682 673 756 700 distr.
781 674 851 710 pigu.
880 675 922 699 20.
947 675 971 699 5.
1008 672 1038 698 Si

197 719 354 746 fructuarius
373 719 562 755 prop1·Ietatem
580 716 720 743 adsecutus
739 716 826 743 fuerit.
854 715 885 742 fr.
905 717 930 742 4.
954 715 1036 742 usufr.

199 761 318 799 quemad.
344 764 366 788 7.
386 762 410 787 9.

232 806 431 832 Adserere.
468 803 499 836 §.
519 804 554 829 1.
584 804 706 829 Serere.
742 801 784 827 111.
799 803 865 829 (7η.
894 800 960 837 Cogi
979 801 1037 827 refi-

198 857 270 878 cere,
290 845 507 883 quemadmodum
526 844 648 871 adserere
672 844 722 878 [al.
743 844 912 877 subsereret
937 845 1037 880 cogitur

197 890 313 916 arbores.
343 888 372 915 fr.
394 891 416 915 7.
442 889 463 922 5.
483 890 508 914 3.
528 887 560 914 de
579 887 660 914 usut'r.
691 889 714 913 7.
735 889 757 913 1.
790 903 822 906 —-
853 888 884 921 ἓ.
905 889 940 914 2.
974 889 1036 913 Ad-

196 935 352 964 sciscere,
380 933 559 958 Vindicare.
598 930 641 957 Ill.
662 932 727 958 Cn.
755 930 793 957 Ut
816 930 935 967 direptus
955 940 967 955 a
987 929 1037 955 cle-

196 976 259 1002 ricis
279 974 426 1006 adseratur,
445 973 487 1000 vel
507 973 654 1010 adpellasse
674 972 818 999 simuletur.
861 973 911 999 Th.
935 972 966 999 C.
990 972 1035 999 IX.
1058 983 1059 986 ¹

195 1019 238 1044 40.
258 1028 279 1044 c.
300 1019 340 1044 15.
360 1017 392 1043 de
410 1026 487 1054 poen.
524 1015 579 1042 Nec
598 1016 721 1042 serendus
741 1021 781 1042 est
800 1021 966 1053 procurator,
992 1016 1036 1052 qui

196 1061 248 1087 sibi
276 1060 373 1086 adserit
400 1060 620 1097 procurationem.
649 1058 679 1085 fr.
703 1060 745 1085 25.
775 1059 807 1085 dc
835 1069 939 1096 procur.
967 1060 991 1084 3.
1011 1060 1034 1084 3.

196 1103 250 1139 Qui
269 1113 361 1130 servus
381 1102 484 1130 dicitur.
504 1112 585 1138 seque
605 1101 703 1128 adserit
722 1103 748 1128 in
767 1102 922 1128 libertatem.
947 1100 977 1127 fr.
994 1103 1034 1127 11.

195 1146 218 1180 5.
238 1147 262 1172 9.
289 1145 320 1172 de
339 1147 415 1172 iniur.
439 1146 481 1171 47.
502 1146 542 1171 10.
581 1144 634 1180 Qui
659 1155 688 1171 se
712 1155 744 1171 ex
769 1144 939 1171 libertinitate
967 1145 1035 1180 inge-

194 1189 288 1214 nuitati
307 1188 436 1214 adserant.
465 1188 494 1214 fr.
514 1190 538 1214 2.
558 1188 579 1222 5.
602 1190 623 1214 1.
643 1189 665 1214 si
685 1189 769 1224 ingen.
790 1198 848 1214 esse
868 1188 918 1214 dic.
937 1189 978 1213 40.
994 1188 1033 1213 14.

195 1246 227 1250 -
257 1231 288 1264 ἕ.
309 1232 346 1258 ³.
380 1233 557 1266 Adlegare,
586 1232 764 1267 Profiteri.
802 1231 820 1257 I.
841 1233 901 1265 Sy.
938 1230 1057 1256 Dicere.

195 1273 245 1307 (ad
268 1282 297 1299 se
320 1274 476 1310 pertinere).
507 1273 537 1299 fr.
564 1275 586 1300 1.
615 1274 636 1307 5.
662 1276 686 1300 2.
715 1275 738 1300 si
761 1284 822 1310 pars
848 1273 936 1300 hered.
965 1275 989 1299 5.
1009 1274 1032 1298 4.

194 1315 236 1343 ΠΙ.
257 1317 323 1344 οη.
354 1315 392 1348 Is,
416 1317 461 1353 qui
485 1326 514 1342 se
538 1316 637 1342 adserit
666 1316 807 1343 domiuum.
841 1327 862 1342 c.
889 1319 911 1343 1.
934 1327 973 1353 pr.
1001 1315 1033 1342 de

195 1358 290 1385 adsert.
310 1358 366 1385 toll.
387 1361 410 1385 7.
431 1361 470 1385 17.
512 1358 655 1395 Postquam
674 1359 737 1385 alias
757 1359 933 1395 adlegationes
952 1359 1034 1394 litiga·
1054 1366 1055 1380 ¹

195 1406 266 1428 tores
286 1401 407 1428 adserere
426 1401 518 1428 nolint.
555 1401 645 1428 Iulian.
666 1403 727 1439 epit.
748 1412 807 1429 nov.
829 1413 849 1429 c.
869 1405 911 1429 54.
931 1403 953 1437 5.
974 1404 1031 1428 197.

194 1449 227 1464 '—
251 1445 282 1478 ξ.
303 1446 342 1471 4.
370 1447 522 1472 Probare.
560 1444 603 1471 III.
625 1446 691 1472 Cn.
723 1445 911 1478 Instrumenta,
936 1446 1032 1482 quibus

193 1487 280 1514 adseri
302 1492 416 1525 possunt
439 1488 549 1521 (causae
567 1489 789 1524 provocationis).
820 1500 841 1516 c.
863 1491 885 1516 1.
909 1494 938 1515 ut
962 1498 1030 1515 caus.

193 1535 255 1568 post
273 1531 335 1568 pub.
359 1532 383 1557 5.
401 1531 442 1557 48.
485 1531 538 1566 Qui
557 1546 589 1550 —
608 1531 634 1556 in
654 1530 782 1558 libertatis
801 1533 973 1569 possessione
987 1531 1032 1557 du-

192 1575 268 1606 ravit,
287 1573 329 1600 vel
348 1584 425 1610 quem
444 1573 566 1599 adserant
585 1574 705 1610 suffragia
725 1585 860 1601 munerum
884 1579 909 1601 et
927 1574 1033 1611 privile·
1053 1595 1055 1616 ¹»

192 1617 232 1653 gia
259 1618 418 1643 meritorum.
456 1616 505 1643 Th.
531 1616 562 1643 C.
583 1616 627 1644 IV.
646 1620 670 1644 ὅ.
691 1628 712 1643 c.
733 1619 756 1644 9.
781 1617 894 1652 (ch.)
919 1618 950 1644 de
970 1617 1033 1644 libe-

192 1659 241 1686 rali
262 1670 282 1686 c.

228 1702 414 1729 Adsertio.
451 1702 482 1736 ᾖ.
497 1704 531 1729 l.
559 1704 660 1729 Actus
680 1706 854 1730 adnerendi
873 1706 1031 1730 homiuem

193 1746 226 1771 in
245 1747 446 1777 libertatem,
472 1747 517 1771 vel
541 1747 791 1780 ingenuitatem.
828 1746 870 1773 lll.
891 1748 957 1774 Cn.
988 1746 1030 1772 Oh

192 1787 382 1823 turpitudinem
401 1792 427 1813 et
445 1787 617 1814 famositatem
636 1789 809 1825 prohibentur
828 1789 933 1825 quidem
946 1790 1032 1825 cogui-

193 1834 277 1855 turam
296 1831 445 1866 suscipere,
465 1830 639 1856 adsertionem
658 1841 718 1857 non.
756 1831 839 1858 Yatic.
859 1833 880 1866 5'
900 1834 959 1858 324.
997 1831 1032 1858 Vt

192 1871 301 1898 liberale
320 1872 444 1898 iudicium
464 1874 520 1909 ipse
540 1872 701 1909 disceptator
720 1876 858 1907 examinet,
878 1875 1032 1901 adsertioni-

192 1914 242 1940 bus
262 1915 404 1947 ordinatis,
429 1925 494 1951 quas
513 1917 584 1942 iuxta
604 1916 722 1942 ordinem
741 1918 805 1943 iuris
826 1919 947 1944 convenit
966 1918 1032 1944 cele-

192 1956 271 1983 brari.
303 1957 352 1984 Th.
373 1957 404 1984 C.
424 1957 468 1984 Vl.
488 1959 512 1984 4.
533 1969 554 1985 c.
575 1961 614 1985 16.
633 1959 664 1985 (19
684 1959 767 1986 Praet.
788 1966 813 1987 et
833 1961 884 1996 Qu.
921 1961 950 1987 Si
969 1966 1031 1998 post

191 1999 368 2026 adsertionem
392 2000 622 2038 defensionemque
641 2003 798 2035 ordinatam,
827 2004 893 2030 alius
917 2005 942 2030 in
966 2004 1031 2030 iudi-

193 2043 261 2069 cium
281 2044 360 2069 acciri
380 2044 509 2080 petiverit.
543 2044 580 2071 Ib,
600 2044 643 2071 IV.
663 2047 687 2072 8.
708 2056 729 2072 c.
749 2049 772 2072 8.
793 2046 897 2080 (ch.)
917 2047 949 2073 de
968 2047 1031 2073 libe-

190 2085 238 2112 rali
258 2096 279 2112 c.
311 2102 345 2105 —
375 2087 405 2119 ξ.
426 2088 461 2113 2.
492 2089 686 2123 AdlegatIO,
714 2091 892 2126 I’rofessio.
929 2090 947 2116 I.
968 2091 1028 2124 Sy·

190 2127 338 2164 Adlegatio,
371 2128 408 2155 lb.
428 2128 480 2156 VI:
496 2131 520 2156 4.
545 2140 566 2156 c.
585 2132 626 2157 22.
651 2132 672 2165 5.
691 2133 715 2158 2.
741 2132 774 2158 de
792 2132 876 2159 Praet.
913 2133 1030 2160 Adseve-

190 2171 264 2197 ratio.
284 2170 321 2197 lb.
334 2171 367 2198 X.
383 2174 422 2198 10.
435 2182 456 2198 c.
471 2174 494 2199 7.
508 2182 547 2209 sq.
562 2172 594 2199 de
607 2175 680 2210 petit.
695 2179 720 2201 et
733 2175 802 2202 ultro
817 2176 868 2202 dat.
905 2176 948 2202 III.
963 2178 1028 2204 Gn·

192 2212 342 2240 Contractis
361 2215 388 2240 in
407 2214 479 2241 litem
498 2216 633 2248 omnibus,
659 2222 685 2243 et
707 2218 901 2245 adsertionibus
920 2220 970 2246 iam
990 2230 1029 2245 or·
1050 2217 1051 2222 ¹

192 2254 287 2282 dinatis
307 2261 332 2282 et
351 2257 505 2293 profligatis,
525 2261 678 2296 exactisque
696 2271 779 2297 paene
792 2261 904 2288 iudiciis.
933 2262 970 2288 11).
984 2262 1027 2289 IV.

191 2300 215 2324 8.
236 2308 256 2324 c.
275 2300 299 2325 4.
319 2299 423 2333 (ch.)
443 2301 475 2327 de
495 2301 596 2328 liberali
616 2313 637 2329 c,
675 2303 757 2330 Novis
772 2304 967 2331 adsertionibus
981 2306 1027 2337 uti,

190 2341 233 2367 vel
253 2343 460 2378 exceptionibus.
485 2354 506 2371 c.
526 2346 550 2371 4.
571 2345 603 2371 de
622 2350 701 2383 temp.
722 2351 748 2372 et
766 2357 849 2384 repar.
869 2358 928 2385 app.
949 2350 971 2374 7.
986 2349 1026 2375 63.

191 2382 221 2409 Si
240 2383 432 2412 adsertionibus
451 2388 506 2413 veri
525 2387 591 2414 fides
610 2388 689 2415 fuerit
709 2390 842 2426 opitulata.
870 2390 907 2417 lb.
921 2390 966 2417 IX.
985 2393 1027 2417 34.

192 2436 213 2452 c.
234 2428 257 2452 7.
283 2426 315 2452 de
334 2426 423 2455 samos.
448 2429 530 2457 libell.
561 2446 594 2450 —
625 2432 655 2465 ἕ.
676 2434 713 2459 3.
741 2435 946 2466 Adtributio,
977 2436 1028 2461 In-

190 2471 390 2503 corporatio.
435 2471 478 2498 ΠΙ.
503 2474 568 2500 Cn.
602 2473 729 2512 Ampliss.
757 2475 858 2502 ordinis
885 2476 1026 2503 adsertioni

190 2516 288 2548 pareat.
325 2512 362 2538 Ib.
381 2512 425 2539 VI.
444 2515 467 2541 7.
491 2525 512 2541 c.
532 2518 573 2542 22.
599 2516 631 2543 (19
650 2523 732 2554 agent.
752 2520 779 2545 in
798 2519 852 2546 reb.
889 2519 1025 2546 Trinitatis

191 2553 321 2587 ordinem,
340 2565 510 2592 personarum
529 2558 716 2593 adsertionem,
737 2566 762 2587 et
781 2561 926 2589 divinitatis
945 2564 1026 2589 unita-

190 2601 250 2623 tem.
287 2597 324 2624 Ib.
343 2597 413 2624 XVI.
435 2601 457 2625 l.
477 2610 498 2626 c.
516 2603 540 2628 3.
561 2602 593 2629 de.
612 2603 665 2629 fide
684 2603 779 2630 cathol.

225 2640 416 2668 Adsertor.
454 2643 485 2676 ἓ.
505 2645 539 2670 1.
566 2647 628 2678 Qui
646 2648 802 2673 hominem
823 2650 957 2675 liberali
975 2651 1024 2676 2⁸11-

189 2684 275 2709 dicio
296 2685 326 2708 in
346 2685 532 2712 libertatem
549 2690 643 2720 petit.
680 2689 722 2716 ΙΙΙ.
742 2691 808 2717 (ἠ.
836 2690 864 2716 Si
884 2691 916 2717 de
936 2691 1025 2725 (liber-

190 2725 255 2757 tate)
276 2725 389 2752 hominis
409 2730 587 2755 controversia
606 2736 668 2763 erat,
688 2748 720 2751 ——
741 2737 768 2758 ut
781 2732 810 2759 L.
825 2734 928 2760 assibus
942 2744 1025 2761 sacra-

189 2773 276 2794 mento
301 2770 513 2803 contendere-tur,
543 2788 576 2791 —
604 2783 636 2799 ne
659 2775 829 2802 satisdatione
856 2783 1025 2804 onerarentur

190 2811 347 2839 adsertores.
377 2812 433 2840 Gai.
457 2813 501 2842 IV.
523 2816 562 2842 14.
599 2815 664 2843 Post
686 2824 838 2856 susceptum
861 2819 969 2847 liberale
988 2822 1024 2848 iu-

1880 166 1922 196 37

1081 246 1190 279 dicium,
1210 247 1233 273 si
1252 246 1371 274 adsertor
1390 256 1493 274 causam
1512 246 1664 274 deseruerit.
1695 246 1766 273 Paul.
1781 246 1812 273 V.
1828 248 1850 272 l.
1862 247 1883 280 5
1895 248 1918 273 5.

1082 290 1149 317 Cum
1168 300 1216 327 per
1239 290 1388 316 adsertores
1412 300 1493 327 super
1515 290 1636 316 libertate
1660 290 1785 316 iudiciuin
1809 290 1919 325 agitaba-

1082 338 1131 360 tur.
1156 344 1177 360 c.
1196 335 1220 360 2.
1240 333 1272 359 de
1290 333 1379 359 adsert
1397 333 1453 359 toll.
1474 335 1496 359 7.
1513 335 1552 360 17.
1573 349 1605 353 --
1624 334 1654 367 §.
1669 335 1704 360 2.
1731 334 1919 369 Confesssor.

1082 376 1123 403 III.
1144 377 1209 404 Gn.
1241 375 1370 402 Nem-nae
1394 376 1513 402 adsertor
1540 376 1616 408 fidei,
1643 381 1668 403 et
1692 375 1835 402 catholicae
1860 374 1919 401 reli-

1081 420 1166 455 gionis
1179 429 1256 445 verus
1271 419 1363 445 cultor.
1392 418 1441 445 Th.
1456 419 1486 445 C.
1500 418 1570 445 XVI.
1585 421 1607 445 5.
1624 429 1644 445 c.
1658 420 1681 445 6.
1696 419 1717 452 5.
1731 420 1754 445 2.
1775 418 1807 444 de
1820 418 1917 444 haeret.

1082 462 1240 488 Adsertores
1261 462 1389 498 dogmatis
1408 461 1539 488 catholici.
1573 462 1610 488 lb.
1629 461 1700 488 XVI.
1719 463 1743 488 6.
1769 472 1790 487 c.
1809 462 1833 487 4.
1853 462 1874 495 5.
1892 463 1917 487 2.

1082 515 1114 531 ne
1133 504 1160 531 S.
1180 505 1302 542 baptism.

1116 548 1369 575 Adsertorius.
1408 547 1544 581 (Adiect.)
1590 549 1637 574 Ad
1667 549 1804 574 liberale
1833 547 1918 573 indi-

1082 592 1166 617 cium
1194 597 1352 625 spectans.
1396 590 1438 616 111.
1459 592 1525 618 (711.
1557 590 1630 617 Lites
1653 590 1820 617 adsertoriae.
1853 600 1874 616 c.
1896 591 1917 615 l.

1082 643 1120 670 pr.
1141 633 1173 659 de
1192 634 1288 660 adsert.
1308 633 1364 660 toll.
1385 635 1408 661 7.
1429 635 1468 660 17.

1116 677 1310 704 Adsertus.
1339 676 1459 710 (Partic.)
1488 678 1533 708 Is,
1553 679 1608 711 qni
1624 678 1752 710 petitur
1771 678 1803 703 in
1821 677 1918 702 liber-

1082 725 1187 746 tatem.
1224 719 1266 746 III.
1283 721 1347 747 Cn.
1373 720 1401 746 Si
1421 721 1446 746 iu
1460 719 1555 750 medin,
1574 719 1708 745 adsertore
1726 719 1800 745 litem
1818 723 1917 755 agente,

1082 762 1202 788 adsertus
1222 763 1253 788 ab
1272 762 1321 789 hac
1340 762 1398 789 luce
1417 762 1500 790 fuerat
1519 762 1676 789 subtractus.
1697 773 1718 789 c.
1731 764 1755 788 2.
1776 762 1808 788 de
1821 761 1917 788 adsert.

1082 804 1138 830 toll.
1159 806 1181 831 7.
1204 807 1243 831 17.

1115 849 1310 875 Adsertus.
1339 848 1472 883 (Adiect.)
1509 850 1700 880 Praeditus,
1722 850 1917 875 [astruetur.

1081 890 1123 916 III.
1145 892 1210 918 (711.
1243 891 1296 917 Eos
1321 896 1457 928 expetere,
1482 902 1548 928 quos
1572 893 1649 918 iustis
1674 891 1794 917 adsertos
1812 889 1917 927 privile-

1080 935 1129 969 giis
1149 944 1202 959 non
1220 938 1345 971 poterunt
1365 935 1490 961 obtinere.
1528 934 1577 961 Th.
1597 934 1628 961 C.
1646 934 1704 960 XII.
1725 936 1746 960 1.
1767 944 1788 960 c.
1810 934 1865 959 136.
1885 932 1917 958 dc

1081 976 1214 1003 decurion.

1115 1021 1342 1047 Adservari-e.
1385 1020 1416 1053 ξ.
1441 1021 1476 1047 l.
1515 1021 1699 1051 Custodire,
1732 1020 1916 1046 continere.

1079 1062 1122 1088 111.
1148 1064 1213 1090 (711.
1243 1062 1295 1098 Qui
1315 1073 1328 1088 a
1347 1062 1475 1089 militibus
1500 1063 1708 1099 statoribusque,
1731 1062 1774 1088 vel
1798 1073 1811 1088 a
1836 1062 1917 1088 muni-

1080 1105 1209 1142 cipalibus
1228 1106 1382 1132 ministeriis
1403 1105 1562 1132 adservatur.
1592 1105 1621 1132 fr.
1643 1108 1682 1132 10.
1703 1116 1734 1131 ex
1754 1115 1796 1141 qu.
1817 1115 1838 1131 c.
1857 1105 1915 1130 mai.

1079 1150 1103 1175 4.
1122 1150 1146 1175 6.
1166 1165 1199 1168 -
1219 1149 1249 1182 §.
1270 1150 1306 1175 2.
1335 1151 1486 1180 Servare,
1507 1150 1676 1182 consequi.
1706 1148 1747 1175 Ill.
1762 1150 1827 1176 Cn·
1847 1147 1916 1174 Man-

1079 1191 1132 1217 dati
1151 1193 1280 1217 actionem
1299 1207 1332 1210 ——
1352 1191 1494 1227 indulgeri.
1519 1195 1647 1227 quatenus
1670 1193 1757 1228 possit
1774 1201 1822 1228 per
1840 1190 1915 1221 hanc,

1078 1234 1149 1271 quod
1168 1234 1268 1260 utiliter
1286 1236 1434 1271 impensum
1457 1239 1509 1266 est,
1534 1234 1674 1260 adservari.
1701 1244 1721 1260 c.
1745 1236 1766 1260 1.
1787 1235 1808 1268 5.
1828 1236 1852 1260 5.
1883 1232 1915 1259 de

1078 1278 1115 1303 rei
1135 1287 1209 1304 uxor.
1229 1282 1277 1303 act.
1297 1280 1321 1304 5.
1342 1279 1382 1304 13.

1112 1320 1299 1347 Adsessio.
1337 1321 1454 1347 Munus
1473 1322 1663 1347 adsessoris.
1699 1320 1718 1346 Ι.
1737 1321 1798 1354 Sy.
1818 1319 1915 1345 Adses-

1077 1364 1145 1389 soris
1165 1363 1289 1389 officium.
1310 1373 1331 1389 c.
1346 1364 1386 1389 14.
1400 1373 1439 1400 pr.
1459 1364 1495 1397 55.
1514 1365 1535 1389 1.
1556 1373 1595 1400 sq.
1615 1363 1648 1390 de
1667 1363 1798 1390 adsessor.
1820 1364 1841 1389 l.
1855 1363 1896 1388 51.

1112 1407 1305 1433 Adsessor.
1349 1408 1414 1439 Qui
1439 1408 1581 1433 concilio
1610 1409 1831 1442 magistratus
1861 1408 1915 1432 ad-

1076 1451 1223 1483 scriptus
1243 1454 1297 1475 est.
1334 1448 1351 1474 1.
1367 1450 1428 1483 Sy.
1456 1449 1586 1476 Adsidere
1607 1450 1645 1482 (in
1665 1449 1825 1481 concilium).
1862 1448 1915 1475 Ad-

1076 1493 1191 1519 sessoris
1211 1491 1300 1518 officio
1321 1490 1400 1527 fungi.
1428 1491 1459 1518 fr.
1472 1494 1496 1519 2.
1517 1502 1557 1528 sq.
1577 1492 1606 1518 sr.
1625 1493 1649 1518 6.
1669 1492 1700 1518 de
1720 1492 1763 1518 off.
1782 1492 1914 1519 adsessor.

1078 1537 1099 1561 1.
1119 1537 1160 1561 22.
1185 1534 1215 1561 [Γ.
1236 1536 1251 1561 9
1279 1535 1301 1568 5
1320 1536 1344 1561 3.
1365 1534 1526 1570 Q11.111et.c.
1551 1537 1574 1562 4.
1589 1538 1613 1562 2.
1651 1535 1834 1563 Consiliarius.
1864 1534 1914 1561 Th.

1077 1578 1108 1605 C.
1128 1578 1145 1604 I.
1159 1579 1201 1604 21.
1221 1588 1242 1604 c.
1257 1579 1280 1604 1.
1294 1588 1333 1614 sq.
1353 1577 1456 1611 (ch.)
1476 1578 1507 1604 de
1521 1578 1652 1605 adsessor.
1681 1579 1722 1605 III.
1738 1580 1802 1606 Cn.
1828 1578 1915 1604 Omne

1077 1621 1193 1647 officium
1217 1620 1377 1651 adsessoriS,
1410 1630 1461 1657 quo
1489 1622 1553 1647 iuris
1579 1621 1692 1648 studiosi
1715 1622 1833 1659 partibus
1858 1622 1914 1648 suis

1077 1664 1225 1700 funguntur.
1250 1663 1280 1689 sr.
1302 1665 1324 1689 1.
1345 1662 1375 1689 cf.
1395 1662 1425 1690 fr.
1445 1666 1468 1690 2.
1489 1663 1521 1690 de
1540 1664 1583 1690 off.
1603 1664 1734 1690 adsessor.
1756 1667 1777 1691 1.
1790 1666 1832 1690 22.
1860 1664 1913 1691 Ad-

1076 1716 1209 1737 sessores.
1234 1706 1278 1741 qui
1298 1721 1330 1725 -—
1349 1707 1404 1732 sive
1429 1707 1454 1732 ln
1479 1708 1623 1743 provinciis
1647 1709 1703 1733 sive
1727 1709 1753 1733 in
1777 1717 1851 1733 sacro
1872 1717 1913 1733 co-

1076 1751 1179 1779 mitatu,
1209 1749 1331 1774 iuverunt
1354 1748 1476 1779 consilia,
1499 1748 1542 1774 vel
1566 1750 1699 1776 iuvabunt.
1736 1749 1785 1776 Th.
1811 1749 1841 1776 C.
1868 1749 1912 1776 VI.

1077 1794 1116 1818 15.
1137 1802 1158 1818 c.
1180 1793 1202 1817 l.
1232 1791 1264 1817 de
1288 1793 1374 1818 comit.
1399 1802 1441 1828 qu.
1465 1791 1560 1818 illustr.
1598 1792 1627 1819 Si
1650 1793 1797 1819 adsessoris
1817 1794 1912 1830 impru-

1076 1834 1163 1861 dentia
1182 1835 1222 1860 ius
1242 1834 1317 1860 aliter
1336 1834 1433 1861 dictum
1452 1836 1499 1867 sit,
1519 1845 1596 1872 quam
1615 1837 1739 1873 oportuit.
1764 1836 1794 1863 fr.
1814 1838 1838 1862 2.
1859 1836 1910 1872 Qu.

1076 1878 1162 1914 quisq.
1182 1878 1230 1903 iur.
1249 1878 1273 1903 2.
1293 1878 1317 1902 2.

1109 1920 1382 1946 Adsessorium.
1426 1921 1518 1953 Quod
1543 1924 1583 1948 ad
1609 1925 1814 1949 adsessorem
1842 1932 1911 1956 spe-

1074 1969 1153 1989 ctat.
1190 1961 1231 1988 III.
1252 1963 1317 1989 Gn.
1351 1962 1464 1989 Sabinus
1489 1965 1515 1990 in
1539 1965 1689 1991 adsessorio
1714 1981 1746 1985 ——
1766 1966 1808 1991 ait.
1836 1964 1866 1991 fr.
1886 1967 1910 1991 5.

1075 2006 1096 2039 5.
1117 2008 1140 2031 8,
1165 2004 1197 2031 de
1216 2006 1292 2031 iniur.
1315 2007 1357 2032 47.
1378 2008 1417 2032 lO.
1455 2006 1614 2034 Puteolanus
1637 2008 1682 2035 lib.
1704 2010 1725 2035 l.
1750 2008 1910 2035 adsessorio-

1074 2058 1131 2074 rum
1151 2048 1250 2074 scribit.
1276 2048 1305 2074 fr.
1327 2050 1366 2074 12.
1387 2048 1419 2075 de
1437 2055 1505 2087 pact.
1529 2053 1553 2077 2.
1574 2053 1614 2078 14.

1108 2092 1329 2118 Adsessura.
1368 2093 1485 2119 Munus
1505 2096 1693 2121 adsessoris.
1729 2094 1771 2120 111.
1790 2095 1855 2122 Gn.
1880 2093 1909 2120 Si

1074 2135 1133 2171 quis
1153 2134 1220 2160 forte
1238 2134 1410 2167 venditionis.
1429 2135 1471 2162 vel
1490 2137 1624 2169 amicitiae,
1643 2137 1685 2164 vel
1705 2137 1859 2164 adsessurae
1876 2153 1908 2156 —

1073 2182 1216 2215 proxeneta
1235 2176 1291 2204 suit.
1310 2177 1341 2203 fr.
1360 2180 1384 2204 3.
1403 2188 1442 2215 pr.
1463 2179 1495 2205 de
1512 2185 1648 2216 prom-net.
1667 2182 1708 2207 50.
1730 2182 1769 2207 1-1.

1107 2221 1357 2247 Adseverare.
1395 2224 1592 2258 Adfirmare.
1620 2223 1742 2250 Iltcn.
1771 2222 1907 2259 Quidquid

1073 2264 1099 2289 in
1117 2264 1227 2289 veritate
1246 2272 1298 2289 non
1318 2268 1370 2295 est,
1395 2264 1443 2291 sed
1465 2275 1513 2302 pro
1537 2275 1600 2292 vero
1623 2266 1798 2293 adseveratur.
1835 2265 1906 2292 Paul.

1073 2305 1104 2332 V.
1124 2307 1165 2332 25.
1186 2306 1207 2340 5.
1227 2307 1251 2332 3.
1281 2306 1313 2332 cf.
1332 2308 1354 2340 5.
1376 2309 1415 2334 15.
1435 2318 1474 2344 sq.
1499 2308 1531 2334 de
1550 2308 1574 2334 h.
1595 2319 1637 2345 qu.
1657 2314 1710 2336 not.
1729 2309 1815 2335 infam.
1837 2310 1862 2334 3.
1880 2310 1905 2334 2.

1073 2348 1132 2375 Non
1152 2348 1243 2375 debuit
1261 2349 1348 2381 facile,
1369 2360 1434 2386 quac
1453 2351 1596 2386 ignorabat,
1616 2352 1703 2379 adsev.
1730 2352 1759 2378 sr.
1781 2353 1820 2378 13.
1839 2352 1861 2385 5.
1880 2352 1905 2377 3.

1072 2391 1104 2418 dc
1123 2391 1154 2418 A.
1174 2392 1204 2418 E.
1223 2391 1256 2418 V.
1276 2394 1316 2418 19.
1337 2394 1360 2418 l.
1398 2393 1451 2428 Qui
1474 2394 1523 2420 tibi
1546 2396 1641 2427 suasit,
1666 2411 1698 2415 ——
1721 2394 1814 2420 salsum
1833 2393 1905 2420 adse-

1071 2436 1178 2461 veravit.
1208 2445 1230 2461 c.
1249 2436 1290 2461 39.
1315 2435 1347 2461 de
1366 2440 1487 2463 transact.
1511 2439 1535 2464 2.
1555 2439 1579 2464 4.
1617 2438 1682 2473 Qui,
1706 2436 1777 2473 quod
1799 2437 1905 2463 adseve-

1071 2482 1207 2511 raverunt,
1231 2488 1284 2504 non
1307 2484 1447 2516 praestant.
1483 2479 1513 2506 fr.
1538 2482 1578 2507 17.
1602 2481 1626 2514 5
1647 2482 1688 2506 20.
1717 2479 1749 2506 de
1773 2479 1838 2506 Aed.
1863 2479 1903 2507 ed.

1068 2523 1110 2548 21.
1131 2523 1154 2547 1.

1103 2564 1366 2592 Adseveratio.
1397 2567 1586 2601 Adlegatio,
1612 2566 1827 2601 Adfirmatio.
1860 2566 1902 2593 111.

1070 2607 1135 2634 Gn.
1168 2606 1261 2643 Neque
1283 2608 1428 2644 professio.
1458 2619 1541 2645 neque
1568 2607 1730 2635 adseveratio
1754 2619 1904 2647 nuncupan—

1068 2651 1133 2676 tium
1152 2650 1237 2683 filios,
1258 2652 1302 2686 qui
1322 2661 1374 2677 nou
1393 2657 1463 2683 sunt,
1482 2651 1584 2677 veritati
1602 2651 1770 2688 praeiudicat.
1792 2664 1812 2679 c.
1826 2655 1849 2679 5.
1870 2652 1902 2679 de

1069 2698 1170 2720 testam.
1191 2699 1216 2720 et
1235 2694 1352 2730 quemad.
1372 2695 1395 2720 6.
1409 2696 1449 2719 23.
1486 2693 1553 2719 Cum
1571 2694 1741 2721 intentionem
1759 2695 1902 2722 secundum

1070 2736 1292 2763 adseverationem
1312 2747 1383 2763 suam
1402 2737 1499 2773 petitor
1516 2736 1674 2772 probaverit.
1704 2748 1724 2763 c.
1744 2739 1767 2764 9.
1794 2738 1826 2764 de
1845 2748 1899 2764 cxc.

1069 2789 1089 2805 s.
1109 2789 1209 2816 praesc.
1229 2781 1252 2806 8.
1265 2781 1307 2806 36.
1344 2779 1414 2805 Falsi
1428 2780 1548 2807 nominis.
1567 2780 1609 2806 vel
1623 2782 1793 2816 cognominis,
1813 2781 1898 2808 adsev.

1068 2822 1099 2849 sr.
1121 2824 1160 2849 13.
1180 2833 1219 2860 pr.
1239 2822 1272 2849 de
1289 2822 1318 2849 L.
1339 2822 1400 2849 Cor.
1420 2821 1452 2848 de
1471 2821 1527 2849 sals.
1546 2824 1587 2849 48.
1608 2825 1647 2850 10,
