2197 3121
1016 152 1108 182 PER.

188 235 230 262 vel
251 245 429 272 compensare.
450 235 480 261 fr.
501 235 541 261 76.
561 233 593 260 de
613 232 644 259 V.
659 232 687 259 S.
707 234 748 259 50.
770 234 809 259 16.
847 232 876 259 Si
895 234 953 269 quis
974 243 1029 260 eam

188 278 307 305 ancillam
327 289 426 305 mecum
446 282 633 315 permutasset,
660 282 704 303 aut
723 277 749 302 in
769 276 884 302 solutum
904 276 1030 307 dedisset,

187 322 251 348 item
270 322 292 347 si
311 321 444 348 donasset.
464 321 494 347 fr.
509 322 532 346 4.
553 320 574 354 ς’.
591 321 629 346 17.
650 319 682 346 (18
696 330 785 356 usurp.
800 321 841 345 41.
854 321 877 346 3.
893 319 923 345 cf.
944 319 974 345 fr.
990 321 1029 346 15.

189 364 240 399 Qu.
263 374 294 390 ex
314 375 335 391 c.
356 366 381 390 in
403 373 474 401 poss.
488 365 529 389 42.
544 364 568 389 4.
605 362 686 389 Aliud
705 372 753 399 pro
773 361 823 388 alio
843 371 923 399 perm.
945 362 974 388 t'r.
989 363 1029 388 58.

188 406 221 433 de
241 418 345 444 procur.
364 408 388 433 3.
408 409 432 432 3.
470 406 626 432 Permutatis
646 405 738 433 rebus.
763 415 827 441 quae
851 404 970 431 videatur
989 415 1030 431 res

188 450 303 481 venisse,
323 454 348 475 et
367 459 433 486 quae.
452 450 529 486 pretii
549 450 654 475 nomine
674 448 731 475 data
752 458 817 474 esse.
839 447 895 473 Gai.
915 446 957 473 Ill.
974 449 1030 473 141.

188 492 254 519 Viee
278 493 417 530 permutati
441 491 549 518 dominii
573 492 756 525 (restituere.)
780 490 811 517 fr.
832 492 872 516 71.
897 489 930 516 de
953 490 1029 526 legat.

189 535 219 562 11.
236 537 303 568 (31.)

228 578 477 605 Permutath).
516 578 546 610 ἓ.
561 579 595 604 l.
617 578 850 607 Commutatio,
873 577 1029 602 Mutatio.

189 620 232 646 III.
249 622 315 648 Cn.
335 620 363 646 Si
383 622 600 657 permutationem
623 637 652 640 —
673 620 730 646 sieri
749 619 928 656 prohibvnms.
948 619 1030 645 multo

189 665 283 699 magis,
308 663 441 700 prioribus
461 663 639 694 manentibus,
664 662 729 689 alios
754 661 885 688 introduci
905 667 1030 688 vetamus.

190 716 212 733 c.
233 708 272 732 15.
292 706 325 732 de
344 716 419 743 prox.
440 716 505 732 com.
526 706 593 743 disp.
612 709 652 732 12.
674 707 713 731 19.
751 704 810 741 Ipsa
830 714 940 741 corpora
960 715 1031 731 num-

188 759 290 775 morum
305 765 336 768 —
357 750 533 779 continentur,
552 759 638 785 neque
656 749 873 785 permutationem
893 749 1030 785 recipiunt.

190 791 219 818 fr.
240 794 281 818 51.
302 791 334 818 de
354 791 429 828 legat.
451 792 469 818 Ι.
489 794 565 824 (30.)
603 790 642 817 Ne
665 800 729 816 usus
753 790 953 826 sepulchrorum
974 802 1031 828 per·

188 835 377 861 mutationibus
402 835 552 872 polluatur,
579 835 595 861 i.
615 844 636 860 e.
657 843 689 859 118
708 832 877 869 sepulchrum
897 833 962 860 aliae
982 834 1030 867 [al.

189 877 305 912 alienae]
330 879 538 904 conversationis
564 887 638 903 usum
658 877 776 913 accipiat.
796 876 826 902 fr.
849 878 887 902 12.
912 877 933 910 §.
957 879 977 903 l.
998 877 1030 903 de

188 920 262 957 relig.
284 923 323 948 ll.
344 923 367 948 7.
405 921 503 947 Prioris
524 920 617 957 capitis
636 920 801 956 permutatio.
823 918 880 945 Gai.
896 919 912 946 1.
930 922 1029 946 159.—

189 964 220 997 §.
242 965 277 991 2.
299 966 511 991 Contractus.
537 972 612 997 que,
637 963 705 988 vice
728 964 776 988 rei
799 964 834 988 ab
854 965 960 989 altero
980 974 1030 989 ac-

188 1013 293 1041 cepta,
322 1018 372 1033 res
396 1009 468 1033 alia
492 1008 523 1032 in
543 1007 595 1031 ius
614 1006 712 1031 illius
736 1006 951 1040 transfertur.
989 1005 1029 1031 III.

189 1050 256 1077 Cn.
276 1049 356 1076 Aliud
376 1059 434 1076 esse
453 1049 671 1086 permutationem
691 1057 786 1079 rerum,
806 1047 876 1074 aliud
893 1049 1031 1074 emtionem

189 1097 215 1118 et
234 1092 420 1118 venditionem.
441 1091 496 1117 Gai.
517 1090 559 1117 111.
580 1093 637 1117 141.
658 1090 688 1117 fr.
710 1092 731 1117 l.
751 1101 789 1128 pr.
810 1091 831 1124 §.
854 1092 876 1117 1.
896 1091 929 1117 de
948 1096 1032 1118 contr.

190 1140 250 1161 emt.
272 1136 311 1162 18.
333 1137 354 1161 l.
391 1134 419 1161 In
439 1135 645 1171 permutatione,
670 1134 693 1160 si
717 1138 856 1170 utrumque
877 1133 924 1168 [al.
944 1135 1033 1160 utrim-

190 1178 256 1214 que]
276 1179 389 1215 pretium
413 1182 468 1209 est,
497 1178 635 1213 utriusque
660 1186 714 1202 rem
739 1177 796 1203 lieri
820 1182 933 1214 oportet.
959 1177 988 1204 fr.
1010 1179 1031 1204 l.

188 1231 228 1258 pr.
248 1220 280 1247 de
297 1231 345 1247 rer.
366 1225 476 1257 permut.
493 1222 531 1246 19.
546 1221 569 1245 4.
590 1219 716 1245 Placitum
731 1221 939 1256 permutationis.
964 1219 1034 1246 Con-

189 1268 289 1290 tractus
310 1263 415 1300 quidam
435 1268 460 1289 et
479 1263 645 1300 permutatio.
666 1272 686 1288 c.
701 1264 725 1288 3.
739 1273 779 1299 sq.
800 1263 832 1289 de
851 1273 900 1290 rer.
920 1268 1032 1300 permut.

189 1307 212 1333 4.
232 1307 273 1333 64.
294 1306 344 1333 Th.
365 1306 396 1333 C.
416 1305 475 1332 XV.
498 1308 518 1332 1.
540 1316 560 1332 8.
575 1307 616 1331 50.
638 1305 670 1331 de
690 1316 750 1342 opp.
771 1305 833 1342 pub.

225 1349 556 1376 Pernecessarius.
580 1348 709 1381 (Adiect.)
737 1351 908 1375 Admodum
929 1360 1033 1376 neees-

188 1394 306 1418 sarius.
344 1391 362 1418 I.
380 1393 442 1425 Sy.
461 1391 589 1427 Perquam
609 1392 783 1417 necessarius.
803 1391 832 1418 fr.
855 1393 894 1418 11.
915 1393 936 1426 §.
957 1393 980 1418 4.
1001 1392 1033 1418 de

187 1435 280 1461 minor.
301 1436 324 1460 4.
344 1437 367 1461 4.
392 1434 422 1461 fr.
444 1436 467 1460 1.
492 1434 523 1460 ad
547 1433 634 1460 exhib.
661 1436 701 1461 10.
726 1436 750 1461 4.
775 1434 805 1461 sr.
825 1436 848 1461 6.
873 1434 906 1460 de
932 1436 1032 1472 pignor.

187 1479 229 1503 20.
252 1479 273 1504 1.

227 1521 459 1554 Pernegare.
481 1521 678 1547 constanter
696 1530 823 1554 negare.
861 1520 904 1547 111.
917 1522 982 1548 Gn.
1002 1520 1031 1547 Si

188 1564 326 1589 convictus
346 1577 377 1581 —
398 1564 581 1600 repugnaverit
604 1563 779 1599 pernegando.
804 1562 854 1590 Th.
874 1563 905 1590 C.
925 1564 969 1590 IX.
992 1566 1033 1591 16.

191 1616 214 1632 c.
233 1607 257 1631 6.
278 1605 310 1632 (18
330 1605 414 1632 malef.

228 1649 513 1675 Pernicianum.
552 1650 668 1675 Nomen
690 1650 781 1675 S.Cti
804 1649 853 1682 (ex
877 1659 966 1675 eorum
987 1660 1031 1676 nu-

189 1701 270 1722 mero,
285 1701 350 1727 quae
363 1690 415 1717 LL.
431 1691 510 1717 Iuliae
524 1696 549 1717 et
560 1691 620 1728 Pap.
632 1691 715 1728 Popp.
730 1692 923 1718 accommodata
937 1694 1031 1726 erant.)

189 1733 307 1761 HLGn.
327 1733 401 1760 Licet
420 1735 485 1770 ipsis
506 1733 607 1769 legibus
626 1734 767 1771 posthanc
781 1740 890 1761 aetatem
905 1735 1031 1762 liberatus

190 1782 278 1808 esset,
302 1777 437 1813 perpetuis
463 1782 546 1803 tamen
570 1778 663 1814 poenis
682 1777 815 1803 tenebitur
834 1788 866 1804 ex
885 1778 912 1804 S.
922 1778 952 1804 C.
973 1778 1033 1804 Per-

190 1816 293 1845 nicia'no
312 1819 357 1852 [al.
377 1819 549 1853 Pei-siciano]
569 1819 629 1857 le.
650 1819 720 1846 XVI.
739 1822 763 1846 3.

228 1862 438 1889 Pernicies.
474 1863 505 1896 §.
518 1865 551 1889 1.
572 1864 771 1894 Catamitus,
791 1865 950 1890 Exitium.
988 1863 1031 1890 III.

190 1905 257 1932 011.
276 1904 373 1930 Eadem
394 1906 442 1931 erit
462 1915 493 1931 ex
512 1911 624 1941 utroque
644 1906 780 1942 pernicies.
802 1905 850 1932 Th.
872 1905 902 1932 C.
917 1906 987 1933 XVI.
1008 1909 1031 1933 5.

191 1957 212 1973 8.
232 1949 256 1973 4.
276 1947 309 1973 de
334 1947 429 1973 haeret..
468 1948 618 1984 Quidquam
644 1948 729 1974 facere
753 1949 779 1974 in
803 1949 946 1985 perniciem
974 1960 1033 1987 pro—

190 1991 318 2027 prietatis.
344 1990 374 2017 fr.
400 1992 438 2016 13.
463 1991 484 2024 §.
505 1993 528 2017 4.
555 1990 588 2017 de
614 1991 695 2017 ususr.
722 1992 744 2017 7.
771 1993 793 2017 l.
835 1991 863 2017 In
892 1993 1032 2028 perniciem

191 2034 352 2070 privatorum
372 2033 450 2065 (fisco
471 2033 590 2067 donare.)
609 2033 681 2060 Paul.
701 2033 732 2059 V.
754 2035 793 2060 12.
813 2035 835 2068 ξ.
856 2036 878 2060 7.
893 2050 925 2054 -
945 2035 975 2067 §.
997 2037 1031 2062 2.

192 2078 250 2102 Res
273 2078 426 2102 exitiosa.
464 2075 507 2102 III.
527 2078 593 2104 011.
617 2076 692 2103 Edax
715 2076 874 2103 locustarum
894 2079 1032 2114 pernicies.

193 2129 214 2145 8.
236 2120 274 2145 18.
299 2118 331 2145 de
355 2118 432 2145 locat.
456 2120 480 2144 4.
500 2120 541 2146 65.
584 2120 738 2146 Delatorum
763 2120 923 2146 exsecranda
947 2123 1033 2158 perni-
1054 2117 1056 2147 ἶ

194 2161 255 2187 cies.
278 2161 328 2188 Th.
349 2160 379 2188 C.
400 2162 432 2188 Χ.
454 2163 493 2188 10.
513 2172 535 2188 c.
554 2164 578 2188 2.
599 2162 631 2188 tle
649 2163 726 2199 petit.
744 2167 770 2188 et
787 2162 857 2189 ultro
877 2163 928 2190 dat.

231 2205 462 2231 Perniciose.
499 2204 612 2237 (Advb.)
650 2206 815 2232 Damnare.
851 2205 895 2232 III.
916 2208 982 2234 Gn.
1004 2207 1033 2233 Si

194 2246 261 2272 forte
280 2252 411 2281 grassatus
431 2248 457 2273 in
476 2247 556 2273 tutela
577 2252 630 2279 est,
649 2252 692 2273 aut
710 2247 818 2275 sordide
837 2250 896 2285 egit,
915 2249 957 2275 vel
977 2260 1034 2287 per-

195 2290 296 2315 niciose
315 2289 424 2325 pupillo.
453 2289 484 2316 fr.
502 2291 526 2316 3.
551 2290 572 2324 ξ.
593 2292 616 2316 5.
642 2290 674 2316 de
698 2300 772 2328 susp.
797 2296 845 2318 tut.
864 2293 905 2318 26.
927 2294 966 2318 10.
1004 2292 1033 2319 ln

196 2342 248 2368 quo
273 2341 366 2367 genere
389 2331 544 2368 plerumque
569 2348 601 2352 -·
630 2334 778 2370 perniciose
802 2339 908 2361 erratur.
937 2335 967 2362 sr.
991 2337 1032 2363 91.

196 2375 218 2408 ξ.
238 2376 262 2400 3.
282 2374 314 2400 de
334 2372 365 2399 V.
386 2373 419 2399 Ο.
438 2376 479 2401 45.
500 2377 521 2401 1.
558 2375 618 2402 Non
643 2376 675 2402 ad
700 2376 750 2403 hoc
773 2376 858 2403 solum
877 2377 1034 2405 adhibentur

197 2416 335 2450 (custodes
354 2416 481 2449 furiosis.)
501 2428 533 2443 ne
551 2420 726 2455 perniciosius
746 2419 809 2455 quid
828 2421 879 2456 ipsi
898 2422 924 2446 in
940 2431 968 2447 se
981 2432 1034 2448 mo-

196 2459 307 2491 liantur.
328 2458 375 2485 sed
394 2468 427 2484 ne
446 2458 503 2485 aliis
523 2470 627 2497 quoque
646 2463 727 2488 exitio
746 2463 807 2488 sint.
826 2462 857 2489 sr.
878 2464 918 2489 14.
938 2463 970 2490 de
989 2465 1032 2490 off.

197 2501 285 2528 Praes.
306 2503 328 2528 1.
350 2502 389 2527 18.

235 2544 489 2571 Fen-niciosus.
517 2544 653 2579 (Adiect.)
683 2549 870 2580 Exitiosns,
896 2549 1033 2576 Damno-

197 2598 258 2614 sus.
295 2586 337 2613 Ill.
358 2588 423 2614 011.
444 2586 472 2613 Si
492 2592 579 2613 tantus
599 2587 669 2615 furor
689 2595 744 2622 est,
764 2591 798 2616 ita
818 2590 904 2623 ferox,
924 2593 957 2618 ita
977 2602 1035 2629 per-

198 2631 317 2657 niciosus
337 2634 385 2655 etc.
405 2629 435 2655 sr.
449 2631 491 2655 22.
511 2630 533 2663 ξ.
551 2631 574 2656 7.
595 2630 643 2656 sol.
662 2634 771 2660 matrim.
791 2635 832 2660 24.
852 2636 876 2660 3.
914 2634 973 2660 Non
993 2635 1035 2661 de-

198 2674 245 2700 bet
264 2672 408 2708 impunitus
429 2682 487 2698 esse
506 2672 580 2699 lusus
600 2678 650 2699 tam
669 2676 840 2710 perniciosus.
861 2677 890 2704 fr.
909 2680 949 2704 50.
970 2678 991 2712 ξ.
1011 2680 1034 2704 4.

200 2715 233 2742 de
252 2715 311 2742 furt.
327 2716 368 2740 47.
381 2716 405 2740 2.
443 2715 573 2742 Voluntas
591 2717 753 2752 perniciosae
772 2719 897 2746 libidinis.
918 2720 989 2747 Paul.
1004 2720 1035 2747 V.

200 2760 224 2785 4,
245 2758 266 2792 §.
281 2761 305 2784 5.
334 2757 493 2784 Contractus
513 2758 627 2789 scelesti,
647 2769 676 2785 ac
692 2759 757 2786 fisco
771 2763 920 2797 perniciosi.
940 2763 989 2790 Th.
1005 2763 1035 2790 C.

201 2801 234 2827 X.
255 2803 278 2827 1.
301 2811 322 2827 c.
344 2802 383 2826 10.
404 2799 436 2827 de
455 2801 510 2827 iure
528 2801 594 2828 sisci.

1855 155 1916 186 705

1114 235 1360 262 Pel-nectare.
1393 236 1507 262 Totam
1527 240 1647 261 noctem
1668 236 1698 260 in
1718 237 1829 269 aliquo
1849 238 1916 262 loco

1073 287 1240 312 peragere.
1278 276 1320 303 III.
1336 279 1401 305 Cn.
1420 278 1501 304 Extra
1522 278 1612 304 urbem
1627 283 1791 314 pernoctare.
1812 278 1841 304 l'r.
1858 280 1915 305 166.

1075 320 1096 352 ᾗ.
1118 321 1139 345 l.
1161 319 1193 345 de
1212 318 1243 345 V.
1264 319 1291 346 S.
1312 322 1353 346 50.
1375 322 1414 346 16.
1453 321 1516 346 Sine
1536 322 1602 346 iusta
1623 337 1654 340 -—
1679 330 1755 346 causa
1775 320 1840 346 foris
1859 331 1916 358 per-

1075 367 1183 389 noctans
1205 363 1314 395 (uxor.)
1343 373 1364 389 c.
1385 366 1408 389 8.
1433 363 1454 396 ξ.
1474 365 1498 389 3.
1524 363 1556 389 de
1580 363 1671 400 repud.
1691 365 1715 389 5.
1736 365 1775 388 17.
1813 363 1917 389 Manere

1075 407 1117 438 (in
1138 405 1263 442 templo‚)
1287 405 1329 431 vel
1349 415 1469 437 vescere,
1494 406 1602 438 cubare,
1622 406 1664 432 vel
1682 411 1844 443 pernoctare.
1865 406 1915 432 Th.

1076 448 1106 474 C.
1127 448 1171 474 IX.
1192 451 1233 475 45.
1254 459 1274 475 c.
1295 450 1318 475 4.
1338 458 1377 485 pr.
1398 448 1431 474 de
1450 449 1473 474 h.
1495 459 1536 485 qu.
1557 449 1588 475 ad
1609 449 1672 475 eccl.

1112 493 1408 518 Pernulnerare.
1428 493 1640 521 Enumerare.
1663 494 1847 519 Numerare.
1872 492 1915 519 III.

1077 535 1141 561 Cn.
1168 534 1316 571 Obsignare
1336 544 1387 561 non
1408 534 1504 560 debere
1524 537 1572 566 (sc.
1593 536 1656 566 res.)
1675 535 1721 561 sed
1742 540 1840 561 tantum
1859 545 1917 573 per-

1076 587 1220 607 numerare,
1240 582 1266 604 et
1285 577 1386 604 mulieri
1407 576 1550 613 adsignare.
1576 577 1606 603 fr.
1628 580 1649 604 1.
1670 578 1691 611 ξ.
1711 580 1752 604 21.
1773 578 1806 604 (18
1825 583 1917 604 ventre

1075 621 1100 645 in
1120 630 1191 656 poss.
1212 622 1253 646 37.
1274 622 1297 647 9.

1113 664 1315 690 Perorare.
1353 664 1383 696 §.
1402 665 1436 690 1.
1459 664 1647 690 Orationem
1662 665 1781 698 finire.
1807 666 1916 691 Actio-

1075 716 1138 731 nem
1158 708 1329 732 absolvere.
1367 706 1385 732 1.
1406 708 1467 741 Sy.
1487 706 1607 732 Perferre
1627 708 1765 739 (causam.)
1786 706 1826 733 Cf.
1847 707 1871 733 h.
1891 717 1915 733 v.

1075 749 1095 781 ξ.
1110 750 1134 774 3.
1164 748 1353 775 Determinare.
1376 748 1441 776 Nov.
1456 748 1504 776 Th.
1520 749 1549 775 II.
1565 748 1597 775 de.
1611 758 1658 774 am.
1673 749 1724 774 mil.
1741 749 1788 775 fori
1803 760 1916 786 praescr.

1075 790 1092 816 1.
1112 793 1136 817 9.
1162 802 1182 817 c.
1203 793 1226 817 4.
1251 792 1288 825 ἐξ.
1309 794 1332 818 6.
1353 802 1411 828 sqq.
1453 792 1495 819 111.
1517 794 1582 820 Cn.
1611 791 1716 826 Quibus
1740 792 1861 818 omnihus
1885 803 1917 819 ex

1075 833 1166 859 ordine
1186 836 1325 871 peroratis,
1341 851 1369 854 —-
1386 840 1455 861 81-
1475 834 1643 871 subscriptis.
1665 844 1685 860 c.
1700 838 1724 860 8.
1744 835 1795 870 Qu.
1815 840 1916 861 testam.

1075 876 1121 902 l'ac.
1142 887 1166 913 p.
1187 879 1209 902 6.
1228 880 1270 904 22.
1308 878 1361 913 Qui
1382 879 1488 904 crimina
1508 877 1613 909 obiecit,
1634 882 1660 903 et
1679 887 1781 904 causam
1801 879 1917 915 perorari

1076 929 1159 956 usque
1181 920 1212 946 ad
1232 922 1387 946 sententiam
1408 921 1502 946 effecit..
1523 921 1552 946 fr.
1570 922 1607 946 14.
1628 920 1650 953 ξ.
1664 921 1687 946 8.
1709 920 1740 947 de
1755 921 1917 947 1)(11ι.111181·1.

1075 964 1160 989 3112.
1182 979 1213 982 —
1234 964 1264 996 ξ.
1285 965 1320 990 2.
1344 964 1461 995 Orare,
1483 965 1679 989 Solemniter
1697 974 1800 998 agere.
1825 963 1917 998 [Sy.

1076 1005 1160 1031 Orare
1180 1008 1307 1038 (causas.)
1328 1016 1348 1032 c.
1369 1008 1392 1032 9.
1413 1016 1433 1032 c.
1455 1008 1493 1032 ll.
1514 1007 1534 1040 ᾗ.
1555 1008 1579 1031 2.
1600 1016 1620 1032 8.
1643 1008 1681 1032 13.
1702 1006 1734 1032 (18
1753 1006 1844 1033 advoc.
1865 1006 1916 1033 div.

1076 1049 1195 1075 iudicior.
1215 1051 1240 1075 2.
1261 1051 1283 1075 7.
1322 1048 1434 1075 Studere
1454 1050 1547 1075 causis.
1577 1048 1626 1074 Th.
1648 1048 1678 1075 C.
1698 1049 1754 1075 XII.
1777 1052 1798 1076 l.
1819 1060 1839 1076 c.
1860 1050 1917 1076 116.

1076 1091 1108 1118 (18
1128 1091 1261 1118 decurion.
1299 1091 1341 1119 Ill.
1362 1093 1428 1119 Cn.
1449 1091 1516 1118 Cum
1535 1091 1567 1117 ad
1586 1092 1697 1118 iudicem
1718 1097 1855 1123 venerant,
1875 1102 1918 1118 an-

1076 1140 1180 1171 tequam
1200 1135 1269 1172 apud
1290 1145 1347 1161 eum
1367 1145 1470 1161 causam
1485 1140 1645 1171 perorarent.
1666 1135 1786 1161 solebant
1804 1135 1919 1161 breviter

1078 1195 1107 1198 —
1129 1188 1182 1204 rem
1206 1188 1349 1215 exponere.
1378 1177 1434 1204 Gai.
1454 1177 1498 1204 lV.
1520 1180 1559 1203 15.
1585 1177 1615 1204 cf.
1640 1177 1696 1203 Frr.
1716 1177 1745 1204 L.
1765 1177 1814 1204 XII
1833 1177 1917 1204 Tabb.

1076 1221 1094 1248 1.
1117 1223 1140 1247 7.

1114 1266 1290 1291 PerOSUS·
1322 1264 1452 1297 (Partic.)
1487 1265 1550 1296 Qui
1568 1266 1660 1290 valde
1678 1266 1754 1289 odit.
1792 1263 1834 1289 III.
1851 1264 1918 1291 Gn·

1078 1307 1125 1333 Sin
1145 1317 1208 1333 vero
1228 1306 1389 1333 saecularem
1408 1308 1487 1332 vitam
1507 1311 1533 1332 et
1553 1306 1702 1342 coniugales
1722 1306 1811 1332 taedas
1825 1316 1918 1342 perosa

1077 1350 1246 1376 damnaverit.
1267 1349 1333 1376 Nov.
1347 1349 1437 1376 Maior.
1458 1349 1490 1375 de
1510 1351 1663 1375 sanctimon.
1678 1348 1721 1375 IV.
1735 1350 1758 1375 6.
1780 1359 1800 1375 c.
1817 1351 1838 1375 1.
1859 1349 1880 1382 ξ.
1893 1350 1918 1375 5.

1114 1395 1348 1426 Perpellere.
1387 1394 1594 1426 Compellere.
1633 1392 1674 1418 III.
1695 1394 1762 1419 Gn.
1787 1391 1816 1418 Si
1836 1392 1919 1417 bonae.

1076 1436 1143 1473 frugi
1167 1446 1270 1462 servum
1294 1435 1411 1472 perpulit
1437 1435 1485 1468 [al.
1504 1434 1623 1472 pepulit]
1648 1435 1680 1461 ad
1707 1434 1918 1471 delinquendum.

1077 1479 1106 1506 sr.
1128 1482 1151 1506 1.
1170 1479 1192 1512 ξ.
1212 1481 1235 1504 4.
1257 1478 1288 1504 de
1308 1488 1385 1504 servo
1406 1487 1472 1503 corr.
1488 1479 1527 1504 11.
1547 1479 1572 1504 3.

1113 1523 1372 1555 Per-pendere.
1397 1522 1606 1547 Emmiuare.
1644 1519 1736 1554 [Sy.
1757 1520 1918 1558 Perspicere.

1076 1565 1105 1591 fr.
1127 1567 1166 1591 11.
1187 1574 1225 1601 pr.
1251 1564 1283 1590 de
1308 1574 1383 1600 poen.
1408 1564 1449 1589 48.
1476 1564 1515 1589 19.
1558 1562 1601 1588 III.
1622 1563 1688 1589 Cn.
1719 1563 1919 1590 Aestimandum

1076 1609 1125 1634 erit
1143 1607 1256 1637 arbitro,
1282 1611 1307 1632 et
1330 1605 1552 1643 perpendendum.
1583 1605 1611 1632 sr.
1634 1607 1671 1631 14.
1697 1606 1718 1639 ξ.
1739 1608 1762 1632 7.
1790 1606 1822 1632 de
1843 1606 1916 1642 relig.

1077 1653 1116 1677 lt.
1137 1652 1160 1677 7.
1198 1649 1283 1676 Causa
1304 1650 1407 1685 cognita
1426 1648 1598 1685 perpendere.
1619 1648 1648 1674 fr.
1665 1650 1704 1674 13.
1719 1659 1757 1685 pr.
1779 1648 1811 1674 de
1825 1650 1918 1675 minor.

1076 1696 1099 1720 4.
1119 1695 1142 1719 4.
1164 1692 1195 1719 cf.
1224 1692 1254 1719 sr.
1273 1694 1297 1718 3.
1328 1693 1349 1726 §
1369 1694 1392 1718 5.
1422 1691 1454 1718 de
1479 1692 1509 1717 B.
1530 1691 1557 1717 P.
1583 1701 1604 1717 8.
1626 1696 1643 1717 t.
1662 1693 1703 1717 37.
1724 1694 1746 1716 4.
1785 1691 1858 1717 Citra
1878 1701 1920 1718 so·

1076 1737 1169 1763 lemnia
1194 1735 1386 1761 accusationem
1410 1744 1490 1771 posse
1514 1734 1651 1771 perpendi.
1672 1750 1703 1754 -—
1728 1734 1863 1771 Perpenso
1882 1735 1919 1760 iu-

1077 1779 1146 1806 dicio
1166 1778 1260 1814 dispici
1281 1777 1384 1803 debere.
1405 1787 1425 1803 c.
1446 1779 1469 1803 7.
1489 1776 1522 1803 de
1541 1787 1626 1804 accus.
1647 1779 1670 1803 9.
1690 1779 1714 1803 2.

1115 1823 1343 1853 Per-pensus.
1375 1819 1495 1853 (Partic.)
1527 1822 1730 1851 Permitaeus,
1754 1822 1919 1854 Explora-

1077 1872 1134 1891 tus.
1173 1863 1214 1889 111.
1229 1865 1295 1891 Cn.
1316 1862 1345 1889 Si
1365 1873 1415 1899 qua
1435 1862 1482 1888 alia
1503 1862 1597 1888 mulier
1616 1862 1701 1893 fuerit,
1721 1863 1794 1889 cuins
1810 1862 1920 1889 Praetor

1077 1916 1232 1944 perpensam
1252 1905 1300 1939 [al.
1319 1906 1493 1942 propensam]
1513 1907 1637 1942 pietatem
1656 1905 1823 1931 intellexerit.
1845 1904 1874 1930 fr.
1896 1907 1917 1931 l.

1077 1951 1098 1984 ξ,
1119 1952 1141 1976 7.
1168 1949 1200 1975 de
1226 1959 1299 1985 susp.
1320 1953 1366 1975 tut.
1386 1950 1427 1974 26.
1449 1951 1487 1975 10.
1525 1947 1657 1985 Perpensa
1682 1958 1756 1976 cura.
1781 1947 1917 1985 Pei-penso

1054 2020 1055 2034 χ
1076 1992 1165 2019 studio
1185 1993 1336 2025 (statuimus
1356 1992 1418 2024 etc.)
1439 1991 1488 2018 Th.
1510 1991 1540 2018 C.
1561 1991 1605 2017 Xl.
1629 1994 1650 2017 1.
1671 2002 1691 2018 c.
1710 1993 1752 2017 29.
1772 1991 1804 2017 de
1823 2001 1916 2017 annon.

1077 2041 1103 2062 et
1121 2036 1211 2062 tribut.
1232 2034 1287 2061 XII.
1301 2035 1325 2060 6.
1346 2045 1366 2060 8.
1384 2037 1407 2061 5.
1428 2034 1460 2061 de
1479 2039 1627 2071 susceptor.
1664 2034 1796 2071 Perpensa
1815 2033 1918 2060 rouvel-

1077 2079 1131 2105 lere
1150 2079 1260 2115 (pacto)
1281 2077 1317 2103 lb.
1337 2077 1407 2104 XIV.
1430 2078 1468 2103 16.
1490 2087 1511 2103 8.
1533 2079 1554 2103 1.
1575 2076 1607 2103 dc
1627 2076 1700 2103 frum.
1723 2077 1778 2102 urb.
1799 2076 1892 2102 Consi,

1116 2123 1338 2154 Perper-am.
1372 2120 1493 2153 (Advb.)
1524 2120 1603 2153 §.1-
1631 2121 1738 2146 Minus
1755 2126 1835 2153 apte.
1866 2122 1917 2145 Γί-

1077 2171 1129 2191 tra
1154 2166 1321 2191 rationem.
1359 2162 1377 2189 I.
1398 2164 1460 2197 Sy.
1487 2162 1623 2189 inutiliter.
1652 2162 1681 2188 fr.
1702 2165 1724 2188 2.
1750 2163 1771 2196 §.
1792 2164 1815 2188 (ἱ.
1835 2162 1866 2188 (1(-
1886 2172 1916 2188 en

1078 2218 1121 2244 qu.
1147 2218 1168 2233 c.
1193 2206 1243 2233 loe.
1264 2208 1303 2233 13.
1322 2207 1346 2232 4.
1388 2205 1419 2232 II.
1444 2208 1510 2240 Op.
1535 2205 1616 2231 Recte
1639 2206 1831 2241 (pronunciare
1849 2205 1916 2235 etc.)

1078 2250 1108 2276 sr.
1128 2251 1152 2277 8.
1181 2250 1202 2283 §.
1223 2251 1246 2276 4.
1271 2251 1293 2275 si
1318 2250 1408 2275 servit.
1432 2250 1456 2275 8.
1476 2251 1499 2275 5.
1529 2248 1558 2274 fr.
1579 2249 1619 2274 62.
1644 2247 1677 2273 (18
1702 2257 1729 2273 re
1755 2248 1807 2274 iud.
1831 2250 1871 2275 42.
1894 2249 1916 2273 1.

1078 2292 1108 2319 fr.
1127 2295 1169 2319 ⁶22,
1190 2293 1212 2326 §
1232 2294 1255 2318 4.
1277 2297 1324 2318 rat.
1345 2302 1398 2318 rem
1418 2291 1477 2318 hab.
1497 2293 1538 2317 46.
1558 2291 1581 2316 8.
1618 2289 1661 2317 111.
1684 2291 1750 2317 Cn.
1780 2290 1916 2326 Ambigue,

1078 2340 1121 2362 aut
1141 2336 1216 2361 etiam
1236 2345 1310 2372 perp.
1331 2335 1492 2371 (scriptum.)
1519 2333 1548 2359 fr.
1569 2334 1610 2359 24.
1631 2333 1663 2359 de
1682 2333 1735 2359 reb.
1756 2332 1816 2358 dub.
1836 2333 1877 2358 34.
1891 2334 1914 2358 5.

1077 2378 1128 2405 Per
1146 2377 1280 2409 fraudem,
1304 2377 1345 2403 vel
1365 2377 1467 2408 dolum,
1495 2375 1537 2402 vel
1557 2386 1630 2413 perp.
1651 2377 1707 2402 sine
1726 2374 1821 2400 iudicio
1841 2374 1915 2401 factis

1077 2420 1260 2448 divisionibus.
1287 2430 1306 2446 c.
1327 2423 1351 2446 3.
1377 2430 1468 2446 comm.
1493 2424 1542 2446 utr.
1562 2418 1615 2445 iud.
1634 2420 1658 2444 3.
1677 2419 1718 2443 38.
1756 2416 1814 2442 Non
1838 2418 1915 2444 inter-

1077 2465 1164 2490 veniat
1184 2464 1325 2489 auctoritas
1345 2464 1448 2494 tutoris,
1468 2472 1499 2489 an
1518 2472 1591 2499 perp.
1612 2460 1771 2486 adhibeatur.
1791 2459 1820 2486 fr.
1840 2462 1864 2486 2.
1883 2460 1916 2487 de

1078 2511 1144 2533 auct.
1169 2511 1194 2532 et
1218 2515 1289 2532 88115.
1308 2507 1349 2531 28.
1370 2507 1393 2532 8.
1418 2505 1449 2532 cl'.
1474 2505 1504 2531 sr.
1527 2507 1564 2530 18.
1590 2504 1622 2529 de
1647 2508 1693 2528 tut.
1719 2507 1744 2528 et
1764 2507 1810 2528 rat.
1829 2504 1870 2529 27.
1889 2505 1914 2529 3.

1079 2550 1108 2576 Si
1129 2566 1158 2569 -
1180 2548 1210 2574 ab
1230 2547 1316 2574 iudice
1335 2558 1408 2586 perp.
1428 2558 1475 2586 pro
1495 2558 1525 2573 eo
1545 2546 1684 2572 iudicatum
1705 2550 1752 2571 est.
1772 2545 1802 2571 fr.
1822 2547 1862 2571 42.
1882 2545 1915 2572 de

1079 2591 1181 2619 liberali
1205 2601 1226 2617 c..
1246 2592 1287 2617 40.
1309 2593 1346 2618 12.
1372 2592 1403 2618 cf.
1433 2602 1453 2617 c.
1473 2593 1496 2617 2.
1522 2589 1554 2615 de
1577 2598 1660 2625 poena
1680 2587 1757 2614 indic.
1778 2589 1800 2613 7.
1821 2590 1861 2614 49.
1881 2605 1914 2608 —

1080 2636 1111 2668 §.
1131 2636 1166 2660 2.
1196 2636 1271 2660 Sine
1289 2644 1400 2661 causa.
1426 2634 1619 2660 Ineonsulte.
1657 2630 1675 2656 I.
1695 2632 1758 2664 Sy·
1787 2630 1913 2663 Indebita‚

1080 2678 1156 2714 Perp.
1177 2676 1243 2708 data,
1263 2687 1287 2703 v.
1307 2682 1412 2714 accepta
1432 2675 1586 2712 (pecunia.)
1606 2673 1636 2699 fr.
1656 2674 1697 2700 80.
1717 2674 1738 2707 ξ,
1759 2675 1784 2699 5.
1803 2673 1835 2699 de
1854 2673 1912 2700 furt.

1080 2722 1120 2746 47.
1140 2722 1163 2746 2.
1201 2719 1251 2746 Per
1270 2730 1390 2746 errorem.
1412 2718 1440 2744 l'r.
1460 2720 1500 2743 40.
1521 2726 1559 2753 pr.
1580 2716 1612 2742 de
1631 2716 1706 2742 cond.
1725 2715 1812 2742 indeb.
1833 2718 1872 2742 12.
1889 2718 1913 2743 6.

1081 2763 1110 2790 fr.
1130 2764 1154 2789 9.
1174 2762 1206 2789 de
1225 2773 1317 2800 pecun.
1339 2765 1421 2788 const.
1444 2761 1481 2785 13.
1501 2761 1525 2785 5.
1561 2758 1604 2785 llI.
1619 2760 1684 2786 (711.
1705 2758 1784 2795 Quod
1804 2758 1914 2794 legatum

1082 2816 1134 2833 non
1153 2807 1196 2837 sit,
1216 2806 1247 2832 ab
1267 2804 1362 2831 herede
1382 2809 1465 2830 tamen
1484 2812 1557 2840 perp.
1571 2801 1693 2828 traditum
1708 2803 1750 2828 sit.
1770 2801 1836 2828 1124.
1855 2801 1876 2834 §.
1888 2803 1910 2827 2.

1443 2848 1476 2873 89
1562 2846 1564 2848 ’
