2197 3121
278 172 339 203 180

277 254 349 286 nes).
382 253 419 280 lb.
445 252 461 279 l.
486 252 502 279 l.
531 253 588 279 119.
634 251 661 278 ln
687 252 784 278 bonum
810 256 835 277 et
855 260 966 288 aequum
991 254 1118 287 concepta

277 296 385 329 (actio).
405 296 434 322 fr.
454 298 478 322 ὅ.
499 294 531 321 de
551 305 606 332 cap.
627 296 717 321 minut.
738 295 762 321 4.
775 296 799 320 5.
820 310 852 313 —
871 294 902 328 §.
918 295 956 321 -Ι,
977 294 1118 320 Contra·
1140 308 1141 317 1

277 342 355 366 here.
393 338 436 365 111.
460 340 525 366 Cn.
558 338 586 364 Si
606 337 700 364 mulier
714 336 886 364 hereditatem
905 336 1014 363 alicuius
1034 335 1118 368 adeat,

279 387 306 408 ut
325 392 368 408 aes
393 381 505 407 alienum
529 382 584 407 eius
609 381 750 418 suscipiat,
775 395 808 400 —
833 380 883 406 nisi
908 380 930 405 si
956 378 1046 406 fraude
1066 388 1119 405 cre-

278 424 393 451 ditorum
412 423 439 450 id
459 427 614 459 conceptum
634 424 676 450 sit.
706 423 736 450 fr.
750 425 793 450 32.
812 433 852 460 pr.
872 422 904 448 ad
923 422 950 449 S.
972 422 1003 448 C.
1024 420 1118 448 Vellei.

279 469 319 494 16.
342 469 363 493 1.

312 510 527 537 concitare.
569 510 747 541 Excflare,
774 510 900 543 Impeeu
920 510 1119 543 compellere.
1141 527 1143 544 3

277 553 296 579 1.
319 554 381 587 Sy.
410 552 520 588 Cogere,
541 550 687 587 Colligere,
708 551 872 578 Contrahere
892 551 1029 584 (turbam).
1050 550 1080 577 fr.
1094 553 1119 577 4.
1141 547 1143 580 ζ

277 596 315 630 59.
325 597 349 622 6.
362 597 401 622 13.
421 596 446 620 vi
461 594 521 620 bon.
536 598 602 631 rapt.
622 596 663 621 47.
678 596 702 621 8.
728 595 769 621 III.
783 596 849 622 Cn.
870 594 923 630 Qui
937 593 1034 620 milites
1048 592 1121 619 solli-

278 640 405 669 citaverit,
421 639 634 666 concitaveritve.
649 648 700 674 quo
712 638 806 664 seditio
818 637 979 664 tumultusve
992 636 1120 663 adversus

277 681 395 719 rempub.
415 681 469 707 fiat.
501 680 531 707 sr.
554 682 575 707 l.
596 681 617 714 §.
640 682 662 707 1.
687 680 719 707 ad
738 680 767 707 L.
788 680 834 706 Iul.
855 681 913 706 mai.
933 681 975 706 48.
994 681 1018 707 4.
1043 679 1074 706 fr.
1094 681 1119 706 3.

277 726 299 759 ξ.
315 727 354 751 19.
375 724 408 750 de
420 723 452 750 R.
466 723 499 751 Μ.
519 724 614 751 4916.
652 724 706 759 Qui
725 723 827 750 hostem
842 724 1021 755 concitaverit,
1041 723 1120 759 quive
1141 718 1143 749 l

277 769 361 794 civem
380 766 451 793 hosti
478 766 623 793 tradiderit.
657 766 687 793 sr.
707 769 730 793 3
761 766 793 793 ad
817 766 847 793 L.
872 765 919 793 Iul.
945 767 1003 792 mai.
1033 767 1074 792 48.
1093 768 1117 792 4.
1141 779 1142 787 1

277 811 409 837 Auctores
424 809 562 836 seditionis
578 815 602 836 et
616 809 752 839 tumultus.
771 809 871 847 populo
887 810 1026 835 concitato.
1046 808 1118 835 Paul.

277 853 309 880 v.
328 856 370 880 22.
394 854 416 888 ς,
442 855 463 879 1.

277 896 399 923 damnum
419 895 500 922 daret.
531 895 561 922 sr.
583 897 605 921 l.
625 896 646 929 ς’.
667 896 690 921 8.
711 895 742 922 cf.
762 896 784 929 ς’.
806 897 828 922 7.
848 896 871 922 si
890 895 981 932 quadr.
1001 897 1025 922 9.
1048 897 1069 922 1.

313 939 537 967 Concitatio.
571 940 779 965 convocatio.
818 938 860 965 III.
876 940 941 966 (711.
962 938 1118 965 Convicium
1140 948 1141 964 1

277 982 387 1013 dicitur,
407 981 448 1008 vel
469 993 481 1008 a
501 982 685 1012 concitatione,
704 980 746 1007 vel
766 992 779 1007 a
799 986 938 1013 conventu,
958 981 982 1008 h.
998 992 1018 1008 c.
1039 992 1052 1008 a
1067 980 1119 1008 col·
1139 985 1141 1011 ἔ

277 1025 374 1052 latione
393 1035 494 1051 vocum.
520 1024 551 1051 fr.
572 1026 612 1050 15.
632 1024 654 1058 §.
673 1025 697 1050 4.
717 1023 750 1050 de
768 1025 844 1050 ininr.
865 1026 905 1051 47.
928 1027 967 1051 10.
1139 1017 1141 1022 ⁸

315 1068 549 1096 concitator.
572 1068 635 1100 Qui
652 1068 812 1099 concitat,
833 1070 1033 1099 Prorocanx,
1054 1068 1118 1094 Ma-

275 1113 440 1138 cltiuator.
478 1110 521 1137 III.
543 1111 608 1137 011.
632 1109 762 1136 Auctores
782 1110 920 1137 seditionis
939 1115 965 1137 et
978 1110 1117 1139 tumultus,
1139 1100 1140 1138 l

276 1155 318 1182 vel
344 1156 520 1181 concitatores
547 1152 648 1190 populi.
677 1152 749 1179 Paul.
770 1152 802 1179 V.
826 1155 867 1180 22.
891 1154 913 1187 §.
934 1155 957 1179 1.
998 1152 1117 1189 Insignes
1138 1171 1139 1181 1

275 1198 404 1230 latrones,
423 1197 466 1224 vel
485 1196 645 1223 seditionum
665 1196 847 1228 concitatores,
867 1196 909 1223 vel
929 1195 1009 1222 duces
1028 1195 1107 1222 factio

276 1251 345 1268 num.
370 1241 401 1268 fr.
423 1242 462 1267 16.
484 1240 517 1266 de
535 1249 594 1276 app.
615 1243 640 1265 et
659 1238 731 1265 relat.
756 1240 797 1265 49.
819 1241 841 1266 1.
878 1239 1034 1266 Concitator
1052 1239 1118 1266 iudi·
1138 1250 1139 1263 1

275 1285 322 1316 cii,
342 1285 386 1321 qui
405 1282 614 1320 inquietudinem
634 1281 729 1308 inferre
748 1283 896 1309 tentaverit.
917 1281 966 1308 Th.
987 1281 1018 1308 C.
1038 1282 1071 1309 X.
1091 1283 1115 1309 8.
1138 1278 1139 1286 ¹

275 1337 296 1353 c.
316 1328 340 1353 3.
361 1327 392 1353 de
412 1327 473 1353 bon.
493 1336 548 1352 vac.
1138 1320 1139 1328 ¹

310 1370 571 1397 conclamare.
613 1370 786 1395 Advocare.
826 1368 844 1394 I.
870 1369 931 1403 Sy.
963 1369 1115 1402 Arcessere,

275 1412 384 1440 Vocare.
414 1423 434 1439 c.
456 1414 496 1439 11.
517 1422 609 1438 comm.
630 1411 662 1438 de
682 1422 752 1438 succ.
772 1413 796 1438 6.
816 1413 857 1438 59.

310 1456 581 1483 conclamatio.
620 1457 757 1482 Clamor.
795 1454 837 1481 III.
858 1456 923 1482 Cn.
952 1454 1139 1484 Abstineatis:

275 1498 306 1524 ah
326 1499 396 1524 omni
415 1498 547 1525 seditione
567 1498 616 1531 (sc.
636 1499 663 1524 in
683 1497 732 1524 SS.
752 1496 898 1530 ecclesiis),
918 1507 994 1524 nemo
1015 1497 1116 1525 concla-
1138 1507 1139 1510 ¹

274 1540 432 1568 mationibus
452 1546 546 1568 utatur.
567 1550 642 1567 nemo
662 1544 766 1567 moveat.
784 1540 932 1567 tumultum.
953 1551 974 1567 c.
995 1543 1018 1568 5.
1039 1541 1071 1568 de
1090 1541 1114 1567 h.

274 1594 316 1621 qu.
337 1583 369 1610 ad
389 1583 452 1610 eccl.
475 1586 497 1610 l.
519 1586 558 1610 12.

309 1627 512 1655 conclave.
554 1628 659 1653 Locus
689 1632 863 1662 separatus
887 1628 918 1653 iu
942 1629 1115 1654 interiori·
1137 1659 1138 1663 Ἰ

273 1673 326 1697 bus
345 1672 449 1697 tectis.
488 1669 506 1696 1.
527 1671 588 1704 Sy.
615 1669 722 1701 Diaeta,
742 1668 784 1695 vel
804 1668 960 1696 cubiculum.
980 1669 1010 1696 fr.
1033 1671 1055 1696 1.
1076 1670 1114 1704 §§.
1136 1687 1137 1694 1

272 1715 314 1740 27.
334 1723 393 1750 sqq.
418 1712 450 1739 de
475 1712 502 1739 S.
523 1712 553 1739 C.
574 1712 656 1738 Silan.
680 1714 721 1739 29.
750 1714 774 1738 5.
820 1711 862 1738 III.
887 1713 953 1739 Cn.
987 1712 1114 1739 Foramen
1136 1706 1137 1742 l

273 1758 298 1783 in
318 1758 370 1783 imo
389 1757 489 1793 pariete.
509 1754 650 1786 conclavis.
670 1755 712 1781 vel
732 1754 848 1781 triclinii.
872 1754 903 1781 fr.
922 1758 964 1782 28.
985 1755 1017 1782 de
1037 1756 1064 1782 S.
1084 1755 1112 1782 P.
1136 1758 1137 1762 ’

273 1799 304 1826 V.
324 1802 346 1826 8.
359 1802 385 1826 2.
423 1799 477 1834 Qui
491 1798 594 1824 furandi
613 1799 698 1824 animo
718 1797 842 1825 conclave
862 1798 971 1834 effregit,
992 1798 1035 1825 vel
1054 1809 1114 1836 ape·
1134 1796 1136 1819 l

274 1844 338 1874 ruit,
357 1842 405 1868 sed
425 1841 489 1868 nihil
509 1840 626 1867 abstulit.
655 1840 727 1867 Paul.
748 1840 778 1867 ll.
798 1842 839 1867 31.
860 1841 881 1874 §.
900 1842 942 1867 35.
968 1841 999 1868 cl'.
1019 1841 1050 1868 fr.
1069 1844 1112 1868 21.
1134 1854 1136 1879 ᾗ

272 1886 294 1920 §.
315 1887 338 1911 7.
359 1885 390 1911 de
410 1884 469 1911 furt.
490 1887 530 1911 47.
550 1887 574 1910 2.
612 1884 729 1912 Ancilla.
750 1894 816 1920 quae
836 1885 862 1910 in
882 1884 973 1910 eodem
993 1884 1112 1911 conclavi
1134 1886 1135 1918 J

273 1938 331 1955 cum
355 1927 458 1954 domina
482 1937 527 1953 sua
550 1927 643 1960 [uerat.
678 1927 708 1953 fr.
732 1929 752 1953 l.
781 1927 819 1961 §§
839 1929 880 1953 28.
906 1937 945 1964 sq.
975 1927 1007 1954 de
1032 1928 1059 1954 S.
1081 1927 1111 1955 C.

273 1971 354 1998 Silan.
373 1972 415 1997 29.
435 1972 458 1996 5.

309 2013 562 2041 Conclericus.
595 2015 709 2040 Socim
729 2014 760 2039 in
781 2014 950 2039 clericatu.
988 2012 1030 2039 Ill.
1047 2014 1112 2040 Gn.
1134 2010 1135 2045 l

273 2057 302 2084 Si
322 2073 354 2076 —
373 2056 418 2083 ille
437 2067 450 2082 a
470 2056 623 2082 conclericis
644 2057 699 2082 suis
718 2055 838 2087 audierit,
862 2065 920 2081 cum
939 2055 985 2082 tali
1003 2055 1112 2083 muliere

274 2111 325 2127 nou
346 2099 469 2126 habitare.
501 2099 593 2125 Iuliani
613 2099 675 2136 epit.
695 2108 755 2124 nov.
776 2109 797 2125 c.
819 2100 876 2125 115.
896 2099 918 2133 ξ.
939 2100 998 2125 475.

309 2143 555 2170 Concludere.
593 2143 624 2175 ξ.
641 2143 674 2168 1.
705 2143 855 2172 Cludere,
877 2143 1054 2168 Ine-ludere.
1093 2142 1110 2168 I.

273 2187 335 2221 Sy.
368 2185 511 2212 Includere.
532 2185 562 2212 sr.
576 2187 599 2212 5.
611 2195 650 2222 pr.
671 2184 701 2211 fr.
714 2186 738 2210 6.
759 2184 790 2210 ad
801 2183 830 2210 L.
841 2183 888 2210 Iul.
903 2184 935 2211 de
948 2186 974 2211 vi
987 2184 1050 2222 pub.
1069 2186 1110 2211 48.
1133 2177 1135 2181 .

272 2230 296 2255 6.
334 2228 375 2254 lll.
395 2229 460 2255 Gn.
489 2229 619 2265 Quisquis
644 2244 677 2248 —
700 2228 726 2253 in
751 2226 809 2253 solo
833 2227 940 2264 publico
960 2228 1002 2254 vel
1023 2228 1112 2255 aedifi·
1132 2232 1134 2238 ⁴

273 2273 341 2298 cium
359 2271 467 2307 aliquod
487 2272 676 2303 construxerit.
701 2270 742 2297 vel
768 2271 851 2307 septis
871 2270 1034 2306 quibuslibet
1053 2282 1111 2308 spa·
1133 2280 1134 2286 ¹

273 2316 307 2342 tia
327 2319 396 2341 certa
416 2313 583 2340 concluserit.
613 2313 662 2340 Th.
678 2313 708 2340 C.
728 2313 758 2339 II.
778 2316 820 2340 23.
841 2323 862 2339 c.
879 2315 901 2339 l.
921 2323 960 2350 pr.
981 2313 1013 2340 de
1032 2313 1063 2340 R.
1079 2314 1110 2341 V.

272 2357 360 2384 Locus
379 2356 528 2383 conclusus.
566 2357 650 2383 Statio
671 2355 794 2383 conclusa
808 2361 885 2392 atque
899 2357 1005 2383 munita.
1025 2356 1054 2384 fr.
1069 2359 1110 2384 59.

273 2401 305 2427 de.
326 2400 356 2426 V.
377 2398 404 2425 S.
425 2401 466 2425 50.
490 2401 527 2425 16.
553 2416 585 2419 ——
610 2400 640 2432 §.
660 2401 695 2426 2.
725 2400 1009 2433 Comprehendere,
1030 2402 1111 2427 Con-

272 2446 384 2478 cipere.
422 2442 439 2469 1.
455 2443 516 2476 Sy.
536 2442 776 2479 Comprehendere.
795 2441 826 2468 fr.
840 2443 882 2468 24.
896 2442 917 2475 §.
932 2444 956 2469 9.
976 2442 1009 2469 de
1026 2442 1109 2469 damn.

273 2486 316 2512 inf.
336 2488 378 2512 39.
398 2488 424 2512 2.
454 2484 484 2511 fr.
505 2486 528 2511 5.
552 2485 574 2518 ς.
593 2487 618 2510 -.».
642 2484 720 2511 indie.
746 2484 822 2511 solvi.
847 2487 888 2511 46.
908 2487 931 2511 7.
978 2485 1020 2511 1n.
1045 2487 1111 2513 οη.
1132 2479 1134 2515 ἕ

273 2529 385 2555 Intentio
411 2533 452 2554 est
477 2539 505 2555 ea
527 2538 588 2565 pars
613 2527 752 2558 formulae,
782 2538 831 2564 qua
856 2532 929 2554 actor
952 2527 1111 2554 desiderium

273 2581 348 2597 suum
367 2571 508 2598 concludit.
538 2570 594 2597 Gai.
608 2570 651 2596 lv.
666 2571 706 2596 41.
744 2569 800 2596 Hoc
819 2570 943 2597 iudicium
962 2580 1014 2596 non
1034 2570 1066 2597 ad
1084 2571 1111 2597 id

273 2614 343 2649 quod
363 2615 479 2643 interest,
499 2614 546 2641 sed
566 2614 654 2650 quanti
675 2624 702 2639 ea
722 2622 764 2639 res
779 2618 826 2645 est,
847 2613 1020 2640 concluditur.
1041 2613 1071 2640 fr.
1089 2615 1110 2640 l.
1132 2637 1133 2648 ¹

274 2657 294 2690 δ.
316 2658 338 2681 1.
363 2657 385 2681 si
406 2667 447 2692 qu.
469 2658 508 2683 ius
528 2657 578 2683 dic.
598 2660 622 2683 2.
640 2658 664 2682 3.
702 2655 824 2682 luhemus
843 2657 1041 2683 advocationem
1061 2656 1109 2683 fori
1131 2683 1133 2698 ἱ

274 2700 309 2724 tui
330 2698 450 2724 culminis
470 2699 516 2726 CL
542 2716 573 2719 —
598 2699 731 2726 advocatis
751 2698 881 2725 concludi.
911 2709 931 2725 c.
953 2701 992 2725 l7.
1013 2709 1052 2736 pr.
1077 2699 1109 2725 de
1130 2699 1132 2723 f

273 2741 363 2767 advoc.
391 2741 443 2767 diV.
472 2742 590 2769 iudicior.
619 2744 643 2768 2.
669 2744 692 2768 7.
735 2757 766 2761 —-
808 2742 838 2775 ᾖ.
863 2742 900 2768 3.
938 2743 1107 2777 Desinire,
1130 2735 1132 2784 ἶ

274 2786 414 2811 Arctare.
451 2783 493 2809 Ill.
519 2787 584 2812 (¹11.
613 2786 711 2811 Stricte
737 2783 901 2811 concludere.
928 2800 959 2803 —
988 2784 1131 2821 Pinguio-j

273 2837 325 2853 rem
345 2831 461 2852 naturam
481 2826 622 2863 indulgere.
650 2827 672 2861 ξ.
686 2829 710 2854 3.
730 2826 748 2853 I.
769 2826 800 2854 de
819 2826 894 2863 legat.
914 2829 937 2853 2.
952 2828 992 2852 20.
1026 2827 1107 2853 (Te-rto
1129 2832 1130 2836 ¹

506 853 535 879 Si
560 853 608 878 alia
632 852 782 889 quadrupes
807 852 881 879 aliam
907 853 1062 884 concitavit,
1091 857 1119 878 ut
1140 851 1142 858 ¹

1139 1031 1141 1035 ’
1164 1024 1186 1049 1.
1207 1033 1228 1049 c.
1248 1024 1272 1048 5.
1297 1021 1329 1048 de
1352 1022 1444 1060 repud.
1468 1025 1491 1049 5.
1514 1025 1553 1050 17.

1088 166 1191 199 CON.

1139 251 1141 254 '
1162 250 1228 281 fine,
1253 259 1274 276 s.
1295 248 1384 275 Certis
1407 249 1519 282 finibus,
1544 249 1674 277 concludi.
1707 250 1779 278 Paul.
1806 251 1848 278 111.
1872 253 1896 279 6.
1920 253 1941 287 ξ.
1961 254 2002 279 86.

1163 303 1184 319 c.
1205 294 1228 319 7.
1254 302 1275 319 c.
1295 293 1319 319 9.
1345 292 1378 318 de
1397 297 1463 318 sent.
1484 298 1510 319 ct
1528 293 1648 320 interloc.
1674 295 1697 321 7.
1716 295 1758 320 45.
1802 294 1855 321 Sex
1874 296 2003 322 mensium

1162 336 1339 373 temporibus,
1360 334 1401 361 vel
1421 345 1498 368 anuo,
1518 336 1648 363 concludi.
1678 347 1699 363 c.
1718 339 1742 363 2.
1763 336 1795 363 de
1815 337 1890 364 aedil.
1910 343 1958 365 act.
1978 340 2002 364 4.

1139 374 1141 379 ’
1163 380 1204 405 58.
1229 378 1279 405 Th.
1295 377 1325 405 C.
1340 377 1385 404 XI.
1407 379 1447 404 19.
1467 388 1488 404 c.
1508 381 1532 405 4.
1553 379 1585 405 dc
1605 379 1665 406 coll.
1686 379 1758 406 fund.
1778 395 1811 399 —
1830 380 1860 413 ξ.
1882 382 1920 408 4.
1942 382 2002 407 De-

1163 431 1298 448 cernere.
1338 420 1380 447 111.
1399 422 1465 448 Cn.
1495 420 1524 447 Si
1549 423 1608 458 quis
1632 422 1711 449 iudex
1730 433 1789 449 cum
1807 421 1924 449 diasosta
1943 433 2003 450 con-

1140 478 1141 481 *
1164 464 1281 496 cluserit,
1301 468 1329 490 ut
1348 463 1476 490 militibus
1496 464 1585 491 nullus
1605 464 1744 502 adparatus
1764 467 1940 503 impensarum
1959 466 2003 492 fie-

1164 512 1211 533 ret.
1243 506 1336 533 luliani
1355 507 1417 543 epit.
1437 515 1497 533 πον.
1518 517 1539 533 c.
1561 509 1617 534 123.
1636 508 1657 542 ᾗ.
1677 509 1736 535 538.

1200 549 1411 577 Conclusio.
1443 550 1630 586 Definitio,
1650 552 1850 586 Descriptio.
1879 550 1921 578 [11.
1937 552 2003 579 Gn·

1164 592 1220 619 Hoc
1239 593 1314 629 quasi
1332 592 1452 629 generale
1471 592 1607 619 conclusio
1626 593 1692 630 legis
1711 594 1885 632 amplectitur.
1906 593 1955 620 Th.
1970 593 2002 621 C.

1141 635 1143 674 J
1164 635 1232 662 VIII.
1251 637 1276 662 4.
1296 646 1317 662 c.
1337 636 1361 661 8.
1382 636 1403 670 §.
1422 637 1446 662 2.
1467 635 1499 662 de
1518 635 1644 663 cohortal.
1688 637 1793 674 Cuique
1817 637 1868 664 duo
1894 636 1927 663 ad
1944 647 2003 674 per-

1164 678 1291 715 agendum
1310 688 1413 705 menses
1438 689 1574 705 causarum
1598 681 1744 716 urgentium
1768 679 1939 707 conclusione
1958 680 2003 706 tri·

1163 721 1288 748 buuntur.
1318 721 1355 748 lb.
1375 721 1420 748 XI.
1440 724 1481 748 31.
1502 732 1524 748 c.
1544 723 1568 749 3.
1589 722 1621 749 de
1639 733 1723 760 repar.
1744 733 1804 760 app.

1200 765 1454 792 concordare.
1493 766 1683 792 Concordem
1708 776 1785 798 esse,
1811 767 2000 793 Connenire.

1164 807 1194 834 11.
1216 809 1283 842 ⁰11.
1311 806 1488 834 Contende—re.
1516 807 1546 834 t‘r.
1566 809 1608 835 32.
1627 819 1666 846 pr.
1692 808 1724 835 de
1747 818 1796 835 usu
1820 813 1845 835 et
1865 807 1932 835 usus.
1952 807 2001 844 leg.

1163 852 1204 877 553.
1224 852 1249 876 2.
1285 849 1328 876 HJ.
1343 851 1408 878 Cn.
1428 850 1457 877 In
1476 861 1555 877 unum
1575 853 1770 889 conspirantem
1789 851 2002 878 concordantem-

1140 885 1142 911 l
1164 903 1215 930 que
1234 894 1272 919 rei
1291 893 1370 919 finem
1388 894 1474 920 victus
1495 898 1543 920 etc.
1573 893 1622 921 Th.
1640 894 1670 921 C.
1684 894 1729 921 IX.
1744 897 1785 921 40.
1800 905 1821 921 c.
1836 896 1859 921 1.
1879 894 1911 921 de
1924 904 2001 932 poen.

1163 937 1292 972 Quamvis
1310 937 1515 969 matrimonium,
1540 937 1763 964 concordantibus
1786 938 1843 964 viro
1867 942 1893 964 et
1911 947 2001 969 uxore,

1163 996 1195 999 -
1215 979 1414 1016 comprobatum
1434 984 1482 1006 est.
1501 980 1531 1006 fr.
1550 982 1592 1006 32.
1612 981 1634 1014 ξ.
1650 982 1689 1006 19.
1710 980 1743 1007 dc
1761 979 1822 1006 don.
1842 981 1888 1007 int.
1908 979 1940 1006 V.
1958 981 2001 1006 24.

1596 1024 1625 1050 Si
1650 1023 1717 1050 forte
1740 1028 1815 1060 pater
1838 1023 2002 1050 concordans

1162 1066 1367 1097 matrimonium,
1387 1070 1412 1091 et
1432 1065 1521 1092 liberis
1541 1066 1691 1098 subnixum,
1711 1066 1776 1092 velit
1795 1066 1950 1092 dissolvere.
1970 1066 2001 1092 I'r.

1164 1110 1186 1134 1.
1211 1108 1232 1142 ξ.
1252 1110 1276 1134 5.
1306 1107 1338 1134 dc
1361 1107 1436 1135 liber.
1462 1108 1550 1136 exhib.
1574 1110 1615 1136 43.
1640 1111 1682 1136 30.
1716 1108 1789 1136 Paul.
1811 1108 1842 1136 V.
1868 1110 1892 1135 6.
1918 1109 2000 1143 §.15.

1162 1150 1290 1178 Volentes
1309 1151 1363 1184 (sc.
1382 1152 1449 1184 viri)
1474 1151 1541 1178 bene
1565 1152 1752 1179 concordatum
1776 1162 1891 1189 sequens
1915 1153 2002 1179 matri—

1161 1195 1276 1221 monium
1295 1193 1425 1221 dirimere.
1445 1193 1528 1221 sr.11.
1549 1195 1570 1229 ξ.
1586 1197 1626 1222 11.
1646 1195 1678 1222 ad
1696 1194 1726 1222 L.
1740 1194 1787 1222 Iul.
1807 1195 1840 1222 de
1859 1195 1939 1224 adult.
1959 1196 2000 1221 48.

1160 1239 1184 1264 5.
1222 1236 1392 1264 Concordare
1411 1237 1513 1274 legibus
1532 1242 1664 1275 promtum
1690 1242 1745 1270 est,
1770 1243 1798 1265 ut
1817 1243 1865 1265 etc.
1898 1237 1948 1265 Th.
1969 1238 1999 1264 C.

1161 1280 1190 1307 II.
1209 1282 1251 1306 21.
1272 1290 1293 1306 c.
1315 1282 1337 1306 l.
1357 1279 1389 1306 de
1408 1280 1480 1307 inoff.
1500 1280 1584 1307 dotih.

1197 1323 1420 1351 Concordia.
1462 1324 1493 1356 ξ.
1513 1325 1548 1350 l.
1582 1325 1777 1356 Consensus,
1810 1325 1999 1351 concentus.

1137 1356 1139 1394 l
1160 1365 1203 1393 III.
1227 1367 1292 1393 Cn.
1329 1365 1445 1392 Reversn
1473 1371 1536 1403 post
1558 1367 1670 1403 iurgium
1693 1376 1741 1404 per
1765 1366 2000 1394 dissimulationem

1138 1406 1139 1436 ἶ
1160 1409 1266 1441 mulier,
1285 1408 1367 1435 veluti
1386 1408 1472 1436 venali
1491 1409 1630 1436 concordia
1649 1409 1694 1443 [al.
1714 1409 1878 1444 concordio].
1907 1410 1937 1437 fr.
1957 1411 1999 1437 27.

1161 1452 1194 1479 de
1212 1457 1280 1490 pact.
1300 1451 1354 1479 dot.
1379 1454 1420 1478 23.
1440 1454 1465 1478 4.
1496 1452 1528 1479 cs.
1547 1452 1578 1479 fr.
1597 1454 1622 1479 3.
1642 1463 1681 1490 pr.
1708 1452 1740 1480 de
1759 1453 1820 1480 don.
1839 1454 1886 1480 int.
1906 1452 1938 1480 V.
1957 1454 2000 1479 24.

1162 1497 1184 1522 1.
1222 1495 1287 1522 Filia
1308 1511 1339 1515 ——-
1359 1505 1417 1522 cum
1436 1496 1529 1522 marito
1548 1512 1581 1515 —
1601 1495 1691 1522 colens
1711 1496 1886 1523 concordiam.
1916 1506 1937 1523 c.
1957 1498 1999 1523 20.

1160 1538 1193 1565 de
1211 1538 1284 1565 inoff.
1303 1543 1405 1565 testam.
1430 1540 1454 1565 3.
1473 1539 1516 1565 28.
1544 1538 1576 1565 cf.
1597 1549 1618 1566 c.
1638 1542 1662 1566 5.
1687 1538 1720 1565 de
1738 1540 1800 1566 inst.
1820 1544 1846 1566 et
1864 1539 1948 1566 subst.
1975 1540 1999 1566 6.

1137 1599 1138 1620 3
1159 1584 1201 1608 25.
1239 1581 1280 1608 Sit
1299 1591 1349 1608 nna
1373 1581 1527 1613 concordia,
1553 1592 1603 1608 una
1627 1583 1828 1619 consequentia,
1853 1587 1902 1609 etc.
1933 1592 1955 1609 c.
1976 1584 1998 1608 l.

1160 1625 1181 1659 ξ.
1201 1626 1225 1651 8.
1245 1624 1278 1651 dc
1296 1629 1348 1651 vet.
1368 1626 1424 1651 iure
1444 1624 1528 1651 enucl.
1550 1626 1627 1651 1.17.
1648 1640 1680 1644 —
1700 1625 1731 1658 §.
1752 1627 1787 1652 Β.
1809 1627 1925 1652 Nomen
1944 1636 1999 1652 an-

1159 1670 1319 1694 cillarum.
1356 1667 1399 1694 III.
1416 1669 1482 1696 Gn.
1503 1667 1680 1694 Concordiam
1693 1668 1814 1695 ancillam
1829 1678 1902 1695 suam
1921 1668 1999 1695 dona-

1159 1711 1196 1736 vit
1216 1715 1264 1737 cte.
1285 1710 1316 1737 fr.
1336 1712 1377 1737 40.
1397 1710 1429 1737 de
1449 1710 1533 1737 tideic.
1554 1710 1618 1737 libb.
1639 1712 1680 1737 40.
1700 1713 1724 1737 5.

1194 1754 1458 1781 Concremare.
1497 1755 1695 1780 comburere.
1724 1753 1766 1781 111.
1789 1756 1854 1782 Gn.
1879 1754 1997 1781 Fortuita

1158 1796 1293 1827 incendia,
1314 1812 1346 1815 —
1366 1797 1389 1822 si
1409 1806 1439 1822 ex
1460 1806 1490 1822 eo
1510 1806 1599 1833 seges,
1623 1795 1665 1822 vel
1684 1798 1774 1829 vinea,
1799 1797 1841 1824 vel
1861 1797 1946 1824 olivae
1965 1814 1997 1817 —

1158 1844 1365 1865 concrementur.
1394 1838 1465 1866 Paul.
1487 1839 1518 1867 V.
1537 1842 1579 1866 20.
1599 1840 1621 1873 ς’.
1635 1840 1660 1865 3.
1698 1840 1785 1875 Quem
1804 1840 1909 1867 domum
1928 1846 1998 1867 tuam

1157 1882 1323 1919 deposuisse,
1343 1882 1384 1909 vel
1403 1882 1525 1909 incendio
1545 1892 1736 1915 concremasse,
1756 1883 1903 1920 damnoque
1916 1889 1942 1910 te
1955 1883 1998 1910 ad—

1134 1923 1135 1927 *
1158 1925 1259 1952 tlixisse
1277 1926 1414 1962 proponis.
1439 1936 1460 1952 c.
1479 1927 1503 1952 2.
1524 1925 1556 1952 de
1574 1925 1604 1952 L.
1618 1925 1687 1961 Aqu.
1706 1927 1730 1952 3.
1744 1927 1786 1952 35.
1816 1926 1866 1952 Th.
1881 1926 1911 1953 C.
1924 1925 1995 1953 XVI.

1157 1973 1180 1994 ὅ.
1201 1978 1222 1994 c.
1243 1969 1284 1994 21.
1305 1967 1337 1994 dc
1353 1967 1407 1994 lud.
1445 1967 1568 1994 Flammis
1589 1968 1734 1996 dedendus.
1754 1973 1780 1994 et
1798 1979 1855 1995 cum
1874 1969 1996 1995 omnibus

1157 2012 1212 2037 suis
1232 2010 1405 2047 participibus
1426 2010 1640 2037 concremandus.
1672 2010 1708 2037 lb.
1728 2010 1744 2036 l.
1766 2010 1781 2037 l.
1807 2021 1828 2037 c.
1851 2013 1871 2038 l.
1891 2022 1930 2049 pr.
1951 2012 1995 2039 IX.

1134 2064 1135 2071 ¹
1156 2055 1197 2080 29.
1218 2064 1239 2079 c.
1259 2055 1284 2079 2.
1304 2053 1337 2079 de
1356 2053 1380 2079 h.
1401 2064 1443 2090 qu.
1464 2053 1557 2079 latron.

1192 2096 1459 2124 Concrescere.
1496 2098 1532 2122 1η
1561 2106 1654 2122 uuum
1686 2099 1817 2124 sociari.
1860 2097 1902 2124 ῙΙΙ.
1929 2099 1995 2125 Gn.

1157 2139 1271 2165 Firmum
1290 2143 1392 2164 maneat
1410 2139 1615 2171 matrimonium,
1641 2144 1665 2165 et
1690 2149 1757 2166 uxor
1779 2141 1871 2166 marito
1891 2151 1995 2167 concre-

1156 2187 1223 2213 scat,
1244 2186 1270 2207 et
1289 2182 1384 2207 sentiat
1404 2182 1460 2207 eius
1480 2181 1614 2218 fulgorem.
1645 2192 1666 2208 c.
1685 2184 1727 2209 28.
1747 2182 1779 2209 de
1798 2189 1871 2220 nupt.
1892 2186 1915 2210 5.
1936 2186 1959 2210 4.

1191 2226 1381 2252 Concuba.
1418 2224 1582 2251 Concubina.
1614 2224 1656 2252 Cf.
1676 2224 1700 2251 h.
1721 2235 1744 2251 v.
1765 2225 1787 2259 ξ.
1807 2228 1831 2252 2.

1192 2268 1423 2295 concubina.
1460 2268 1491 2301 §0
1515 2269 1548 2294 l.
1579 2270 1735 2295 Scortum.
1772 2268 1790 2294 1.
1805 2270 1866 2303 Sy.
1894 2269 1992 2296 Pellex.

1156 2311 1186 2337 sr.
1207 2313 1263 2337 144.
1293 2310 1325 2337 de
1345 2310 1376 2337 V.
1397 2310 1423 2337 S.
1448 2313 1489 2336 50.
1511 2312 1549 2337 16,
1590 2310 1632 2336 III.
1655 2312 1720 2338 fn.
1750 2311 1920 2345 Concnbina,
1945 2313 1993 2339 filii

1156 2353 1300 2382 naturales,
1325 2353 1437 2385 alumni,
1462 2358 1487 2379 et
1511 2354 1533 2379 si
1557 2363 1606 2389 qua
1630 2352 1678 2379 alia
1698 2359 1761 2380 sunt
1780 2354 1930 2382 huiusmodi
1948 2357 1993 2382 mi-

1157 2398 1271 2423 nisteria.
1301 2397 1331 2424 l'r.
1351 2400 1374 2423 8.
1400 2397 1432 2423 de
1451 2398 1551 2434 pignor.
1577 2398 1617 2421 20.
1640 2398 1661 2422 1.
1704 2397 1733 2423 Si
1757 2399 1816 2434 quis
1836 2399 1892 2425 sine
1912 2408 1993 2425 uxore

1156 2440 1330 2471 constitutus,
1357 2439 1475 2466 ancillam
1499 2449 1570 2465 suam
1596 2438 1644 2465 suh
1665 2441 1768 2466 nomine
1788 2440 1881 2467 habeat
1899 2451 1993 2468 concu-

1157 2483 1239 2520 binae.
1269 2493 1290 2508 c.
1309 2484 1333 2508 3.
1354 2492 1445 2509 comm.
1466 2481 1498 2508 de
1516 2492 1582 2508 man.
1604 2484 1626 2508 7.
1643 2484 1682 2508 15.
1703 2499 1734 2502 —-
1755 2484 1785 2517 §.
1801 2485 1835 2510 ἓ.
1858 2485 1991 2515 Mulier,

1156 2536 1235 2560 quae
1262 2527 1329 2552 loco
1355 2527 1468 2552 uxoris
1497 2531 1550 2552 est.
1593 2524 1610 2551 l.
1632 2526 1693 2559 Sy.
1727 2526 1861 2552 Concuba.
1899 2526 1991 2553 Iuliani

1132 2566 1133 2569 ¹
1156 2570 1217 2605 epit.
1237 2578 1296 2595 nov.
1321 2579 1342 2595 c.
1362 2570 1402 2594 67.
1431 2568 1469 2601 ἕξ
1488 2569 1547 2594 241.
1568 2578 1626 2604 sqq.
1652 2578 1672 2594 e.
1692 2570 1733 2595 82.
1758 2569 1794 2602 §§.
1820 2570 1878 2596 320.
1903 2579 1943 2605 sq.
1968 2579 1989 2595 c.

1158 2614 1212 2638 115.
1233 2612 1270 2646 ἐξ.
1290 2613 1349 2637 428.
1368 2612 1428 2638 449.
1465 2611 1539 2646 Quae
1559 2621 1626 2637 uxor
1645 2621 1696 2637 non
1717 2616 1764 2637 est.
1807 2612 1881 2647 Quae
1901 2612 1990 2638 uxoris

1155 2655 1226 2685 loco,
1247 2656 1303 2681 sine
1322 2655 1433 2691 nuptiis.
1454 2654 1479 2679 in
1500 2653 1577 2680 domo
1598 2655 1639 2680 sit.
1670 2654 1699 2680 fr.
1721 2656 1760 2680 13.
1780 2664 1819 2691 pr.
1840 2654 1869 2681 fr.
1888 2655 1929 2680 34.
1950 2664 1987 2690 pr.

1153 2697 1186 2724 ad
1203 2697 1233 2723 L.
1254 2696 1300 2723 lul.
1321 2696 1353 2723 de
1371 2696 1451 2723 adult.
1476 2698 1516 2723 45.
1536 2699 1560 2723 5.
1589 2696 1619 2723 fr.
1642 2698 1698 2723 144.
1725 2696 1757 2723 de
1782 2697 1813 2724 V.
1834 2697 1860 2723 S.
1885 2698 1926 2722 50.
1949 2698 1987 2722 16.

1154 2740 1183 2767 ll.
1205 2742 1271 2774 Op.
1312 2738 1393 2766 onr.
1435 2738 1576 2766 Itlaterfmn.
1620 2739 1649 2766 sr.
1677 2742 1699 2766 1.
1725 2750 1762 2776 pr.
1792 2739 1822 2766 fr.
1840 2741 1864 2766 3.
1889 2749 1927 2775 pr.
1957 2739 1989 2765 de

1153 2783 1263 2810 concub.
1283 2785 1324 2809 25.
1346 2784 1368 2808 7.
1389 2782 1418 2808 fr.
1436 2784 1474 2808 13.
1494 2793 1533 2820 pr.
1553 2784 1575 2817 ς’,
1591 2784 1615 2809 6,
1635 2782 1665 2808 ad
1687 2782 1714 2809 L.
1730 2782 1776 2809 Iul.
1796 2782 1828 2808 de
1847 2781 1926 2808 adult.
1946 2783 1986 2807 48.

1152 2829 1175 2853 5.
1213 2826 1343 2853 Meretrix.
1374 2825 1419 2851 Iul.
1440 2827 1501 2862 epit.
1522 2835 1581 2852 nov.
1603 2836 1623 2851 c.
1643 2827 1684 2852 31.
1706 2825 1727 2859 ξ
1748 2826 1805 2851 118.
