2197 3121
1029 159 1132 192 COG.

212 244 235 278 3.
256 245 314 270 126.
352 242 419 270 Cum
440 244 517 279 igitur
536 242 560 269 b.
581 241 597 268 f.
617 250 760 279 possessor
779 240 877 268 domini
896 242 1054 277 cogitatione

213 286 296 313 furem
315 286 444 323 possidet.
465 297 486 312 c.
505 287 547 312 21.
567 284 599 311 dc
619 285 679 311 furt.
699 286 722 310 6.
742 287 766 311 2.

250 330 445 364 cognatio·
490 329 521 362 ξ.
551 329 585 354 1.
627 329 817 360 Vinculum,
853 329 938 362 quod
966 329 1053 354 inter

212 379 385 407 cognatos,
413 382 479 398 cum
504 373 674 397 naturales
702 377 767 397 tnnz
790 372 922 402 civiles,
950 372 1052 397 inter-

212 417 307 442 cedit.
348 415 367 441 Ι.
396 416 457 448 Sy.
491 413 613 450 Adgnati.

212 458 323 491 sexum)
348 458 502 493 cognatione
526 457 615 483 iuneti.
647 456 705 483 Gai.
730 456 772 483 III.
798 458 837 482 10.
872 455 933 493 le.
959 456 1003 482 VI.
1027 458 1051 482 2.

212 500 258 527 XI.
278 502 302 527 4.
338 500 381 526 111.
403 501 468 528 (7η.
499 500 533 526 Et
552 501 720 535 cognationes
740 503 766 525 ct
784 497 933 525 adfinitates
953 509 1052 530 omnes,

213 553 279 580 quas
299 548 358 569 ante
376 543 475 573 habuit,
495 543 597 568 amittit.
628 543 657 569 t'r.
672 544 696 569 4.
716 543 792 576 3.11.
812 541 845 568 de
863 541 934 577 grad.
953 543 995 568 38.
1012 544 1051 568 lo.

213 586 350 622 Quaedam
370 586 539 622 cognationes
559 587 614 611 iure
628 585 707 616 civili,
728 584 854 621 quaedam
868 584 979 610 naturali
993 595 1053 611 cou-

212 634 364 661 nectentur‚
389 638 575 664 nonnunquam
599 633 711 664 utroque
734 628 790 653 iure.
809 632 989 654 concurrente.
1020 627 1051 654 sr.

212 674 236 699 4.
256 673 278 706 3.
298 675 321 699 2.
342 672 376 698 ib.
396 673 437 698 33.
454 673 493 697 10.
531 671 709 707 Cogitationes
728 669 866 706 legitimae,
886 681 910 697 v.
932 681 997 707 quae
1010 670 1053 697 ad-

211 720 349 751 gnatorum
376 715 417 741 ius
442 714 562 740 habeant.
597 714 626 740 fr.
648 715 687 740 12.
713 713 734 747 3.
754 714 778 739 4.
803 712 835 739 de
858 712 889 739 R.
910 713 941 740 N.
966 715 1007 740 23.
1027 716 1051 740 2.

213 758 270 784 Gai.
290 757 333 784 III.
354 759 394 784 lo.
431 757 557 793 Adgnati,
578 758 622 793 qui
641 766 690 782 uos
708 766 757 793 per
775 757 857 793 patris
872 758 1052 792 cognationem

212 801 374 837 contingunt.
408 799 504 826 Collat.
529 799 581 826 LL.
606 799 639 826 Μ.
658 798 730 826 XVI.
755 801 778 825 7.
817 799 896 835 Quod
921 799 987 826 duae
1011 810 1053 826 co-

211 845 357 880 gnationes,
378 853 444 879 quae.
464 843 582 869 diversae
601 843 669 868 inter
688 852 717 868 se.
736 847 806 874 sunt,
825 852 873 879 per
891 843 996 879 nuptias
1011 853 1052 869 co-

210 886 348 923 pulantur.
374 891 398 912 et
418 886 497 912 altera
517 885 549 911 ad
568 885 676 912 alterius
702 886 864 921 cognationis
884 886 962 912 finem
981 896 1052 912 acce-

210 928 257 956 dit.
286 929 316 955 sr.
336 931 359 955 4.
380 929 402 963 3.
422 931 446 955 3.
466 928 498 954 de
517 928 615 964 gradib.
635 929 677 954 38.
698 930 738 954 10.
776 927 915 957 Personae.
935 939 1001 965 quae
1020 940 1052 955 ex

210 977 362 998 transverso
382 971 462 1008 gradu
482 972 636 1007 cognatione
656 972 805 1007 iunguntur.
835 971 891 997 Gai.
911 972 929 998 I.
948 974 989 999 60.
1019 988 1051 992 -

212 1015 243 1048 ξ.
264 1016 300 1041 2.
333 1016 515 1049 Sanguinis
541 1016 712 1041 vinculum.

211 1059 373 1084 toralium
402 1064 624 1093 cognatorum.
665 1057 684 1083 I.
704 1058 765 1091 Sy.
786 1056 828 1083 Ius
848 1058 990 1093 sanguinis.
1022 1058 1051 1084 sr.

212 1102 252 1126 17.
276 1101 297 1134 3.
320 1102 341 1126 l.
362 1100 392 1126 t'r.
412 1102 453 1126 23.
475 1100 506 1126 de
533 1100 621 1137 adopt.
648 1102 670 1126 1.
692 1101 715 1126 7.
757 1099 787 1126 11.
814 1101 881 1133 Op.
912 1099 1051 1136 Adgnatio.

211 1143 268 1170 Gai.
288 1142 306 1169 I.
327 1144 384 1169 156.
418 1142 461 1169 Ins
480 1143 632 1179 legitimum.
662 1159 694 1162 —
723 1142 896 1178 Cogitationis
919 1144 982 1170 iura.
1014 1143 1050 1170 lb.

211 1185 253 1212 III.
277 1187 320 1212 27.
340 1187 381 1212 51.
424 1186 466 1212 111.
493 1187 559 1213 Cn.
589 1185 722 1212 Naturalis
749 1187 877 1221 cognatio.
910 1186 939 1213 sr.
962 1190 987 1213 4.
1011 1197 1050 1223 pr.

210 1229 232 1262 3.
252 1231 276 1254 2.
297 1228 329 1255 de
349 1228 447 1264 gradib.
467 1231 508 1255 38,
530 1231 570 1255 10.
608 1228 725 1255 Serviles
750 1230 927 1265 cognationes.
960 1229 990 1256 fr.
1011 1232 1050 1256 lo.

209 1272 231 1306 3.
251 1274 275 1298 5.
305 1271 339 1298 ib.
359 1273 401 1298 38.
423 1273 462 1298 10.
493 1271 523 1298 1“1·.
545 1273 584 1297 14.
610 1272 631 1305 3.
651 1274 675 1298 2.
704 1272 736 1298 de
755 1272 786 1298 R.
807 1272 838 1298 N.
863 1274 904 1298 23.
924 1274 948 1299 2.
993 1273 1051 1299 Iure

213 1315 377 1351 cognationis
397 1314 473 1340 lieres
494 1315 630 1341 exsistere.
654 1314 684 1341 fr.
704 1317 746 1341 20.
771 1316 867 1351 Quinet
888 1327 901 1341 a
921 1326 963 1352 qu.
983 1326 1050 1342 man.
1072 1350 1073 1354 Ἰ

209 1359 251 1384 40.
268 1359 291 1384 9.
313 1373 345 1377 ——
366 1358 396 1390 ᾗ.
412 1358 448 1383 3.
470 1359 610 1392 Corpus,
632 1368 655 1384 ιτ.
678 1359 762 1385 Ordo
781 1365 902 1390 certus,
927 1361 1050 1394 adgna-

210 1407 317 1428 torum
351 1406 611 1435 cognatornnzve.
660 1401 678 1427 Ι.
708 1403 769 1435 Sy.
807 1402 907 1428 Omnes
938 1402 1050 1438 adgnati,

210 1443 341 1480 Cognatio
366 1444 500 1470 universa.
529 1442 646 1470 Familia.
675 1443 705 1470 sr.
732 1445 788 1470 195.
815 1444 835 1478 3.
860 1446 884 1471 2.
913 1444 946 1471 (11·
970 1445 1001 1472 V.
1022 1445 1049 1472 S.

209 1488 251 1512 50.
272 1488 312 1512 16.
350 1485 516 1522 Superioris.
535 1496 559 1512 v.
580 1486 721 1518 inferioris.
742 1486 842 1513 ordinis
863 1489 973 1523 cognati.
1003 1487 1051 1514 Su·

209 1530 299 1566 perior
318 1534 344 1555 ct
363 1529 470 1555 int'erior
491 1530 619 1565 coguatio.
651 1529 682 1555 I'r.
704 1531 726 1556 1.
746 1530 767 1563 3.
790 1531 812 1556 l.
838 1530 871 1557 de
889 1531 988 1567 gradib.
1008 1533 1049 1558 33.

210 1574 251 1599 10.
288 1571 331 1598 Ill.
352 1573 418 1599 011.
447 1571 625 1598 Hereditatem
645 1582 727 1598 meam
746 1574 870 1599 restituas
895 1573 957 1600 filiis
976 1575 1049 1605 meis,

210 1631 243 1635 —
261 1614 304 1641 vel
324 1615 440 1650 cognatis
459 1616 537 1643 meis.
566 1616 589 1641 si
614 1616 654 1641 cui
678 1615 753 1642 voles
773 1626 804 1642 ex
824 1621 877 1643 tota
897 1619 1051 1653 cognatione

210 1668 274 1684 mea.
302 1657 333 1684 sr.
352 1659 393 1683 57.
419 1657 440 1690 3.
460 1658 484 1683 2.
511 1657 543 1684 ad
563 1657 590 1684 S.
611 1658 642 1685 C.
665 1658 743 1685 Treb.
767 1660 810 1686 36.
831 1661 852 1686 l.
895 1659 984 1689 Matri.
1009 1660 1050 1686 vel

211 1700 324 1732 filiabus,
344 1700 387 1726 vel
406 1700 543 1727 sororibus
558 1702 622 1733 cium,
643 1703 806 1738 caeterisque
818 1701 972 1729 mulieribus
986 1713 1052 1739 quae

211 1742 245 1769 dc
264 1744 418 1779 cognatione.
442 1748 518 1775 sunt,
542 1743 585 1770 vel
609 1745 686 1770 etiam
710 1746 794 1771 uxori.
826 1744 857 1771 fr.
875 1746 900 1772 3.
927 1746 948 1779 3.
968 1748 992 1772 2.
1019 1746 1051 1772 de

212 1785 313 1812 liberali
332 1796 353 1811 c.
373 1788 414 1811 40.
438 1788 474 1812 12.
1073 1821 1075 1828 ¹

247 1828 450 1862 cognatus.
479 1829 509 1862 §.
529 1830 563 1855 1.
585 1830 801 1863 Cognatione,
822 1837 879 1856 aut
897 1833 1052 1857 naturali

210 1877 268 1897 ant
287 1872 399 1901 ciuili,
419 1873 619 1898 coniunctus.
651 1871 669 1897 I.
685 1873 747 1905 Sy.
766 1871 832 1904 Vna.
847 1874 1051 1899 communiterve

211 1915 272 1939 nati.
311 1913 431 1948 Cognati.
468 1912 582 1949 Adgnati
602 1914 666 1950 (per
684 1916 810 1950 patrem).
842 1914 872 1941 fr.
892 1917 915 1941 4.
935 1916 956 1949 3.
979 1918 1000 1942 l.
1021 1916 1050 1942 fr.

212 1958 251 1982 10.
272 1966 310 1993 pr.
331 1956 368 1989 33.
386 1957 407 1981 1.
422 1965 461 1991 sq.
483 1955 514 1981 de
534 1955 633 1991 gradib,
653 1958 694 1983 38.
710 1958 749 1983 lo.
775 1956 835 1994 t‘lp.
850 1957 894 1984 XI.
909 1960 933 1984 4.
953 1958 1050 1985 XXVI.

212 2001 234 2025 l.
269 1999 325 2025 Gai.
351 1998 369 2024 1.
391 1999 448 2023 156.
489 1998 531 2024 111,
558 2000 622 2026 Cn.
657 1999 715 2025 <Non
740 2000 839 2026 habens
864 2000 975 2031 libero&
1004 2012 1051 2027 nec

211 2046 344 2078 cognatos.
374 2041 404 2067 fr.
424 2042 465 2067 39.
485 2041 506 2074 3.
529 2043 550 2066 1.
572 2041 604 2067 de
624 2041 698 2076 legat.
718 2042 761 2068 111.
782 2043 849 2075 (32.)
886 2043 991 2070 Caeteri
1011 2054 1052 2070 co·
1072 2060 1074 2066 ι

211 2085 289 2121 gnati,
310 2083 352 2109 vel
372 2084 481 2113 adfines,
501 2085 610 2110 amicive
628 2089 706 2121 atque
725 2087 878 2122 municipes,
906 2086 990 2113 Vatic.
1013 2088 1050 2121 33.

212 2129 269 2153 158.
289 2128 348 2153 214.
369 2136 427 2163 sqq.
464 2127 505 2153 Ex
526 2128 642 2160 cognatis
662 2128 740 2159 meis,
765 2129 808 2164 qui
833 2139 901 2155 nunc
921 2134 982 2155 sunt.
1002 2135 1050 2156 etc.

213 2169 269 2196 Gai.
289 2169 319 2196 II.
339 2170 399 2195 238.
428 2168 489 2206 le.
514 2169 609 2196 XXIV.
637 2171 674 2196 18.
717 2170 822 2199 Nostri.
848 2187 880 2190 —
905 2171 1051 2209 Ruptarum

213 2212 301 2243 uobis,
321 2212 431 2248 cognati.
459 2211 543 2238 Vatic.
563 2213 584 2245 3.
598 2214 657 2239 217.
678 2213 709 2240 ct'.
729 2214 750 2247 3.
771 2215 829 2240 216.
868 2214 979 2251 Cognati
992 2226 1051 2252 pro-

214 2255 276 2291 prii,
296 2256 339 2290 qui
359 2260 419 2281 sunt
441 2254 506 2281 ultra
524 2255 637 2282 tratrem.
663 2255 692 2282 sr.
714 2258 736 2282 1.
762 2256 794 2283 dc
812 2258 884 2284 inoff.
904 2263 1005 2284 testam.
1026 2261 1049 2284 5.

213 2300 237 2323 2.
279 2296 335 2324 Lex
357 2297 413 2324 XII.
434 2297 518 2323 Tabb.
543 2297 613 2323 nulla
640 2298 799 2325 discretione
822 2310 902 2327 sexus
927 2306 1051 2337 cognatos

655 413 782 449 Legitima
810 412 850 445 (v.
875 412 925 439 Per
949 413 1052 439 virilem

758 1015 969 1041 Necessitudo
997 1025 1051 1041 na-
1073 1036 1075 1040 ,

216 2340 259 2373 [al.
280 2339 415 2375 adgnatos]
437 2340 558 2366 admittit.
588 2340 658 2367 Paul.
679 2340 722 2367 IV.
742 2343 765 2368 8.
787 2342 809 2376 3
829 2345 870 2369 22.
902 2360 933 2363 -—
961 2344 992 2377 δ.
1014 2345 1048 2370 2.

215 2384 376 2410 Naturali
398 2388 523 2409 tantun!
552 2386 749 2418 cognatione
772 2387 913 2413 iunctus.
951 2386 968 2412 l.
988 2388 1049 2421 Sy.

215 2426 268 2461 Qui
289 2435 340 2451 non
359 2435 392 2450 cx
408 2426 530 2452 masculis
545 2426 715 2452 descendunt.
745 2427 798 2463 Qui
810 2438 857 2464 per
868 2428 976 2459 seminas
991 2440 1050 2456 con-

215 2470 362 2503 iunguntur.
400 2467 510 2503 Cognati
529 2470 662 2501 (tantum).
683 2469 712 2496 fr.
732 2472 755 2496 5.
777 2470 806 2496 t'r.
826 2472 849 2496 6.
868 2482 906 2508 pr.
927 2471 959 2497 de
978 2472 1049 2498 inoff.
1071 2470 1072 2488 l

216 2516 317 2537 testam.
338 2512 361 2536 5.
381 2512 405 2535 2.
425 2510 456 2536 sr.
478 2512 516 2536 10.
536 2512 558 2544 3.
578 2514 602 2538 2.
623 2512 655 2538 de
673 2512 772 2548 gradib.
791 2515 893 2540 31111).
932 2513 961 2540 ll.
983 2516 1050 2548 01).
1071 2517 1073 2545 ξ

216 2553 337 2589 Adgnati.
367 2552 396 2579 fr.
420 2554 459 2578 10.
479 2553 500 2586 3.
520 2555 542 2579 4.
562 2554 597 2580 ib.
616 2557 657 2581 35.
680 2557 718 2581 10.
739 2555 768 2582 fr.
790 2558 811 2582 7.
837 2556 869 2582 de
889 2557 913 2582 in
933 2557 973 2583 ius
992 2567 1049 2583 vor.

215 2598 239 2622 2.
260 2598 282 2621 4.
312 2595 382 2621 Paul.
403 2594 446 2621 IV.
472 2598 495 2621 ὅ.
520 2595 602 2628 314.
632 2597 691 2634 le.
716 2598 836 2624 XXVIII.
857 2600 879 2625 9.
919 2599 960 2625 llI.
983 2601 1050 2627 Gn.

215 2638 286 2665 Licet
309 2638 451 2673 legitimum
471 2639 510 2663 ius
530 2638 691 2674 adgnationis
711 2642 803 2678 capitis
823 2643 968 2668 minut-ione
992 2644 1051 2668 ami-
1072 2646 1073 2663 ἶ

216 2682 306 2713 serint,
327 2685 417 2706 natura
438 2685 521 2706 tamen
536 2683 637 2716 cognati
650 2689 760 2709 manent.
787 2683 823 2709 lb.
844 2684 860 2710 1.
876 2684 892 2710 l.
930 2684 1051 2721 Cognati.
1072 2683 1073 2686 ¹

216 2734 283 2760 quos
307 2724 440 2759 sanguinis
464 2724 529 2749 ratio
554 2729 630 2749 vocat
654 2725 685 2751 ad
708 2726 891 2758 hereditatem,
916 2727 975 2753 licet
995 2729 1051 2754 iure

218 2766 287 2793 civili
308 2766 437 2792 deficiant.
468 2765 497 2792 sr.
512 2768 535 2792 2.
557 2766 587 2792 es.
608 2766 637 2792 t'r.
659 2769 680 2793 l.
700 2777 738 2803 pr.
758 2768 826 2795 undo
846 2775 945 2805 coguat..
965 2772 1006 2796 38.
1028 2774 1050 2796 ὅ.
1072 2792 1074 2817 1

217 2808 281 2834 Post
301 2809 515 2844 consanguineos.
536 2808 643 2835 Praetor
662 2815 737 2836 vocat
756 2817 887 2846 cognatos.
916 2812 984 2839 Call.
999 2812 1051 2839 LL.
1073 2823 1074 2843 1

1071 2441 1073 2460 1
1095 2428 1199 2461 (wok.)
1220 2428 1252 2454 de
1272 2428 1314 2454 off.
1336 2427 1386 2454 l'rt'.
1408 2428 1452 2455 Vr.

1096 2727 1165 2754 con.
1191 2728 1242 2755 LL.
1268 2728 1300 2755 m.
1324 2729 1394 2755 xlv.
1420 2732 1442 2754 2.

1882 168 1940 198 153

1098 241 1131 269 M.
1155 241 1226 268 XVI.
1254 243 1278 268 8.
1322 243 1405 278 Quasi
1433 250 1572 281 cognatus,
1600 245 1631 271 B.
1657 244 1737 271 Pnem
1761 247 1817 273 eius
1841 253 1938 284 petere.

1097 284 1169 311 Paul.
1189 284 1233 311 IV.
1259 288 1283 311 8.
1307 286 1383 319 312.
1432 287 1555 324 Cognati,
1580 289 1624 324 qui
1649 299 1696 325 per
1720 288 1836 315 seminini
1859 301 1939 316 sexus·

1097 338 1225 364 personas
1250 330 1446 356 necessitudine
1471 332 1620 366 iunguntur.
1653 331 1708 358 Gai.
1734 331 1777 358 III.
1801 334 1842 359 24.
1886 333 1938 368 Qui

1097 370 1273 397 venerandum
1293 374 1396 407 cognati
1416 375 1551 409 sanguinis
1570 373 1704 400 vinculum
1724 391 1756 394 —
1776 375 1884 402 violavit
1903 377 1939 402 in—

1097 418 1178 440 cestu.
1209 413 1258 440 Th.
1279 413 1310 440 C.
1330 414 1375 441 lx.
1394 417 1436 442 35.
1457 427 1477 442 c.
1498 418 1521 442 o'.
1542 417 1574 443 de
1593 416 1692 453 indulg.
1712 418 1783 443 crim.
1805 434 1836 438 -—
1857 419 1887 451 ἓ.
1901 420 1938 446 3.

1097 458 1343 483 Ι’νο.ι·ιήιίονιιηι
1360 461 1523 493 graduum
1543 462 1782 487 necesflitudine
1801 463 1938 488 iunctus.

1096 498 1139 524 III.
1161 500 1227 526 (711.
1254 498 1372 527 Proximi
1397 502 1513 537 cognati„
1538 503 1633 538 quibus
1658 513 1706 539 per
1728 502 1811 539 legem
1836 503 1939 530 Furiam

1096 540 1157 578 plus
1178 541 1211 568 Μ.
1232 552 1305 569 asses
1325 554 1419 580 capere.
1438 544 1507 571 licet.
1540 545 1597 582 ΠΡ.
1622 545 1744 572 XXVIII.
1770 547 1793 572 7.
1824 546 1855 572 cl'.
1876 547 1894 573 I.
1916 549 1937 573 l.

1097 583 1154 610 Gai.
1174 584 1218 610 11⁷.
1238 587 1280 611 23.
1312 585 1395 612 Vatic.
1416 587 1453 620 33.
1467 589 1526 613 29⁸.
1547 598 1586 624 sq.
1606 590 1664 614 3015.
1704 588 1815 624 Cognati
1835 589 1876 615 vel
1897 590 1939 616 ad-

1098 627 1164 652 Iiues
1185 628 1323 664 utriusque
1342 630 1562 661 11eccssitudiniS‚
1587 632 1630 667 qui
1657 631 1713 665 lege
1731 631 1795 658 Iulia
1816 637 1841 658 et
1860 632 1939 669 Papia

1098 671 1201 707 excepti
1230 676 1299 697 sunt.
1335 671 1372 698 lb.
1397 672 1518 706 33158.
1545 675 1605 699 214.
1629 684 1688 710 sqq.
1730 674 1851 707 Sobriui,
1880 686 1939 712 pro-

1097 714 1205 749 pior-eve
1223 714 1304 749 gradu
1324 716 1434 750 cognati.
1455 715 1485 742 fr.
1502 717 1524 741 l.
1543 716 1608 749 3.1.
1629 716 1661 742 de
1680 716 1710 742 L.
1731 716 1777 743 lul.
1798 723 1879 754 repet.
1896 720 1936 744 48.

1099 757 1138 782 ll.
1176 750 1230 782 Sed
1254 756 1363 782 Praetor
1382 773 1414 776 —
1438 758 1471 784 X.
1492 768 1620 795 personas
1644 764 1813 795 cognatorum
1837 762 1860 787 ei
1884 762 1937 794 (sc.

1096 800 1294 832 manumissori)
1314 799 1448 836 praetulit.
1481 800 1550 827 Coll.
1570 800 1623 828 LL.
1643 801 1676 828 DI.
1696 802 1767 828 XVI.
1787 804 1811 829 9.

1133 842 1319 875 Cognitio.
1358 843 1388 874 §-
1410 844 1443 869 l.
1475 846 1711 872 I’erlustracio.
1748 845 1790 871 111.
1806 847 1871 873 Cn.
1891 846 1938 873 So-

1073 901 1075 925 .
1096 884 1151 910 lent
1175 885 1252 910 etiam
1277 885 1455 912 custodiarum
1479 888 1654 921 cognitionem
1678 888 1800 914 mandare
1826 887 1937 924 Legatis.

1073 930 1075 965 j
1096 926 1126 953 fr.
1146 928 1170 953 6.
1191 937 1229 964 pr.
1255 926 1287 953 dc
1307 928 1350 953 oss'.
1372 927 1447 954 Proc.
1467 934 1492 955 et
1511 930 1573 966 Leg.
1595 932 1617 956 l.
1638 932 1678 956 16.
1707 930 1737 957 sr.
1758 933 1781 958 9.
1807 931 1838 957 de
1858 932 1930 959 seriis

1073 967 1120 995 ’2.
1153 971 1193 995 12.

1231 985 1263 988 -
1308 970 1338 1003 §0
1365 972 1400 997 2.
1439 974 1655 999 Esnmiuatio
1687 977 1937 1002 controversiae.

1098 1013 1273 1038 Discussiu
1298 1023 1416 1039 causae
1439 1016 1560 1041 ciuilis.
1598 1015 1615 1042 I.
1636 1017 1697 1050 Sy.
1726 1016 1813 1043 Notio.
1846 1018 1876 1044 t'r.
1895 1020 1937 1044 23.

1096 1055 1118 1088 3.
1138 1056 1162 1081 3.
1193 1055 1245 1090 Qn.
1270 1060 1330 1081 met.
1352 1066 1372 1082 c.
1397 1057 1420 1082 4.
1440 1058 1464 1082 2.
1498 1056 1527 1083 I'r.
1548 1059 1588 1084 99,
1609 1068 1647 1094 pr.
1674 1058 1706 1084 de
1730 1058 1761 1085 V.
1782 1059 1809 1086 S.
1835 1062 1876 1086 50.
1898 1063 1937 1087 16.

1073 1108 1075 1117 1
1097 1098 1271 1135 Disceptatio.
1305 1097 1355 1124 Th.
1377 1098 1407 1125 C.
1426 1098 1472 1125 XI.
1496 1101 1537 1126 30.
1565 1111 1585 1127 c.
1608 1102 1646 1127 ll.
1667 1111 1706 1137 pr.
1732 1102 1753 1135 3.
1775 1104 1797 1128 l.
1822 1103 1854 1129 de
1878 1114 1937 1140 app.

1097 1145 1122 1167 et
1141 1150 1219 1178 poen.
1244 1140 1290 1167 XI.
1310 1143 1351 1168 31.
1373 1152 1394 1168 r.
1413 1143 1437 1168 3.
1463 1142 1496 1168 dc
1519 1153 1603 1180 repar.
1629 1154 1687 1180 app.
1730 1144 1842 1181 Cognita
1862 1157 1938 1172 causa

1096 1189 1219 1210 statuere.
1258 1183 1445 1221 Cognitionem
1464 1195 1536 1212 suam
1561 1186 1694 1223 praebere.
1725 1198 1746 1213 c.
1768 1190 1790 1214 1.
1815 1199 1835 1215 c.
1855 1191 1879 1215 3.
1907 1189 1938 1215 de

1096 1226 1151 1253 ord.
1173 1236 1246 1262 cogn.
1268 1228 1290 1253 7.
1312 1229 1352 1254 19.
1390 1227 1420 1253 ll.
1442 1229 1509 1262 Op.
1541 1228 1661 1266 Simplex
1681 1230 1771 1257 iussio.
1792 1247 1823 1250 -
1844 1231 1938 1268 Cogni-

1095 1271 1132 1296 tio
1157 1269 1252 1296 habita.
1282 1269 1312 1296 fr.
1333 1272 1375 1296 23.
1400 1270 1422 1304 3.
1441 1272 1466 1297 3.
1492 1272 1543 1306 Qu.
1564 1276 1624 1298 met.
1645 1282 1665 1298 e.
1695 1274 1718 1298 4.
1738 1275 1762 1299 2.
1804 1274 1938 1309 cognitio>

1096 1323 1154 1338 nem
1168 1313 1312 1349 suscipere,
1333 1329 1363 1332 —-
1384 1312 1499 1339 Iudicem
1513 1313 1582 1340 dare.
1602 1314 1633 1340 fr.
1647 1318 1670 1341 ὅ.
1686 1326 1724 1351 sq.
1746 1316 1778 1342 de
1792 1317 1835 1342 ott'.
1850 1317 1936 1344 Praes.

1098 1358 1119 1382 l.
1140 1357 1179 1381 ls.
1219 1357 1293 1391 Quae
1314 1358 1362 1388 (se.
1377 1356 1406 1382 B.
1422 1355 1463 1389 P.)
1484 1356 1516 1382 de
1535 1356 1614 1394 plano
1634 1359 1688 1394 peti
1702 1360 1795 1395 potnit.
1817 1376 1848 1379 —
1864 1360 1938 1396 Quae

1096 1409 1188 1425 causae
1213 1399 1460 1436 cognitionenrpro
1486 1400 1610 1426 tribunali
1634 1400 1780 1433 desiderat⁷
1806 1402 1847 1428 vel
1872 1413 1937 1439 quae

1096 1441 1230 1468 decretum
1250 1443 1378 1478 exposcit.
1408 1442 1439 1468 t'r.
1459 1445 1482 1469 2.
1504 1443 1568 1476 3.1.
1595 1443 1646 1479 Qu.
1667 1444 1732 1470 ordo
1752 1446 1778 1471 in
1798 1445 1827 1471 B.
1848 1445 1875 1472 P.
1895 1448 1936 1472 3ὅ

1098 1487 1136 1511 15.
1174 1484 1216 1511 III.
1242 1486 1307 1512 Cn,
1342 1484 1400 1511 Non
1426 1496 1472 1522 per
1491 1486 1628 1512 formulam
1648 1492 1773 1523 petuntur
1792 1490 1845 1521 (sc.
1866 1489 1937 1515 fidei—

1096 1528 1258 1559 commissa),
1278 1528 1327 1554 sed
1346 1529 1460 1565 cognitio
1481 1534 1529 1559 est.
1549 1529 1647 1556 Romae
1662 1530 1766 1566 quidem
1781 1531 1936 1563 Consulum.

1096 1575 1140 1597 aut
1158 1570 1299 1597 Praetoris.
1329 1571 1389 1608 le.
1416 1571 1500 1598 XXV.
1526 1574 1566 1599 12.
1608 1572 1736 1599 Petuntur
1759 1574 1869 1607 (liberi)
1894 1580 1938 1601 aut

1097 1613 1278 1651 praeiudiciiS,
1304 1619 1345 1640 aut
1370 1615 1530 1647 interdictis,
1555 1620 1598 1642 aut
1623 1617 1771 1652 cognitione
1796 1616 1935 1643 Praetoria.

1097 1657 1127 1683 t‘r.
1150 1659 1172 1683 1.
1193 1657 1214 1691 3.
1234 1660 1258 1683 2,
1279 1657 1311 1683 de
1330 1657 1361 1683 R.
1382 1656 1413 1683 V.
1434 1659 1457 1684 6.
1478 1660 1500 1684 l.
1522 1658 1553 1685 cf.
1574 1658 1603 1685 sr.
1623 1660 1646 1685 3
1667 1660 1688 1692 3.
1702 1661 1726 1685 4.
1747 1659 1779 1685 de
1798 1659 1873 1685 liber.
1895 1670 1937 1686 ex-

1096 1699 1149 1726 hib.
1169 1702 1211 1726 43.
1230 1701 1272 1726 30.
1310 1699 1402 1726 Potest
1422 1700 1572 1727 desiderare
1590 1701 1721 1728 interdum
1737 1701 1862 1728 adversus
1876 1713 1936 1739 pos-

1096 1752 1229 1769 sessorem
1248 1744 1364 1774 restitui,
1390 1759 1421 1762 —
1446 1748 1471 1769 et
1495 1743 1544 1769 hoc
1563 1743 1605 1769 vel
1625 1745 1774 1780 cognitione
1794 1744 1935 1775 Praetoria,

1073 1810 1075 1818 ¹
1096 1786 1138 1811 vel
1157 1786 1270 1811 rescissa
1295 1784 1464 1816 alienatione,
1489 1785 1550 1811 dato
1574 1787 1600 1812 in
1624 1797 1677 1812 rem
1701 1788 1805 1814 iudicio.
1838 1787 1868 1815 fr.
1894 1790 1933 1815 13.

1096 1829 1117 1862 3.
1140 1830 1161 1853 1.
1182 1827 1214 1853 de
1232 1828 1324 1854 minor.
1344 1829 1368 1853 4.
1382 1829 1406 1854 4.
1443 1827 1576 1855 Interdum
1596 1839 1628 1856 cx
1647 1830 1724 1856 iustis
1744 1832 1839 1861 causis,
1859 1836 1884 1857 et
1904 1842 1934 1858 ex

1097 1872 1174 1897 certis
1194 1871 1324 1908 personis,
1345 1871 1514 1897 sustinendae
1533 1876 1595 1897 sunt
1608 1874 1779 1909 cognitiones.
1800 1874 1829 1900 t'r.
1840 1875 1881 1900 36.
1896 1885 1934 1911 pr.

1098 1914 1129 1940 de
1149 1914 1227 1940 indie.
1247 1916 1271 1939 5.
1287 1915 1309 1939 1.
1339 1913 1368 1940 Si
1388 1914 1411 1939 ei
1430 1914 1526 1940 fundus
1546 1914 1678 1941 Praetoria
1699 1918 1848 1952 cognitione
1867 1918 1935 1944 abla-

1096 1962 1138 1983 tus
1158 1956 1244 1983 fuerit.
1274 1956 1303 1983 t‘r.
1323 1959 1365 1983 39.
1385 1967 1423 1993 pr.
1449 1957 1481 1983 de
1501 1959 1576 1984 eviet.
1596 1960 1637 1984 21.
1657 1961 1681 1985 2.
1718 1959 1761 1986 Ad
1780 1960 1874 1986 iudicis
1894 1971 1935 1987 co—

1095 2001 1237 2035 gnitionem
1262 2001 1366 2026 remitti.
1392 2016 1423 2019 —
1447 2000 1490 2026 Ad
1510 2000 1657 2038 Principem
1683 2003 1791 2029 remissa
1812 2005 1933 2039 cognitio.

1097 2043 1126 2068 t'r.
1147 2044 1205 2068 135.
1225 2042 1246 2075 3
1266 2044 1290 2068 2.
1311 2042 1343 2069 de
1363 2042 1394 2069 V.
1415 2042 1447 2069 Ο.
1468 2045 1508 2070 45.
1531 2046 1552 2070 1.
1573 2044 1603 2070 sr.
1623 2047 1664 2070 22.
1685 2044 1717 2071 de
1737 2046 1794 2082 adp.
1817 2052 1841 2072 et
1860 2046 1932 2073 relat.

1095 2087 1136 2111 49.
1159 2087 1180 2111 1.
1218 2085 1384 2122 Supplicavit.
1403 2086 1575 2123 Imperatores
1596 2093 1715 2114 nostros.
1742 2093 1766 2114 et
1786 2090 1933 2125 cognitione

1096 2133 1218 2165 suscepta
1239 2144 1270 2147 ——
1290 2130 1392 2165 putavit
1411 2129 1474 2166 Imp.
1504 2129 1533 2156 t'r.
1554 2132 1594 2156 92.
1615 2130 1647 2156 de
1667 2131 1754 2157 lii-red.
1774 2133 1834 2158 inst.
1854 2135 1894 2158 ΖΗ,
1909 2135 1930 2157 5.

1095 2171 1245 2208 imperiales
1266 2173 1420 2201 sententiae.
1441 2173 1466 2198 in
1481 2173 1673 2209 cognitionibus
1689 2174 1812 2210 prolatae.
1833 2174 1861 2201 fr.
1873 2177 1929 2200 240.

1071 2242 1073 2244 ,
1095 2214 1127 2240 de
1148 2213 1178 2240 V.
1198 2214 1225 2240 S.
1250 2216 1290 2240 50.
1312 2216 1352 2240 16.
1378 2216 1492 2247 (inser.)
1534 2217 1628 2242 Sacrae
1657 2218 1813 2253 cognitionis
1842 2217 1933 2243 habeat.

1096 2261 1261 2293 potestatem,
1283 2262 1307 2282 et
1328 2256 1495 2284 iudicationis
1517 2264 1621 2285 nostrae
1641 2260 1725 2286 soleat
1739 2265 1931 2297 1·epr:u·sentare

1095 2301 1273 2326 reverentiam.
1307 2299 1355 2325 Th.
1377 2300 1407 2326 (J.
1428 2300 1445 2326 I.
1468 2303 1506 2327 15.
1529 2312 1549 2328 c.
1571 2304 1592 2328 7.
1614 2303 1717 2335 (ch.)
1738 2303 1769 2329 (le
1789 2304 1831 2328 0112
1849 2302 1930 2328 ticar.

1095 2344 1148 2378 Qui
1172 2344 1228 2369 vice
1253 2347 1343 2368 nostra
1374 2342 1523 2371 huiusmodi
1555 2347 1749 2382 cognitionibus
1774 2344 1929 2382 praesident

1094 2385 1130 2411 ll).
1150 2385 1195 2411 XI.
1215 2387 1256 2411 30.
1284 2396 1304 2411 c.
1324 2387 1365 2411 28.
1391 2385 1423 2412 de
1443 2397 1500 2424 app.
1522 2393 1547 2414 et
1566 2399 1642 2425 poen.
1675 2390 1706 2415 (1.
1728 2389 1743 2414 1.
1763 2390 1786 2413 o'.
1807 2399 1827 2413 c.
1847 2390 1870 2413 2.
1890 2398 1928 2424 sq.

1491 2431 1571 2466 Quod
1595 2433 1683 2458 subito
1708 2432 1737 2457 ad
1759 2431 1931 2460 cognitionem

1096 2470 1269 2507 Princip.'dem
1292 2471 1440 2507 profectus.
1465 2483 1512 2499 nec
1537 2475 1573 2500 rei
1599 2485 1660 2501 suae
1679 2473 1817 2511 providere
1836 2489 1868 2493 -—-
1887 2485 1931 2511 po-

1096 2515 1181 2540 tuerit.
1209 2514 1238 2540 fr.
1259 2515 1282 2539 6.
1304 2513 1347 2540 ubi
1367 2525 1428 2551 pup.
1450 2516 1522 2542 educ.
1543 2519 1583 2543 27.
1598 2519 1621 2542 2Δ
1660 2517 1711 2550 Qui
1732 2518 1780 2547 (sc.
1801 2517 1931 2552 magistra-

1096 2559 1149 2587 tus)
1170 2573 1201 2575 —
1223 2562 1290 2583 totas
1310 2559 1472 2593 cognitiones
1487 2559 1644 2595 litigatorum
1658 2559 1792 2595 suscipere
1807 2568 1857 2585 non
1872 2569 1930 2596 pos-

1096 2604 1164 2629 sunt,
1184 2599 1231 2625 sed
1251 2600 1332 2626 solam
1352 2601 1405 2627 litis
1426 2603 1641 2627 contestationem
1662 2605 1685 2625 et
1707 2600 1821 2627 ultimam
1845 2605 1930 2638 cogni-

1096 2643 1192 2668 tionem
1213 2643 1301 2669 audire
1322 2649 1455 2679 coguntur.
1484 2644 1575 2670 Iuliani
1590 2644 1650 2679 epit.
1666 2653 1724 2669 nov.
1745 2654 1764 2669 c.
1780 2645 1820 2669 51.
1835 2644 1926 2677 3197.

1679 2685 1695 2711 l.
1712 2687 1772 2720 Sy.
1793 2688 1927 2722 Quaestio.

1468 2738 1506 2763 sq.
1554 2728 1654 2754 Publici
1683 2729 1771 2755 iudicii
1795 2732 1925 2757 exercitio.

1096 2770 1125 2797 sr.
1143 2773 1163 2797 l.
1180 2782 1217 2808 pr.
1238 2771 1270 2798 de
1290 2772 1332 2797 off,
1355 2772 1417 2796 eins.
1440 2772 1459 2795 l.
1474 2772 1515 2795 21.
1552 2770 1594 2796 111.
1611 2773 1675 2799 (tn.
1696 2772 1825 2799 Numerus
1845 2775 1927 2809 cogni-

1098 2815 1196 2840 tionum
1222 2815 1246 2840 in
1271 2813 1313 2840 IV.
1340 2813 1391 2839 sere
1416 2822 1509 2845 genera
1533 2813 1614 2840 dividi
1639 2820 1738 2851 potest:
1772 2832 1799 2835 -
1828 2822 1869 2842 aut
1897 2816 1928 2842 de

1452 2857 1486 2881 20

1098 2701 1128 2703 -
1149 2685 1179 2718 §0
1194 2687 1231 2712 3.
1260 2688 1443 2720 Inquisitio
1464 2689 1495 2712 in
1514 2688 1640 2712 crimen.
