2197 3121
1004 150 1095 182 MIN.

187 233 336 260 omnimodo
361 234 460 265 caveri,
485 248 517 252 —
546 242 604 259 cum
627 232 731 269 possint
757 232 780 258 ei
805 231 919 259 lusoriae
943 233 1027 259 minae

185 276 250 302 fieri.
270 276 301 303 fr.
321 278 344 302 4.
361 286 401 313 pr.
421 277 444 302 si
464 276 505 302 cui
524 275 559 313 pl.
580 285 622 312 qu.
643 285 667 312 p.
684 273 713 301 L.
728 274 797 301 Falc.
810 277 852 301 35.
871 276 895 300 3.
932 274 1027 302 Laten-

186 319 257 345 tibus
270 329 318 356 per
331 319 444 346 iudicem
457 319 604 356 promissis.
623 319 735 344 minisve
749 322 854 344 tentata.
874 316 922 344 ΤΙ1.
939 317 969 344 C.
983 317 1026 344 III.

187 363 226 388 ll.
248 371 268 388 c.
286 363 308 388 l.
328 362 349 396 5.
365 364 387 388 l.
408 363 431 388 si
450 372 523 398 quac.
537 360 626 398 praed.
646 366 700 398 pot.
739 361 795 387 Sub
814 360 933 397 capitalis
953 362 1026 387 exitii

184 405 262 430 minis
282 405 347 437 (non
366 404 456 431 licebit
475 405 537 437 etc.)
556 403 593 430 111.
608 403 674 430 VIII.
695 406 718 430 5.
740 414 760 430 c.
775 405 816 430 47.
836 413 875 441 pr.
896 403 928 429 de
948 413 1026 430 cursu

193 447 246 473 vul).

185 457 193 483 1
219 490 381 517 Minare.
408 490 544 516 Ducere.
565 491 677 524 Agere.
714 489 758 516 III.
773 491 839 517 Gn.
859 489 953 519 Actus,
973 490 988 515 i.
1003 500 1025 516 e.

185 542 234 569 qua
254 543 349 569 pecora
362 533 460 559 minare
476 533 668 559 consuevimus.
690 532 799 569 Interpr.
820 531 851 557 ad
865 531 938 558 Paul.
953 532 970 559 I.
987 534 1026 559 17.

183 575 206 609 ξ.
228 577 250 601 1.

220 617 373 644 Minari-
399 618 507 644 Minas
528 620 668 649 iactare,
690 619 859 644 Mirzitari.
897 618 939 645 III.
960 612 1049 646 Cn.¹

184 660 272 686 Dixit.
299 669 484 697 percussorem
509 660 560 686 sibi
585 665 694 686 mortem
717 661 855 691 minatum,
881 662 903 687 si
926 661 1028 698 procla-

183 707 289 729 masset.
318 702 348 728 sr.
369 704 391 728 1.
416 702 438 736 5.
457 704 499 729 28.
525 703 558 729 de
583 703 610 729 S.
623 702 654 730 C.
674 702 756 729 Silan.
779 705 821 730 29.
842 706 865 730 5.
904 703 932 730 Si
956 705 1026 731 iusto

183 750 254 772 metu
272 746 428 782 perterritus
452 747 640 781 cognitionem.
665 745 714 779 [al.
735 746 768 772 ob
794 748 982 783 cognitionem.
1001 757 1025 773 v.

183 789 332 824 cognitione
356 787 481 822 iudicis.]
507 788 539 815 ad
563 799 638 825 quam
664 793 691 815 ut
715 790 819 815 vinctus
843 791 905 821 iret.
930 795 1026 827 potens
1048 790 1049 815 l

182 831 349 857 adversarius
372 831 528 858 minabatur.
553 832 582 857 fr.
602 833 642 857 23.
668 831 733 864 5.1.
758 832 809 867 Qu.
831 838 891 859 met.
917 843 938 859 c.
958 835 981 858 4.
1001 835 1025 859 2.

182 873 217 900 Se
237 878 419 900 accusaturum
438 875 550 900 minatus
571 879 619 902 est.
639 884 686 900 nec
704 874 846 911 quidquam
860 876 919 911 egit.
939 875 969 901 fr.
984 877 1025 902 40.
1047 888 1048 894 ¹

181 926 220 954 pr.
245 916 278 943 ad
300 916 330 943 L.
355 916 402 943 Iul.
429 916 462 943 de
487 916 566 943 adult.
591 918 632 942 48.
652 919 676 943 5.
703 918 734 944 cl'.
761 918 792 944 fr.
817 920 858 944 18.
884 918 916 945 de
940 928 1025 945 accuS.
1046 944 1049 962 7

180 960 222 986 48.
242 961 266 985 2.

217 1003 359 1029 Minax.
379 1001 508 1035 (Adiect.)
532 1003 716 1029 Terribilis.
742 1002 784 1029 III.
797 1005 863 1031 (7¹11.
877 1003 1026 1030 Occasione
1047 992 1048 1015 l

180 1046 322 1082 potestatis
342 1046 388 1076 uti,
408 1050 434 1071 et
453 1046 579 1071 minacem
599 1044 714 1071 favorem
734 1056 810 1072 suum
830 1047 919 1073 invitis
933 1063 965 1066 —
984 1057 1027 1073 ex-

180 1088 280 1120 hibere.
302 1092 345 1114 aut
364 1087 524 1114 exhibuisse.
546 1087 595 1114 Th.
611 1087 642 1114 C.
657 1088 698 1114 III.
715 1091 754 1115 11.
775 1099 796 1115 c.
812 1091 834 1115 l.
850 1100 888 1126 pr.
909 1091 932 1116 si
951 1100 1025 1126 quac.

181 1130 270 1167 praed.
290 1135 345 1168 pot.

215 1174 401 1200 Minerva·
438 1175 563 1200 Pallas.
601 1173 642 1199 III.
670 1175 736 1201 Cu.
768 1174 883 1201 Minerva
911 1175 1024 1202 Iliensis.

182 1215 222 1242 Cf.
242 1225 266 1241 v.
286 1215 400 1242 Iliensis.
1046 1210 1047 1242 l

214 1258 493 1285 mnia-uarius.
521 1259 779 1287 intumulatur.
812 1259 853 1286 ef.
879 1270 903 1286 v.
927 1249 1047 1306 minus-l

180 1300 303 1333 cularius.
323 1311 347 1327 v.
363 1300 577 1328 Nomenculator.

213 1344 383 1371 MinIme.
404 1343 517 1377 (Advb.)
555 1346 778 1379 Nequaquam,
800 1347 900 1372 Nullo
916 1353 1023 1380 pacto.

177 1387 197 1413 I.
215 1387 276 1421 Sy.
296 1386 377 1413 Nullo
397 1387 483 1413 modo.
504 1387 534 1414 fr.
548 1390 572 1414 2.
593 1388 630 1421 55.
646 1390 670 1414 8.
691 1397 730 1424 sq.
751 1389 773 1414 si
794 1398 836 1425 qu.
857 1391 970 1415 cautt.2.
984 1391 1024 1415 ll.
1046 1396 1047 1421 1

177 1430 221 1456 111.
242 1431 308 1458 Cu.
336 1429 456 1461 Minime,
481 1430 524 1456 vel
547 1431 632 1457 miuus
653 1441 729 1467 quam
749 1437 916 1468 oportuerat,
938 1432 1025 1465 (solu-

178 1473 254 1505 tum.)
279 1483 300 1499 0,
320 1474 344 1499 6.
365 1472 397 1499 de
416 1482 531 1509 praescr.
550 1473 635 1500 XXX.
656 1475 678 1500 7.
699 1475 740 1500 39.
761 1473 792 1500 cf.
813 1474 862 1501 Th.
883 1475 914 1501 C.
934 1475 980 1502 XI.
999 1477 1023 1502 9.
1045 1480 1047 1483 '

179 1526 201 1542 c.
222 1517 244 1543 l.
265 1515 298 1542 118
317 1515 393 1542 distr.
412 1516 483 1552 pign.
520 1515 649 1543 Vtrumne
672 1518 728 1543 iure
748 1519 869 1544 steterint
889 1519 942 1551 (sc.
963 1528 1023 1544 con-
1045 1532 1046 1536 =

178 1559 300 1591 tractus.)
321 1569 352 1584 an
372 1557 493 1584 1010111181
514 1569 534 1585 c.
556 1561 577 1584 l.
598 1569 630 1585 ne
651 1570 692 1586 ux.
714 1570 762 1597 pro
782 1570 843 1586 mar.
864 1562 888 1587 4.
908 1563 948 1587 12.
973 1560 1024 1587 Vel

178 1601 250 1628 adire
274 1601 460 1630 hereditatem.
486 1601 528 1628 vel
552 1603 658 1628 minime
682 1613 737 1629 eam
761 1603 908 1641 repudiare.
935 1614 956 1630 0.
980 1606 1022 1630 22.

178 1645 200 1678 5.
223 1646 262 1670 14.
286 1644 318 1670 de
345 1645 401 1670 iure
425 1644 504 1670 delib.
531 1646 555 1670 6.
579 1646 620 1671 30.
662 1645 769 1672 Minime
794 1646 965 1675 concedatur.
989 1661 1023 1666 —

178 1687 230 1713 nisi
248 1688 322 1723 prius
342 1692 390 1713 etc.
412 1686 576 1714 T11.C.¹t'11.
597 1690 636 1714 13.
658 1699 678 1715 c.
700 1691 722 1715 1.
743 1689 774 1715 dc
794 1691 871 1716 tiron.
891 1689 953 1716 Min.
972 1689 1023 1716 hoe

179 1731 235 1756 iure
259 1730 296 1756 uti
322 1729 456 1756 debemus.
485 1730 542 1757 Gai.
562 1730 592 1757 II.
619 1732 677 1758 108.
716 1732 746 1758 Si
769 1743 816 1769 per
841 1742 969 1764 errorem.
990 1748 1022 1752 —
1045 1728 1047 1770 l

179 1771 291 1799 dandam
309 1773 363 1805 (sc.
383 1774 597 1809 exceptiouenn)
621 1775 644 1800 si
664 1785 696 1801 ex
715 1776 898 1807 conventione,
918 1776 1023 1801 minime
1045 1775 1046 1782 ¹

180 1814 299 1841 dandam.
319 1814 350 1841 fr.
364 1817 389 1841 4.
409 1815 431 1848 5.
446 1818 470 1841 5.
491 1816 514 1841 si
533 1826 576 1852 qu.
597 1822 675 1843 cautt.
689 1820 713 1843 2.
735 1819 774 1843 ll.
803 1818 864 1844 Min.
885 1817 1024 1844 dicendum
1045 1844 1046 1850 ¹

180 1863 228 1884 est.
248 1858 278 1884 sr.
298 1858 340 1883 62.
360 1857 393 1884 118
411 1857 499 1884 Aedil.
520 1858 597 1885 edict.
617 1861 658 1886 21.
675 1861 696 1885 l.
717 1860 747 1886 l'r.
764 1862 806 1886 24.
826 1871 866 1897 pr.
886 1860 919 1887 de
938 1860 1023 1887 damn.

179 1900 224 1927 ins.
237 1902 279 1927 39.
293 1902 316 1926 2.
337 1899 448 1926 Paulus:
469 1902 582 1928 minime.
603 1912 660 1928 nam
681 1907 728 1929 etc.
749 1902 778 1929 fr.
793 1904 834 1929 53.
855 1904 876 1937 5.
898 1905 920 1929 l.
940 1903 971 1930 fr.
982 1904 1024 1929 54.
1045 1897 1047 1919 l

181 1954 219 1981 pr.
241 1942 273 1970 de
294 1944 324 1969 A.
344 1943 375 1969 E.
395 1942 426 1968 V.
447 1944 487 1969 19.
510 1945 531 1969 l.

216 1986 407 2012 Minimus.
428 1985 565 2018 (Adiect.)
593 1987 623 2020 ξ.
644 1988 678 2014 l.
699 1990 866 2023 Exiguus,
890 1991 1024 2016 Tenuis-

179 2032 288 2056 simus.
325 2028 357 2054 11.
373 2030 441 2062 01).
455 2029 545 2056 Maior.
564 2029 703 2057 llIaximuS.
723 2030 764 2057 Cf.
778 2031 803 2058 h.
818 2041 859 2058 vv.
874 2031 1023 2058 Mediocris.

180 2071 222 2098 Cf.
241 2071 265 2098 h.
286 2081 310 2097 v.
330 2071 429 2098 Maiore
453 2072 547 2099 valere.
569 2089 600 2093 —
625 2073 733 2099 Minimo
758 2073 876 2101 distrahi.
902 2085 923 2101 c.
943 2077 966 2102 5.
992 2075 1024 2101 de

180 2114 207 2140 h.
226 2124 268 2151 qu.
288 2115 322 2141 vi.
342 2116 366 2141 2.
385 2117 430 2141 20:
464 2115 507 2141 ΠΙ.
529 2116 595 2143 Un-
617 2115 701 2142 Vnam
721 2127 783 2149 18111,
802 2117 866 2143 licet
884 2118 1023 2149 minimam.

181 2157 316 2193 (rapere.)
342 2156 399 2184 Gai.
419 2157 463 2184 III.
485 2160 544 2184 ⁴209.
586 2158 698 2196 Propter
722 2161 786 2186 satis
811 2161 942 2186 minimam
961 2170 1024 2192 rem,

182 2198 225 2225 vel
244 2208 377 2232 summam,
398 2200 515 2233 (audiri.)
536 2200 566 2227 fr.
580 2203 604 2228 4.
625 2202 659 2228 de
676 2202 695 2228 I.
715 2202 733 2229 l.
753 2202 784 2229 R.
798 2205 822 2229 4.
844 2205 866 2229 1.
904 2202 947 2229 011
967 2202 1024 2229 0111-

183 2241 245 2269 lum.
265 2247 308 2268 aut
325 2244 459 2270 minimum
478 2243 588 2275 lucrum.
609 2244 743 2277 (recusare
761 2246 824 2278 etc.)
844 2245 901 2272 Gai.
919 2245 950 2272 II.
963 2247 1023 2272 ⁶254.

184 2284 216 2310 cl'.
239 2284 299 2310 226.
343 2285 434 2320 Quae.
460 2288 520 2323 quia
544 2288 644 2314 minimi
668 2289 735 2314 aeris
759 2292 834 2319 sunt,
858 2287 891 2314 ad
914 2288 1025 2315 nihilum

183 2326 364 2364 perducuntur
387 2333 435 2355 etc.
459 2329 489 2356 fr.
509 2331 534 2356 3.
559 2330 591 2357 de
616 2330 684 2357 alim.
709 2341 733 2357 v.
759 2331 838 2357 cibar.
862 2332 904 2357 34.
931 2333 952 2357 1.
995 2331 1024 2357 Si

185 2370 244 2405 quis
269 2368 427 2403 adfirmavit,
450 2373 581 2399 minimam
605 2383 664 2400 esse
687 2373 866 2400 hereditatem.
891 2373 921 2400 sr.
941 2375 965 2400 9.
984 2384 1024 2411 pr.

184 2411 216 2438 de
236 2411 260 2438 d.
281 2422 313 2438 10.
334 2414 358 2438 4.
377 2414 401 2438 3.
421 2412 451 2439 fr.
471 2416 510 2441 78.
530 2416 612 2449 §.16.
633 2416 665 2443 ad
685 2416 752 2443 S.C.
773 2416 852 2443 Treb.
871 2418 951 2443 36.1.
980 2416 1024 2449 Vt,

184 2454 227 2480 vel
247 2455 291 2490 qui
310 2455 444 2481 minimum
463 2463 584 2490 errasset,
603 2458 676 2485 litem
695 2459 826 2497 perderet.
847 2458 903 2485 Gai.
919 2459 962 2486 IV.
981 2461 1024 2486 30.
1046 2493 1047 2500 ¹

184 2496 213 2523 ld
228 2501 326 2523 tantum
341 2499 476 2534 consequ1‚
487 2502 575 2536 quanti
588 2503 695 2529 minimo
708 2502 814 2538 defungi
828 2503 923 2539 potuit.
942 2502 972 2529 fr.
985 2504 1024 2529 11.

184 2540 206 2573 5.
228 2541 267 2565 12.
293 2539 325 2566 118
348 2540 379 2566 A.
399 2540 429 2566 Ε.
454 2539 486 2567 V.
513 2543 551 2568 19.
573 2545 594 2570 l.
631 2544 738 2572 Minimo
762 2546 889 2581 transegit
913 2545 1024 2572 debitor.

185 2582 215 2608 sr.
236 2583 260 2608 3.
285 2582 307 2615 5.
326 2584 350 2608 2.
375 2582 408 2609 de
430 2587 553 2610 transact.
571 2587 596 2612 2.
617 2588 656 2614 15.
693 2587 795 2619 Facile,
819 2589 894 2624 quasi
918 2589 1024 2615 minimo
1046 2593 1048 2611 :

186 2624 286 2651 valeret
305 2624 446 2657 hereditas,
467 2628 632 2663 (persuasit.)
651 2629 681 2656 fr.
703 2632 742 2657 13.
762 2631 784 2664 5
803 2633 827 2657 5.
848 2630 880 2657 de
899 2630 930 2656 A.
948 2631 978 2657 E.
992 2630 1024 2658 V.

187 2669 227 2694 19.
240 2670 262 2693 1.
275 2683 306 2687 —-
326 2668 357 2701 ξ.
369 2669 404 2694 2.
421 2670 534 2696 Minor.
555 2669 574 2695 I.
585 2671 646 2704 Sy.
665 2671 758 2705 Minor,
772 2673 877 2700 Minima
891 2674 1024 2707 (summa.)

187 2710 218 2737 fr.
237 2712 261 2736 5.
281 2720 320 2747 pr.
341 2709 373 2736 de
391 2710 457 2738 adm.
477 2716 503 2738 et
521 2722 576 2749 per.
589 2713 631 2739 26.
645 2715 668 2739 7.
688 2714 718 2741 fr.
732 2717 773 2742 38.
793 2717 814 2750 5.
831 2718 853 2742 1.
874 2716 906 2743 de
925 2727 953 2743 18
971 2716 1024 2743 iud.

186 2754 228 2779 42.
250 2755 271 2779 l.
308 2752 351 2779 III.
363 2754 430 2780 Gn·
447 2753 603 2790 Eligendum
623 2760 672 2787 est.
691 2758 762 2792 quod
780 2759 914 2786 minimum
933 2759 1027 2786 habeat

189 2796 342 2831 iniquitatis.
363 2795 392 2822 fr.
412 2798 470 2822 200.
491 2796 522 2823 cf.
543 2797 573 2824 fr.
593 2799 616 2824 9.
637 2797 669 2824 de
687 2798 718 2825 R.
738 2799 756 2826 I.
775 2803 816 2828 50.
837 2803 876 2828 17.
891 2818 923 2821 —
942 2803 974 2835 ᾖ.
987 2803 1025 2829 3.

1046 2555 1048 2558 ’
1069 2546 1090 2579 5.
1110 2547 1134 2571 3.
1161 2544 1193 2571 de
1216 2544 1277 2570 furt.
1301 2545 1342 2570 47.
1367 2546 1392 2570 2.

1852 157 1914 188 587

1074 234 1231 260 Modicus.
1268 233 1286 260 I.
1301 235 1362 269 Sy.
1382 234 1493 267 Modica,
1513 234 1618 262 Minima
1639 235 1734 272 (pars.)
1754 235 1784 262 fr.
1804 239 1828 263 2.
1848 238 1912 271 5.1.

1072 275 1101 302 sr.
1122 277 1145 302 4.
1170 286 1208 313 pr.
1235 277 1286 311 Qu.
1316 288 1336 304 c.
1362 287 1392 304 eo
1418 288 1460 314 qu.
1485 279 1512 304 in
1535 277 1566 304 al.
1590 282 1645 315 pot.
1668 280 1707 305 14.
1727 281 1750 305 5.
1786 279 1830 305 HI.
1847 281 1913 307 011.

1071 317 1131 344 Non
1154 319 1259 345 minima
1284 319 1383 346 utilitas
1408 325 1448 347 est
1473 320 1569 353 (huius
1589 320 1695 353 edicti.)
1719 320 1750 347 fr.
1772 323 1794 348 1.
1817 332 1857 359 pr.
1881 322 1914 349 de

1071 361 1161 388 tribut.
1176 366 1224 388 act.
1240 364 1279 388 14.
1293 364 1317 388 4.
1344 361 1402 389 Non
1416 364 1520 389 minima
1540 363 1704 390 incommoda
1723 363 1827 391 habere.
1847 365 1877 392 sr.
1887 367 1912 392 3.

1070 403 1128 430 sam.
1154 405 1246 431 ercisc.
1266 406 1306 431 10.
1325 406 1350 431 2.
1375 405 1406 432 cs.
1431 405 1472 432 Pr.
1492 406 1510 432 I.
1531 405 1588 433 Per.
1608 417 1651 444 qu.
1672 416 1710 443 ag.
1733 417 1806 444 poss.
1826 409 1850 434 4.
1872 410 1912 435 10,

1047 450 1049 489 ξ
1071 445 1131 472 Non
1155 449 1260 474 minima
1287 447 1434 474 differentia
1458 454 1499 475 est
1521 450 1589 476 inter
1613 454 1661 476 etc.
1686 449 1716 476 fr.
1735 451 1760 476 2.
1784 450 1807 484 5.
1825 452 1867 477 24.
1886 452 1913 478 vi

1047 515 1049 526 ,Ἴ
1071 489 1131 515 bon.
1156 495 1222 527 rapt.
1247 492 1288 516 47.
1314 491 1338 517 8.
1380 490 1511 518 Deductis
1534 492 1626 528 legatis
1650 493 1777 524 minimis,
1803 498 1828 519 et
1854 503 1914 520 aere

1047 535 1049 541 ’
1071 531 1156 558 311800
1177 543 1229 559 000
1249 543 1349 569 magno.
1369 533 1400 560 fr.
1420 535 1461 560 44.
1482 535 1504 568 5.
1526 536 1547 561 1.
1567 535 1599 561 ad
1620 534 1685 562 S.C.
1706 534 1786 562 Treb.
1805 537 1846 562 36.
1869 538 1890 562 l.

1104 575 1292 603 Minister.
1312 577 1343 610 §.
1355 578 1389 603 1.
1405 578 1578 609 Famulus,
1595 580 1803 605 Administer.
1823 578 1912 613 LSy.

1072 616 1147 652 Quae
1170 619 1345 646 ministerium
1368 619 1502 657 praebuit,
1522 619 1655 651 ministra,
1676 621 1827 658 (cauponae
1846 623 1912 654 etc.)

1071 658 1121 686 Th.
1135 659 1165 686 C.
1179 660 1223 687 IX.
1240 663 1262 688 7.
1284 672 1305 688 c.
1321 664 1341 689 l.
1362 663 1394 689 ad
1408 662 1437 689 L.
1458 662 1505 689 lul.
1526 662 1558 689 de
1578 662 1658 689 adult.
1695 662 1737 689 111.
1750 665 1816 691 Gn.
1835 664 1913 691 Circa

1071 703 1207 729 ministros
1234 704 1369 731 terribilis.
1398 705 1429 732 fr.
1447 708 1489 732 22.
1536 726 1541 732 .
1567 707 1589 731 7.
1614 705 1663 732 sol.
1689 707 1798 732 matrim.
1822 708 1864 733 24.
1887 708 1912 733 3.

1070 745 1177 772 Esearia
1201 751 1227 772 et
1246 747 1379 784 pocularia
1403 758 1465 774 vasa
1489 747 1632 779 debentur,
1657 758 1719 775 sane
1742 750 1855 776 ministri
1875 760 1913 776 ea-

1071 798 1127 814 rum
1147 799 1234 815 rerum
1253 789 1337 825 legato
1362 801 1414 817 non
1440 790 1544 818 cedunt.
1573 790 1646 817 Paul.
1666 790 1708 817 ΠΙ.
1728 792 1751 817 6.
1777 792 1799 825 5.
1819 794 1860 819 61.
1881 809 1907 812 —

1048 819 1049 848 l
1071 832 1102 864 ἓ.
1118 832 1153 858 2.
1176 833 1238 864 Qui
1257 843 1342 867 opem
1356 835 1443 870 fert,
1463 836 1618 866 Adiutor,
1640 836 1762 860 Socius.
1788 834 1831 861 III.
1847 836 1912 862 Cn.

1070 874 1193 906 Ministri,
1213 874 1256 901 vel
1276 877 1417 913 participes
1437 876 1561 910 (caedis.)
1580 876 1610 902 sr.
1632 878 1672 902 14.
1693 876 1726 903 de
1745 876 1811 904 S.C.
1831 877 1912 904 Silan.

1070 918 1112 942 29.
1132 918 1157 942 5.
1193 917 1336 945 Auctorem
1361 929 1390 945 ac
1409 920 1556 946 ministrum
1577 920 1679 956 (poena
1699 921 1839 957 excipiet.)
1863 920 1912 947 Th.

1047 971 1048 987 1
1071 959 1102 986 C.
1122 959 1167 986 IX.
1186 962 1228 986 21.
1259 970 1279 987 c.
1299 963 1323 988 2.
1349 963 1369 995 5.
1389 964 1413 988 5.
1440 962 1472 988 de
1497 962 1561 988 salsa
1588 971 1658 988 mou.
1694 961 1853 989 Interdictae
1876 964 1914 990 rei

1069 1003 1197 1029 minister.
1218 1002 1247 1029 sr.
1264 1005 1303 1029 15.
1325 1004 1346 1037 5.
1360 1006 1384 1030 2.
1404 1004 1436 1030 ad
1455 1006 1548 1031 munic.
1568 1006 1610 1031 50.
1630 1006 1652 1031 1.
1690 1004 1858 1039 Procurator,
1871 1005 1913 1032 vel

1070 1047 1198 1082 cognitor.
1219 1047 1263 1082 qui
1282 1046 1338 1073 litis
1357 1048 1478 1073 minister
1497 1052 1537 1073 est
1551 1047 1695 1074 ordinatus.
1716 1047 1766 1074 Th.
1782 1047 1813 1074 C.
1827 1048 1857 1074 II.
1873 1050 1912 1074 12.

1046 1080 1048 1123 ἶ
1070 1098 1092 1114 c.
1112 1090 1134 1114 7.
1154 1099 1194 1125 pr.
1215 1088 1247 1115 de
1267 1090 1395 1125 cognitor.
1417 1106 1447 1110 —
1476 1090 1506 1123 ξ.
1523 1092 1559 1116 3.
1582 1092 1781 1126 Officialiax,
1806 1093 1912 1125 Adpa-

1070 1133 1163 1158 ritor.
1201 1131 1242 1158 111.
1264 1133 1330 1159 Cn.
1358 1131 1492 1159 Praetoria
1511 1138 1655 1169 potestate.
1680 1133 1722 1159 vel
1745 1143 1823 1159 manu
1841 1134 1914 1160 mini-

1046 1195 1047 1201 .
1069 1179 1184 1200 strorum
1199 1176 1326 1210 (cogere.)
1346 1176 1375 1201 11.
1392 1177 1413 1201 l.
1433 1176 1454 1209 5.
1469 1177 1492 1201 2.
1513 1177 1536 1201 si
1550 1181 1632 1202 ventr.
1647 1186 1716 1202 nom.
1728 1178 1770 1202 25.
1784 1178 1807 1201 5.
1833 1176 1913 1211 Quod

1070 1218 1125 1243 eius
1146 1220 1195 1249 (sc.
1214 1217 1312 1250 Ducis)
1333 1228 1386 1244 non
1405 1218 1490 1245 dicam
1509 1217 1685 1249 domesticuS.
1706 1219 1753 1245 sed
1772 1218 1913 1256 manipula-

1068 1261 1124 1286 rius
1144 1265 1170 1286 et
1188 1261 1309 1287 minister
1328 1262 1472 1298 (accepit.)
1496 1260 1546 1287 Th.
1568 1260 1598 1287 C.
1619 1261 1662 1288 IX.
1682 1263 1723 1288 27.
1745 1272 1766 1288 c.
1785 1263 1809 1287 3.
1830 1261 1863 1287 ad
1882 1261 1912 1288 L.

1068 1302 1115 1329 Iul.
1130 1308 1257 1340 repet.—
1277 1304 1308 1337 ἓ.
1325 1305 1363 1330 4.
1385 1306 1449 1337 Qui
1466 1306 1572 1331 sacris
1585 1306 1760 1340 faciendis
1777 1311 1913 1338 praesto

1069 1352 1123 1372 est.
1144 1345 1163 1372 I.
1176 1347 1238 1380 Sy.
1259 1345 1388 1373 Clericus.
1409 1346 1500 1373 Divini
1519 1348 1635 1373 muneris
1647 1348 1775 1373 minister.
1794 1346 1913 1373 lb.XV1.

1068 1390 1092 1415 2.
1114 1399 1134 1414 c.
1155 1390 1195 1415 47.
1217 1389 1238 1422 5.
1260 1391 1282 1415 l.
1302 1388 1335 1415 de
1354 1390 1434 1426 episc.
1456 1389 1521 1416 eccl.
1556 1389 1600 1416 III.
1616 1391 1682 1417 ίή.
1702 1389 1869 1422 Sacerdotes,
1888 1395 1914 1416 et

1046 1453 1047 1457 ,
1069 1432 1189 1458 ministri.
1227 1431 1263 1458 lb.
1293 1442 1314 1458 c.
1338 1433 1380 1458 31.
1405 1442 1426 1458 0.
1451 1434 1492 1459 41.
1518 1432 1534 1459 l.
1559 1432 1576 1459 l.
1602 1432 1673 1459 XVI.
1698 1434 1738 1458 10.
1767 1442 1789 1459 c.
1816 1435 1856 1459 14.
1881 1432 1913 1459 118

1068 1484 1159 1512 pagan.

1103 1517 1378 1544 Ministerialis.
1421 1519 1594 1549 famulas,
1620 1520 1758 1552 privato
1783 1520 1911 1545 Princi.

1045 1562 1118 1594 pis
1138 1562 1323 1587 ministerio
1343 1563 1529 1594 deputatus.
1566 1560 1607 1586 III.
1629 1562 1696 1588 Cn.
1725 1560 1779 1596 Qui
1798 1561 1913 1587 ministe-

1045 1592 1046 1625 l
1068 1602 1155 1634 113185,
1176 1607 1202 1629 et
1220 1602 1416 1640 paedagogiani,
1437 1608 1462 1629 et
1481 1603 1628 1634 silentiarii,
1651 1608 1676 1629 et
1695 1602 1852 1629 decuriones
1871 1613 1913 1630 ex-

1045 1641 1046 1681 ]
1068 1647 1174 1672 sistunt.
1195 1645 1234 1672 lb.
1254 1645 1321 1672 VIII.
1343 1647 1365 1671 7.
1386 1656 1407 1672 0.
1427 1647 1450 1672 5.
1471 1645 1504 1672 de
1523 1645 1575 1672 div.
1596 1646 1665 1672 offic.

1103 1688 1403 1715 Ministerianus.
1426 1688 1504 1714 Idem.
1542 1688 1584 1715 III.
1605 1690 1672 1716 Cn.
1693 1688 1874 1715 Castrensiani
1888 1693 1911 1715 et

1068 1732 1251 1757 ministeriani.
1273 1730 1340 1757 Cod.
1359 1730 1416 1756 XII.
1435 1732 1477 1757 26.
1497 1730 1580 1757 Rubr.

1103 1773 1370 1800 Ministerium.
1413 1773 1443 1806 §-
1469 1774 1503 1800 1.
1538 1774 1658 1808 Opera,
1689 1775 1911 1800 Adiutorium.

1068 1815 1087 1843 I.
1108 1817 1170 1850 Sy.
1191 1815 1267 1852 Opus
1288 1815 1416 1848 (mctalli,
1437 1826 1457 1842 s.
1477 1816 1669 1849 metallorum.)
1694 1815 1725 1842 fr.
1745 1817 1768 1842 8.
1788 1816 1825 1850 55.
1845 1818 1869 1842 4.
1889 1818 1911 1842 6.

1045 1869 1047 1885 ε
1068 1860 1092 1885 8.
1118 1858 1148 1884 fr.
1167 1859 1208 1884 36.
1234 1858 1266 1884 de
1291 1868 1369 1896 poen.
1393 1860 1434 1885 48.
1456 1860 1496 1886 19.
1522 1870 1542 1886 c.
1562 1861 1586 1886 9.
1612 1859 1671 1886 eod.
1695 1860 1719 1885 9.
1743 1860 1785 1885 47.
1821 1858 1913 1886 Fidem

1069 1900 1288 1934 (accommodare,
1309 1911 1329 1927 s.
1350 1902 1507 1938 suscipere.)
1527 1901 1557 1928 sr.
1579 1904 1619 1928 10.
1639 1912 1680 1938 sq.
1700 1901 1730 1928 fr.
1745 1902 1786 1927 18.
1806 1901 1827 1935 5.
1841 1903 1864 1928 2.
1881 1901 1913 1928 de

1045 1940 1047 1955 ³
1068 1944 1097 1971 h.
1115 1954 1157 1981 qu.
1178 1949 1207 1970 ut
1225 1943 1323 1980 indign.
1342 1946 1383 1970 34.
1403 1946 1427 1971 9.
1455 1944 1499 1972 III.
1519 1946 1585 1972 Gn.
1605 1944 1687 1972 Vocis
1706 1945 1852 1971 ministerio
1866 1946 1910 1971 uti.

1045 1982 1047 1997 ³
1069 1987 1099 2013 fr.
1121 1989 1143 2013 7.
1169 1987 1189 2020 5.
1210 1988 1233 2013 2.
1259 1986 1291 2014 118
1315 1987 1410 2024 supell.
1434 1987 1484 2022 leg.
1503 1989 1545 2014 33.
1567 1989 1608 2013 10.
1646 1986 1675 2014 Si
1699 1986 1764 2013 nihil
1788 1997 1820 2014 ex
1839 1988 1912 2014 mini-

1069 2031 1150 2056 sterio
1170 2030 1329 2066 praestando
1354 2029 1486 2056 subtrahit
1509 2029 1698 2067 (inaequalitas
1723 2029 1911 2059 maxillarum.)

1068 2073 1099 2099 fr.
1115 2074 1154 2098 12.
1176 2073 1197 2106 5.
1214 2075 1235 2099 l.
1256 2072 1289 2099 de
1307 2073 1394 2100 Aedil.
1415 2073 1494 2100 edict.
1512 2075 1554 2100 21.
1575 2075 1598 2100 l.
1636 2072 1718 2109 Quod
1738 2074 1787 2106 (sc.
1806 2074 1911 2105 vitium)

1069 2126 1144 2142 usum
1164 2117 1391 2152 ministeriumque
1411 2116 1525 2143 hominis
1545 2116 1677 2153 impediat.
1697 2115 1728 2142 fr.
1749 2117 1771 2142 1.
1791 2116 1813 2149 5.
1833 2117 1856 2143 8.
1876 2116 1910 2142 ib.

1068 2160 1110 2185 21.
1132 2161 1154 2185 1.
1191 2158 1221 2185 Id
1240 2158 1357 2185 officium
1396 2160 1422 2185 in
1442 2169 1494 2196 quo
1514 2170 1567 2185 non
1587 2158 1643 2185 sola
1663 2168 1742 2196 opera
1761 2159 1911 2195 nudumque

1068 2202 1242 2228 ministerium
1261 2212 1350 2228 earum
1368 2207 1526 2228 versaretur.
1545 2202 1576 2228 fr.
1592 2203 1614 2228 l.
1634 2202 1655 2235 5.
1671 2203 1694 2228 l.
1714 2201 1746 2228 ad
1766 2201 1830 2228 S.C.
1842 2201 1910 2228 Vell.

1070 2246 1109 2271 16.
1130 2247 1152 2270 1.
1172 2244 1203 2271 fr.
1221 2246 1245 2271 3.
1265 2244 1298 2271 de
1316 2249 1453 2282 proxenet.
1467 2247 1509 2271 50.
1526 2246 1565 2271 14.
1601 2244 1639 2270 Ea
1658 2245 1787 2281 mancipia
1801 2261 1830 2264 —
1852 2245 1910 2270 sim-

1068 2287 1180 2325 pliciora
1194 2298 1262 2319 esse,
1282 2292 1308 2314 et
1321 2287 1354 2314 ad
1367 2288 1511 2314 ministeria
1525 2288 1625 2324 aptiora
1640 2292 1665 2314 et
1678 2287 1812 2314 dociliora.
1826 2286 1856 2313 fr.
1867 2288 1909 2312 37.

1069 2331 1102 2358 de
1120 2330 1207 2357 Aedil.
1232 2330 1309 2357 edict.
1329 2332 1371 2356 21.
1392 2332 1414 2356 1.
1452 2329 1557 2367 Operas
1579 2335 1705 2367 patrono,
1729 2329 1771 2356 vel
1795 2330 1910 2355 ministe-

1069 2375 1136 2400 rium
1156 2373 1324 2406 (exhibere.)
1344 2372 1374 2398 fr.
1394 2374 1432 2399 17.
1452 2383 1491 2409 pr.
1512 2372 1544 2399 ad
1563 2374 1656 2399 munic.
1677 2374 1718 2398 50.
1739 2373 1761 2398 I.
1799 2371 1909 2398 Contra-

1069 2418 1115 2443 riis
1135 2417 1297 2446 ministeriis,
1317 2420 1361 2441 aut
1379 2416 1522 2447 inusitatis,
1541 2416 1679 2442 artificium
1693 2416 1749 2441 eius
1763 2415 1812 2446 (sc.
1827 2415 1909 2447 servi)

1070 2469 1246 2496 corrumpere.
1271 2458 1301 2484 fr.
1322 2459 1362 2484 17.
1391 2458 1456 2492 5.1.
1480 2458 1513 2485 de
1536 2458 1616 2485 usul'r.
1637 2459 1660 2483 7.
1680 2459 1703 2482 l.
1741 2456 1827 2494 Opem
1850 2456 1908 2489 sert,

1070 2503 1115 2539 qui
1139 2502 1313 2528 ministerium
1338 2506 1416 2537 atque
1440 2500 1598 2528 adiutorium
1622 2515 1654 2519 -
1677 2498 1793 2536 praebet.
1816 2499 1847 2526 fr.
1867 2502 1907 2526 50.

1421 2544 1470 2571 Th.
1492 2544 1522 2570 C.
1543 2543 1598 2570 VII.
1619 2544 1658 2568 13.
1685 2552 1706 2568 c.
1726 2543 1750 2568 9.
1775 2541 1807 2568 de
1830 2544 1907 2569 tiron.

1070 2588 1099 2615 Si
1119 2587 1162 2614 alii
1181 2587 1313 2622 negotium
1337 2592 1488 2624 gesserunt,
1513 2591 1538 2612 et
1561 2585 1708 2612 ministerio
1733 2584 1815 2612 functi
1838 2591 1907 2612 sunt.

1070 2631 1100 2657 fr.
1119 2632 1143 2656 2.
1167 2629 1198 2656 de
1218 2634 1290 2656 term.
1310 2635 1373 2656 mot.
1393 2632 1433 2656 47.
1453 2631 1493 2656 21.
1531 2628 1598 2660 Res,
1621 2629 1647 2654 in
1672 2638 1722 2664 qua
1745 2627 1845 2655 fraudis
1863 2630 1907 2655 mi—

1070 2674 1207 2700 nisterium
1226 2673 1352 2710 suscepit.
1377 2672 1407 2698 fr.
1427 2674 1468 2698 46.
1493 2672 1557 2705 5.1.
1583 2670 1616 2697 de
1638 2672 1695 2697 iure
1717 2670 1783 2697 fisci.
1803 2672 1844 2698 49.
1866 2673 1907 2697 14:

1069 2716 1159 2743 Alium
1177 2725 1361 2753 possessorem
1380 2714 1526 2740 ministerio
1539 2723 1597 2740 meo
1610 2713 1684 2740 facio.
1699 2729 1730 2734 -—
1750 2713 1908 2741 Procurator

1070 2759 1169 2785 alienae
1187 2758 1352 2796 possessioni
1372 2761 1487 2794 praestat
1506 2757 1686 2783 ministerium.
1706 2755 1737 2783 sr.
1758 2757 1797 2782 18.
1817 2766 1855 2793 pr.
1875 2755 1906 2782 cle

1070 2802 1101 2829 A.
1121 2812 1147 2829 v.
1166 2802 1196 2828 A.
1217 2801 1244 2828 P.
1264 2802 1304 2827 41.
1324 2802 1349 2826 2.
1370 2815 1401 2819 —-
1421 2800 1452 2833 ξ.
1472 2800 1559 2826 LA.
1580 2800 1709 2829 Munus.
1731 2800 1904 2835 Officium,

1407 2844 1439 2868 74
1450 2843 1463 2855 ⁴¹⁶
