2197 3121
1000 163 1102 194 ADV.

189 247 292 274 vixerit.
329 246 422 273 Donec
441 245 552 272 advivet.
577 244 608 271 fr.
627 245 669 271 28.
689 245 711 279 3.
731 246 755 271 5.
776 244 809 271 de
827 243 902 271 liber.
923 244 972 281 leg.
985 246 1027 271 34.

188 291 213 316 3.
233 288 263 316 fr.
283 291 324 316 30.
345 299 384 326 pr.
406 289 437 315 de
457 288 532 315 adim.
553 287 601 324 leg.
621 289 663 314 34.
683 289 707 314 4.
743 287 792 315 Th.
813 286 844 314 C.
865 286 896 314 V.
918 289 940 314 l.
962 298 983 314 c.
1006 289 1027 314 l.

190 332 222 359 de
242 332 311 368 legit.
332 332 441 359 heredit.

223 377 403 402 Adulare.
446 375 610 401 Blandiri.
653 373 694 400 III.
720 375 786 401 Gn.
823 373 877 409 Qui
906 373 1029 400 adulandi

190 418 291 446 studio.
315 423 358 444 aut
382 423 452 444 metu
476 417 649 443 inconstantis
674 418 791 453 ignaviae
809 432 843 436 —-
862 417 1028 442 tentaverint.

191 471 212 487 c.
234 463 256 487 l.
277 460 309 487 de
327 465 387 487 stat.
408 465 433 486 et
453 461 527 496 imag.
549 462 571 486 1.
592 461 633 486 24.

224 504 414 530 Adulatio.
452 504 657 530 Adsenlatio.
688 501 811 529 [ILOEYn.
839 500 899 527 Non
919 501 1029 527 obtentu

190 546 348 573 adulationis
368 546 490 573 alicuiuS.
515 545 562 571 sed
582 546 666 582 ipsius
685 543 792 570 admissi
811 555 902 576 causa,
921 546 1030 582 punien-
1051 560 1052 563 =

191 589 248 616 dus.
278 589 350 615 Paul.
372 588 402 615 V.
422 591 463 615 29.
484 589 504 622 3.
525 590 549 614 2.
588 587 669 614 Fictis
693 587 888 614 adulationibus
911 588 1028 625 spoliari.

191 643 212 659 c.
231 634 255 658 2.
277 632 308 658 de
328 632 388 658 don.
409 633 454 658 int.
476 630 507 657 Υ.
528 634 550 657 5.
574 632 614 657 16.

225 676 397 702 Adulter.
434 676 630 701 Adultera.
667 672 792 706 (Subst.)
829 673 860 706 §-
881 674 916 700 1.
948 675 1028 706 Qui,

190 728 212 745 v.
235 720 336 751 Quae,
358 719 522 743 commisit
546 718 757 743 adulterium.
795 715 813 742 I.
834 717 895 750 Sy.
926 715 965 745 Is.
986 717 1030 752 qui

192 760 302 787 alienam
321 759 489 786 niatremfam.
516 760 669 796 corruperit.
698 758 728 785 fr.
747 761 806 785 225.
832 758 863 785 de
883 758 914 785 V.
935 758 962 785 S.
988 761 1029 785 50.

192 805 232 830 16.
270 803 312 829 III.
326 804 391 830 (711.
421 802 584 838 SacrileguS.
609 803 635 828 in
658 803 793 828 maiestate
817 812 891 829 reus,
915 802 941 827 in
964 812 1032 828 mor-

192 851 252 873 tuos
266 846 407 873 veneticus.
429 846 483 871 sive
497 845 640 872 malesscuS.
655 844 765 875 adulter.
780 849 877 882 raptor.
892 844 1029 871 homicida.

192 888 243 915 Th.
264 888 294 915 C.
315 888 359 914 IX.
378 889 419 914 38.
446 899 466 914 c.
485 889 509 914 3.
541 888 571 914 cf.
601 898 621 914 c.
642 890 664 914 1.
685 898 706 914 c.
726 889 750 914 S.
780 887 812 913 de
836 886 933 924 indulg.
959 889 1029 914 crim.

191 930 256 958 Fur.
278 930 392 958 adulter.
412 930 516 957 aleator.
542 930 572 957 fr.
587 933 645 957 225.
666 930 682 957 l.
703 934 744 958 50.
766 932 806 957 16.
844 930 941 957 onris
960 931 1031 957 adul-

190 979 239 1001 ter.
273 973 344 1000 Paul.
364 973 393 1000 II.
417 975 459 1000 26.
487 974 569 1008 310.
612 973 728 1000 onrem
756 973 946 1010 deprehensam
973 984 1031 1000 cum

191 1017 311 1043 adultero
331 1016 458 1043 occidere.
487 1016 524 1043 lb.
544 1017 581 1051 33.
602 1019 625 1044 5.
645 1019 668 1044 6.
707 1017 863 1054 Suspectam
887 1016 1031 1043 adulteram

191 1060 287 1086 habere
306 1060 452 1093 (uxorem).
482 1070 502 1085 c.
523 1062 546 1086 2.
567 1059 598 1086 ef.
620 1070 641 1087 c.
663 1062 702 1086 13.
723 1060 755 1086 ad
773 1059 802 1086 L.
824 1059 871 1086 Iul.
892 1059 924 1086 de
945 1059 984 1086 ad.
1006 1061 1029 1086 9.

191 1104 215 1129 9.
247 1119 279 1122 —
310 1103 341 1136 §.
362 1104 396 1129 2.
430 1104 663 1135 Adulteratur,
695 1105 883 1130 Falsarius.
924 1102 942 1129 I.
968 1104 1029 1137 Sy.

191 1145 369 1172 Adulterator.
399 1144 447 1171 Th.
470 1145 500 1171 C.
520 1145 564 1172 XI.
585 1147 627 1172 21.
648 1156 669 1172 c.
691 1148 713 1172 1.
734 1145 766 1172 de
786 1145 846 1172 coll.
867 1156 918 1172 aer.
939 1146 970 1172 cf.
986 1146 1029 1172 IX.

189 1189 232 1214 21.
252 1198 273 1214 c.
293 1191 317 1215 5.
339 1188 370 1214 de
390 1188 447 1214 fals.
468 1198 536 1214 mon.
574 1188 644 1215 Reus
665 1189 745 1216 falsae
764 1193 890 1215 monetae.
928 1189 965 1215 lb.
985 1189 1029 1215 IX.

189 1233 232 1257 21.
252 1242 274 1258 c.
294 1233 317 1257 5.
339 1241 359 1257 c.
380 1233 403 1258 9.

226 1275 397 1301 Adulter.
427 1273 559 1307 (Adiect.)
592 1277 815 1302 Adulterium.
847 1274 889 1300 III.
906 1275 971 1302 Cn.
991 1274 1032 1301 Fi-

192 1322 310 1354 guratum
329 1316 444 1343 solidum
464 1317 580 1343 adultera
599 1319 742 1344 imitatione
765 1319 791 1344 in
815 1317 952 1343 vendemio
972 1318 1032 1344 sub-

192 1361 278 1387 iicere.
308 1360 345 1386 Ib.
366 1359 410 1386 IX.
430 1362 472 1386 22.
494 1370 514 1386 c.
537 1363 558 1387 l.
579 1362 602 1387 si
622 1371 664 1398 qu.
686 1360 765 1387 solidi
785 1360 874 1387 circul.

226 1404 469 1430 Adulteram.
518 1404 549 1438 ξ.
575 1405 608 1430 l.
643 1406 851 1430 Adulterium
864 1424 871 1436 ,
904 1414 929 1430 v.
958 1406 1032 1431 Stu-

189 1455 294 1480 prum,
313 1447 523 1473 committere.
560 1447 602 1473 III.
624 1448 690 1475 Cn.
718 1446 813 1473 Filium
832 1457 908 1473 suum
928 1447 1032 1483 quidam

192 1493 338 1521 necaverat,
359 1489 403 1525 qui
416 1499 553 1515 novercam
568 1490 737 1516 adulterabat.
764 1489 793 1516 fr.
810 1492 834 1516 5.
855 1490 886 1516 de
900 1490 929 1517 L.
941 1490 1031 1528 Pomp.

192 1531 225 1558 de
242 1541 311 1568 parr.
331 1533 373 1557 45.
393 1533 416 1558 9.
456 1532 508 1568 Qui
528 1532 628 1569 aliquid
647 1533 760 1570 accepit,
785 1537 814 1559 ut.
836 1543 944 1560 uxorem
962 1539 1032 1571 pate-

192 1579 265 1600 retur
283 1574 424 1601 adulterari
443 1577 590 1601 meretricio
612 1575 725 1612 quodam
744 1586 846 1612 genere.
865 1576 895 1603 sr.
910 1578 951 1603 29.
971 1577 992 1611 3.
1007 1578 1030 1603 4.

192 1617 225 1643 ad
243 1616 273 1644 L.
293 1617 339 1644 Iul.
361 1617 393 1643 de
413 1617 452 1644 ad.
472 1620 513 1644 48.
529 1621 552 1645 5.
573 1618 604 1645 cs.
626 1618 655 1645 fr.
670 1621 710 1645 47.
731 1619 780 1645 sol.
800 1624 873 1646 matr.
893 1621 934 1646 24.
954 1622 978 1646 3.
998 1636 1031 1640 —

193 1660 225 1694 §.
245 1661 280 1687 2.
320 1662 452 1687 Falsum
481 1672 635 1688 exercere.
682 1661 805 1690 111.(Ὓη.
839 1663 892 1698 Qui
912 1673 1030 1689 nummos

194 1713 296 1736 aureos.
316 1708 460 1739 argenteos.
481 1704 675 1732 adulteraverit.
696 1705 796 1733 laverit.
816 1706 970 1732 conflaverit
983 1711 1030 1733 etc.

193 1745 264 1773 Paul.
285 1746 317 1773 V.
335 1749 376 1773 25.
397 1747 418 1780 3.
440 1749 463 1773 l.
501 1747 530 1773 Si
549 1749 630 1773 actori
650 1749 741 1779 suasit,
760 1764 793 1768 -
813 1753 840 1775 ut
859 1750 973 1775 rationes
987 1749 1032 1775 do-

193 1790 301 1815 minicas
324 1789 507 1821 intercideret.
532 1790 689 1817 adulteraret
713 1796 761 1817 etc.
791 1791 821 1818 sr.
847 1794 869 1818 1.

193 1842 270 1858 servo
291 1842 357 1858 corr.
379 1834 418 1858 ll.
438 1833 462 1858 3.

228 1876 486 1902 Adulteratur.
512 1877 697 1902 Falsariua.
716 1876 758 1903 HI.
774 1878 839 1905 Gn.
864 1876 1031 1903 Conssatores

193 1918 296 1954 figurati
316 1919 392 1948 aeris.
412 1917 602 1944 adulteratores
622 1920 698 1945 etiam
717 1925 844 1946 monetae.
876 1920 925 1946 Th.
941 1920 971 1947 C.
985 1920 1030 1947 XI.

192 1963 234 1987 21.
250 1971 270 1987 c.
282 1963 304 1986 1.
324 1960 356 1987 de
370 1960 457 1986 collat.
472 1971 522 1987 aer.
544 1960 574 1987 cf.
589 1960 619 1987 sr.
635 1963 674 1988 16.
689 1962 711 1996 3.
725 1964 748 1988 9.
769 1962 801 1989 de
820 1973 896 2000 poen.
915 1964 956 1990 48.
973 1965 1012 1990 19.

227 2004 506 2031 Adulterinum.
537 2003 666 2036 (Adiect.)
704 2007 852 2038 Falsum,
873 2008 1031 2041 Supposi-

193 2049 315 2074 titium.
358 2046 375 2073 I.
401 2047 462 2080 Sy.
496 2046 601 2072 Falsum
626 2048 853 2081 (testamentum).
887 2048 917 2076 sr.
942 2051 965 2076 6,
989 2060 1028 2087 pr.

193 2090 226 2117 de
245 2089 274 2116 L.
296 2089 376 2116 Corn.
397 2089 428 2115 de
448 2089 504 2115 fals.
524 2091 566 2116 48.
588 2092 626 2116 10.
665 2090 740 2117 Falsa
767 2093 899 2125 (moneta.
919 2103 943 2119 v.
963 2103 1032 2119 men-

194 2134 280 2166 sura).
317 2132 389 2159 Paul.
410 2132 440 2158 Y.
465 2135 506 2159 25.
532 2133 554 2166 3.
580 2135 601 2159 l.
627 2133 657 2160 fr.
677 2135 701 2160 6.
726 2135 812 2168 331.
838 2145 877 2172 sq.
908 2135 940 2162 do
964 2141 1031 2162 extr.

194 2177 265 2202 crim.
290 2177 330 2201 47.
352 2177 391 2201 ll.
433 2175 475 2202 Ill.
498 2177 564 2203 Cn.
596 2176 709 2211 Quodve
729 2178 830 2214 signum
858 2178 1032 2205 adulterinmn

195 2218 384 2255 exsculpserit.
405 2218 495 2244 fecerit
515 2224 563 2245 etc.
592 2218 663 2246 Paul.
683 2219 699 2246 l.
721 2219 737 2246 l.
775 2220 902 2253 Suhdere,
921 2232 945 2249 v.
966 2222 1033 2248 Sub-

196 2271 294 2297 rogare,
314 2261 476 2287 adulterinos
495 2262 605 2289 solidos.
631 2262 680 2289 Th.
695 2262 726 2290 C.
739 2263 796 2290 XII.
810 2265 834 2290 6.
849 2274 870 2291 e.
885 2266 924 2291 13.
940 2275 979 2302 pr.
1000 2264 1032 2291 de

195 2309 341 2340 susceptor.
378 2304 536 2331 Adulterino
555 2305 644 2331 colore
664 2305 748 2332 fucata
767 2306 898 2340 (vellera).
920 2318 940 2334 c.
954 2309 979 2334 3.
999 2308 1032 2334 de

195 2351 260 2373 vest.
281 2346 368 2374 holov.
394 2349 434 2374 ll.
454 2349 477 2374 8.
519 2348 674 2375 Doctrinam
697 2348 836 2386 discipulis
859 2350 1031 2378 adulterinam

195 2389 305 2416 tradere.
342 2389 435 2417 Const.
456 2390 568 2417 Omnem
587 2392 651 2428 reip.
671 2392 692 2426 3.
714 2393 736 2418 7.

229 2433 479 2460 Adulterium.
509 2436 683 2469 stuprati«)
703 2441 831 2470 nuptae.
858 2436 951 2471 [Sy.
971 2436 1031 2463 Stu-

196 2486 279 2513 prum.
309 2474 339 2501 fr.
359 2476 383 2501 6.
403 2477 425 2509 3.
446 2478 469 2503 1.
489 2476 521 2503 ad
534 2476 564 2503 L.
584 2476 631 2503 Iul.
654 2476 686 2503 de
705 2477 745 2504 ad.
765 2479 806 2505 48.
826 2481 850 2506 5.
875 2479 904 2506 fr.
919 2481 976 2506 101.
989 2490 1029 2517 pr.

195 2518 228 2545 de
247 2518 279 2544 V.
299 2518 326 2544 S.
346 2520 387 2544 50.
408 2520 448 2545 16.
484 2519 525 2546 [H.
541 2521 602 2547 Cn.
631 2519 660 2546 In
673 2519 751 2551 furto.
770 2521 812 2548 vel
831 2521 968 2555 adulterio.
988 2522 1030 2549 vel

195 2563 222 2588 in
242 2561 292 2587 alio
311 2561 417 2597 flagitio.
443 2561 473 2588 fr.
494 2564 516 2589 7.
537 2563 602 2597 3.1.
628 2563 678 2599 Qu.
698 2569 759 2590 met.
780 2574 800 2591 c.
820 2566 845 2591 4.
864 2567 888 2592 2.
927 2565 956 2592 Si
975 2576 1030 2598 reo,

195 2604 238 2631 vel
251 2614 310 2630 reae
322 2609 450 2641 stuprum.
469 2604 632 2635 adulterium.
651 2607 693 2633 vel
707 2607 864 2634 lenocinium
884 2608 1029 2636 obiiciatur.

195 2646 226 2674 fr.
237 2648 279 2673 29.
290 2647 312 2680 3
324 2648 347 2672 (3.
359 2647 390 2673 cs.
401 2647 431 2674 fr.
444 2649 483 2674 12.
504 2648 535 2674 ad
544 2648 573 2675 L.
585 2649 631 2676 Iul.
643 2649 676 2676 de
689 2650 729 2676 ad.
743 2651 784 2677 48.
796 2653 819 2678 5.
840 2650 946 2678 Crimen
960 2651 1031 2678 adul-

195 2690 262 2716 terii.
283 2700 304 2715 c.
320 2691 358 2716 10.
375 2699 432 2726 sqq.
453 2701 474 2717 c.
496 2692 535 2717 15.
555 2701 613 2728 sqq.
633 2692 691 2719 cod.
711 2695 734 2720 9.
747 2694 772 2720 9.
809 2693 946 2721 Committi
960 2694 1031 2721 adul—

195 2733 289 2759 terium
307 2733 333 2758 in
353 2732 463 2770 (nupta,
482 2744 506 2760 v.
527 2736 660 2769 uxorem).
693 2735 723 2762 fr.
743 2737 767 2762 9.
787 2737 809 2770 3.
830 2738 852 2763 1.
877 2736 908 2763 fr.
927 2739 968 2764 34.
989 2748 1029 2774 pr.

195 2776 218 2809 3.
239 2777 261 2802 l.
281 2775 338 2802 eod.
358 2777 399 2802 4⁸.
420 2778 443 2802 5.
464 2776 493 2803 sr.
512 2778 554 2803 37.
575 2777 596 2811 3.
618 2779 640 2804 l.
660 2778 693 2805 de
711 2780 804 2807 minor.
824 2781 848 2806 4.
867 2781 891 2806 4.
924 2780 954 2807 Si
967 2780 1031 2817 quid

196 2827 286 2845 eorum
304 2819 476 2851 commiserit,
503 2830 568 2857 quae
591 2830 639 2857 pro
659 2821 786 2849 adulterio
806 2822 895 2850 eadem
913 2822 957 2851 lex
976 2824 1029 2857 (sc.

1052 1201 1054 1210 r
1075 1190 1105 1216 fr.
1124 1191 1166 1215 23.
1186 1199 1224 1226 pr.
1251 1189 1283 1215 de
1307 1189 1351 1216 lib.
1378 1195 1403 1216 et
1422 1190 1509 1227 posth.
1533 1192 1574 1216 28.
1594 1192 1619 1217 2.

898 1793 920 1826 3.
947 1795 970 1818 5.
1000 1792 1054 1819 ἀρ’

1873 168 1914 198 43

1073 244 1153 279 Iulia)
1179 246 1262 282 punit.
1297 246 1327 273 sr.
1347 247 1389 274 37.
1414 247 1435 281 3.
1458 249 1480 273 l.
1506 246 1522 274 1.
1546 248 1570 274 4.
1591 249 1615 274 4.

1074 292 1135 314 sunt
1154 288 1281 315 adulteria
1302 294 1410 316 tantum.
1440 289 1501 327 le.
1522 289 1566 317 VI.
1588 292 1627 317 12.

1107 332 1279 358 Adultus.

1659 247 1801 274 Graviores
1827 258 1913 275 mores

1334 335 1432 360 Intra
1463 336 1669 368 pubertatem
1699 340 1723 360 e!
1756 337 1913 361 maiorem

1074 381 1213 401 aetatem
1242 377 1455 402 constiturus.
1498 376 1515 402 I.
1537 378 1598 411 Sy.
1630 376 1802 403 Adolescens
1839 377 1868 403 sr.
1889 379 1912 403 4.

1073 427 1111 453 pr.
1132 416 1162 443 fr.
1177 420 1200 443 8.
1222 416 1254 443 de
1274 418 1299 443 in
1320 417 1357 444 lit.
1377 419 1424 444 iur.
1446 420 1486 445 12.
1503 421 1527 446 3.
1566 419 1659 446 Minor.
1680 421 1756 446 c.153.
1778 421 1860 454 311.
1881 420 1913 446 d·-

1074 459 1151 487 iudic.
1171 462 1194 486 3.
1216 462 1239 487 l.
1276 460 1408 487 Iuventus.
1439 461 1524 487 Sexus
1544 461 1657 488 adultus.
1693 462 1759 489 Nov.
1780 463 1912 490 Maiorian.

1074 502 1106 528 de
1125 504 1279 529 sanctimon.
1303 502 1347 528 IV.
1368 504 1391 529 6.
1417 514 1437 530 c.
1460 506 1481 530 1.
1502 514 1540 540 pr.
1564 505 1586 538 3.
1607 507 1632 531 2.
1676 504 1706 531 II.
1728 507 1795 539 Op.
1828 505 1914 542 Pupil-

1074 545 1122 571 lus.
1153 545 1184 572 sr.
1206 548 1227 572 1.
1253 546 1290 580 33.
1310 547 1334 571 2.
1355 555 1394 582 sq.
1421 546 1453 572 de
1473 547 1538 573 adm.
1560 553 1584 573 et
1604 549 1684 584 peric.
1709 550 1750 574 215.
1772 550 1793 574 7.
1822 548 1850 574 sr.
1871 550 1912 575 27.

1074 587 1106 614 de
1125 598 1184 625 app.
1205 593 1229 614 et
1249 588 1295 615 rel.
1320 590 1361 615 49.
1383 591 1404 615 l.
1448 589 1488 616 III.
1511 591 1575 617 Cn.
1611 591 1725 617 curator
1748 591 1844 619 adulti.
1872 591 1914 618 vel

1050 659 1052 669 x
1074 635 1146 657 tutor
1164 631 1266 668 pupilli.
1292 642 1313 658 c.
1327 633 1351 658 3.
1372 633 1394 658 si
1413 631 1444 658 al.
1465 642 1506 658 res
1521 634 1590 669 pign.
1610 636 1633 659 ⁸.
1650 635 1688 659 16.
1726 633 1765 659 Eo
1785 639 1913 671 tempore,

1075 684 1126 710 quo
1152 674 1233 700 adulti
1257 679 1390 701 curatores
1415 685 1467 701 non
1492 675 1630 702 habebant.
1660 687 1681 702 c.
1707 678 1729 702 6.
1762 677 1858 712 Quom.
1889 682 1914 703 et

1076 717 1170 752 quand.
1203 719 1226 743 7.
1246 719 1287 744 43.
1331 717 1428 747 Tutor,
1457 717 1499 743 vel
1524 723 1640 749 curator.
1669 719 1782 745 adultam
1806 730 1914 746 uxorem

1051 755 1052 787 1
1075 759 1170 785 ducere
1190 770 1241 786 non
1261 765 1358 797 potest.
1383 760 1412 787 sr.
1432 761 1473 786 36.
1495 760 1527 787 de
1539 760 1569 787 R.
1586 760 1617 787 N.
1638 763 1679 787 23.
1699 764 1723 788 2.
1761 762 1789 788 Si
1810 763 1914 789 iuterim

1075 802 1180 828 adultus
1200 803 1232 829 ad
1250 803 1391 839 legitimam
1411 808 1520 830 aetatem
1539 805 1666 841 pervenit.
1688 804 1718 830 sr.
1738 807 1779 831 28.
1800 806 1821 838 3.
1837 807 1861 831 2.
1882 805 1914 832 de

1075 855 1133 882 app.
1154 850 1179 871 et¹
1198 845 1244 872 rel.
1264 848 1305 872 49.
1321 848 1342 873 l.
1363 846 1394 873 cf.
1415 847 1444 873 sr.
1461 849 1500 873 18.
1521 847 1542 880 3.
1558 849 1581 873 2.
1604 852 1631 874 ut
1645 847 1693 883 leg.
1708 857 1775 873 serv.
1797 858 1817 874 c.
1831 849 1873 874 36.
1889 850 1912 874 3.

1074 888 1117 914 Ad
1136 899 1218 914 annos
1238 888 1340 916 adultae
1359 891 1450 916 aetatis
1470 890 1603 917 accedere.
1634 889 1684 916 Th.
1701 891 1730 917 C.
1745 890 1789 917 IX.
1810 894 1833 917 8.
1854 901 1874 917 c.
1891 892 1913 917 l.

1075 932 1097 957 si
1117 941 1159 967 qu.
1181 942 1235 957 eam
1255 933 1303 958 cui.
1324 936 1371 958 tut.

1109 975 1360 1002 Adulubrare.
1382 978 1560 1009 Simulare,
1581 978 1788 1012 Confingere.
1808 976 1914 1010 ILOp.

1074 1018 1217 1054 Expressa.
1237 1034 1270 1037 —
1289 1018 1459 1044 Adumbrata.
1480 1018 1563 1045 Vatic.
1577 1020 1598 1053 3.
1612 1021 1670 1045 249.
1700 1019 1742 1045 III.
1756 1021 1821 1047 011.
1847 1019 1914 1046 Cum

1076 1071 1200 1087 excusare
1220 1061 1389 1096 ignorantiam
1409 1072 1481 1087 suam
1501 1067 1597 1098 potest.
1617 1062 1659 1088 vel
1679 1062 1795 1088 adumbr.
1816 1064 1914 1099 patien-

1076 1105 1136 1130 tiam
1154 1109 1292 1140 praetextu
1312 1104 1530 1130 incredibilitatiS.
1556 1104 1586 1130 fr.
1600 1107 1641 1131 29.
1655 1115 1693 1142 pr.
1714 1105 1745 1131 ad
1764 1105 1794 1132 L.
1815 1105 1861 1131 lul.
1883 1105 1915 1131 de

1075 1146 1114 1172 ad.
1144 1148 1184 1173 45.
1210 1149 1233 1173 5.
1275 1146 1314 1172 'Ne
1343 1148 1452 1183 imagine
1480 1152 1587 1173 naturae
1614 1149 1709 1173 veritas
1738 1148 1913 1174 adumbretur.

1662 1192 1727 1226 Qui.
1754 1192 1812 1216 sine
1836 1191 1915 1217 admi-

1076 1234 1244 1260 nistratione.
1269 1232 1477 1259 adumbrata-rum
1497 1233 1650 1269 dignitatum
1674 1233 1811 1260 codicillos
1835 1234 1915 1260 hono-

1075 1277 1158 1302 rarios
1178 1276 1327 1302 meruerint.
1360 1275 1408 1302 Th.
1430 1275 1460 1302 C.
1481 1276 1538 1302 XII.
1560 1278 1582 1303 l.
1608 1287 1629 1303 c.
1649 1278 1690 1302 41.
1722 1276 1753 1302 cf.
1775 1287 1797 1303 c.
1816 1278 1858 1303 24.
1883 1277 1915 1303 de

1076 1319 1210 1346 decurion.

1110 1361 1373 1389 Adumbratio.
1410 1362 1442 1395 §0
1462 1364 1496 1389 1.
1530 1363 1739 1398 Adfectatio.
1764 1365 1915 1390 Adsimu-

1076 1408 1169 1432 lalio.
1206 1405 1248 1431 IH.
1265 1406 1330 1432 Gn.
1351 1404 1426 1440 Quae
1445 1406 1472 1431 in
1491 1404 1657 1442 dispendium
1675 1405 1811 1442 publicum
1829 1406 1916 1432 adum-

1076 1449 1196 1475 bratione
1216 1452 1305 1474 exorta
1325 1449 1385 1474 sint.
1412 1448 1448 1474 lb.
1468 1448 1538 1474 XIV.
1559 1449 1582 1474 4.
1604 1458 1624 1474 c.
1645 1452 1668 1474 δ.
1684 1459 1724 1486 pr.
1744 1448 1776 1475 de
1795 1459 1862 1475 suar.
1883 1465 1915 1468 —

1077 1493 1106 1525 §-
1127 1493 1162 1519 2.
1191 1493 1397 1525 Adscriptio,
1418 1493 1623 1517 Sahnotatio.
1659 1491 1678 1517 I.
1699 1493 1759 1526 Sy.
1786 1492 1916 1518 Subnota-

1077 1536 1112 1561 tio
1138 1535 1258 1567 (manus.
1278 1544 1302 1560 v.
1323 1534 1492 1567 maiestatis).
1526 1533 1593 1560 Nov.
1615 1533 1664 1560 Th.
1688 1534 1718 1560 II.
1746 1534 1778 1561 de
1798 1535 1914 1561 confirm.

1053 1580 1055 1587 '
1076 1577 1128 1604 LL.
1149 1588 1226 1604 novv.
1247 1577 1265 1603 I.
1287 1579 1309 1603 l.
1331 1587 1351 1602 c.
1373 1578 1395 1603 1.
1416 1577 1453 1610 33.
1474 1579 1496 1603 1.
1516 1578 1540 1602 3.

1110 1622 1304 1648 Adunare·
1343 1620 1522 1654 Colligere,
1544 1620 1764 1655 Congregare.
1794 1619 1915 1647 HLCn.

1052 1675 1054 1696 ζ
1075 1664 1191 1690 Adunati
1210 1663 1326 1689 veterani
1346 1661 1564 1688 exclamaverunt.
1595 1661 1644 1688 Th.
1667 1661 1698 1689 C.
1719 1662 1773 1689 ΥΠ.
1793 1664 1834 1689 20.
1855 1673 1876 1689 c.
1890 1664 1913 1689 2.

1084 1717 1114 1733 ir.
1135 1706 1167 1733 de
1186 1711 1299 1732 veteran.

1075 1718 1084 1744 l
1110 1751 1321 1777 Advoeare.
1341 1748 1372 1781 ξ.
1383 1749 1417 1774 l.
1433 1749 1474 1774 Co
1481 1758 1495 1774 η
1504 1758 1624 1774 vocare.
1644 1747 1685 1774 III.
1696 1749 1760 1775 011.
1774 1748 1802 1775 Si
1814 1749 1915 1775 turbam

1076 1792 1260 1828 suffragiorum
1279 1801 1355 1817 causa
1375 1790 1543 1821 conduxerit,
1568 1800 1660 1816 servos
1680 1790 1846 1817 advocaverit
1866 1796 1913 1817 etc.

1076 1835 1147 1861 Paul.
1168 1834 1199 1861 V.
1219 1836 1260 1860 30.
1280 1833 1311 1860 A.
1334 1834 1399 1868 3.1.
1438 1833 1623 1859 Vniversitatis
1643 1833 1849 1859 sollicitudinem
1869 1833 1915 1860 du-

1077 1879 1159 1904 cimus
1184 1876 1368 1903 advocandam.
1406 1875 1474 1902 Nov.
1498 1876 1601 1902 Valent.
1631 1875 1673 1902 III.
1699 1876 1730 1902 de
1758 1876 1831 1902 redd.
1858 1877 1915 1903 iure

1076 1931 1137 1947 arm.
1158 1920 1188 1946 ll.
1209 1921 1232 1946 9.
1254 1930 1275 1946 c.
1296 1922 1318 1946 1.
1338 1935 1371 1939 -
1390 1920 1421 1953 ξ.
1442 1921 1477 1946 2.
1504 1920 1710 1951 conciliare,
1729 1921 1915 1946 I'rovocare

1078 1965 1312 1994 (advocatum).
1341 1962 1383 1989 HI.
1400 1963 1465 1990 Cn.
1490 1962 1544 1998 Qui
1563 1961 1614 1988 sibi
1633 1963 1811 1999 potentiorum
1830 1967 1915 1999 patro-

1076 2008 1172 2034 cinium
1191 2005 1372 2032 advocassent.
1393 2015 1414 2031 c.
1430 2007 1451 2031 l.
1472 2015 1504 2031 ne
1524 2005 1565 2031 lic.
1579 2009 1679 2042 potent.
1697 2007 1721 2031 2.
1735 2007 1773 2031 14.
1788 2021 1819 2024 —
1834 2005 1915 2031 Prout

1076 2051 1181 2077 intersit
1200 2049 1312 2085 agentis,
1333 2048 1403 2084 quod
1423 2048 1514 2084 litigat.
1535 2048 1605 2084 quod
1625 2049 1763 2076 consumit.
1783 2048 1854 2085 quod
1873 2048 1915 2074 ad—

1076 2098 1160 2120 vocat.
1178 2092 1248 2129 quod
1262 2091 1397 2118 damnatus
1412 2091 1499 2117 solvit.
1521 2090 1550 2117 ir.
1563 2092 1602 2117 18.
1616 2097 1663 2118 rat.
1677 2102 1732 2118 rein
1745 2091 1803 2117 hab.
1817 2092 1857 2117 46.
1872 2095 1896 2117 ὃ.

1110 2135 1331 2164 Advocatio.
1370 2134 1400 2167 ἕ.
1415 2135 1449 2160 1.
1474 2136 1680 2161 Exercitium
1701 2136 1842 2161 muneris
1861 2136 1913 2160 ad-

1075 2186 1270 2207 vocatorum.
1302 2177 1320 2203 I.
1336 2178 1397 2211 Sy.
1417 2176 1529 2208 Adesse,
1549 2176 1694 2209 Postulare,
1715 2177 1815 2204 Causas
1830 2187 1912 2213 agere.

1076 2222 1285 2249 Advocationem
1303 2225 1444 2257 praestare.
1465 2220 1494 2246 fr.
1515 2221 1539 2246 6.
1559 2221 1581 2254 3
1602 2222 1625 2247 l.
1645 2220 1675 2247 l'r.
1695 2221 1718 2246 8.
1739 2220 1768 2246 fr.
1783 2222 1806 2246 9.
1826 2230 1864 2256 pr.
1881 2235 1912 2238 —

1076 2267 1097 2300 3.
1113 2267 1138 2291 3.
1160 2265 1246 2291 fr.10.
1266 2273 1305 2300 pr.
1325 2264 1347 2297 3.
1369 2265 1391 2289 l.
1412 2262 1441 2289 sr.
1458 2265 1497 2289 11.
1518 2263 1550 2289 de
1568 2263 1666 2300 postul.
1685 2264 1710 2289 3.
1732 2265 1753 2289 1.
1790 2263 1831 2288 III.
1847 2264 1912 2289 (711.

1075 2309 1283 2336 Advocationem
1295 2306 1421 2343 praebere
1439 2307 1547 2342 petenti,
1567 2307 1810 2343 procurationemve
1829 2306 1912 2331 susei-

1075 2362 1145 2390 pere.
1165 2351 1195 2377 fr.
1210 2352 1251 2376 32.
1266 2360 1305 2386 pr.
1326 2349 1358 2375 de
1377 2348 1449 2375 inoff.
1469 2353 1529 2375 test.
1549 2350 1573 2375 5.
1586 2350 1611 2375 2.
1648 2349 1718 2375 Inter
1736 2348 1851 2374 osticium
1870 2347 1912 2373 ad-

1074 2395 1233 2425 vocationis.
1259 2397 1285 2419 et
1308 2393 1345 2419 rei
1364 2402 1426 2418 suae
1446 2391 1638 2423 defensionem,
1662 2391 1770 2418 multum
1793 2391 1910 2417 interest.

1075 2437 1104 2464 fr.
1125 2439 1166 2463 54.
1187 2436 1219 2462 de
1238 2435 1269 2462 R.
1284 2434 1316 2462 V.
1336 2436 1360 2462 6.
1376 2437 1397 2461 1.
1436 2434 1479 2461 Ob
1493 2434 1671 2461 instruendam
1691 2433 1733 2467 [al.
1748 2433 1910 2467 struendam]

1074 2480 1285 2509 advocationem.
1305 2478 1501 2507 testimoniave.
1526 2478 1662 2514 pecuniam
1682 2476 1806 2512 accipere.
1835 2476 1866 2502 fr.
1886 2478 1909 2502 1.

1074 2524 1095 2558 3.
1118 2525 1140 2549 l.
1161 2522 1191 2548 fr.
1211 2524 1252 2548 20.
1273 2521 1305 2547 de.
1324 2520 1353 2547 L.
1374 2520 1435 2547 Cor.
1459 2520 1491 2546 de
1510 2520 1567 2546 fals.
1591 2522 1631 2545 48.
1654 2520 1693 2544 10,
1731 2518 1845 2547 Ordine..
1868 2518 1910 2544 vel

1074 2564 1291 2592 advocationibus
1310 2564 1354 2597 (et
1371 2563 1459 2596 foro),
1479 2563 1521 2589 vel
1541 2573 1591 2599 quo
1611 2562 1661 2588 alio
1682 2560 1781 2593 officio,
1805 2560 1911 2587 interdi-

1075 2619 1133 2635 cere
1153 2609 1306 2644 cuicunque.
1334 2606 1365 2633 fr.
1385 2608 1408 2633 3.
1430 2607 1451 2640 3.
1473 2608 1494 2632 l.
1515 2605 1547 2631 de
1565 2604 1697 2631 decurion.
1717 2606 1758 2630 50.
1777 2605 1801 2629 2.
1827 2604 1858 2630 cf.
1877 2603 1907 2630 fr.

1076 2654 1098 2678 1.
1118 2652 1201 2685 3153.
1222 2650 1254 2677 de.
1274 2650 1317 2676 off.
1337 2649 1389 2676 Prf.
1410 2649 1454 2675 Vr.
1476 2651 1498 2674 1.
1520 2650 1559 2673 12.
1580 2646 1610 2673 fr.
1630 2648 1654 2673 9.
1673 2656 1713 2683 pr.
1733 2647 1770 2681 33.
1790 2648 1813 2672 4.
1833 2648 1856 2673 9.
1877 2646 1909 2672 de

1073 2705 1151 2732 poen.
1170 2695 1272 2720 48.19.
1304 2709 1337 2712 —
1367 2693 1398 2726 ξ.
1419 2693 1453 2718 2.
1487 2692 1686 2725 Collegium,
1714 2700 1737 2716 v.
1765 2691 1907 2720 Corona,

1074 2740 1314 2765 advocatorum.
1350 2735 1368 2761 Ι.
1383 2736 1443 2768 Sy.
1471 2732 1600 2759 Advocati
1619 2731 1817 2765 (Caesarienses
1837 2733 1906 2763 etc).

1075 2791 1095 2807 c.
1116 2782 1158 2807 30.
1179 2780 1211 2806 de
1230 2784 1298 2817 pact.
1317 2781 1341 2804 2.
1360 2779 1384 2803 3.
1403 2777 1425 2810 3.
1444 2777 1468 2802 2.
1488 2775 1506 2801 I.
1532 2776 1583 2812 Qu.
1604 2775 1679 2802 alien.
1699 2775 1741 2801 lic.
1760 2777 1785 2801 2.
1804 2776 1827 2801 8.
1864 2773 1905 2800 III.

1075 2824 1141 2852 Gn.
1171 2821 1348 2850 Dubitabatur
1366 2830 1379 2846 a
1398 2818 1544 2846 Palaestina
1563 2819 1740 2846 advocatione.
1770 2828 1791 2844 c.
1810 2819 1850 2843 27.
1875 2816 1907 2843 de

1427 2862 1467 2888 δῖ(
