2197 3121
1020 181 1123 212 MER.

200 267 253 302 Qui
273 277 286 292 a
305 276 345 292 me
364 271 475 297 emerat,
500 267 556 292 sive
575 263 694 291 mercede
719 263 888 289 conduxerat.
914 262 943 289 sr.
965 264 987 289 6.
1009 263 1040 289 de
1063 265 1065 296 ξ

200 309 287 335 donat.
307 310 347 335 39.
368 310 391 335 5.
430 308 488 335 Nisi
507 317 606 334 merces
627 311 695 333 certa
716 311 811 332 statuta
832 307 879 337 sit,
900 316 952 331 nou
971 305 1041 332 vide-
1063 302 1064 323 l

200 356 241 377 tur
265 351 362 378 locatio
387 357 412 378 ct
437 351 576 378 conductio
601 349 727 376 contrahi.
758 349 814 376 Gai.
833 348 876 375 111.
898 350 955 374 142.
991 348 1041 375 Lo-

199 396 255 421 cavi
280 405 346 431 opus
371 393 535 425 faciendum,
558 394 591 419 ita
618 397 646 418 ut
666 408 697 411 -
722 397 818 418 certam
843 391 990 418 mercedem
1014 393 1039 418 in
1062 397 1063 410 ¹

199 437 255 463 dies
275 437 393 473 singulos
413 437 508 463 darem.
529 435 558 462 fr.
579 437 620 462 51.
640 435 705 469 5.1.
726 434 802 461 locat.
824 435 863 460 19.
882 436 906 460 2.
944 434 1040 460 Merce-

198 479 257 506 dem
277 480 394 506 diurnam
414 483 556 516 praestare.
577 478 606 504 fr.
620 479 662 504 23.
682 479 703 512 5.
718 480 741 504 4.
763 477 794 504 de
814 476 899 503 Iideic.
920 476 983 503 libb.
998 479 1038 503 40.

198 525 221 549 5.
258 523 286 549 Iu
306 523 420 549 vecturis
440 522 557 552 navium.
577 537 609 540 —
629 523 690 547 item
710 519 874 547 mercedibus
894 529 1039 551 servorum,

198 576 309 602 quorum
333 575 427 602 operae
453 574 500 601 per
526 565 613 600 ipsum
637 564 733 590 fuerint
756 563 864 590 locatae.
892 562 921 589 sr.
941 564 982 588 55.
1007 562 1039 589 de

198 608 274 635 cond.
297 607 384 634 indeb.
411 609 450 633 12.
474 608 497 634 G.
531 606 601 632 Pani.
623 606 654 633 V.
673 608 714 632 36.
739 607 760 640 5.
780 608 804 631 2.
829 605 859 631 fr.
881 607 921 631 11.
946 615 1037 631 comm.

197 650 249 677 div.
271 653 310 677 10.
329 652 353 677 3.
391 650 419 676 Si
439 659 491 675 non
511 649 565 675 fide.
582 649 720 681 dominica,
740 648 787 675 sed
800 647 928 679 mercede,
949 652 977 674 ut
996 658 1038 674 ex-

196 695 284 720 tranei,
299 693 386 719 coloni
405 692 502 724 solent,
523 692 630 718 fundum
650 692 783 718 coluisset.
808 691 838 717 fr.
858 693 900 717 20.
919 691 941 724 5.
964 693 984 718 l.
1005 691 1038 718 cf.

196 736 227 762 fr.
248 738 286 762 12.
315 736 337 769 5.
358 738 381 763 8.
407 735 439 762 dc
463 736 538 762 instr.
564 735 612 772 leg.
632 736 673 761 353.
694 736 716 760 7.
753 734 782 760 Si
803 750 834 753 —
855 733 991 765 colonum,
1011 738 1037 760 et

196 778 220 805 V
238 789 365 805 annorum
384 778 528 809 mercedes,
549 779 587 811 (in
606 777 684 804 fidem
704 787 776 803 suam
796 777 926 814 recipiat.)
952 776 1035 803 Vatic.

194 822 217 855 5.
238 823 277 848 13.
303 821 334 848 ef.
364 821 421 848 Gai.
446 821 490 848 IV.
512 822 569 847 147.
606 820 717 847 Fructus
742 825 768 846 et
791 829 898 851 usurae,
919 836 949 839 —
975 820 1036 846 item

193 864 329 891 mercedes
348 864 523 901 praediorum.
544 864 574 890 l'r.
587 864 628 890 58.
648 864 670 897 5.
685 865 708 889 5.
729 863 760 889 ad
780 862 846 889 S.C.
867 861 999 889 Treb.36.
1013 864 1034 888 l.

195 907 226 934 cs.
251 907 281 934 fr.
302 909 325 933 7.
350 908 416 941 5.1.
442 906 490 933 sol.
515 907 624 933 matrim.
648 908 690 932 24.
709 907 734 932 3.
770 905 886 932 Pretium
904 906 1035 936 materiae,

194 955 220 976 et
238 949 373 977 mercedes
394 950 533 976 l'abrorum.
554 949 584 975 fr.
604 951 627 975 7.
648 949 669 983 5.
686 950 724 975 12.
745 948 778 975 (18
796 948 828 975 Α,
848 948 880 975 R.
900 948 934 974 D.
954 949 1034 974 41.1.

192 992 253 1019 Non
276 1003 325 1030 pro
357 992 489 1025 custodia,
517 991 565 1018 sed
588 1002 636 1029 pro
661 996 715 1018 arte
738 990 885 1018 mercedem
909 992 1035 1028 accipere.

193 1036 223 1062 fr.
244 1038 267 1062 5.
287 1046 326 1073 pr.
347 1040 416 1062 naut.
437 1045 509 1072 caup.
529 1036 554 1061 4.
574 1036 598 1062 9.
618 1034 648 1061 sr.
668 1036 710 1061 40.
730 1034 807 1060 locat.
823 1035 863 1060 19.
876 1035 901 1060 2.
921 1033 976 1060 Gai.
991 1033 1034 1060 III.

192 1080 251 1105 206.
289 1078 344 1105 Sub
364 1077 485 1105 mercede
509 1077 579 1115 apud
599 1077 712 1114 aliquem
732 1087 798 1104 esse.
823 1087 844 1103 c.
864 1078 888 1103 4.
914 1076 947 1103 de
965 1086 1034 1103 serv.

192 1121 264 1157 sugit.
288 1122 311 1147 6.
333 1123 355 1147 1.

226 1162 528 1191 mercimonium.
566 1164 596 1196 §.
616 1164 652 1189 1.
686 1164 843 1190 Mercium
873 1169 1033 1198 quaestus.

192 1208 393 1234 Mercatura.
431 1205 449 1231 1.
475 1206 538 1239 Sy.
568 1205 768 1232 Commercium.
798 1204 838 1232 Cf.
865 1205 889 1232 h.
914 1216 939 1232 v.
967 1205 989 1239 5.
1008 1208 1033 1232 2.

190 1249 232 1276 III.
250 1250 315 1276 011-
335 1248 493 1285 Ergasteria,
514 1258 580 1284 quae
599 1249 776 1274 mercimoniis
795 1248 962 1285 deputantur.
982 1248 1031 1275 Th.

190 1291 220 1318 C.
240 1290 296 1318 VII.
315 1292 338 1318 8.
360 1301 380 1317 c.
395 1293 418 1317 5.
438 1291 498 1324 5.1.
519 1290 551 1317 de
570 1295 657 1317 metat.
695 1290 905 1327 Negotiationem
924 1296 950 1318 et
968 1302 1033 1318 mer-

189 1335 299 1361 cimonia
324 1344 376 1360 non
401 1337 522 1370 oporteat
545 1335 683 1360 aestimari.
715 1334 752 1360 lb.
777 1334 845 1361 XIII.
866 1337 888 1361 1.
913 1345 934 1361 c.
954 1336 978 1361 3.
999 1334 1031 1361 de

188 1377 264 1404 lustr.
277 1376 364 1403 collat.
394 1376 447 1411 Qui
467 1386 515 1412 pro
535 1378 720 1410 mercimoniis,
741 1382 767 1404 et
785 1378 948 1404 substantiae
967 1388 1031 1404 mer-

189 1420 265 1451 cede,
289 1420 376 1453 (inter
401 1420 577 1455 negotiatores
602 1421 689 1453 sunt.)
720 1420 756 1447 Ib.
783 1432 803 1447 c.
825 1423 864 1447 10.
885 1420 901 1447 l.
922 1420 938 1447 1.
976 1421 1029 1456 Qui

186 1463 364 1489 mercimoniis
388 1461 503 1488 student.
533 1461 569 1488 lb.
589 1462 660 1489 XVI.
680 1465 704 1488 2.
729 1474 749 1489 e..
771 1466 810 1490 10.
836 1474 856 1490 c.
878 1466 918 1490 14.
939 1474 977 1501 pr.
998 1464 1030 1490 de

187 1507 267 1543 episc.
282 1505 345 1532 cccl.
376 1504 451 1540 Quae
470 1506 646 1531 mercimoniis
665 1506 780 1543 publicis
794 1506 913 1543 praefuit.
934 1507 969 1533 Ib.
985 1506 1028 1534 IV.

186 1549 209 1574 6.
231 1558 251 1574 c.
271 1549 294 1574 3.
315 1546 430 1581 (ch.)
451 1547 483 1573 (Ic
502 1552 585 1574 natur.
605 1548 642 1574 fil.
664 1565 694 1569 —
715 1549 746 1582 §-
766 1551 800 1576 2.
823 1551 1028 1577 Nundinalio

186 1593 304 1625 turpis.
334 1589 375 1617 III.
392 1591 458 1617 Cn·
479 1589 621 1623 Venalitas,
636 1597 660 1618 et
674 1591 810 1619 sordidum
823 1594 1028 1620 mercimonium.

185 1633 252 1659 Nov.
272 1635 314 1659 35.
335 1643 356 1659 c.
374 1635 395 1659 l.

222 1677 385 1703 Merens.
407 1671 527 1710 (Panic.)
558 1677 588 1710 ξ.
609 1678 644 1704 l.
666 1680 730 1711 Qui
748 1680 913 1712 stipendia
926 1680 1026 1715 facit.

186 1717 226 1744 111.
248 1719 313 1746 Cn.
333 1717 362 1744 ln
383 1720 476 1745 castris
495 1725 634 1747 merentes.
654 1720 684 1747 sr.
703 1722 745 1747 23.
766 1721 787 1755 5.
804 1723 825 1747 1.
847 1721 879 1748 de
899 1727 1026 1749 excusatt.

184 1762 227 1787 27.
247 1762 270 1786 l.
290 1776 322 1780 —
350 1761 381 1794 ξ.
403 1763 439 1789 2.
467 1764 529 1795 Qui
547 1770 695 1791 meretur.
721 1765 858 1799 Dignus.
895 1765 938 1791 111.
960 1767 1026 1793 Cn.

185 1803 266 1839 Quod
293 1805 401 1840 praemii
429 1804 488 1831 loco
515 1806 677 1832 merentibus
701 1807 828 1833 tributum
852 1812 901 1833 est.
930 1807 959 1834 sr.
983 1809 1025 1834 26.

184 1847 206 1880 5.
222 1848 244 1872 1.
260 1846 292 1872 (18
311 1846 385 1872 milit.
406 1851 507 1874 testam.
523 1850 563 1875 29.
580 1851 602 1875 1.
631 1849 698 1885 Erga
718 1849 784 1875 bene
803 1855 934 1876 merentes
954 1852 1026 1882 (ami-

184 1900 239 1919 cos.
252 1889 294 1915 vel
307 1891 479 1922 necessarios,
493 1900 530 1917 se.
544 1891 670 1918 honestae
686 1897 747 1918 sunt
760 1891 937 1926 donationes)
957 1893 987 1919 fr.
1000 1895 1024 1920 5.

183 1932 215 1959 dc
235 1931 322 1958 donat.
341 1934 383 1958 39.
404 1935 426 1958 5.
447 1933 477 1959 l'r.
497 1935 520 1959 9.
541 1935 563 1959 si
584 1944 625 1970 qu.
645 1935 671 1960 iu
692 1934 720 1961 l'r.
741 1940 808 1972 patr.
827 1937 869 1961 38.
889 1938 913 1961 5.

217 1976 385 2005 Morere,
411 1985 431 2002 s.
456 1977 610 2004 Mel-eri.
647 1978 678 2010 ς’.
704 1979 738 2004 l.
768 1980 945 2012 Stipendia
965 1981 1022 2016 fa-

182 2028 262 2049 cere,
289 2018 423 2053 Officio
447 2020 560 2054 sangi.
604 2019 621 2045 Ι.
646 2021 708 2054 Sy.
732 2020 857 2051 Militare,
884 2021 1022 2059 Stipendia

182 2070 289 2087 merere.
318 2060 348 2086 l'r.
373 2062 414 2086 65.
439 2071 477 2098 pr.
502 2061 534 2088 de
558 2061 589 2088 1ἰ.
610 2061 641 2088 N.
666 2065 707 2089 23.
731 2065 755 2089 2.
784 2063 814 2090 fr.
834 2065 875 2090 26.
905 2065 926 2098 5.
945 2067 969 2091 3.
990 2065 1022 2091 de

183 2102 215 2129 de
233 2109 300 2140 pact.
327 2103 380 2129 dot.
399 2105 440 2129 23.
460 2105 483 2129 4.
508 2104 539 2130 sr.
560 2106 599 2130 16.
624 2105 645 2138 5.
668 2106 688 2131 l.
716 2104 748 2132 de
771 2111 847 2133 castr.
872 2107 959 2144 pecul.
979 2110 1020 2135 49.

184 2147 223 2172 17.
257 2145 458 2178 Administrare,
478 2146 586 2178 Gerere,
605 2147 755 2182 (officium.)
775 2149 805 2176 fr.
819 2151 861 2176 38.
881 2150 911 2176 fr.
925 2153 966 2177 57.
980 2162 1020 2188 pr.

182 2187 215 2214 de
234 2187 264 2214 R.
284 2188 315 2215 N.
338 2191 380 2215 23.
404 2191 427 2215 2.
458 2189 488 2216 sr.
512 2191 536 2215 3.
566 2191 586 2223 5.
613 2192 635 2216 1.
664 2190 696 2217 de
720 2191 780 2218 dou.
804 2193 850 2219 int.
875 2192 906 2220 V.
930 2196 972 2220 24.
998 2196 1020 2220 1.

183 2230 224 2256 III.
245 2232 310 2258 Cn.
334 2231 486 2263 Provincia.
511 2234 536 2258 in
562 2243 611 2269 qua
636 2235 754 2260 centurio
774 2236 897 2262 merebat.
935 2237 1020 2269 Miles,

182 2273 226 2299 ubi
246 2278 334 2299 meret.
355 2274 384 2301 fr.
403 2277 444 2302 26.
464 2276 486 2309 5.
506 2277 529 2302 3.
551 2275 583 2301 de
603 2281 670 2312 pact.
691 2276 744 2302 dot.
758 2279 799 2303 23.
814 2281 837 2305 4.
858 2278 887 2305 fr.
901 2281 942 2306 23.
962 2281 1020 2314 51.

182 2316 213 2342 ad
237 2316 332 2341 munic.
355 2318 395 2343 50.
421 2320 442 2344 1.
467 2318 498 2345 cf.
527 2317 611 2344 Vatic.
641 2319 662 2352 5.
682 2320 740 2345 295.
779 2320 930 2358 Stipendia.
954 2333 1020 2358 quae

181 2363 280 2385 merent
300 2360 349 2390 (sc.
369 2359 484 2393 milites.)
506 2360 536 2387 fr.
558 2363 597 2387 18.
618 2362 639 2395 5.
659 2364 682 2388 6.
704 2362 736 2388 (le
756 2364 811 2389 iure
831 2364 895 2391 fisci.
916 2366 957 2391 49.
979 2367 1018 2392 14.

181 2400 379 2437 Stipendiorum
398 2402 491 2436 gradus
510 2405 645 2430 meruisse.
667 2404 716 2432 Tb.
732 2405 761 2432 C.
776 2406 843 2432 XIII.
865 2409 887 2433 1.
908 2418 928 2434 c.
950 2409 972 2434 7.
987 2408 1019 2435 de

182 2444 255 2470 lustr.
276 2442 361 2469 collat.
383 2459 415 2462 -
434 2444 464 2477 ἕ.
485 2446 519 2471 2.
540 2449 704 2481 Αιίίμίεσῐ,
726 2450 894 2484 Conscqzci.
923 2450 941 2477 I.
956 2453 1018 2486 Sy.

180 2486 333 2523 Impetrare,
354 2485 497 2522 Consequi.
520 2487 556 2515 Ib.
575 2490 607 2516 X.
628 2491 652 2516 8.
677 2500 698 2517 c.
719 2493 742 2517 4,
766 2491 797 2517 de
817 2492 877 2519 bon.
898 2503 952 2520 vac.
972 2494 1016 2522 XI.

179 2531 220 2555 20,
241 2539 261 2555 e.
282 2531 305 2554 5.
326 2539 364 2565 pr.
385 2529 449 2562 5.1.
470 2529 502 2555 de
522 2530 606 2558 collat.
627 2532 714 2560 donat.
751 2534 782 2561 II.
801 2537 867 2569 Op.
891 2536 920 2562 In
940 2547 1017 2573 quem

179 2576 315 2609 porrectae
335 2577 395 2597 sunt
414 2573 541 2609 (preces.)
560 2589 592 2593 —
612 2574 665 2610 Qui
684 2579 814 2605 meruerit.
840 2578 889 2605 Th.
910 2579 940 2606 C.
961 2579 978 2606 1.
992 2583 1016 2607 2.

179 2626 200 2641 c.
223 2618 247 2641 8,
273 2614 305 2640 (18
329 2613 380 2640 div.
406 2624 484 2641 rescr.
527 2615 569 2642 111.
595 2618 660 2645 Cn·
689 2619 769 2654 Quod
794 2631 825 2648 ex
849 2623 937 2659 operis
960 2625 1016 2650 suis

178 2662 267 2684 meret.
297 2656 327 2683 fr.
346 2659 370 2682 3,
390 2657 411 2690 5.
432 2659 455 2684 8.
476 2657 508 2684 de
527 2658 644 2685 statulib.
663 2662 703 2687 40.
725 2664 747 2689 7.
784 2663 913 2696 Fortuna.
939 2676 1015 2702 quam

178 2699 309 2727 nascendo
329 2700 430 2726 meruit.
459 2700 508 2727 Th.
530 2700 560 2727 C.
580 2701 636 2728 XII.
657 2704 680 2728 1.
705 2714 725 2730 c.
746 2707 803 2733 118.
824 2718 861 2744 pr.
888 2708 920 2734 de
939 2708 1015 2736 decu-

178 2744 244 2769 rion.
264 2741 386 2774 orando,
406 2752 426 2768 s.
447 2742 552 2770 oblatis
572 2744 707 2781 precibus,
730 2751 864 2776 meruisse,
889 2750 926 2777 Π),
947 2750 1013 2778 ῊΠ,

178 2787 201 2812 9.
226 2796 246 2812 c.
267 2789 289 2812 l.
315 2785 347 2812 de
371 2785 435 2812 lucr.
456 2785 525 2813 offic.
544 2787 588 2813 lx.
609 2789 652 2813 22.
677 2798 697 2814 c.
716 2790 740 2815 3.
765 2800 797 2817 ne
816 2792 902 2819 collat.
924 2795 1013 2821 transl.

179 2827 341 2866 Quacunque
365 2828 505 2856 ambitione
523 2831 652 2858 meruisse
675 2833 728 2864 (sc.
752 2833 951 2870 immunitates.)
976 2837 1011 2864 lb.

1868 183 1928 213 551

1085 263 1129 290 XI.
1151 264 1190 290 13.
1215 274 1236 290 c.
1257 265 1279 289 1.
1300 265 1321 289 si
1346 274 1393 301 per
1413 264 1513 302 obrept.
1552 264 1686 293 Beneficio
1712 270 1817 295 nostro,
1844 274 1866 290 v.
1887 264 1926 290 Ex

1085 311 1175 332 nostra
1194 306 1376 338 adnotatione,
1397 318 1502 334 merere.
1533 308 1569 334 Ib.
1588 307 1633 334 XI.
1653 308 1693 334 24.
1720 318 1740 333 c.
1761 309 1784 334 6.
1809 308 1830 341 5.
1851 310 1874 333 8.
1894 306 1926 332 de

1085 354 1182 385 patroc.
1206 350 1289 376 vicor.
1314 350 1383 376 XIII.
1410 352 1448 377 ll.
1478 360 1498 376 c.
1523 352 1547 377 9.
1573 350 1604 376 de
1628 351 1751 376 censitor.
1778 366 1809 369 —-
1839 350 1869 383 §.
1889 351 1924 376 3.

1085 394 1282 424 I'romerere,
1303 394 1515 425 commerere,
1540 396 1681 427 Propter
1705 395 1854 419 meritum
1877 395 1924 418 Ιη-

1083 437 1180 461 ενανὶΔ
1218 435 1236 462 I.
1252 436 1314 470 sy·
1338 435 1459 462 Meritum
1484 435 1553 473 apud
1577 436 1690 472 aliquem
1709 435 1852 467 collocare,
1874 435 1925 461 Me-

1084 487 1141 504 rere
1161 488 1226 504 eum.
1247 478 1276 504 fr.
1299 479 1338 504 ll.
1365 478 1386 511 5.
1407 481 1430 504 8.
1451 478 1484 504 (18
1502 478 1578 515 legat.
1598 479 1640 505 Ill.
1661 479 1727 512 (32.)
1747 478 1777 505 sr.
1797 479 1838 505 46.
1859 478 1880 511 5.
1900 479 1923 503 3.

1084 520 1116 546 de
1135 520 1220 547 fideic.
1241 520 1305 547 libb.
1325 522 1366 547 40.
1385 523 1408 547 5.
1447 521 1607 548 Promererc.
1627 522 1657 548 fr.
1678 524 1718 548 77.
1738 522 1760 556 5.
1777 523 1818 547 25.
1839 521 1870 547 de
1890 520 1924 546 le—

1083 568 1133 599 gat.
1153 563 1182 590 11.
1204 564 1279 598 (31.)
1299 563 1329 590 fr.
1352 565 1390 590 ll.
1410 564 1432 598 5.
1452 565 1475 590 8.
1496 564 1512 591 l.
1534 566 1609 597 (32.)
1637 564 1666 591 fr.
1687 566 1728 591 20.
1748 564 1781 591 (le
1799 574 1866 590 man.
1887 569 1922 589 te-

1082 611 1156 633 stam.
1176 608 1217 632 40.
1237 608 1261 633 4.
1298 606 1329 633 II.
1350 608 1417 641 ⁰11·
1440 607 1543 634 Mei-eri.
1570 624 1602 627 —
1627 607 1751 643 Indignus
1776 617 1842 634 esse.
1871 607 1922 633 Ex-

1059 643 1060 651 *
1082 648 1160 675 cludi.
1180 648 1210 675 fr.
1230 651 1271 676 20,
1296 650 1326 676 fr.
1347 652 1387 677 51.
1407 660 1447 688 pr.
1471 651 1537 684 5.1.
1558 651 1591 678 ib.
1611 653 1652 677 40.
1673 652 1696 677 4.
1733 651 1775 677 111.
1795 651 1861 678 Gn·
1886 649 1922 675 Vt

1081 693 1194 728 quisque
1221 691 1253 718 de
1276 697 1302 719 te
1325 694 1456 720 meruerit.
1494 693 1548 723 Illi.
1574 695 1597 720 si
1622 699 1648 720 te
1667 695 1799 721 meruerit.
1828 694 1858 720 fr.
1880 695 1920 719 77.

1081 736 1102 768 5.
1122 737 1164 761 25.
1184 735 1216 761 de
1236 735 1311 771 legat.
1331 735 1360 762 11.
1381 737 1447 770 (31.)
1467 736 1497 763 fr.
1520 738 1558 763 ll.
1578 737 1598 770 5
1613 738 1637 763 8.
1657 736 1689 763 dc
1708 736 1783 772 legat.
1798 737 1840 763 III.
1854 737 1921 769 (32.)

1080 777 1160 813 Quod
1173 794 1202 797 —
1218 778 1306 805 officio
1320 780 1444 806 meruerit
1457 790 1469 806 a
1484 779 1603 816 quolibet
1616 779 1667 806 sibi
1681 779 1779 806 donari.
1794 779 1824 806 l'r.
1834 781 1876 806 39.
1888 778 1921 805 dc

1079 820 1165 857 pecul.
1192 822 1232 847 15.
1257 823 1279 848 1.
1317 821 1447 855 Persona,
1477 832 1543 859 quae
1566 824 1660 849 meruit
1682 822 1733 849 hoc
1757 822 1919 848 beneficium.

1079 863 1109 889 l'r.
1132 865 1154 889 1.
1174 864 1257 897 5.14.
1277 864 1310 891 de
1329 875 1445 892 success.
1465 866 1543 892 edict.
1563 867 1605 892 38.
1624 867 1647 892 9.
1668 865 1699 892 cf.
1724 865 1754 892 sr.
1776 867 1814 891 10.
1838 866 1918 899 510.

1080 906 1132 941 Qu.
1156 907 1183 932 iu
1207 906 1236 933 fr.
1262 907 1331 934 cred.
1355 910 1396 934 42.
1416 910 1440 935 8.
1477 908 1543 941 Res,
1569 919 1633 946 quae
1656 908 1788 947 publicam
1812 907 1920 934 tutelam

1079 950 1181 976 meruit.
1202 949 1232 976 l'r.
1251 952 1275 976 2.
1295 950 1362 983 5.1.
1382 961 1413 977 ne
1433 951 1465 978 de
1484 957 1554 978 statu
1573 952 1688 979 defunct.
1708 954 1750 978 40.
1771 953 1811 977 15.
1849 950 1919 977 Faci-

1079 1002 1138 1024 nus,
1158 997 1187 1018 ut
1206 992 1343 1030 capitalem
1362 1004 1472 1030 poenam
1491 996 1620 1022 meruisse
1638 994 1785 1027 videantur,
1805 995 1920 1021 commit-

1079 1040 1142 1062 tere.
1167 1035 1197 1062 l'r.
1217 1037 1259 1062 27.
1284 1037 1305 1070 5.
1325 1038 1349 1064 2.
1370 1036 1402 1063 de
1421 1047 1497 1074 poen.
1518 1039 1559 1064 48.
1580 1040 1619 1065 19.
1640 1038 1671 1064 cl'.
1696 1037 1726 1064 fr.
1747 1040 1787 1064 15.
1807 1037 1839 1064 de
1858 1037 1918 1063 bon.

1079 1078 1166 1105 libert.
1190 1080 1233 1105 38.
1256 1081 1280 1106 2.
1323 1079 1423 1112 Causa,
1452 1085 1562 1117 propter
1589 1091 1666 1117 quam
1690 1081 1716 1108 id
1738 1081 1792 1118 pati
1816 1081 1918 1107 meruit.

1079 1121 1109 1148 fr.
1129 1124 1171 1148 22.
1196 1122 1228 1148 de
1247 1122 1272 1149 h.
1297 1133 1339 1159 qu.
1364 1128 1418 1149 not.
1444 1123 1531 1150 infam.
1555 1126 1579 1150 3.
1598 1126 1621 1151 2.
1659 1124 1713 1160 Qui
1732 1140 1763 1143 —
1783 1123 1919 1149 adversam

1078 1166 1236 1192 sententiam
1259 1167 1359 1192 meruit.
1384 1166 1426 1192 Fr.
1452 1166 1521 1193 del.
1541 1166 1569 1193 F.
1594 1167 1681 1201 5.'20.
1706 1166 1736 1193 fr.
1757 1168 1797 1193 15.
1822 1176 1862 1203 pr.
1886 1165 1918 1192 ad

1078 1209 1173 1234 munic.
1187 1210 1228 1234 50.
1244 1210 1266 1235 l.
1303 1209 1422 1235 Eundem
1441 1209 1556 1236 favorem
1576 1211 1676 1237 mereri.
1692 1227 1722 1230 —
1742 1209 1852 1236 Veniam
1865 1218 1918 1235 non

1077 1261 1140 1278 mer.
1166 1252 1195 1278 l'r.
1215 1253 1256 1278 38.
1281 1252 1346 1285 5.1.
1371 1252 1403 1278 de
1427 1252 1530 1279 liberali
1555 1263 1576 1279 c.
1601 1254 1641 1279 40.
1669 1255 1707 1279 12.
1736 1252 1766 1279 sr.
1786 1255 1808 1278 4.
1834 1253 1915 1286 5.11.

1077 1294 1107 1321 sr.
1127 1297 1150 1321 5.
1179 1295 1199 1329 5.
1220 1297 1245 1321 5.
1270 1295 1303 1321 de
1325 1294 1356 1321 R.
1381 1295 1415 1322 M.
1440 1298 1480 1322 49.
1508 1298 1547 1322 16.
1584 1295 1679 1322 Notam
1705 1295 1916 1322 exheredationis

1076 1347 1184 1364 merere.
1212 1337 1375 1365 Exheredari
1399 1349 1461 1366 mer.
1487 1339 1517 1366 fr.
1537 1341 1561 1366 8.
1582 1339 1614 1366 de.
1634 1340 1753 1375 coniung.
1778 1349 1799 1365 c.
1820 1348 1916 1364 emanc.

1074 1382 1116 1406 37.
1137 1384 1160 1406 8.
1182 1380 1212 1406 fr.
1233 1382 1290 1408 132.
1310 1392 1350 1418 pr.
1370 1381 1403 1408 de
1422 1382 1453 1409 V.
1472 1382 1505 1409 Ο.
1525 1384 1566 1409 45.
1588 1384 1610 1408 l.
1647 1382 1737 1409 Libcri
1756 1380 1916 1408 exheredati.

1075 1424 1119 1459 qui
1138 1423 1205 1449 nibil
1224 1435 1256 1451 ex
1275 1426 1357 1462 patris
1377 1425 1474 1452 iudicio
1494 1431 1652 1452 meruerunt.
1677 1426 1706 1452 l'r.
1729 1427 1768 1451 13.
1788 1424 1820 1451 de
1840 1424 1864 1450 d.
1884 1434 1915 1450 m.

1050 1467 1052 1478 *
1074 1477 1129 1492 cxc.
1150 1468 1191 1493 44.
1211 1469 1234 1494 4.
1272 1468 1301 1494 Si
1325 1468 1407 1505 legata
1432 1469 1480 1495 lilii
1500 1485 1532 1488 —
1558 1470 1584 1495 in
1608 1468 1735 1495 honorem
1758 1469 1841 1505 patris
1865 1478 1915 1494 me-

1073 1515 1188 1536 ruerunt.
1209 1510 1239 1537 I'r.
1259 1513 1300 1537 28.
1321 1522 1359 1549 pr.
1379 1512 1411 1538 de
1432 1516 1532 1538 testam.
1552 1516 1599 1538 tut.
1619 1513 1661 1538 26.
1678 1514 1701 1537 2.
1731 1511 1860 1537 Amittere
1879 1510 1914 1539 id.

1073 1552 1145 1588 quod
1170 1558 1325 1580 testamento
1349 1556 1452 1581 meruit.
1478 1554 1508 1581 sr.
1529 1555 1554 1581 5.
1577 1555 1599 1588 5
1618 1557 1643 1580 2.
1667 1554 1699 1581 de
1718 1554 1742 1580 h.
1764 1564 1806 1590 qu.
1831 1558 1860 1580 ut
1878 1554 1915 1580 in-

1073 1595 1141 1631 dign.
1160 1598 1202 1622 34.
1222 1598 1245 1623 9.
1283 1597 1460 1629 Mediocritas,
1480 1603 1505 1624 et
1524 1599 1657 1624 rusticitas
1672 1614 1703 1617 —
1723 1596 1854 1624 interdum
1873 1607 1914 1623 ex-

1073 1639 1223 1665 cusationes
1242 1645 1383 1667 merentur.
1404 1640 1488 1667 Vatic.
1508 1642 1529 1675 5.
1548 1643 1608 1667 244.

1106 1683 1361 1710 meretricius.
1382 1684 1511 1717 (Adiect.)
1532 1686 1578 1710 Ad
1596 1686 1792 1711 meretricem
1811 1685 1913 1717 perti-

1071 1735 1153 1751 nens.
1191 1725 1221 1751 II.
1237 1727 1305 1759 Op.
1325 1726 1487 1753 Matronalis.
1508 1726 1548 1753 Cf.
1569 1726 1593 1752 h.
1607 1737 1630 1753 v.
1656 1726 1699 1752 111.
1712 1728 1777 1754 Cn.
1798 1725 1912 1752 onrem

1070 1769 1124 1804 pati
1143 1767 1284 1794 adulterari
1304 1770 1452 1795 meretricio
1472 1769 1585 1806 quodam
1608 1779 1710 1806 genere.
1735 1768 1765 1795 fr.
1785 1770 1826 1795 29.
1846 1769 1867 1802 5.
1888 1770 1910 1794 4,

1070 1809 1102 1835 ad
1121 1809 1151 1836 L.
1171 1809 1210 1836 Iul
1239 1810 1271 1836 (18
1290 1810 1370 1837 adult.
1390 1813 1430 1838 48.
1451 1814 1475 1838 5.
1492 1823 1513 1838 c.
1532 1814 1574 1839 22.
1595 1812 1652 1839 eod.
1672 1814 1695 1839 9.
1715 1814 1739 1839 9.

1105 1853 1300 1880 Meretrix.
1345 1855 1432 1887 Quae
1459 1866 1594 1890 corpore
1621 1862 1787 1890 quaestum
1810 1856 1909 1891 facit.

1068 1894 1087 1921 I.
1108 1896 1170 1929 Sy.
1194 1895 1369 1930 Quaestum-ia
1393 1897 1493 1924 mulier.
1530 1897 1618 1924 Palam
1643 1903 1780 1934 quaestum
1804 1898 1909 1924 faciens.

1069 1938 1098 1964 fr.
1113 1940 1153 1964 43.
1175 1948 1213 1975 pr.
1234 1939 1255 1972 5.
1271 1941 1292 1965 7.
1314 1939 1345 1965 de
1359 1939 1389 1966 R.
1404 1939 1435 1966 N.
1449 1942 1490 1967 23.
1510 1943 1534 1968 2.
1572 1941 1703 1968 Scortum.
1723 1941 1754 1968 fr.
1776 1943 1813 1967 12.
1834 1941 1856 1974 5.
1869 1943 1907 1967 ll.

1068 1980 1153 2007 mand.
1169 1983 1208 2007 17.
1224 1983 1246 2007 1.
1266 1982 1296 2008 l'r.
1316 1983 1338 2009 8.
1358 1993 1407 2020 pro
1427 1989 1487 2010 emt.
1502 1986 1543 2011 41.
1557 1986 1581 2011 4.
1607 1984 1650 2011 111,
1670 1986 1736 2012 Cn.
1756 1983 1811 2010 Nec
1831 1985 1908 2015 enim,

1067 2025 1090 2050 si
1109 2025 1233 2051 meretrix
1252 2027 1410 2052 manumissa
1434 2026 1526 2059 suerit,
1550 2026 1654 2054 easdem
1678 2037 1772 2062 operas
1796 2032 1908 2064 patrono

1066 2072 1200 2104 praestare
1219 2067 1312 2101 debet,
1337 2071 1455 2105 quamvis
1480 2070 1565 2097 adhue
1589 2080 1700 2107 corpore
1719 2075 1855 2107 quaestum
1873 2069 1907 2096 fa-

1067 2111 1125 2136 ciat.
1149 2110 1180 2137 fr.
1199 2111 1241 2137 38.
1260 2121 1299 2148 pr.
1320 2112 1352 2138 de
1371 2123 1443 2150 oper.
1464 2113 1550 2140 libert.
1568 2115 1610 2140 38.
1632 2116 1654 2140 1.
1692 2113 1796 2150 Turpes
1818 2123 1907 2150 perso-

1066 2163 1121 2185 nae,
1140 2153 1222 2180 veluti
1241 2157 1367 2182 meretrix
1380 2161 1428 2183 etc.
1448 2156 1478 2183 fr.
1492 2158 1516 2183 3.
1532 2167 1570 2194 pr.
1590 2157 1612 2183 si
1632 2168 1644 2182 a
1664 2167 1718 2193 par.
1738 2166 1780 2192 qu.
1795 2166 1904 2182 manum.

1065 2197 1107 2222 37.
1128 2198 1168 2222 12.
1189 2196 1220 2223 cf.
1240 2196 1271 2224 sr.
1291 2200 1314 2224 4.
1335 2199 1356 2232 5.
1376 2201 1400 2225 3.
1421 2199 1453 2226 de
1472 2199 1548 2226 cond.
1569 2199 1602 2225 ob
1622 2204 1691 2236 turp.
1713 2210 1734 2226 c.
1752 2201 1790 2225 12.
1811 2201 1834 2225 5.

1100 2240 1285 2273 Mergere.
1323 2242 1354 2274 ξ.
1371 2243 1405 2269 l.
1426 2244 1621 2277 Immergere
1642 2245 1690 2273 (in
1709 2242 1849 2277 aquam.)
1885 2241 1901 2267 1.

1065 2282 1127 2315 Sy.
1155 2281 1322 2318 Demergere.
1352 2284 1393 2311 Cf.
1418 2285 1442 2311 h.
1467 2296 1490 2312 v.
1526 2285 1569 2311 Ill.
1590 2287 1656 2313 On.
1685 2284 1752 2312 Cum
1776 2284 1903 2321 spoliatur

1065 2325 1114 2357 (sc.
1134 2326 1229 2356 navis.)
1250 2331 1293 2352 aut
1313 2328 1450 2363 mergitur,
1469 2333 1513 2354 aut
1532 2328 1688 2355 dissolvitur
1708 2333 1755 2355 etc.
1777 2328 1805 2353 fr.
1827 2329 1849 2353 6.
1870 2327 1902 2353 de

1064 2367 1166 2394 incend.
1186 2369 1267 2394 ruina.
1286 2371 1327 2396 47.
1342 2371 1365 2396 9.
1381 2386 1412 2389 ——
1432 2371 1462 2404 ξ.
1475 2372 1510 2397 2.
1533 2372 1736 2405 Opprimere,
1758 2372 1900 2396 Pessum-

1063 2413 1145 2436 dare.
1182 2410 1224 2437 III.
1247 2413 1313 2439 Cn.
1338 2412 1366 2438 Si
1386 2423 1438 2439 non
1458 2413 1579 2450 expedit,
1599 2430 1630 2433 ——-
1651 2413 1752 2439 absolvi
1771 2412 1901 2449 pupillum

1063 2458 1198 2490 oportere,
1219 2464 1303 2490 neque
1323 2456 1390 2481 enim
1410 2457 1436 2482 in
1455 2456 1506 2483 hoc
1524 2457 1737 2483 administrantur
1751 2455 1856 2485 tutelae,
1873 2462 1899 2482 ut

1063 2501 1211 2532 mergantur
1229 2497 1333 2534 pupilli.
1353 2497 1383 2524 sr.
1403 2500 1427 2525 3.
1447 2509 1485 2536 pr.
1506 2500 1538 2526 de
1557 2504 1639 2526 contr.
1659 2503 1705 2524 tut.
1724 2499 1766 2523 27.
1786 2499 1809 2524 4.

1097 2540 1345 2567 Meridianus.
1383 2541 1512 2575 (Adit-ct.)
1550 2545 1597 2568 Ad
1618 2543 1779 2567 meridiem
1796 2545 1898 2575 perti-

1061 2592 1145 2609 nens.
1183 2582 1225 2608 III.
1247 2584 1313 2610 Gn.
1337 2583 1481 2611 Meridiano
1500 2590 1617 2621 tempore
1637 2583 1849 2620 (adquiescere.)
1868 2584 1897 2611 fr.

1060 2626 1101 2651 26.
1121 2635 1159 2662 pr.
1181 2625 1213 2651 de
1232 2636 1304 2662 oper.
1324 2625 1409 2653 libert.
1430 2629 1470 2653 38.
1493 2629 1513 2653 1.
1552 2627 1636 2653 Ilorae
1657 2626 1822 2653 merIdianae.
1847 2627 1896 2654 Th.

1060 2667 1091 2694 C.
1111 2667 1129 2694 I.
1149 2669 1172 2694 8.
1193 2678 1214 2694 c.
1236 2670 1258 2695 1.
1279 2668 1311 2695 de
1330 2670 1372 2696 off.
1394 2670 1445 2696 iud.
1466 2670 1514 2695 civ.

1093 2711 1287 2738 Meridies.
1326 2714 1432 2739 Media
1457 2722 1537 2745 pars
1565 2714 1637 2739 diei.
1680 2713 1710 2740 II.
1732 2716 1799 2748 Op.
1828 2715 1896 2740 Ante

1059 2753 1201 2780 meridiem.
1222 2770 1252 2774 --
1273 2754 1338 2781 Post
1357 2755 1455 2791 epulas.
1475 2754 1584 2781 11›.XV.
1604 2757 1628 2781 5.
1649 2766 1669 2782 c.
1683 2758 1706 2783 2.
1727 2767 1765 2794 pr.
1786 2757 1818 2783 de
1837 2767 1895 2794 spe-

1058 2800 1121 2822 ctac.
1159 2796 1242 2829 Ante,
1266 2807 1289 2823 v.
1310 2797 1388 2827 Post.
1412 2797 1552 2825 meridiem.
1574 2814 1605 2818 —
1635 2798 1682 2826 Sol
1701 2809 1818 2827 occasus.
1839 2800 1886 2826 Frr

1058 2837 1086 2865 L.
1106 2838 1156 2866 XII
1175 2839 1258 2866 Tabb.
1279 2839 1296 2866 I.
1318 2841 1340 2866 7.
1358 2849 1412 2875 squv
