2197 3121
1002 139 1086 170 INT.

185 221 307 248 haeretic.
336 220 417 247 Mami
438 220 630 247 interventione
648 220 778 257 opposita.
801 219 948 248 Ib.X11.9.
968 222 1024 248 c.l.

186 264 218 291 de
237 264 262 290 h.
283 274 324 300 qu.
345 274 378 290 ex
397 263 457 300 pub.
479 263 539 290 coll.

221 308 480 334 luten-ventor.
525 307 588 339 Qui
612 306 750 332 debitam
774 307 915 337 alterius
940 307 973 333 in
995 316 1026 333 se

185 351 314 383 recepit.
351 348 369 375 Ι.
396 350 458 382 Sy.
484 348 652 375 Intercesser.
681 347 711 374 fr.
730 349 755 374 3.
781 348 817 382 ἐξ.
837 350 860 374 5.
886 358 924 384 sq.
949 350 973 375 9.
993 348 1026 375 de

184 391 270 429 pecul.
292 394 330 418 15.
353 393 375 418 1.
413 390 579 422 Fideiussor,
599 389 641 416 vel
660 390 803 417 mandator.
823 401 844 417 c.
864 392 888 416 3.
908 391 930 424 §.
951 392 972 417 l.
993 390 1026 417 de

185 444 257 461 usur.
277 435 315 461 rei
334 433 387 460 iud.
408 436 429 460 7.
449 435 490 460 54.
511 432 542 460 cf.
566 432 595 459 sr.
616 435 639 459 7.
659 433 681 467 §.
701 435 725 460 5.
745 433 778 460 de
797 433 905 470 obsequ.
925 438 1024 470 parent.

183 478 217 503 37
245 479 284 503 15.

220 519 479 547 Interventus.
517 518 643 552 (Subst.)
673 520 886 546 Interventio.
924 518 942 544 1.
963 520 1025 553 Sy.

185 562 215 589 Si
234 562 375 589 intervenit
394 561 444 588 lex.
481 560 646 588 Interventus
666 560 739 597 legis.
759 560 788 587 fr.
808 562 849 587 80.
874 571 913 598 pr.
934 561 964 588 fr.
983 563 1024 587 82.

184 615 224 642 pr.
244 605 276 632 ad
294 604 324 631 L.
344 604 412 631 falc.
434 606 475 630 35.
495 605 518 630 2.
544 603 574 630 fr.
594 606 618 630 4.
642 603 675 629 de
699 603 764 630 adm.
788 614 838 630 rer.
863 604 895 630 ad
915 606 964 631 civ.
983 606 1024 631 50.

184 648 209 674 Β.
246 647 437 674 Interveniente
461 646 528 673 Ioco.
565 646 730 673 Interventns
754 646 814 674 loci.
839 646 869 673 fr.
890 648 930 673 14.
955 647 976 681 §
1000 649 1024 674 2.

185 690 218 717 de
238 691 325 717 servit.
345 691 369 716 8.
390 692 412 716 1.
450 689 492 716 III.
513 691 578 717 Cn.
609 689 713 725 Quibus
737 688 790 723 (sc.
816 689 928 723 diebus)
953 695 1026 717 actor

185 743 260 769 agere
279 732 376 765 voluit,
401 737 427 758 et
449 733 597 759 interventu
616 732 736 759 seriarum
756 732 898 769 impeditus
919 738 966 759 est.
994 733 1024 759 fr.

183 776 226 802 26.
246 776 268 809 §.
288 777 310 802 7.
332 785 365 802 ex
385 785 428 812 qu.
448 785 469 801 c.
490 776 548 802 mai.
567 777 591 802 4.
609 776 634 801 6.
670 774 734 801 Post
752 775 927 801 interventum
947 786 1026 802 anno-

184 828 250 844 rum.
270 828 290 844 c.
312 820 334 844 7.
355 818 387 844 de
406 817 498 855 repud.
514 820 538 844 5.
556 819 594 844 17.
624 817 776 843 Interventu
795 827 878 844 novae
897 828 1025 855 personae

183 861 264 894 (nova
283 862 399 887 nascitur
418 860 564 897 obligatio.)
593 859 649 886 Gai.
668 859 711 886 III.
732 861 790 886 176.
827 859 875 891 Vt,
897 871 954 887 cum
973 862 1025 888 ani-

182 903 312 930 madverti
332 908 474 940 oporteret,
494 905 642 930 interventu
656 913 745 929 eorum
759 903 841 929 fieret.
861 902 891 930 sr.
904 906 928 930 2.
949 905 970 938 ξ.
982 906 1024 930 30.

183 945 216 972 de
236 946 269 972 O.
289 946 306 973 Ι.
329 948 350 972 l.
370 948 394 973 2.
431 946 581 972 Interventu
601 945 695 972 iudicis
719 945 800 978 (haec
824 947 909 972 onmia
928 946 1026 973 debent

184 988 217 1015 ad
236 989 358 1015 effectum
377 988 506 1026 perduci.)
530 987 559 1014 fr.
581 990 603 1014 7.
624 987 656 1014 de
675 998 732 1015 ann.
753 988 828 1024 legat.
847 990 889 1016 33.
911 991 931 1015 l.

220 1032 468 1058 Interversio.
494 1033 711 1065 Interceptia,
731 1033 878 1058 Aversio.
902 1031 1024 1060 HLCn.

183 1072 267 1100 Nemo
288 1084 385 1106 eorum,
405 1073 485 1100 semel
505 1075 531 1100 in
550 1075 741 1100 interversione
761 1075 907 1106 convictus,
926 1074 953 1101 id
972 1085 1028 1102 rur—

183 1125 230 1143 sus
250 1116 365 1143 officium
384 1121 464 1152 gerat,
484 1117 510 1142 iu
530 1126 581 1152 quo
602 1121 661 1143 ante
680 1116 792 1143 decoxit.
813 1116 862 1144 Th.
874 1117 905 1144 C.
924 1117 981 1145 XII.
1001 1119 1026 1145 6.

184 1169 206 1185 c.
225 1161 266 1186 27.
286 1159 308 1191 ξ.
328 1161 352 1185 2.
373 1159 405 1186 de
424 1164 572 1197 susceptor.

218 1203 472 1230 Interversor.
515 1204 738 1237 Interceptor‚
769 1205 967 1230 Fraudator.
1005 1203 1023 1229 I.

183 1245 245 1278 Sy.
281 1244 405 1271 Eversor.
427 1244 468 1271 Cf.
488 1245 513 1271 h.
533 1255 557 1271 v.

219 1288 495 1315 Intervertere.
524 1288 555 1322 ξ.
570 1289 604 1314 1.
625 1289 792 1320 Avertere,
813 1290 1024 1322 Intercipere.

182 1328 201 1355 I.
222 1330 284 1364 Sy.
313 1329 467 1366 Subripere.
498 1330 528 1357 fr.
550 1332 589 1357 18.
610 1340 651 1367 sq.
675 1330 707 1356 de
730 1330 808 1358 solut.
829 1333 871 1357 46.
889 1333 912 1358 3.
933 1331 962 1357 fr.
982 1333 1023 1357 20.

182 1382 222 1409 pr.
242 1373 264 1406 ξ.
286 1374 308 1398 1.
329 1372 361 1398 de
381 1372 439 1399 furt.
460 1375 500 1400 47.
520 1375 543 1399 2.
582 1372 623 1399 III.
645 1374 711 1400 Cn.
737 1373 790 1409 Qui
810 1374 873 1410 quid
893 1374 1024 1406 celaverit,

182 1419 227 1442 aut
245 1416 432 1447 interverterit,
452 1421 495 1441 aut
515 1417 696 1442 consumserit.
717 1415 746 1442 fr.
763 1418 802 1443 71.
823 1417 844 1450 ᾗ.
859 1418 882 1443 6.
902 1416 934 1443 de
954 1416 985 1443 A.
1000 1427 1023 1443 v.

183 1457 216 1484 Ο.
231 1457 261 1484 Η.
276 1460 317 1484 29.
336 1460 360 1484 2.
398 1458 452 1484 Res
472 1468 524 1484 non
543 1459 723 1484 intervertitur
740 1459 771 1490 ci,
792 1460 836 1495 qui
856 1469 911 1486 eam
930 1465 1025 1497 sponte

182 1501 280 1527 reiecit.
301 1500 331 1527 sr.
345 1502 386 1527 43.
407 1501 428 1534 ξ.
445 1502 483 1526 10.
504 1500 535 1527 de
555 1500 615 1527 furt.
629 1502 670 1527 47.
690 1503 715 1527 2.
739 1501 852 1528 Pecunia
871 1503 1024 1534 interversa,

182 1548 227 1570 aut
246 1544 386 1570 commisso
408 1543 495 1579 aliquo
515 1544 614 1570 maiore
633 1544 769 1571 maleficio.
791 1544 819 1571 l'r.
833 1547 857 1571 5.
878 1545 910 1571 dc
924 1544 1023 1581 fugitiv.

184 1587 224 1612 11.
244 1587 267 1612 4.
306 1586 360 1622 Qui
379 1587 572 1612 intcrversurns
592 1592 633 1613 est
652 1588 823 1613 instrumenta
842 1590 938 1620 (status
952 1589 1024 1620 mei.)

183 1627 214 1655 fr.
234 1630 258 1655 8.
279 1629 300 1662 ξ.
323 1631 344 1655 l.
374 1629 425 1664 Qu.
450 1634 509 1655 met.
535 1639 557 1655 c.
578 1630 601 1656 ⁴1.
620 1632 645 1656 2.
683 1629 711 1656 Si
736 1631 923 1657 intervertendi
948 1641 1024 1657 causa

184 1670 211 1697 id
230 1670 328 1703 feeerit,
349 1672 462 1705 (furtum
483 1671 588 1698 domino
608 1672 695 1705 facit.)
722 1672 753 1699 fr.
774 1675 814 1699 18.
833 1673 865 1699 de
885 1673 964 1700 solut.
982 1675 1023 1700 46.

183 1714 208 1740 3.
234 1713 263 1740 sr.
283 1716 324 1740 20.
344 1724 383 1751 pr.
408 1714 439 1741 (1(-
464 1714 524 1741 furt.
548 1716 588 1741 47.
608 1717 632 1741 2.
671 1715 835 1752 Quacunque
857 1715 926 1748 vult,
946 1717 973 1742 in
993 1726 1023 1743 eo

184 1757 234 1789 (se.
254 1755 348 1789 fundo)
366 1758 450 1784 rivum
470 1757 532 1783 lieet
551 1757 635 1787 saciat.
655 1757 716 1784 dum
736 1768 767 1784 ne
785 1758 974 1794 aquaeductum
987 1759 1024 1784 in-

185 1804 340 1825 terverteret
360 1799 402 1833 [al.
423 1801 596 1834 intervertat]
618 1800 647 1826 fr.
661 1801 685 1826 S.
706 1800 738 1827 de
758 1811 823 1837 aqua
843 1805 913 1836 quot.
933 1802 973 1826 43.
982 1803 1023 1826 20.

185 1858 217 1861 —
242 1842 273 1875 §.
298 1844 333 1868 2.
363 1844 558 1878 Infirmare,
585 1845 728 1869 Abolere.
770 1843 788 1868 Ι.
812 1844 874 1877 Sy.
897 1842 1025 1869 Amittere

185 1884 325 1918 (tutelas.)
352 1884 392 1910 Cf.
413 1884 437 1911 h.
458 1895 481 1911 v.
506 1886 527 1919 ξ
548 1887 571 1911 4.
608 1885 650 1911 ΙΙΙ.
672 1886 738 1912 Gn.
758 1884 970 1911 Intervertexulac
989 1886 1025 1911 in-

185 1927 298 1953 officiosi
319 1926 449 1963 querelae.
469 1927 514 1960 [al.
528 1928 561 1953 ob
576 1927 796 1954 intel-vertendam
810 1928 950 1954 inofficiosi
965 1938 1026 1964 que-

184 1970 285 2003 relam‚]
306 1971 490 2007 patrimonium
510 1980 585 1996 suum
605 1970 790 1997 donationibus
810 1972 965 1997 exinanisse.
994 1970 1024 1997 fr.

184 2014 226 2040 87.
245 2014 266 2047 §.
287 2015 310 2039 3.
331 2012 363 2039 dc
382 2012 458 2049 legat.
478 2012 508 2039 ΙΙ.
529 2014 595 2046 (31)

220 2056 516 2083 Internsurium·
555 2057 753 2082 Commodum
774 2066 948 2082 usurarum
968 2066 1025 2082 me-

186 2100 234 2125 dii
253 2100 416 2133 temporis.
453 2098 545 2132 LSy.
565 2097 667 2125 Ysurae
686 2098 765 2125 medii
785 2099 918 2135 temporis.
948 2098 1025 2125 Com-

187 2140 291 2167 modum
309 2141 376 2167 med.
395 2146 475 2178 temp.
496 2140 525 2167 fr.
545 2142 585 2167 82.
606 2152 644 2178 pr.
665 2141 682 2167 l.
702 2141 718 2167 l.
738 2142 813 2175 (31.)
834 2141 863 2167 sr.
884 2143 925 2167 64.
946 2141 978 2168 de
997 2152 1025 2168 re
1047 2160 1048 2164 .

189 2182 240 2209 iud.
259 2185 300 2208 42.
320 2185 341 2209 1.
382 2183 426 2209 ΙΙΙ.
448 2185 513 2211 011.
541 2183 710 2210 Intervallum
733 2185 872 2221 tempori-⁴3,
900 2189 925 2210 et
948 2186 1026 2210 inter-

189 2225 306 2251 usurium
324 2225 400 2252 huius
420 2227 506 2263 spatii.
527 2226 557 2252 fr.
578 2228 618 2252 66.
640 2236 678 2263 pr.
699 2227 730 2253 ad
750 2226 778 2253 L.
800 2226 868 2253 Falc.
888 2228 929 2252 35.
949 2229 973 2253 2.
993 2226 1024 2254 cs.

190 2267 219 2293 sr.
240 2269 263 2293 9.
284 2267 306 2300 §.
325 2268 347 2292 8.
368 2267 399 2293 de
418 2268 503 2305 pecul.
524 2270 564 2294 15.
587 2270 607 2294 Ι.
1047 2269 1049 2295 ⁴1

226 2310 472 2338 Intestabilis.
510 2311 638 2345 (Adiect.)
678 2313 739 2344 Qui
763 2313 903 2346 incapax
922 2319 971 2338 est
989 2315 1028 2338 ad
1047 2316 1049 2323 '

191 2353 401 2379 testationem
426 2355 700 2388 interponendam.
738 2353 756 2379 I.
776 2355 838 2388 Sy.
863 2354 886 2380 A
911 2355 1027 2381 testimo-

191 2395 241 2420 niis
261 2393 368 2419 alienus.
389 2393 437 2420 Th.
458 2395 488 2422 C.
507 2395 577 2422 XVI.
599 2398 620 2422 7.
642 2406 662 2422 c.
682 2398 705 2421 4.
726 2406 763 2433 pr.
785 2396 817 2422 de
836 2402 946 2433 apostat.
983 2397 1026 2423 HI.

192 2438 258 2464 Cn.
280 2435 313 2462 N
334 2437 510 2464 testimonium
528 2438 641 2471 fariatur,
661 2439 797 2475 improbus
816 2439 1027 2476 intestabilisque

192 2479 261 2505 esto!
281 2477 310 2503 L.
325 2478 374 2504 XII
394 2478 476 2505 Tabh.
491 2479 558 2507 VIII.
576 2484 618 2507 22.
654 2481 815 2508 Intestahilis
835 2482 939 2508 iubetur
959 2492 1026 2514 esse,

192 2536 221 2541 —-
244 2531 276 2547 ne
297 2521 351 2546 eius
372 2521 512 2547 testimoni
584 2520 714 2561 ‘’eiiiiatur,
727 2535 838 2551 —neve
858 2526 908 2561 ipsi
928 2524 1029 2551 dicatur

195 2563 434 2599 testiinonium3sr.
453 2565 494 2589 26.
532 2571 581 2599 tto.
602 2570 701 2593 testam.
726 2567 773 2594 fac.
798 2578 822 2604 p.
842 2569 883 2593 28.
906 2569 926 2593 l.
951 2567 984 2594 fr.
1004 2569 1028 2593 5.
1049 2582 1050 2587 =

193 2608 214 2641 ξ.
235 2608 259 2632 9.
284 2606 315 2632 dc
341 2606 415 2631 iniur.
435 2607 476 2632 47.
498 2608 536 2632 10.
578 2606 613 2632 Vt
640 2609 797 2636 intestabilis
821 2611 868 2641 sit3
897 2619 957 2646 ergo
982 2620 1029 2636 nec

193 2653 378 2676 testamentum
398 2648 480 2675 facere
499 2650 610 2685 poterit,
634 2660 681 2677 nec
707 2652 738 2678 ad
757 2656 940 2679 testamentum
960 2652 1029 2678 adhi-

194 2692 258 2719 beri.
278 2692 307 2717 t'r.
330 2692 368 2717 18.
389 2691 410 2724 §.
432 2693 454 2717 1.
492 2691 543 2727 Qu.
564 2696 664 2718 testam.
684 2692 728 2720 fac.
749 2705 773 2731 p.
787 2696 829 2721 28.
844 2697 866 2721 l.
888 2694 918 2721 fr.
932 2697 973 2721 21.
990 2706 1028 2732 pr.
1050 2684 1052 2707 I

196 2734 228 2761 de
250 2734 338 2760 testib.
357 2735 397 2759 22.
418 2735 441 2759 5.
1051 2730 1052 2746 ¹

232 2778 437 2807 Intestato,
465 2786 486 2802 s.
505 2778 560 2804 Ab
580 2777 771 2805 intestato.
808 2780 930 2813 (Advb.)
971 2783 1031 2814 Qui

1850 147 1912 177 497

1070 223 1140 249 sine
1162 228 1356 249 testamento
1381 224 1469 250 insto
1497 225 1650 256 decessit,
1680 226 1729 251 vel
1754 235 1790 251 ex
1817 228 1911 253 enias

1070 271 1266 292 testamento
1290 275 1350 291 non
1374 268 1509 292 exstitit
1534 268 1631 293 heres.
1674 266 1704 292 ΙΙ.
1727 268 1794 301 Op.
1820 267 1911 294 Testa-

1070 312 1158 334 mento
1178 307 1254 339 facto,
1274 316 1295 333 S.
1316 307 1425 334 Testato
1444 308 1606 341 (decedere.)
1626 308 1682 335 Gai.
1696 309 1736 335 ΙΙΙ.
1760 312 1799 336 ll.
1816 312 1855 337 13.
1869 313 1911 337 41.

1071 359 1110 385 sq.
1136 349 1197 387 le.
1216 349 1314 376 XXIX.
1335 351 1357 376 1.
1378 350 1408 377 sr.
1431 353 1469 378 19.
1489 362 1527 388 pr.
1553 351 1585 378 de
1604 351 1679 378 milit.
1703 356 1805 379 testam.
1824 354 1866 380 29.
1888 355 1910 380 1.

1070 392 1110 419 Ex
1135 397 1307 425 testamento,
1328 408 1361 412 —
1379 393 1421 419 Ab
1441 394 1565 420 intestato
1582 394 1744 427 (hereditas,
1762 405 1787 422 v.
1806 395 1910 430 heres.)

1071 434 1127 461 Gai.
1148 435 1177 462 ΙΙ.
1203 437 1260 462 149.
1289 437 1347 462 157.
1378 434 1409 462 sr.
1429 437 1472 462 39.
1496 436 1529 463 de
1547 437 1578 463 A.
1598 447 1622 463 v.
1643 437 1676 464 O.
1695 437 1725 464 H.
1745 439 1788 464 29.
1806 440 1830 464 2.
1867 438 1910 465 ΠΙ.

1071 478 1137 505 Gn.
1168 478 1197 504 Si
1217 479 1340 505 intestato
1359 479 1483 510 moritur,
1504 480 1544 505 cui
1563 489 1627 506 suus
1647 479 1724 507 heres
1742 490 1790 507 nec
1809 482 1851 507 sit.
1880 480 1910 508 L.

1069 520 1118 546 XII
1143 519 1225 547 Tabh.
1246 521 1278 547 V.
1298 522 1321 547 4.
1369 520 1423 556 Qui
1446 521 1477 547 ab
1502 522 1638 554 intestato⁷
1663 522 1778 559 legitimo
1798 524 1854 550 iure
1872 525 1909 556 (s.

1070 572 1116 599 per
1135 562 1240 599 Iegem)
1260 563 1292 590 ad
1310 563 1481 590 hereditatem
1500 569 1634 591 vocantur.
1655 565 1711 592 Gai.
1730 565 1761 592 II.
1781 568 1839 593 167.
1852 568 1909 595 169.

1070 604 1101 631 cf.
1121 607 1162 632 35.
1183 615 1222 642 sq.
1245 608 1301 633 119.
1323 607 1379 632 149.
1416 606 1448 632 Ei
1476 606 1532 632 dari
1555 608 1613 634 fieri
1636 607 1697 634 volo
1722 608 1753 635 ab
1778 610 1848 635 omui
1867 609 1910 636 he-

1069 647 1143 679 rede,
1163 648 1326 675 honorumve
1345 658 1514 686 possessore,
1540 650 1584 685 qui
1609 649 1671 676 mihi
1692 652 1740 677 crit
1759 653 1835 678 etiam
1854 653 1911 679 iure

1069 691 1100 717 ab
1120 692 1252 718 intestato.
1273 691 1303 718 fr.
1325 693 1363 718 13.
1384 691 1416 718 de
1435 692 1507 718 inoff.
1528 697 1629 718 testam.
1650 695 1673 718 5.
1687 695 1711 719 2.
1728 693 1759 719 cf.
1780 694 1851 721 Paul.
1865 694 1910 722 IV.

1071 735 1092 759 l.
1112 734 1133 767 §.
1148 735 1171 760 4.
1200 733 1238 765 Si,
1258 735 1355 760 omissa
1375 744 1452 760 causa
1470 734 1625 772 principalis
1645 738 1802 769 testamenti,
1822 737 1853 763 ab
1873 738 1901 764 iu

1070 781 1164 802 testato
1189 776 1357 813 possideatur
1380 776 1520 803 hereditas.
1544 777 1574 803 fr.
1594 779 1618 804 2.
1643 777 1664 811 §.
1686 780 1708 804 1.
1734 778 1766 805 de
1790 779 1859 815 vulg.
1885 785 1911 806 et

1069 829 1131 856 pup.
1144 820 1222 845 286.
1250 819 1290 846 Ab
1311 820 1356 846 int.
1377 819 1452 846 factis
1472 819 1611 846 codicillis.
1631 820 1660 847 fr.
1682 822 1722 847 16.
1743 821 1775 848 de
1794 823 1849 848 iure
1869 833 1910 849 co-

1069 861 1150 888 dicill.
1169 863 1211 888 29.
1231 863 1253 888 7.
1290 862 1331 888 Ex
1350 863 1475 888 intestato
1494 864 1516 889 is
1531 879 1563 882 —
1577 863 1709 890 succedat.
1730 863 1779 890 Th.
1795 864 1825 891 C.
1838 865 1910 894 XVI.

1068 906 1093 930 2.
1114 914 1134 930 c.
1154 906 1195 930 27.
1215 914 1255 940 pr.
1279 904 1312 930 de
1331 906 1410 941 episc.
1432 905 1494 932 eccl.

1103 948 1327 974 Intestatus.
1366 947 1504 981 (Adiect.)
1544 950 1606 982 Qui
1624 951 1659 976 ab
1679 951 1841 977 intestato
1861 953 1910 977 de-

1068 992 1174 1016 cessit.
1211 989 1229 1016 1.
1253 990 1314 1024 Sy.
1340 989 1394 1025 Qui
1413 995 1597 1018 testamentum
1616 1001 1669 1018 non
1688 992 1762 1024 fecit,
1782 1002 1805 1018 v.
1826 992 1910 1020 Cuius

1069 1043 1101 1059 ex
1119 1037 1277 1058 testamento
1297 1032 1429 1059 hereditas
1449 1033 1517 1060 adita
1536 1044 1588 1060 non
1609 1039 1656 1061 est.
1679 1034 1709 1061 fr.
1723 1036 1764 1061 64.
1785 1034 1817 1061 de
1836 1035 1867 1062 V.
1881 1036 1909 1063 S.

1068 1077 1109 1102 50.
1130 1076 1169 1101 16.
1207 1074 1348 1111 Legitima.
1373 1075 1491 1102 lntestati
1515 1076 1677 1109 (hereditas,
1703 1086 1723 1103 s.
1748 1079 1910 1112 successio.)

1068 1117 1141 1144 Paul.
1162 1117 1205 1144 IV.
1224 1119 1248 1144 8.
1277 1119 1314 1152 ἕξ.
1335 1120 1359 1144 9.
1380 1119 1419 1144 13.
1457 1118 1487 1144 lt.
1513 1120 1580 1152 ΟΡ.
1609 1119 1746 1152 Testatus,
1773 1130 1793 1147 s.
1819 1121 1910 1148 Testa-

1069 1166 1156 1187 mento
1176 1160 1253 1192 sacto,
1275 1160 1415 1193 (decedi-re
1435 1161 1497 1193 etc.)
1517 1160 1553 1188 ld.
1574 1161 1590 1188 l.
1611 1161 1626 1188 l.
1647 1162 1668 1195 ξ.
1688 1164 1711 1188 2.
1737 1162 1793 1189 Gai.
1806 1164 1847 1190 111.
1868 1166 1909 1191 47.

1069 1206 1110 1230 51.
1131 1204 1160 1230 fr.
1181 1205 1221 1230 81.
1241 1202 1273 1229 ad
1293 1202 1358 1229 S.C.
1377 1202 1455 1230 Treb.
1476 1204 1518 1230 36.
1539 1206 1561 1230 1.
1599 1204 1641 1230 ΙΙΙ.
1657 1206 1722 1232 Gn.
1742 1205 1771 1232 B.
1786 1206 1814 1232 P.
1835 1206 1911 1234 datur

1069 1252 1112 1273 aut
1132 1251 1222 1273 contra
1241 1245 1343 1272 tabulas
1361 1248 1518 1279 testamenti,
1538 1252 1581 1273 aut
1597 1247 1722 1274 adversus
1736 1248 1847 1281 tabulas,
1867 1255 1911 1276 aut

1069 1290 1193 1316 intestati.
1222 1289 1283 1326 le.
1303 1289 1424 1315 XXVIII.
1446 1291 1468 1315 1.
1489 1299 1528 1325 sq.
1548 1291 1571 1315 5.
1593 1291 1616 1316 7.
1654 1290 1720 1326 Qui,
1745 1291 1817 1318 nullo
1841 1292 1910 1319 sacto

1069 1337 1239 1364 testamento,
1264 1331 1296 1358 ad
1319 1333 1436 1358 intestati
1464 1331 1532 1358 bona
1555 1338 1689 1359 vocantur.
1727 1333 1784 1360 Gai.
1803 1334 1844 1361 Ill.
1868 1336 1909 1362 36.

1069 1376 1122 1411 Qui
1142 1380 1326 1401 testamentum
1346 1374 1431 1401 facere
1450 1384 1502 1400 non
1526 1381 1651 1411 possunt,
1676 1375 1719 1402 vel
1744 1378 1795 1414 ipsi
1820 1378 1910 1409 Unum,

1069 1423 1097 1445 ut
1116 1419 1231 1444 intestati
1251 1417 1417 1449 decederent.
1437 1417 1605 1454 abruperunt.
1644 1418 1713 1445 Coll.
1727 1418 1779 1446 LL.
1795 1420 1827 1446 M.
1839 1420 1910 1448 XVI.

1068 1463 1092 1488 3.
1130 1461 1183 1496 Qui
1202 1460 1328 1487 heredum
1347 1461 1450 1486 nomina
1470 1460 1617 1493 induxerat,
1633 1477 1665 1480 —
1685 1466 1713 1487 ut
1731 1463 1849 1490 intestati
1868 1475 1911 1491 ex-

1070 1506 1133 1531 itum
1157 1503 1261 1530 faceret.
1290 1504 1320 1530 sr.
1345 1505 1368 1529 3.
1400 1502 1431 1529 de
1455 1502 1480 1529 h.
1506 1513 1548 1539 qu.
1575 1504 1600 1529 in
1626 1508 1726 1530 testam.
1754 1505 1804 1532 del.
1824 1508 1866 1532 25.
1886 1508 1910 1533 4.

1070 1548 1203 1583 Quantum
1218 1546 1249 1572 ad
1268 1546 1375 1572 tutelam
1389 1547 1510 1583 pertinet⁷
1530 1547 1678 1572 intestatus.
1700 1546 1729 1573 fr.
1744 1549 1767 1574 6.
1788 1548 1820 1574 de
1840 1548 1910 1585 legit.

1070 1595 1117 1617 tut.
1136 1591 1177 1616 26.
1197 1591 1220 1616 4.
1258 1589 1300 1615 Ad
1320 1589 1459 1625 legitimam
1478 1590 1616 1615 intestatae
1630 1590 1719 1615 matris
1740 1589 1911 1618 hereditatem

1069 1633 1178 1659 admitti.
1216 1631 1287 1659 Paul.
1307 1631 1349 1658 IV.
1372 1633 1411 1657 10.
1431 1632 1452 1666 ς’.
1473 1633 1496 1657 3.
1517 1631 1548 1657 cs.
1570 1631 1626 1657 Gai.
1646 1631 1664 1657 Ι.
1680 1633 1736 1658 192.
1766 1632 1846 1669 Virgo
1861 1633 1911 1660 Ve-

1069 1676 1143 1702 stalis
1163 1685 1248 1711 neque
1267 1674 1342 1701 heres
1363 1679 1403 1700 est
1417 1675 1536 1710 cuiquam
1555 1675 1687 1705 intestato,
1708 1685 1792 1711 neque
1806 1677 1912 1703 intesta-

1069 1724 1109 1745 tae
1128 1719 1275 1755 qnisquam.
1294 1716 1336 1743 Fr.
1356 1716 1486 1742 Labeonis
1506 1715 1583 1743 I.Cti.
1603 1716 1653 1753 Ap.
1669 1716 1736 1744 Gell.
1756 1717 1774 1744 I.
1792 1720 1831 1745 12.
1868 1719 1911 1746 Ad

1069 1763 1252 1787 intestatorum
1272 1761 1466 1785 successionem
1486 1760 1553 1785 inter
1572 1769 1635 1785 suos
1655 1761 1752 1786 venire.
1778 1760 1849 1788 Paul.
1865 1761 1910 1788 IV.

1069 1806 1092 1831 8.
1114 1804 1136 1838 ξ.
1156 1805 1180 1829 8.
1201 1802 1233 1829 cs.
1257 1803 1278 1835 ξ.
1300 1804 1323 1828 3.
1348 1802 1404 1828 (J'ai.
1425 1802 1467 1828 ΙΙΙ.
1489 1804 1527 1828 15.
1572 1801 1692 1829 Intestati
1718 1803 1773 1829 iure
1797 1803 1911 1836 (deferri

1070 1847 1163 1878 bona.)
1184 1845 1214 1871 sr.
1235 1847 1275 1870 42.
1296 1846 1317 1878 ξ.
1333 1847 1355 1870 1.
1376 1845 1408 1871 de
1427 1844 1487 1871 bon.
1508 1844 1594 1871 libert.
1607 1847 1648 1872 3⁸.
1668 1847 1692 1871 2.
1720 1845 1840 1873 Intestati
1854 1857 1911 1874 cau-

1070 1899 1124 1916 sam
1144 1888 1243 1921 (locum
1257 1887 1373 1920 habere.)
1393 1887 1423 1914 fr.
1438 1889 1478 1913 41.
1498 1897 1537 1924 pr.
1558 1887 1590 1913 de
1609 1887 1685 1914 milit.
1700 1893 1801 1915 testam.
1813 1890 1854 1915 29.
1870 1891 1892 1916 1.

1104 1930 1389 1959 Intestinarius.
1436 1932 1592 1965 Artifex,
1629 1933 1684 1965 qni
1717 1933 1910 1959 intestinam

1070 1985 1148 2009 opus
1162 1975 1262 2010 facit.
1291 1972 1333 1998 ΙΙΙ.
1349 1974 1414 2000 Cn.
1434 1972 1560 2003 pictores.
1581 1974 1738 2011 sculptores,
1759 1974 1909 2007 diatretarii,

1070 2017 1236 2045 intestinarii,
1257 2016 1383 2047 statuarii7
1404 2017 1537 2042 musivarii
1551 2021 1599 2044 etc.
1621 2016 1670 2043 Th.
1683 2017 1713 2044 C.
1724 2017 1792 2044 XIII.
1808 2019 1830 2043 4.
1852 2028 1873 2043 c.
1884 2020 1908 2044 2.

1071 2059 1103 2086 (le
1123 2069 1210 2085 excns.
1231 2057 1297 2084 artit'.

1106 2101 1329 2129 lntestinus.

1071 2145 1112 2171 ΙΙΙ.
1134 2146 1199 2172 Cn.

1071 2188 1196 2218 continet.
1216 2186 1351 2223 plerisque
1365 2187 1439 2222 quasi
1454 2186 1549 2212 vulnus
1569 2188 1721 2213 intestinum
1741 2188 1907 2223 incognitum.

1072 2241 1092 2257 c.
1115 2232 1154 2256 14.
1174 2240 1212 2266 pr.
1233 2229 1265 2255 de
1285 2229 1354 2265 legit.
1375 2228 1462 2254 hered.
1483 2230 1505 2254 6.
1522 2232 1562 2255 55.

1106 2275 1299 2299 lntexere.
1336 2272 1367 2305 ᾗ.
1382 2272 1415 2297 l.
1438 2273 1622 2298 Cautesere.
1660 2272 1702 2298 ΙΙΙ.
1720 2274 1784 2300 Gn.
1806 2272 1834 2298 Si
1850 2282 1908 2308 pur-

1372 2100 1509 2133 (Adiect.)
1551 2104 1712 2133 latitans,
1744 2104 1908 2129 occultus.

1238 2143 1305 2169 Cum
1329 2148 1354 2169 et
1378 2143 1452 2169 aliam
1476 2145 1612 2170 maximam
1636 2145 1755 2170 iniuriam
1774 2155 1815 2171 res
1836 2146 1861 2171 in
1881 2155 1909 2171 sc

1071 2326 1161 2352 puram
1180 2315 1336 2340 vestimento
1362 2315 1495 2340 intexeris.
1520 2314 1550 2340 fr.
1572 2316 1594 2340 7.
1619 2315 1640 2348 §.
1661 2317 1684 2341 2.
1709 2315 1741 2341 ad
1761 2314 1846 2341 exhib.
1868 2316 1907 2340 10.

1071 2360 1094 2384 4.
1132 2358 1204 2383 Auro
1225 2358 1338 2382 intextae
1358 2358 1474 2389 (auratac
1493 2366 1521 2382 ac
1540 2357 1639 2383 sericae
1658 2356 1837 2394 pai-agatulae.)
1858 2355 1907 2383 Th.

1072 2400 1102 2426 C.
1122 2400 1154 2426 X.
1175 2402 1216 2425 21.
1237 2410 1257 2425 c.
1280 2401 1292 2424 1
1322 2398 1354 2424 de
1374 2404 1438 2425 vest.
1458 2399 1575 2426 holover.
1596 2415 1627 2418 -—
1648 2400 1677 2433 ἕ.
1693 2402 1727 2425 2.
1749 2401 1907 2431 Inserere,

1072 2444 1232 2469 .4cliicere.
1269 2441 1311 2467 ΙΙΙ.
1333 2442 1397 2469 (7η.
1427 2442 1553 2469 Actorum
1578 2442 1670 2473 lectio,
1697 2451 1761 2477 quac
1785 2442 1908 2477 precibus

1072 2486 1170 2512 intexta
1190 2489 1258 2510 sunt.
1279 2494 1299 2509 c.
1320 2486 1342 2510 2.
1364 2484 1395 2511 de
1415 2484 1523 2511 delator.
1546 2487 1584 2510 10.
1606 2486 1643 2509 11,

1107 2528 1307 2554 Intilnare·
1344 2527 1374 2559 ξ.
1396 2528 1430 2553 l.
1460 2530 1654 2561 Suggererf,
1680 2527 1831 2561 Referre,
1856 2528 1908 2552 In-

1073 2572 1215 2597 sinuare.
1253 2569 1271 2595 I.
1295 2570 1355 2603 Sy.
1375 2569 1516 2596 Insinuare.
1539 2568 1578 2594 [Ὗ.
1598 2568 1622 2593 h.
1642 2577 1665 2593 v,
1685 2568 1706 2600 ξ
1728 2570 1749 2594 1.
1786 2568 1828 2594 ΙΠ.
1842 2570 1907 2596 Gn.

1073 2612 1175 2639 Relatio
1196 2613 1232 2637 tui
1253 2611 1372 2637 culminis
1392 2612 1526 2638 intimavit.
1548 2609 1596 2635 Th.
1617 2609 1648 2635 C.
1668 2609 1726 2636 XV.
1747 2612 1770 2636 5.
1792 2621 1812 2636 c.
1833 2612 1855 2637 4.
1876 2611 1907 2637 de

1074 2659 1186 2692 spectac.
1224 2653 1325 2680 Referri
1345 2665 1358 2681 a
1379 2655 1486 2681 caeteris
1507 2652 1650 2681 iudicibus.
1671 2668 1702 2671 —
1722 2654 1862 2689 statimque
1881 2653 1908 2680 id

1074 2702 1179 2723 nostrae
1199 2698 1309 2723 intimari
1330 2697 1488 2723 elementiae.
1519 2694 1555 2720 lb.
1575 2694 1619 2720 XI.
1642 2696 1680 2721 16.
1707 2705 1727 2721 c.
1748 2697 1770 2722 7.
1791 2695 1823 2722 de
1842 2701 1906 2722 extr.

1051 2754 1053 2772 2
1075 2750 1095 2766 s.
1116 2739 1185 2765 sord.
1224 2738 1439 2766 Consultationes
1463 2747 1551 2763 eorum
1577 2739 1731 2773 quantocius
1750 2740 1848 2764 nostris
1867 2748 1907 2764 au-

1076 2782 1148 2809 ribus
1168 2783 1286 2808 intimare
1306 2786 1436 2817 cogantur.
1474 2780 1510 2806 lb.
1530 2780 1574 2806 XI.
1594 2781 1634 2806 30.
1656 2791 1676 2806 c.
1693 2782 1734 2806 66.
1755 2781 1786 2807 de
1806 2790 1863 2816 app.
1882 2785 1905 2805 et

1436 2825 1469 2849 63
