2197 3121
259 186 323 217 354

263 271 393 295 naudus.
430 268 448 294 I.
463 268 524 302 Sy.
550 265 739 293 Detestandus.
766 265 833 292 Nov.
854 264 911 292 val.
938 264 979 291 lll.
1001 264 1033 290 de
1051 274 1103 290 ma-

263 311 331 337 111811.
352 311 380 337 ll.
404 313 442 337 15.
463 321 484 336 c.
507 313 528 336 1.
549 320 586 346 pr.
625 308 666 334 lll.
692 310 758 336 (Ἰι.
791 308 869 335 Noxii
889 308 1041 338 Manichaei.
1061 317 1104 333 ex-

263 353 459 390 secrabili-sque
478 364 567 379 eorum
588 357 741 378 conventus.
763 351 812 378 Th.
833 350 864 377 C.
884 351 954 377 XVI.
976 353 999 377 5.
1020 360 1041 376 c.
1061 352 1104 376 35.

263 397 296 423 cl'.
316 407 336 423 c.
356 398 397 423 61.
418 396 450 422 de
470 396 564 422 haeret.
602 395 656 421 Eos
679 395 753 421 solos
773 394 952 422 exsecrabiles
972 395 1105 420 nunciato·
1126 417 1128 423 ,

263 450 305 466 res
325 449 392 471 esse,
412 440 455 476 qui
476 444 524 464 etc.
545 448 565 464 c.
587 439 610 464 4.
631 437 664 464 de
683 438 792 464 delator.
815 440 853 464 10.
878 439 915 464 11.

296 482 607 510 Exseerahiliter.
636 481 749 514 (Advb.)
774 483 848 507 Cum
868 482 1104 507 assonatione.
1128 503 1129 507 .

262 525 305 552 111.
320 527 386 553 Gn.
412 525 452 551 Ad
474 524 565 551 illicita
586 526 718 551 consortia
733 534 832 550 exsecr.
847 523 1021 560 adspirantes.
1037 522 1104 549 Nor.

264 569 385 595 Antliem.
405 568 437 594 (18
456 567 559 594 mulier.
582 567 625 594 Vl.
648 570 668 594 1.
689 577 710 593 c.
734 569 754 593 l.
775 567 796 599 5.
815 568 839 592 3.

296 612 576 638 Exseerandus.
613 611 852 637 Exxecrahilis.
894 609 936 635 111.
963 610 1028 636 Cn.
1067 608 1106 634 Ne

262 655 408 692 piscatores
430 671 459 674 —
481 655 507 680 in
526 653 672 691 periculum
691 663 770 679 naves
791 667 822 671 —
843 652 982 683 deducant,
1002 652 1106 688 sibique

263 696 449 724 exsecrandam
469 697 593 734 praedam
612 701 712 733 parent.
733 695 763 722 l'r.
788 697 828 722 10.
848 695 881 722 (18
899 694 1002 721 incend.
1023 695 1104 721 ruina.

262 742 303 766 47.
327 741 351 767 9,
395 739 580 766 Exsecrandae
604 738 823 769 consuetudines.
853 743 879 764 et
903 748 1011 764 scaevae
1034 737 1105 773 leges

263 782 436 816 (Persarum.)
458 782 528 809 Coll.
549 781 600 809 LL.
621 782 653 808 Μ.
674 781 732 808 XV.
746 784 770 808 3.
808 780 946 807 ‘Notabiles
967 786 1044 817 atque
1063 791 1106 807 ex·
1126 778 1128 819 t]

261 826 404 853 secrandos
425 826 514 852 baberi
534 825 647 859 (scelere
666 825 818 857 sectarum.)
839 823 888 850 Th.
904 823 934 851 C.
949 824 1021 851 XVI.
1037 827 1060 850 5.
1083 834 1103 850 c.
1126 844 1127 847 .

262 871 284 895 7.
309 869 330 903 5.
350 871 374 896 3.
395 869 427 895 (le
447 869 543 895 haeret.
580 867 749 894 Exsecranda
772 868 903 904 pernicies
924 867 1104 900 (delatorum.)
1126 894 1127 898 ,

261 912 299 939 lb.
319 912 352 939 Χ.
374 914 414 938 10.
435 923 455 938 c.
475 915 499 938 2.
520 911 552 938 de
572 912 646 948 petit.
667 915 692 936 et
712 910 781 936 ultro
801 910 853 937 dat.
1126 944 1127 951 ἵ

295 955 513 982 Exsecrari.
552 955 734 981 Detestari.
759 955 958 980 Abomiuari.
984 952 1026 979 111.
1039 954 1104 980 Γη.
1126 955 1127 958 ’

261 997 317 1025 Nec
336 999 404 1025 enim
423 998 544 1024 dominos
570 1001 754 1028 exsecrantur,
775 996 820 1023 sed
840 997 921 1031 magis
941 996 1060 1032 diligunt.
1082 1006 1103 1021 e.
1126 1003 1127 1023 ξ

260 1044 302 1068 22.
321 1041 354 1068 (18
373 1041 467 1067 admin.
487 1045 534 1067 tut.
549 1042 573 1067 5.
586 1042 629 1067 37.
667 1039 822 1066 Verecunda
836 1040 959 1075 cogitatio
974 1040 1039 1065 eius.
1060 1039 1104 1075 qui

261 1084 321 1111 lites
342 1089 501 1111 exsecratur.
521 1084 552 1110 fr.
573 1085 596 1110 4.
622 1083 644 1117 5.
670 1085 693 1109 1.
719 1083 751 1109 (18
775 1082 852 1109 alien.
877 1082 929 1108 iud.
954 1087 1016 1108 mut.
1038 1092 1059 1108 c.
1079 1083 1104 1107 4.
1126 1097 1127 1104 .

262 1129 283 1153 7.
321 1127 433 1160 Odium,
458 1135 515 1164 quo'
532 1127 670 1154 universas
691 1126 836 1152 delationes
856 1135 1032 1152 exsecramur.
1053 1124 1103 1151 Th.

261 1170 291 1197 C.
310 1170 344 1197 X.
366 1172 404 1197 10.
426 1181 447 1197 c.
469 1172 508 1197 12.
528 1171 551 1204 5.
570 1172 594 1196 2.
615 1169 648 1195 (18
667 1174 720 1207 pet.
741 1174 766 1195 et
785 1168 831 1195 ult.
852 1168 904 1195 dat.

294 1214 529 1241 Exseeratio.
573 1214 773 1239 Detestatio.
809 1211 841 1238 H.
865 1213 933 1246 Op.
956 1210 1102 1248 Adpetitio.

259 1255 310 1283 Th.
331 1255 362 1283 C.
382 1256 424 1283 ΠΙ.
447 1258 485 1283 16.
506 1267 527 1283 c.
546 1258 571 1282 2.
590 1266 630 1293 pr.
651 1255 683 1282 (18
703 1255 794 1292 repud.
896 1286 900 1288 ,

292 1299 510 1326 Exsecutio.
547 1300 578 1332 ξ.
600 1300 633 1325 1.
664 1300 880 1333 Ε.1·ρ[ἰι·α[ιό,
900 1299 1054 1324 Exactio.
1075 1297 1101 1324 rI.

259 1342 320 1376 Sy.
341 1341 373 1368 O.
389 1341 420 1368 N.
441 1342 488 1368 Nis
509 1343 704 1369 exsecutionen]
718 1351 778 1367 esse
796 1340 915 1367 dandam.
936 1340 969 1367 O.
984 1339 1015 1367 N.
1036 1340 1102 1367 Nem

259 1384 369 1411 concedi
389 1385 492 1412 debere.
512 1385 542 1412 l'r.
563 1388 586 1412 3.
606 1395 645 1421 pr.
666 1384 703 1418 55.
732 1386 751 1410 1.
772 1394 830 1421 sqq.
856 1383 886 1410 sr.
906 1387 930 1410 5.
949 1394 989 1421 pr.
1009 1383 1040 1410 fr.
1062 1386 1100 1410 19.
1123 1382 1125 1415 1

259 1427 292 1454 (18
317 1427 349 1454 Ο.
369 1427 401 1454 N.
421 1428 452 1454 N.
477 1430 518 1455 39.
546 1430 567 1454 1.
605 1427 648 1454 III.
669 1429 735 1455 Gn.
760 1427 788 1453 ln
813 1427 934 1467 effectum
954 1428 1102 1453 exsecutio·
1123 1446 1124 1459 ,

259 1481 369 1507 nemque
388 1471 540 1508 perducere.
561 1470 611 1497 Tb.
632 1470 662 1497 C.
682 1470 727 1496 IX.
747 1472 788 1496 40.
809 1480 830 1496 c.
852 1472 892 1496 15.
912 1470 945 1496 de
957 1480 1034 1507 poen.
1065 1469 1101 1496 Vt

259 1515 455 1540 exsecutionem
474 1515 573 1551 agentis
593 1515 620 1540 in
644 1513 724 1540 rebus
749 1513 907 1540 inconsultis
927 1513 1011 1543 nobis
1024 1523 1100 1539 nemo

257 1562 395 1584 mereatur.
415 1556 465 1583 Tb.
486 1556 516 1583 C.
538 1557 581 1583 VI.
599 1559 642 1583 27.
667 1567 688 1584 c.
709 1559 749 1583 ll.
777 1556 809 1583 de
833 1561 916 1592 agent.
936 1557 962 1582 in
982 1556 1036 1582 reb.
1057 1556 1100 1582 VI.
1122 1550 1124 1573 1

256 1602 298 1627 28.
319 1611 340 1628 c.
360 1602 384 1627 4.
404 1600 437 1627 de
455 1601 537 1637 princ.
558 1604 641 1636 agent.
662 1601 689 1626 in
709 1599 763 1626 reb.
784 1615 817 1619 —
837 1600 868 1633 ξ.
888 1601 923 1626 2.
944 1601 1100 1626 Persecu-
1122 1601 1124 1626 1

257 1646 304 1670 tio
323 1645 406 1670 litis.
444 1644 645 1671 1'rocurati0
669 1644 778 1669 exieus
801 1644 987 1669 sententiae
1010 1644 1124 1668 iudi-’

257 1689 364 1714 vialis.
402 1686 420 1712 1.
435 1687 497 1720 Sy.
517 1686 598 1712 Extra
619 1685 738 1711 ordinem
758 1686 868 1722 exsequi
883 1685 1025 1711 decretum.
1055 1684 1099 1711 Vti
1122 1690 1123 1709 1

257 1729 462 1756 extraordinaria
482 1729 660 1755 exsecutione.
686 1728 716 1754 fr.
737 1730 760 1755 3.
785 1738 824 1765 pr.
849 1729 870 1762 5.
893 1730 914 1754 l.
939 1738 972 1754 nc
995 1729 1035 1754 vis
1056 1728 1101 1754 flat
1122 1726 1124 1761 1

258 1774 288 1799 ei.
309 1774 349 1799 43.
370 1774 393 1799 4.
430 1771 592 1798 Persecutio.
617 1771 647 1797 fr.
670 1772 726 1798 178.
752 1771 773 1804 5.
793 1773 817 1797 2.
843 1770 875 1797 de.
895 1770 926 1797 V.
947 1770 974 1797 S.
997 1773 1038 1796 50.
1060 1772 1099 1797 16.

256 1815 299 1842 Ill.
316 1817 382 1843 Gn.
402 1814 498 1841 Vetare
522 1814 601 1841 debet
620 1814 728 1841 Praetor
752 1815 908 1840 sententiam
933 1813 1029 1846 dicere,
1052 1824 1100 1840 nec
1121 1826 1123 1847 i

257 1858 319 1885 dare
338 1858 422 1885 dictae
442 1858 646 1884 exsecutionem.
668 1857 697 1884 l'r.
717 1859 759 1884 32.
779 1857 801 1891 5.
820 1858 843 1883 6.
864 1856 896 1883 cs.
915 1857 936 1890 5
951 1857 974 1883 8.
996 1856 1028 1883 (le
1048 1867 1099 1883 rec.

257 1911 300 1938 qu.
320 1901 374 1927 arb.
395 1903 417 1927 4.
438 1904 461 1927 8.
500 1901 568 1927 Cum
591 1902 658 1927 intra
683 1901 752 1927 diem
777 1900 808 1927 ad
828 1899 935 1926 iudicati
954 1901 1100 1926 exsecutio·
1121 1929 1122 1932 Ἴ

257 1954 315 1970 118111
335 1944 422 1970 datum
441 1944 571 1970 iudicatus
595 1943 667 1970 Titio
692 1945 743 1979 agit
767 1954 825 1970 cum
845 1943 944 1969 eodem.
965 1942 995 1969 sr.
1017 1944 1056 1969 16.
1077 1943 1098 1976 5

260 1989 280 2013 1.
301 1987 333 2013 (le
353 1997 487 2024 compenS.
510 1989 548 2013 16.
568 1989 592 2013 2.
629 1985 707 2012 Victo
727 1986 791 2017 tilio,
811 1996 858 2012 nec
878 1987 929 2022 ipsi
949 1985 1099 2024 deneganda
1120 1981 1122 2008 1

257 2030 305 2056 erit
325 2029 428 2056 debitae
449 2031 574 2067 pecuniae
598 2030 741 2056 exsecutio.
767 2029 796 2056 l'r.
820 2031 876 2055 132.
897 2038 935 2065 pr.
959 2028 992 2054 de.
1011 2028 1042 2055 V.
1064 2028 1096 2055 O.
1119 2023 1121 2055 .1

258 2074 297 2099 -15,
320 2075 340 2099 1.
379 2072 407 2099 Si
427 2083 459 2099 ex
478 2073 653 2099 conventione
678 2072 833 2108 litigantium
858 2077 961 2098 cautum
982 2072 1017 2098 sit
1035 2077 1098 2109 post
1119 2106 1120 2111 1

1128 538 1129 543 =
1151 522 1184 549 (le
1203 522 1280 549 indic.
1301 524 1324 548 3.
1344 524 1363 548 1.

1128 568 1129 572 ’
1151 566 1196 602 qui
1215 575 1267 601 non
1287 567 1337 592 iam
1356 565 1456 597 arbitri,
1478 564 1525 591 sed
1539 571 1709 592 exsecutores
1723 566 1832 603 putandi
1854 572 1923 593 sunt.
1943 566 1992 594 Tb.

1126 908 1127 929 1
1150 919 1171 935 c.
1193 911 1215 935 7.
1237 910 1288 944 Qu.
1310 918 1351 935 res
1371 910 1441 946 pign.
1461 910 1484 935 8.
1498 911 1536 936 17.

1086 182 1174 212 Exs.

1181 265 1403 290 Exseeutor.
1441 264 1471 297 §—
1496 266 1529 291 1.
1553 266 1733 300 cognitor,
1754 268 1901 299 Arbiter,
1924 272 1993 295 (ex-

1148 309 1314 333 secutioni
1337 316 1440 333 rerum
1462 310 1698 342 prospiciens.)
1738 308 1779 334 111.
1801 310 1866 337 Gn.
1891 309 1930 336 Ne
1951 320 1993 347 pa-

1149 351 1217 376 troni
1237 351 1263 375 in
1283 360 1359 375 causa
1380 365 1413 369 —-
1432 351 1610 376 testimonium
1625 350 1720 377 dicant.
1759 351 1839 387 Quod
1859 357 1883 378 ct
1904 354 1929 379 in
1949 364 1992 379 ex-

1149 392 1316 419 secutoribus
1337 394 1501 427 negotiorum
1520 393 1714 420 observandum
1735 399 1783 420 est.
1804 394 1834 421 fr.
1848 398 1889 422 25.
1910 395 1943 422 de
1958 401 1994 422 te·

1127 464 1129 470 ,
1150 436 1212 463 stib.
1230 439 1272 462 22.
1292 438 1316 462 5.
1355 436 1502 462 Exsecutor
1521 438 1627 473 negotii.
1648 438 1688 463 cui
1707 437 1826 464 mandata
1846 443 1886 464 est
1905 437 1993 464 buius-

1150 479 1220 506 modi
1241 490 1334 505 causae
1357 481 1521 506 examinatio.
1549 490 1571 506 c.
1594 482 1632 506 18.
1659 479 1690 506 (Γ.
1712 491 1733 506 e.
1755 482 1796 506 13.
1820 481 1842 514 5.
1861 483 1885 507 2.
1911 491 1932 507 c.
1952 483 1992 507 15.

1402 522 1467 549 Post
1485 532 1592 549 examen
1612 523 1707 549 iudicis
1727 539 1760 542 —
1781 523 1876 550 dentur
1893 524 1993 555 arbitri.

1151 608 1182 634 C.
1202 607 1245 634 IV.
1266 610 1290 634 5.
1311 619 1332 635 c.
1355 611 1376 634 l.
1396 609 1461 642 5.1.
1487 608 1519 634 de
1543 608 1649 645 litigios.
1676 610 1706 635 ct‘.
1733 609 1796 635 lust.
1817 610 1848 636 C.
1873 620 1886 636 c
1914 613 1937 636 S.
1962 609 1994 636 de

1151 656 1266 677 exsecut.
1287 652 1325 677 rei
1351 651 1405 677 iud.
1432 653 1453 677 7.
1479 653 1521 678 553.
1558 651 1714 678 Moratoriae
1739 652 1944 690 adpellationes.
1969 657 1995 679 et

1150 704 1195 719 eae
1214 704 1280 730 quae
1300 694 1331 720 ab
1353 694 1554 720 exsecutoribus
1575 699 1599 720 et
1619 695 1748 721 confessis
1769 697 1844 722 liunt.
1869 695 1940 722 Paul.
1961 695 1993 722 V.

1149 739 1191 763 35.
1212 737 1233 771 5.
1252 739 1276 763 2.
1297 753 1330 756 —
1349 737 1380 770 §0
1410 738 1445 763 2.
1472 739 1654 771 Αιίμιινίἱον
1676 741 1911 774 magistratus,
1931 740 1994 766 Mi-

1150 782 1263 806 nister.
1281 779 1299 806 I.
1321 781 1383 814 Sy.
1402 780 1524 806 Exactor.
1546 790 1567 806 c.
1587 782 1610 806 3.
1631 790 1670 817 sq.
1691 781 1723 808 de
1742 782 1854 819 spol-tul.
1875 787 1900 808 et
1914 786 1992 808 sumt.

1150 826 1173 849 3.
1192 826 1216 849 2.
1257 822 1354 849 Viator.
1375 823 1396 856 5.
1415 824 1457 850 24.
1478 822 1495 849 1.
1517 822 1549 849 (18
1569 825 1664 850 action.
1691 826 1714 851 4.
1735 826 1758 851 6.
1795 825 1838 852 111.
1859 826 1924 853 sn.
1944 825 1994 851 Ex-

1151 871 1286 893 secutores
1307 876 1319 892 a
1340 876 1499 903 quocunque
1518 866 1604 892 iudice
1624 866 1685 898 dati,
1705 867 1737 893 ad
1751 868 1876 905 exigenda
1896 868 1992 895 debita.

1575 910 1680 936 Modum
1700 911 1877 948 sportularum
1897 911 1929 938 ad
1943 921 1993 938 me-

1150 952 1267 978 diocrem
1286 951 1381 978 deduci
1400 953 1580 988 quantitatem,
1601 958 1626 979 et
1640 953 1841 980 exsecutoribus
1855 953 1888 980 118
1901 954 1992 981 schola

1149 995 1281 1031 agentium
1305 995 1331 1021 in
1355 994 1434 1021 rebus
1459 995 1641 1023 adtribuendis
1666 1001 1715 1022 etc.
1745 1007 1767 1023 e.
1794 999 1832 1023 12.
1862 998 1883 1030 5.
1912 999 1931 1024 1.
1960 996 1993 1023 de

1148 1048 1223 1075 prox.
1248 1038 1276 1063 S.
1304 1038 1382 1064 scrin.
1411 1039 1451 1064 12.
1477 1040 1517 1065 19.
1543 1039 1574 1066 ct'.
1599 1050 1620 1066 c.
1641 1041 1663 1065 7.
1689 1040 1710 1073 5.
1731 1041 1754 1066 6.
1775 1039 1808 1066 (18
1827 1039 1917 1066 advoc.
1939 1039 1990 1066 div.

1149 1081 1272 1107 iudicum.
1296 1082 1321 1106 2.
1346 1082 1369 1106 8.
1412 1081 1441 1107 Si
1467 1081 1530 1118 quid
1555 1092 1603 1119 per
1625 1082 1742 1108 fraudem
1771 1083 1796 1108 iu
1825 1082 1993 1119 dispendium

1149 1124 1241 1150 aerarii
1261 1123 1339 1150 fuerit
1358 1123 1515 1156 admissum.
1535 1126 1609 1151 missi
1629 1125 1733 1162 quidem
1753 1130 1923 1152 exsecutores
1943 1130 1991 1152 etc.

1126 1166 1127 1170 ¹
1149 1177 1170 1199 c.
1192 1169 1215 1193 5.
1236 1166 1269 1193 de
1288 1166 1349 1193 bon.
1369 1172 1469 1194 vacant.
1492 1170 1531 1194 10.
1554 1170 1592 1194 10.

1183 1210 1364 1243 Exsequi.
1403 1211 1433 1243 ξ.
1454 1212 1488 1237 1.
1510 1213 1680 1237 Emer-cere.
1716 1211 1734 1237 1.
1755 1212 1816 1245 Sy.
1839 1210 1884 1237 Vti
1904 1211 1992 1244 (iuris-

1125 1252 1127 1259 '
1148 1253 1284 1286 dictione.)
1303 1253 1365 1279 Exs.
1386 1253 1630 1286 (iurisdictionem.)
1650 1253 1680 1280 fr.
1697 1255 1718 1279 1.
1732 1255 1754 1288 5.
1771 1256 1792 1280 l.
1812 1253 1842 1280 l'r.
1855 1255 1879 1280 3.
1901 1253 1933 1279 de
1947 1254 1990 1280 off.

1148 1298 1212 1323 eius.
1234 1298 1257 1323 l.
1276 1298 1318 1322 21.
1356 1295 1399 1322 III.
1423 1297 1489 1324 (7η.
1515 1296 1557 1323 Ius
1581 1296 1715 1333 religionis
1740 1307 1794 1324 exs.
1819 1296 1850 1323 fr.
1869 1298 1911 1323 30.
1931 1296 1989 1323 sam.

1148 1341 1239 1366 ercisc.
1261 1341 1301 1365 10.
1320 1341 1344 1365 2.
1382 1339 1425 1365 Ius
1446 1349 1521 1366 suum
1546 1350 1600 1366 exs.
1620 1340 1651 1366 fr.
1673 1341 1695 1366 7.
1719 1339 1741 1373 5.
1763 1341 1785 1366 l.
1810 1339 1842 1365 de
1861 1339 1915 1366 reb.
1936 1349 1989 1366 eor.

1147 1393 1190 1419 qu.
1211 1393 1232 1409 s.
1253 1387 1302 1409 tut.
1319 1384 1363 1409 27.
1382 1384 1406 1409 9.
1438 1398 1470 1402 —
1503 1383 1533 1415 ἓ.
1561 1384 1597 1409 2.
1626 1385 1808 1418 Peragere,
1837 1385 1884 1409 Aa
1905 1383 1990 1418 effe-

1146 1432 1231 1452 vtum
1249 1428 1431 1460 perducere.
1456 1425 1474 1452 I.
1489 1427 1551 1460 Sy.
1570 1425 1613 1452 Ad
1632 1426 1711 1452 finem
1730 1426 1854 1463 persequi
1875 1426 1990 1458 (senten-

1123 1484 1125 1490 ›
1146 1468 1235 1502 tiam.)
1260 1468 1290 1494 fr.
1312 1470 1351 1495 15.
1376 1478 1415 1506 pr.
1445 1469 1511 1502 5.1.
1537 1469 1569 1495 de
1593 1479 1621 1495 re
1645 1469 1698 1495 iud.
1718 1472 1760 1495 42.
1782 1470 1804 1495 1.
1841 1467 1989 1505 Explicare.

1147 1512 1188 1538 Cf.
1208 1511 1232 1538 Ιι.
1253 1521 1277 1538 v.
1296 1511 1318 1545 5.
1338 1513 1362 1538 3.
1401 1511 1604 1543 consummare.
1625 1511 1738 1549 Implere
1756 1511 1939 1544 (mandatum.)
1958 1510 1988 1537 11·-

1145 1557 1186 1580 22.
1207 1555 1291 1588 5.11.
1312 1554 1342 1580 fr.
1361 1555 1403 1581 27.
1424 1555 1462 1588 55.
1482 1556 1505 1580 3
1526 1564 1566 1591 sq.
1586 1555 1671 1581 mand.
1692 1557 1733 1581 17.
1755 1557 1777 1581 l.
1798 1554 1854 1580 Gai.
1868 1553 1910 1580 III.
1931 1555 1988 1580 160.

1146 1608 1184 1634 sq.
1223 1596 1367 1624 Celebrare
1391 1598 1541 1635 (nuptias.)
1566 1608 1587 1624 c.
1611 1600 1636 1624 2.
1663 1608 1703 1634 sq.
1728 1597 1761 1624 de
1785 1596 1901 1634 sponsal.
1921 1598 1944 1622 5.
1966 1598 1988 1622 1.

1145 1640 1187 1666 111.
1211 1641 1277 1667 Gn.
1297 1639 1326 1666 Si
1345 1641 1476 1677 paciscar,
1502 1651 1534 1666 ne.
1558 1640 1591 1667 0.
1613 1640 1644 1666 N.
1667 1640 1732 1667 Nem
1758 1649 1893 1676 exsequar.
1914 1639 1943 1665 fr.
1965 1640 1988 1665 7.

1145 1684 1166 1717 5.
1189 1685 1228 1709 14.
1250 1682 1282 1709 de
1302 1688 1370 1720 pact.
1389 1686 1413 1710 2.
1435 1685 1474 1710 14.
1512 1683 1571 1709 Nisi
1585 1682 1652 1710 forte
1672 1694 1782 1721 purgare
1800 1684 1881 1719 magis
1901 1683 1989 1709 convi-

1146 1727 1226 1758 cium.
1253 1736 1330 1762 quam
1353 1727 1566 1763 procurationem
1592 1727 1700 1762 exsequi
1725 1726 1823 1753 maluit.
1844 1727 1873 1752 fr.
1893 1728 1935 1752 25.
1956 1725 1989 1752 de

1146 1779 1250 1807 procur.
1269 1771 1294 1795 3.
1313 1771 1337 1795 3.
1368 1769 1456 1796 Iuberi
1474 1774 1580 1806 oportet
1593 1770 1682 1795 venire
1695 1769 1860 1801 Ire-narchen.
1881 1774 1906 1795 et
1917 1768 1988 1806 quod

1145 1813 1291 1850 scripserit.
1312 1813 1428 1849 exsequi.
1453 1812 1483 1839 fr.
1508 1814 1532 1838 6.
1558 1813 1579 1846 5.
1606 1814 1627 1838 l.
1653 1812 1685 1839 de
1704 1818 1770 1839 cust.
1791 1817 1817 1838 et
1837 1812 1924 1839 exbib.
1944 1812 1985 1839 48.

1144 1858 1168 1882 3.
1206 1855 1316 1882 Praeses
1336 1855 1378 1882 Pr.
1398 1866 1453 1882 rem
1472 1855 1612 1882 iudicatam
1632 1857 1740 1892 exsequi
1759 1855 1845 1882 debet.
1866 1865 1887 1882 c.
1901 1856 1925 1881 3.
1946 1864 1985 1891 sq.

1144 1898 1177 1925 de
1196 1903 1312 1925 exsecut.
1332 1900 1370 1925 rei
1391 1898 1443 1925 iud.
1465 1901 1487 1925 7.
1508 1901 1549 1925 53.
1570 1898 1601 1925 cf.
1622 1898 1652 1925 fr.
1674 1901 1713 1925 15.
1739 1899 1760 1932 5.
1780 1901 1804 1925 2.
1829 1898 1862 1925 dc
1885 1908 1914 1924 re
1932 1896 1985 1924 iud.

1120 1941 1122 1956 ³
1143 1943 1185 1967 42.
1207 1943 1229 1967 1.
1267 1941 1435 1978 Magistratus
1455 1941 1483 1968 P.
1496 1941 1537 1973 R..
1558 1946 1586 1968 ut
1605 1941 1719 1968 iudicum
1740 1952 1752 1967 a
1772 1951 1801 1967 se
1819 1941 1939 1968 datorum
1952 1956 1984 1959 —

1143 1985 1300 2011 senteutiam
1325 1989 1501 2021 exsequantur
1526 1985 1565 2017 hi.
1590 1986 1635 2021 qui
1659 1995 1705 2011 eos
1729 1984 1866 2010 dederunt.
1892 1983 1922 2009 fr.
1944 1985 1983 2009 15.

1142 2038 1182 2065 pr.
1202 2027 1218 2054 l.
1239 2029 1280 2054 42.
1302 2030 1324 2054 l.
1353 2027 1464 2054 Perraro
1482 2028 1549 2053 intra
1569 2031 1694 2053 statutum
1714 2031 1818 2063 tempus
1837 2027 1984 2052 sententiae

1143 2075 1327 2107 exsequentur.
1349 2070 1379 2096 fr.
1399 2072 1423 2096 2.
1444 2070 1478 2096 ib.
1498 2071 1539 2095 42.
1562 2071 1583 2095 l.
1621 2069 1816 2104 Quaerebatur,
1836 2079 1869 2095 an
1886 2070 1983 2106 prioris

258 2125 310 2141 rem
330 2115 477 2147 iudicatam,
498 2132 529 2135 —
549 2115 662 2142 manebit
688 2115 753 2141 ordo
773 2116 960 2142 exsecutionis.
980 2115 1010 2142 l'r.
1030 2117 1053 2141 4.
1074 2114 1120 2149 5.
1142 2113 1237 2140 iudicis
1257 2114 1386 2139 sententia
1407 2113 1515 2149 exsequi
1534 2113 1637 2149 possit'!
1661 2111 1691 2138 fr.
1714 2113 1752 2138 19.
1780 2122 1819 2148 pr.
1839 2112 1872 2138 (18
1891 2112 1982 2139 iurisd.

256 2160 280 2184 4.
301 2157 333 2183 de
353 2168 380 2184 re
399 2158 451 2185 ind.
472 2160 512 2185 42.
535 2161 556 2185 1.
594 2158 623 2185 Si
644 2163 725 2196 pater,
745 2158 791 2185 lite
805 2163 959 2190 contestata⁷
980 2159 1098 2196 coeperit
1118 2154 1120 2179 1
1141 2159 1164 2184 2.
1186 2159 1208 2183 1.
1229 2173 1262 2176 -
1282 2156 1312 2189 5·
1333 2157 1370 2182 3.
1391 2157 1522 2182 Indicio
1541 2156 1696 2189 experiri.
1733 2154 1751 2180 I.
1772 2156 1833 2189 ›Sy-
1853 2155 1983 2181 Exercere

257 2201 357 2229 abesse.
377 2201 419 2227 vel
439 2203 515 2228 etiam
536 2202 666 2239 negligere
686 2203 891 2229 exsecutionem.
912 2201 942 2228 fr.
959 2203 998 2228 17.
1019 2202 1040 2235 5
1057 2203 1095 2227 14.
1118 2199 1121 2225 ἶ
1143 2200 1305 2232 (actionem.)
1326 2199 1356 2225 fr.
1376 2200 1417 2225 34.
1437 2208 1477 2235 pr.
1497 2197 1529 2224 de
1543 2198 1576 2224 O.
1596 2202 1622 2224 ct
1636 2197 1667 2224 Α.
1688 2199 1729 2223 44.
1745 2198 1767 2223 7.
1788 2197 1818 2223 l'r.
1837 2200 1860 2224 3,
1881 2197 1914 2224 de
1931 2199 1982 2235 pri-

257 2243 289 2270 de
309 2245 384 2270 iuiur.
412 2246 451 2270 47.
480 2247 517 2271 10.
555 2246 596 2271 Ab
621 2246 803 2277 exsecutione,
827 2244 868 2271 vel
893 2255 906 2270 a
926 2244 1096 2281 praeiudicio,
1118 2242 1120 2270 Ξ

256 2291 438 2324 provocantes.
459 2287 508 2313 Th.
529 2288 559 2314 C.
579 2288 624 2314 Xl.
643 2290 685 2315 36.
706 2298 727 2314 c.
750 2289 788 2314 15.
809 2297 848 2324 sq.
874 2287 905 2313 cf.
927 2297 947 2314 c.
967 2290 991 2314 2.
1013 2298 1052 2325 sq.
1074 2298 1095 2314 c.
1117 2290 1120 2326 j

258 2331 297 2356 11.
335 2329 418 2365 Quor.
439 2340 497 2367 app.
518 2341 542 2356 n.
563 2341 613 2357 ree.
630 2348 660 2351 —
675 2332 754 2364 §.3-
776 2332 1026 2357 Animadversiu
1040 2333 1096 2367 sa·
1118 2346 1119 2359 ι

256 2375 386 2399 cinaris.
408 2372 426 2399 1.
440 2374 501 2407 Sy.
522 2373 730 2400 Animadversio.
752 2373 793 2400 (Ὺ.
809 2373 833 2399 Ιι.
847 2383 871 2399 v.
892 2374 913 2406 5.
927 2375 951 2399 2.
972 2373 1013 2399 Ill.
1030 2375 1095 2401 sn.

257 2415 381 2447 Crimina,
402 2425 467 2452 quae.
486 2415 518 2442 ad
538 2418 730 2442 exsecutionem
750 2416 882 2443 Praesidis
902 2418 1042 2453 pertinent.
1064 2417 1094 2443 fr.
1117 2435 1118 2442 .

256 2462 279 2484 S.
300 2458 332 2485 dc
352 2463 415 2485 extr.
436 2459 507 2485 crim.
527 2460 568 2484 47.
592 2461 631 2485 11.
651 2459 682 2485 8Γ.
703 2460 732 2485 sr.
756 2461 811 2486 131.
831 2460 852 2492 5.
876 2461 896 2486 1.
917 2459 950 2485 de
964 2459 994 2486 Υ.
1010 2460 1036 2486 S.
1053 2462 1094 2486 50.

258 2503 296 2528 16,
333 2501 394 2532 ltus,
415 2502 488 2528 cuius
508 2502 642 2528 exsecutio
666 2501 800 2529 Praefecto
821 2502 865 2529 tr.
886 2513 899 2528 a
921 2503 979 2528 1)Ι).
1000 2502 1095 2528 Fratri·
1116 2528 1117 2531 ,

258 2544 305 2569 bus
325 2545 382 2571 ‹lata
403 2550 451 2571 est.
472 2545 501 2571 sr.
521 2549 544 2571 ὅ.
564 2544 580 2571 1.
601 2546 642 2571 47.
666 2547 703 2571 ΙΙ.
725 2545 755 2571 rt.
777 2545 825 2571 Tb.
847 2545 877 2571 (f.
892 2545 960 2571 Xlll.
981 2547 1004 2571 5.
1020 2556 1040 2571 e.
1056 2547 1093 2571 14.
1116 2549 1117 2552 ’

257 2596 296 2622 pr.
321 2587 353 2613 de
377 2588 488 2614 navicnl.
509 2587 607 2614 sarciri
629 2586 750 2613 damnum
771 2603 802 2606 —
823 2588 932 2615 l'raeses
955 2588 996 2614 Pr.
1022 2599 1094 2614 eura-

258 2628 303 2654 bit.
324 2639 374 2655 non
395 2631 560 2657 dubitaturus
581 2631 657 2656 etiam
675 2631 819 2666 graviorem
839 2633 1031 2657 exsecutionem
1052 2631 1094 2657 ad-

258 2671 355 2702 bibere.
376 2674 397 2698 si
417 2678 466 2699 etc.
487 2684 508 2699 c.
527 2675 551 2699 3.
572 2674 593 2699 si
614 2672 670 2700 adv.
692 2672 776 2699 libert.
797 2676 820 2699 2.
834 2675 875 2699 31.
913 2675 1094 2700 Exsecutioni-
1115 2687 1116 2696 1

257 2714 307 2740 bus
327 2724 467 2751 poenarum
486 2721 604 2753 paratum
627 2726 679 2742 non
704 2721 744 2742 est
765 2715 905 2748 (auxilium
926 2716 942 2742 l.
964 2716 981 2742 1.
1001 2716 1092 2749 ltnis.)

257 2756 287 2783 t'r.
306 2758 347 2783 37.
370 2767 407 2793 pr.
427 2758 459 2783 de
477 2760 568 2785 minor.
589 2761 611 2785 4.
632 2760 655 2785 4.
692 2758 785 2796 Neque
804 2758 854 2785 boc
871 2758 1038 2785 interdictum
1052 2770 1094 2786 au·

257 2800 304 2826 sert
326 2799 390 2834 legis
410 2799 503 2827 Fabiae
523 2803 724 2829 exsecutionem.
749 2801 779 2828 fr.
802 2804 825 2828 3.
846 2812 884 2839 pr.
906 2800 938 2827 de
958 2800 1002 2827 lib.
1023 2801 1091 2828 bom.
1114 2799 1115 2830 1

257 2842 342 2869 exbib.
362 2845 403 2869 43.
422 2845 464 2869 29.

1118 2389 1119 2392 =
1141 2372 1173 2398 (18
1192 2372 1253 2398 bon.
1274 2371 1361 2397 libert.
1380 2372 1421 2396 38.
1436 2372 1460 2396 2.

1116 2502 1118 2509 ⁴
1140 2511 1160 2527 c.
1185 2503 1222 2527 lti.
1244 2500 1276 2527 (18
1297 2499 1376 2526 Palat.
1402 2499 1428 2525 S.
1449 2498 1527 2533 large.

1141 2247 1192 2269 vat.
1213 2242 1301 2269 delict.
1322 2244 1362 2268 47.
1384 2243 1405 2268 l.
1443 2240 1485 2267 111.
1511 2242 1576 2268 (711.
1601 2240 1681 2276 Quod
1706 2241 1810 2266 nomine
1835 2242 1899 2278 reip.
1919 2251 1982 2268 suae

1142 2287 1201 2322 quis
1221 2286 1375 2322 exsequitur
1395 2294 1496 2311 causas.
1512 2283 1546 2321 ir.
1566 2286 1590 2310 2.
1611 2293 1649 2321 pr.
1670 2282 1702 2309 de
1722 2284 1777 2309 iure
1798 2284 1863 2310 lisci.
1883 2285 1924 2311 49.
1941 2286 1980 2311 14.

1142 2328 1200 2355 Non
1221 2338 1296 2355 suum
1315 2328 1447 2356 iudicium.
1468 2326 1515 2353 sed
1534 2326 1654 2355 alienum.
1675 2327 1789 2362 exsequi.
1812 2326 1841 2353 fr.
1861 2329 1902 2353 47.
1922 2328 1979 2362 5.1.

1498 2368 1674 2395 llereditarias
1694 2370 1810 2395 actiones
1828 2374 1980 2406 procurato-

1141 2416 1187 2441 rio.
1208 2420 1249 2441 aut
1271 2415 1417 2450 cognitorio
1431 2413 1536 2439 nominc
1550 2422 1603 2438 exS.
1624 2411 1681 2438 Gai.
1698 2412 1726 2438 ll.
1740 2415 1799 2438 252.
1838 2412 1895 2438 Sibi
1909 2414 1979 2449 quis-

1140 2468 1200 2494 que.
1221 2459 1276 2483 iure
1296 2462 1390 2488 tamen,
1410 2456 1552 2482 obnoxium
1572 2460 1737 2491 exsequuntur.
1758 2455 1807 2481 Th.
1828 2455 1858 2481 C.
1880 2455 1977 2481 1130.

1565 2498 1593 2524 Si
1619 2503 1689 2524 tutor
1711 2508 1782 2524 reum
1802 2498 1914 2534 aliquem
1933 2508 1978 2535 po-

1140 2543 1284 2575 stulaverit.
1306 2559 1338 2562 —
1357 2547 1383 2568 et
1402 2541 1460 2568 ideo
1481 2551 1532 2567 non
1552 2541 1587 2567 sit
1606 2546 1745 2567 exsecutus
1765 2545 1813 2567 etc.
1834 2541 1864 2567 i'r.
1883 2543 1925 2567 22.
1945 2540 1977 2567 de

1139 2586 1162 2612 11.
1185 2596 1226 2622 qu.
1248 2590 1275 2612 ut
1294 2585 1392 2620 indign.
1411 2586 1452 2611 34.
1473 2585 1496 2609 9.
1510 2600 1538 2604 -—
1552 2584 1582 2616 §-
1599 2585 1637 2610 «Ι».
1662 2586 1848 2616 Viudicare,
1868 2586 1976 2611 Poena

1136 2630 1299 2663 prosequi.
1337 2628 1355 2654 1.
1376 2630 1437 2661 Sy.
1458 2626 1605 2653 Undis-arv.
1628 2626 1657 2653 fr.
1685 2629 1722 2653 15.
1742 2627 1764 2660 5.
1785 2629 1808 2653 6.
1828 2626 1859 2652 ad
1879 2625 1907 2652 L.
1927 2624 1974 2651 lul.

1138 2672 1170 2698 de
1190 2671 1269 2698 adult.
1289 2672 1331 2697 48.
1350 2673 1374 2696 5.
1413 2669 1453 2696 lll.
1476 2671 1541 2697 sn.
1580 2669 1661 2696 lieres
1681 2670 1794 2702 exstitit,
1814 2685 1846 2689 —
1866 2673 1891 2695 et
1909 2677 1975 2694 mor-

1138 2719 1189 2740 tem
1209 2715 1265 2740 eius
1286 2724 1340 2740 exs.
1366 2713 1487 2748 neglexit.
1515 2712 1543 2739 t'r.
1567 2715 1608 2739 22.
1634 2712 1667 2738 de
1691 2712 1717 2739 S.
1739 2712 1769 2738 C.
1789 2711 1869 2738 Silan.
1889 2711 1929 2736 29.
1949 2712 1973 2736 5.

1138 2758 1167 2783 Si
1187 2767 1259 2783 suam
1281 2752 1398 2782 iniuriam
1414 2760 1596 2792 exsequantur.
1611 2760 1754 2781 mortemve
1768 2755 1974 2792 propinquorum

1140 2799 1288 2827 defendant.
1310 2799 1339 2825 sr.
1362 2801 1400 2824 ll.
1420 2809 1459 2836 pr.
1481 2799 1512 2825 el'.
1532 2798 1562 2824 sr.
1585 2800 1605 2824 l.
1625 2807 1664 2834 sq.
1685 2801 1707 2826 4,
1733 2797 1765 2824 de
1784 2805 1868 2823 accus,
1888 2798 1928 2821 43.
1948 2799 1972 2821 2.

1138 2843 1223 2870 Velim
1249 2841 1338 2869 audias
1362 2852 1414 2871 me.
1440 2846 1465 2868 et
1488 2842 1510 2868 si
1531 2842 1690 2878 compereris
1714 2841 1776 2866 haec
1798 2840 1831 2865 ita
1852 2838 1972 2867 admissa,
