2197 3121
1006 172 1103 203 PRO.

193 257 225 284 de
250 259 309 284 inst.
331 262 379 284 act.
401 259 483 283 1.1.3.
521 255 582 282 Sola
608 254 659 280 albi
685 255 880 291 proscriptione
906 253 954 287 [al.
974 264 1032 291 per-

193 301 352 337 scriptione]
378 301 482 326 minime
506 298 672 325 decurionem
697 297 799 323 sactum.
827 297 856 323 l'r.
878 298 917 323 10.
937 296 969 323 de
989 297 1032 323 dc-

193 344 292 369 curion.
312 345 354 369 50.
373 346 396 369 2.
417 359 449 362 —
469 343 499 375 §.
517 343 552 367 2.
576 342 726 367 rendili«)
746 343 809 372 rei,
830 342 940 366 libello
957 350 1031 374 pro-

189 388 297 420 posito
317 386 521 412 denunciata.
546 385 734 410 Publicatio
754 385 910 409 bonorum.
940 382 1030 416 LSy.

192 429 317 455 Amissio.
338 427 483 454 publicatio
503 426 687 459 (facultatium.)
713 426 753 452 Cf.
773 436 797 452 v.
817 425 940 451 Amissio.
965 426 987 459 3
1005 427 1029 451 2.
1052 428 1054 442 ¹

191 470 233 497 111.
247 472 312 498 Cn..
332 471 459 497 Decursis
479 469 569 501 hastis.
591 474 616 495 et
635 470 829 506 proscriptione
847 467 943 498 hahita,
963 478 1030 494 com-

190 523 306 550 parasse.
332 513 381 539 Th.
402 513 433 540 C.
453 512 485 538 X.
508 514 546 538 17.
571 522 593 538 c.
612 514 635 538 2.
657 512 688 538 de
708 511 760 538 fide
779 516 803 537 et
824 512 878 536 iure
898 510 963 536 hast.
1001 510 1029 536 In
1051 510 1053 531 3

190 555 344 593 pignoribus
369 572 401 575 —
425 556 585 592 proscriptio
612 555 729 591 publica.
754 558 779 580 et
803 563 884 579 annus
910 553 1028 579 luitionis
1051 565 1052 584 1

190 598 367 631 (introducti.)
388 609 408 625 c.
428 601 452 624 3.
473 608 510 635 pr.
532 598 564 623 de
583 599 639 624 iurev
659 597 727 623 dom.
748 597 849 632 impetr.
863 597 886 622 8.
901 597 942 622 34.
963 596 1029 632 Sup-

190 641 296 677 plicium
316 641 402 667 exsilii
423 642 521 678 pariter
541 646 565 666 et
586 640 787 677 proscriptionis
810 640 949 665 sustinere.
979 638 1028 664 Th.

190 683 220 710 C.
240 683 284 710 IX.
304 685 344 710 42.
365 694 386 709 c.
405 686 446 709 20.
467 683 499 709 de
519 683 578 709 bon.
598 693 698 720 proscr.
736 681 831 708 Stilum
858 682 1030 718 proscriptio·
1050 705 1051 709 .

189 727 229 752 nis
249 727 378 763 excipere.
400 726 435 752 11).
456 736 477 752 c.
501 728 538 751 15.
559 726 590 752 el‘.
611 736 630 752 c.
652 728 674 752 7.
694 725 710 751 1.
731 724 746 750 1.

226 769 477 802 Proscriptus.
498 768 617 802 (Partic.)
640 770 702 801 Qui
721 770 752 794 iu
766 769 921 793 exsilium
935 773 1027 794 actus

187 819 246 844 est,
275 814 364 838 bouis
388 813 481 847 fisco
509 813 693 838 comnmissis.
731 810 748 836 I.
768 811 829 843 Sy.
858 810 1027 847 Deportatus.

187 854 237 881 Th.
258 854 288 881 C.
309 854 353 880 IX.
374 856 416 880 42.
446 864 467 879 c.
486 856 510 880 5.
535 864 556 880 c.
576 855 599 879 δ.
624 854 704 887 331.
724 863 763 889 sq.
789 853 821 878 de
845 853 905 878 hou.
925 862 1026 889 proscr.
1049 852 1051 882 ¹,

186 897 229 924 III.
250 899 315 925 Cn.
335 896 546 933 proscriptorum
566 896 640 927 bona.
661 896 702 922 vel
722 894 820 927 eorum,
838 897 881 932 qui
897 894 1027 932 publicam

187 940 309 966 videntur
334 941 471 976 excepisse
497 940 659 965 sententiam.
686 938 722 964 Ib.
743 949 762 964 c.
786 940 825 965 17,
863 938 1028 974 Proscripto-

186 993 251 1012 rum.
271 982 467 1018 satellitumque
481 982 606 1007 fortunae.
626 981 662 1007 lh.
684 992 704 1007 c.
718 984 759 1007 Ἡ),
798 982 955 1017 Quicunque
968 991 1027 1018 pro-

186 1027 285 1063 scripto
306 1025 422 1062 qualibet
441 1029 512 1050 sorte
532 1025 673 1050 sociantur.
694 1024 729 1050 lb.
751 1035 772 1050 c.
790 1026 828 1050 15.

223 1068 456 1095 Proseeufio.
494 1067 525 1100 ξ.
543 1069 577 1093 1.
598 1069 797 1099 Comitatus,
818 1070 907 1094 rebus
924 1069 1027 1101 publi·
1047 1095 1048 1103 ἵ

184 1113 230 1138 cis
259 1112 526 1137 transmittendis
555 1113 765 1144 praebendas.
807 1110 851 1136 III.
876 1112 940 1137 Cn.
970 1110 1025 1136 Sub

184 1154 285 1185 idonea⁷
306 1164 326 1179 s.
347 1152 410 1178 fida.
430 1154 617 1189 prosecutione
637 1153 748 1189 dirigere
767 1153 798 1179 ad
819 1159 883 1181 etc..
903 1163 923 1179 s.
945 1158 1026 1179 trans·
1046 1166 1048 1191 ².

184 1198 293 1223 mittere.
315 1195 363 1221 Th.
385 1194 415 1221 C.
430 1195 473 1221 lx.
487 1197 510 1221 2.
531 1206 552 1222 c.
567 1199 589 1221 5.
612 1196 643 1222 de
664 1196 750 1222 exhih.
771 1197 830 1222 reiS.
846 1196 889 1222 lx.
904 1198 944 1222 w.
965 1207 986 1222 c.
1001 1199 1024 1222 3.

183 1239 215 1266 de
235 1249 309 1276 poen.
329 1238 386 1264 XII.
408 1240 429 1264 l.
450 1249 470 1264 c.
493 1240 550 1264 175.
571 1238 603 1264 de
627 1239 760 1265 decurion.
804 1238 945 1270 Animalia,
971 1240 1025 1275 qui-

183 1282 231 1308 bus
257 1279 409 1318 proseciitio
436 1281 570 1307 debeatur.
599 1281 635 1307 Ib.
656 1281 700 1308 XI.
724 1284 762 1308 10.
783 1292 804 1308 c.
827 1284 847 1307 l.
868 1292 899 1307 ne
919 1292 990 1319 oper.
1011 1293 1023 1308 a

182 1324 268 1351 collat.
305 1325 381 1360 Quos
406 1325 550 1350 necessitas
578 1326 771 1360 prosecutionis
801 1324 956 1351 adiunxerit.
986 1325 1021 1351 lb.

180 1367 249 1394 Ylll.
269 1369 293 1393 5.
314 1378 334 1393 c.
354 1369 395 1392 47.
416 1377 454 1404 pr.
480 1366 512 1392 de
536 1377 614 1393 cursu
635 1367 696 1404 pub.
717 1367 748 1393 ct'.
768 1367 838 1394 XVI.
859 1369 882 1394 8.
907 1378 928 1394 c.
947 1370 970 1394 2.
992 1368 1023 1394 de

180 1409 235 1437 lud.
261 1426 293 1429 —
322 1410 353 1443 §-
374 1411 409 1436 2.
438 1411 647 1441 Iusinuacio,
678 1413 866 1446 Adleg-atio,
894 1413 1023 1445 publice

180 1455 389 1487 interposita.
426 1452 469 1478 III.
491 1455 556 1480 (7η.
580 1452 737 1479 Prudentiae
762 1459 820 1479 tuae
839 1455 1024 1490 prosecutione
1044 1467 1046 1485 1

180 1495 308 1527 admissa,
328 1512 357 1515 —
383 1497 566 1533 praecipimus.
598 1496 634 1522 lb.
655 1496 710 1522 Ut.
738 1499 757 1522 1.
784 1507 804 1522 c.
825 1498 848 1522 4.
876 1496 907 1522 (1(·
933 1496 963 1523 Ii.
990 1497 1022 1523 Μ.

179 1539 315 1575 Expresso
340 1539 448 1564 crimine
472 1540 703 1575 prosecutionibus
728 1549 842 1575 arguere.
867 1539 903 1566 lb.
928 1539 972 1566 IX.
998 1542 1022 1566 2.

180 1591 201 1608 c.
214 1584 237 1607 5.
259 1581 291 1607 de
310 1581 396 1607 exhib.
417 1582 478 1607 reis.

216 1625 456 1651 Prosecutor·
497 1626 560 1657 Qui
583 1627 735 1651 mandato
757 1627 886 1659 publicu
910 1636 1020 1659 prose-

180 1669 294 1701 quitur
319 1677 380 1697 rm,
411 1669 457 1693 rel
482 1677 653 1701 personas,
683 1670 964 1695 transmittendas.
1004 1668 1020 1694 I.

180 1710 242 1743 sy.
270 1709 322 1744 Qui
347 1711 517 1746 prosequitur
536 1710 671 1743 (animalia
693 1712 758 1741 ete.)
788 1711 837 1737 Th.
858 1711 888 1737 C.
909 1711 976 1737 1111.
997 1714 1020 1737 ()“.

180 1762 201 1778 c.
221 1754 245 1777 2.
266 1751 297 1777 de
318 1757 421 1778 tractor.
442 1757 467 1778 et
491 1754 578 1779 stativ.
600 1755 639 1779 12.
659 1755 700 1779 52.
738 1753 780 1779 III.
802 1755 867 1781 Cn.
896 1754 1022 1780 Prosecu-

179 1800 260 1826 tores,
279 1794 321 1820 vet
340 1800 517 1832 susceptores
543 1795 579 1822 lb.
600 1795 666 1821 YIII.
687 1799 710 1821 5.
731 1807 751 1822 c.
772 1798 812 1822 47.
833 1807 872 1833 pr.
893 1796 924 1823 de
944 1807 1021 1823 cursu

179 1837 240 1874 pub.
284 1837 450 1864 Directarum
476 1849 560 1865 rerum
590 1838 727 1870 custodes,
756 1838 797 1864 vel
826 1845 1020 1875 prosecutores.

179 1880 215 1906 11).
237 1891 257 1906 c.
280 1883 319 1906 15.
346 1881 367 1913 3.
389 1882 410 1906 l.
432 1880 448 1906 1.
469 1881 484 1907 l.
523 1881 558 1907 Yt.
582 1892 640 1907 cum
660 1882 876 1918 prosecutoribus
897 1882 944 1915 [ul.
965 1893 1021 1919 per-

178 1922 365 1957 secutoribus]
396 1923 427 1949 ad
455 1934 484 1949 se
509 1925 674 1950 remittantur
699 1925 829 1956 (suctores
855 1925 1020 1957 facinorosi.)

178 1966 208 1992 sr.
229 1968 251 1992 7.
272 1966 304 1992 de
329 1970 394 1992 cust.
419 1971 443 1992 et
469 1966 555 1992 exhib.
576 1968 617 1992 45.
637 1969 661 1993 3.
699 1967 728 1993 lu
754 1969 952 1994 transmissione
972 1968 1021 1994 lar-

177 2009 340 2044 gitionalium
370 2008 505 2035 titulorum
532 2015 719 2046 prosecutores
745 2026 777 2030 -—
807 2012 951 2037 constituti.
981 2011 1019 2037 lb.

178 2051 246 2078 VIII.
266 2054 289 2078 5.
312 2061 332 2077 c.
352 2054 393 2077 40.
414 2062 452 2088 pr.

215 2095 495 2121 Prosecutoria·
534 2096 722 2122 Mandatum
741 2099 919 2130 publicum,
945 2107 1019 2131 pro-

178 2140 322 2164 secutori
344 2139 563 2171 praebendum.
601 2137 620 2164 Ι.
640 2140 701 2173 Sy.
725 2138 895 2176 Praeceptum
915 2139 1021 2172 (Comi-

179 2180 213 2205 tis
233 2179 259 2205 S.
279 2180 465 2216 largitionum.)
486 2180 521 2206 Ih.
536 2180 594 2206 XII.
608 2182 631 2207 8.
652 2192 671 2207 c.
689 2183 710 2208 1.
727 2181 759 2208 de
773 2183 826 2208 auri
840 2182 901 2219 pub.
916 2193 1018 2219 prosec.
1040 2197 1042 2204 ι

179 2221 222 2247 ΠΙ.
243 2223 306 2249 Gn.
333 2223 398 2249 Auri
417 2228 603 2260 prosecutores
622 2225 716 2260 partim
735 2225 805 2251 nulla
823 2227 967 2262 praemissa
988 2243 1016 2246 -

178 2266 358 2301 prosecutoria
378 2276 467 2292 aurum
482 2271 658 2303 praesumunt.
679 2267 715 2293 lb.
731 2278 752 2294 c.
766 2267 782 2294 1.
819 2268 1018 2295 P1·‹›s‹·cu10rias

179 2316 267 2333 sacras
292 2307 432 2343 postulare.
459 2325 489 2329 -——
518 2308 761 2336 Prosecutoriarum
790 2310 937 2337 adiumenta
966 2322 1018 2337 non

179 2349 282 2375 hahere.
303 2360 323 2375 c.
346 2351 384 2375 14.
404 2350 435 2376 de
455 2351 572 2388 murileg.
595 2354 634 2379 ll.
655 2355 677 2379 7.
707 2352 755 2380 Th.
777 2353 807 2379 C.
828 2353 871 2380 VI.
890 2357 931 2381 35.
953 2364 973 2380 c.
994 2356 1017 2380 7.

179 2391 212 2418 de
232 2393 297 2428 priV.
318 2401 370 2417 eor.
391 2402 432 2427 qu.
453 2395 478 2419 in
498 2394 524 2420 S.
544 2395 595 2432 pal.
1039 2405 1040 2424 t

217 2435 414 2467 Proquui.
452 2436 482 2468 ξ.
503 2439 536 2464 l.
563 2441 674 2473 Sequi,
701 2440 853 2465 Comitem
877 2450 907 2465 se
921 2450 1017 2474 prae—

179 2480 253 2503 bere.
290 2476 334 2503 III.
359 2478 424 2504 Gn.
452 2478 506 2513 Qui
529 2480 638 2507 cadaver
660 2487 863 2518 prosequuntur.
891 2482 920 2508 sr.
940 2484 964 2509 3.
985 2482 1016 2509 cs.

180 2520 210 2546 sl*-
230 2522 252 2546 ‘2-
275 2519 307 2545 de
326 2521 351 2545 in
372 2521 412 2545 5¹15
431 2530 487 2546 ν00-
507 2523 531 2547 2-
551 2525 574 2548 4.
612 2524 665 2559 Qui
690 2525 835 2551 custodiam
859 2525 934 2551 militi
958 2536 1017 2562 pro-

180 2563 300 2599 sequenti
321 2579 351 2581 —
378 2564 550 2590 excusserint.
575 2564 645 2592 Paul.
665 2566 697 2594 V.
716 2569 757 2594 31.
782 2569 803 2602 3.
823 2570 846 2594 2.
886 2568 938 2603 Qui
963 2570 1017 2595 ani-

180 2605 255 2632 malia
278 2619 306 2623 -—
326 2611 527 2642 prosequuntur.
548 2606 597 2632 Th.
612 2608 642 2634 C.
659 2609 723 2636 VIII.
737 2612 761 2637 6.
782 2622 801 2637 c.
816 2613 839 2636 2.
860 2611 892 2637 de
912 2616 1015 2638 tractor.

180 2653 206 2674 et
229 2649 316 2674 stativ.
342 2665 371 2668 --
400 2649 431 2681 ἓ.
452 2650 486 2675 2·
516 2651 687 2683 Accedere,
718 2655 915 2680 Adiunctum
944 2665 1015 2681 esse,

180 2691 220 2717 III.
235 2692 299 2718 Cn.
320 2691 357 2721 Si.
378 2690 473 2717 divinis
493 2693 713 2728 prosequentibus
727 2697 842 2732 scriptis.
862 2696 893 2723 ad
907 2696 1016 2724 alterum
1037 2708 1039 2724 ι

179 2733 327 2770 Principem
351 2733 443 2759 suisset
467 2735 598 2761 emissum.
630 2735 695 2762 Nov.
719 2736 768 2764 Th.
787 2739 817 2765 II.
842 2739 874 2766 de
898 2740 1014 2767 confirm.
1037 2745 1038 2758 t

179 2775 231 2803 LL.
253 2787 311 2803 nov.
337 2776 353 2802 I.
380 2778 402 2802 1.
428 2787 448 2803 c.
471 2779 492 2803 l.
516 2788 555 2814 pr.
580 2793 612 2796 —
636 2778 666 2810 ξ.
687 2779 723 2804 3.
749 2782 914 2816 Persequi,
936 2785 1015 2810 Con—

181 2821 272 2852 queri.
316 2819 358 2846 III.
374 2820 439 2847 Cn.
459 2819 500 2852 Hi,
521 2830 587 2856 quos
606 2820 784 2848 moderatores
803 2833 903 2860 provv.‚
923 2842 955 2864 .—
975 2836 1013 2852 ομ

1855 173 1913 202 781

1078 253 1183 280 dinibus
1204 255 1336 281 civitatum
1351 255 1573 291 prosequentibus
1590 253 1669 285 docti,
1684 268 1714 272 —
1728 254 1913 288 suggesserint.

1077 296 1126 323 Th.
1141 296 1171 323 C.
1187 296 1244 323 XII.
1262 299 1281 323 1.
1303 308 1323 323 c.
1340 299 1396 324 175.
1417 298 1449 324 de
1469 297 1601 323 decurion.
1637 295 1728 332 Legati
1744 311 1775 315 ——
1795 297 1914 322 succisos

1077 349 1135 365 esse
1154 341 1287 376 prosecuti
1306 345 1374 366 sunt.
1396 340 1431 366 Ib.
1452 340 1520 366 xtll.
1543 341 1582 366 ll.
1602 350 1623 366 c.
1643 342 1666 365 8.
1687 339 1719 365 de
1739 340 1861 365 censitor.
1881 338 1912 364 cf.

1075 382 1132 408 XII.
1154 384 1190 408 12.
1212 384 1288 409 c.11.
1309 382 1341 409 de
1362 382 1436 419 legat.
1457 388 1482 409 et
1501 383 1570 409 decr.

1112 427 1356 458 Proserpere.
1396 429 1541 460 Serpere,
1563 427 1691 451 Furtim
1712 426 1846 451 intrare.
1870 423 1912 450 111.

1076 469 1141 495 Gn.
1166 468 1194 494 Si
1218 469 1271 494 auri
1291 478 1363 494 sacra
1384 468 1463 495 sames
1485 470 1509 494 in
1530 467 1671 505 penetralia
1689 466 1835 493 veneranda
1854 476 1913 503 pro-

1075 516 1170 547 serpat.
1197 521 1217 537 c.
1237 513 1277 537 31.
1299 511 1331 537 de
1350 512 1431 548 episc.
1452 510 1514 537 eccl.
1536 513 1557 537 1.
1577 512 1601 537 3.

1112 554 1306 580 Prosilire.
1344 556 1468 588 Impera.
1482 556 1588 590 ferri,
1612 555 1737 580 'l'emere
1755 555 1910 580 accedere.

1073 596 1116 622 III.
1131 597 1196 623 (7η.
1217 596 1245 622 Si
1265 596 1372 623 iuvenili
1392 596 1516 622 facilitate
1535 596 1644 623 ductus.
1665 612 1696 615 ——
1717 596 1748 622 ad
1769 595 1911 622 accusatio—

1050 652 1052 658 ν
1074 649 1131 665 nem
1152 638 1275 676 prosiliit.
1303 639 1333 665 sr.
1355 641 1393 665 15.
1419 640 1439 673 3.
1459 640 1482 665 (i.
1510 639 1541 665 ad
1560 638 1590 665 L.
1611 639 1657 665 Iul.
1678 639 1709 665 de
1728 639 1807 665 adult.
1827 639 1868 665 48.
1887 640 1910 664 5.

1074 682 1104 708 cf.
1126 681 1155 708 l'r.
1174 684 1198 708 3.
1219 682 1240 715 3.
1263 684 1301 708 14.
1323 681 1354 708 de
1374 682 1399 707 S.
1413 682 1443 708 C.
1464 682 1544 708 Silan.
1564 684 1605 708 29.
1625 684 1649 708 5,
1685 682 1833 717 Quosdam,
1854 690 1912 707 cum

1073 735 1121 761 per
1146 734 1260 750 errorem
1285 724 1316 750 ad
1346 726 1476 762 potiorum
1504 726 1706 751 nominationem
1734 724 1911 761 prosilissent‚

1049 767 1050 770 ’
1072 767 1141 792 haud
1161 768 1317 803 impetrasse
1336 773 1364 793 ut
1378 784 1409 787 —
1425 768 1455 794 ad
1471 769 1665 794 excusationem
1679 778 1706 793 se
1721 771 1911 793 converterent.

1073 809 1156 836 Vatic.
1178 811 1198 843 3.
1217 812 1276 836 242.
1314 809 1353 836 Ne
1377 810 1408 837 ad
1432 810 1558 837 maleficia
1583 815 1678 836 temere
1698 812 1833 847 qnisquam
1853 820 1912 847 pro-

1073 852 1151 877 siliat.
1173 863 1194 878 c.
1211 854 1250 879 1-1.
1270 853 1302 878 dc
1322 863 1397 890 poen.
1411 855 1434 879 9.
1455 855 1496 879 47.
1533 853 1592 879 Non
1611 859 1728 891 repente.
1747 863 1795 879 nec
1814 857 1911 878 temere

1073 894 1193 931 prosiliat
1212 895 1244 921 ad
1263 895 1313 922 hoc
1332 906 1434 922 munus.
1454 896 1503 923 Th.
1519 896 1549 924 C.
1562 896 1631 923 XIII.
1645 898 1669 923 3.
1689 907 1710 923 c.
1724 899 1748 922 5.
1769 896 1800 922 tle
1818 895 1910 922 medic.

1049 939 1050 947 ¹
1073 943 1097 963 et
1117 938 1183 974 prol'.

1110 982 1306 1008 Prosocer.
1338 983 1555 1009 Prosocrus.
1600 984 1718 1009 Uxoris
1742 992 1834 1013 avus,
1865 984 1911 1007 vel

1047 1047 1049 1064 Ι,
1071 1026 1154 1050 avia.
1191 1023 1234 1049 111,
1256 1025 1322 1051 (⁷11.
1342 1024 1487 1051 Prosocrns
1507 1025 1569 1051 mihi
1589 1026 1678 1052 uxoris
1698 1035 1768 1051 meae
1787 1026 1843 1050 avia
1862 1029 1910 1051 est.

1071 1077 1117 1102 ego
1143 1066 1214 1092 itlius
1239 1076 1297 1092 sum
1320 1077 1456 1104 progener.
1484 1068 1512 1094 fr.
1533 1070 1556 1094 4.
1581 1069 1601 1102 3.
1622 1070 1645 1094 6.
1669 1068 1701 1094 de
1725 1067 1795 1103 grad.
1815 1071 1840 1093 et
1859 1066 1909 1093 ads.

1069 1112 1111 1136 35.
1134 1112 1172 1136 lo.
1210 1109 1294 1141 Uxor.
1314 1115 1340 1135 et.
1359 1120 1448 1141 nurus.
1469 1116 1493 1136 et
1513 1121 1652 1147 prouurus,
1672 1113 1741 1137 viro.
1764 1116 1789 1137 et
1808 1120 1909 1140 socero,

1071 1157 1095 1178 et
1120 1162 1263 1189 prosocero
1289 1153 1385 1179 furtum
1410 1153 1494 1179 farere
1518 1159 1637 1190 possunt.
1666 1154 1695 1180 t'r.
1722 1156 1760 1180 15.
1790 1155 1810 1188 3
1832 1155 1854 1179 1.
1877 1152 1910 1178 de

1070 1201 1119 1222 act.
1139 1206 1188 1221 rer.
1209 1200 1287 1221 amot.
1306 1198 1347 1222 25.
1367 1198 1391 1222 2.
1413 1196 1443 1222 cl'.
1465 1197 1494 1222 l'r.
1514 1200 1537 1222 3.
1558 1197 1578 1230 3.
1595 1200 1619 1223 2.
1639 1197 1671 1223 de
1690 1196 1787 1233 pos-tul.
1807 1198 1830 1222 3.
1852 1197 1874 1222 l.

1108 1239 1341 1271 Prospeefio.
1383 1241 1604 1266 Providentia.
1647 1239 1689 1266 III.
1711 1241 1776 1267 (ἠ.
1803 1238 1909 1265 Salubri

1070 1282 1257 1318 prospectione
1270 1283 1453 1318 praecipimus.
1474 1282 1523 1309 Th.
1539 1282 1568 1309 C.
1586 1282 1639 1308 VII.
1653 1284 1676 1309 -l.
1697 1293 1717 1309 c.
1733 1285 1771 1308 15.
1793 1282 1824 1308 dc
1838 1291 1906 1317 erog.

1069 1324 1122 1350 mil.
1143 1335 1200 1350 anu.

1106 1369 1346 1400 Prospectus.
1367 1368 1484 1401 (Subst.)
1505 1368 1535 1401 §-
1550 1369 1584 1394 1.
1606 1370 1776 1400 Facultas,
1796 1370 1827 1394 in
1845 1371 1908 1394 lon-

1065 1412 1224 1444 ginquum
1242 1413 1472 1444 perlustrandi
1491 1413 1594 1438 oeulis
1608 1422 1655 1438 res
1673 1413 1907 1438 circumiectas.

1068 1453 1098 1479 II.
1119 1455 1186 1487 011.
1211 1452 1329 1480 Lumina.
1359 1454 1399 1480 Cf.
1420 1464 1443 1480 v.
1464 1454 1572 1480 Lumen.
1598 1455 1619 1487 3.
1641 1456 1663 1480 l.
1700 1454 1741 1480 111.
1762 1456 1827 1482 Cu.
1847 1453 1909 1480 Pro-

1069 1501 1176 1533 spectus
1201 1497 1277 1522 etiam
1302 1507 1333 1523 ex
1357 1496 1526 1523 inferioribus
1550 1497 1616 1523 locis
1637 1501 1690 1529 est,
1715 1497 1801 1523 lumen
1822 1507 1854 1523 ex
1872 1498 1909 1523 in-

1069 1539 1163 1565 feriore
1182 1539 1241 1565 Ioco
1262 1550 1320 1565 esse
1340 1550 1391 1565 non
1411 1545 1507 1577 potest.
1531 1540 1560 1566 fr.
1583 1541 1621 1565 16.
1642 1539 1674 1565 de
1694 1540 1721 1566 S.
1742 1540 1769 1566 P.
1789 1539 1820 1566 V.
1840 1541 1864 1566 8.
1883 1542 1907 1565 2.

1068 1582 1096 1608 In
1117 1587 1259 1619 prospectu
1279 1582 1339 1619 plus
1359 1584 1418 1619 quis
1438 1583 1524 1613 hahet.
1545 1593 1576 1608 nc
1596 1582 1658 1618 quid
1678 1583 1700 1608 ei
1720 1582 1858 1608 olnficiatur
1876 1582 1909 1608 ad

1067 1626 1206 1661 gratiorem
1226 1630 1395 1662 prospectum
1415 1631 1440 1651 et
1466 1626 1583 1652 liberum.
1609 1625 1639 1651 fr.
1662 1628 1700 1652 15.
1726 1626 1759 1651 ib.
1780 1629 1802 1651 8.
1823 1627 1846 1651 2.
1875 1624 1907 1651 cf.

1067 1668 1097 1694 t'r.
1118 1670 1158 1695 15.
1180 1669 1200 1702 3.
1223 1670 1244 1694 l.
1265 1668 1297 1694 de
1317 1670 1406 1695 servit.
1425 1670 1448 1695 S.
1472 1671 1492 1695 l.
1530 1669 1557 1695 Si
1578 1670 1618 1695 cui
1638 1674 1804 1705 prospectus.
1824 1669 1846 1694 si
1866 1669 1906 1694 cui

1066 1711 1152 1737 aditus
1173 1712 1207 1736 sit
1226 1711 1354 1742 deu-rior.
1379 1717 1422 1737 aut
1441 1713 1581 1747 angustior.
1607 1712 1635 1738 l'r.
1656 1714 1679 1738 2.
1706 1713 1727 1745 3.
1750 1714 1788 1738 12.
1813 1722 1845 1737 ne
1863 1721 1906 1748 qu.

1067 1755 1091 1779 in
1112 1753 1170 1780 loco
1191 1754 1252 1790 pub.
1272 1756 1312 1780 43.
1333 1758 1356 1780 ὅ.
1394 1755 1442 1780 Est
1461 1760 1486 1780 et
1509 1754 1571 1780 haec
1595 1756 1722 1786 servitus,
1748 1765 1779 1781 ne
1800 1765 1907 1792 prospe-

1042 1797 1044 1805 ⁴
1067 1798 1119 1822 ctui
1139 1797 1285 1822 obiiciatur.
1306 1797 1336 1823 l'r.
1356 1799 1379 1822 3.
1401 1797 1433 1823 de
1453 1797 1479 1823 S.
1501 1797 1528 1823 P.
1548 1797 1579 1823 V.
1600 1798 1623 1823 8.
1643 1800 1667 1823 2.
1691 1815 1719 1818 —
1745 1799 1774 1831 ἓ.
1795 1800 1830 1824 2.
1849 1800 1906 1824 Re-

1065 1846 1203 1873 spectus.
1242 1839 1284 1866 III.
1309 1841 1375 1867 011.
1403 1841 1442 1866 Ex
1467 1850 1579 1877 persona
1604 1850 1662 1871 sua,
1688 1846 1832 1878 prospectu
1857 1840 1905 1874 [al.

1065 1882 1204 1919 respectu]
1225 1882 1319 1913 oflicii.
1344 1884 1369 1908 iu
1390 1883 1511 1909 iudicium
1531 1893 1626 1909 vocare
1651 1884 1802 1916 (debitores
1821 1883 1905 1921 pupil-

1066 1924 1171 1957 lorum.)
1193 1924 1222 1951 l'r.
1244 1927 1266 1951 1.
1286 1926 1307 1959 3.
1328 1927 1352 1951 4.
1372 1926 1404 1952 de
1423 1925 1488 1952 adm.
1509 1931 1535 1952 et
1554 1927 1632 1963 peric.
1652 1928 1701 1953 26.-
1714 1929 1737 1953 7.

1104 1969 1279 2001 Prosper.
1300 1968 1428 1999 (Adiect.)
1450 1971 1588 2001 Faveas,
1610 1972 1779 1996 Secunda&
1812 1970 1903 2004 [sy-

1066 2010 1187 2037 Faustus.
1220 2011 1268 2037 Th.
1290 2011 1320 2037 C.
1341 2011 1408 2037 Yllt.
1431 2013 1469 2037 ll.
1496 2022 1516 2038 c.
1536 2013 1559 2038 3.
1580 2022 1619 2048 sq.
1644 2022 1676 2038 ne
1696 2023 1738 2048 qu.
1758 2013 1819 2049 pub.
1844 2012 1902 2038 laet.

1066 2054 1096 2080 II.
1114 2056 1180 2088 011.
1200 2053 1385 2091 Prosperiore.
1406 2070 1436 2073 —-
1457 2054 1624 2081 Reclamante
1644 2055 1792 2088 (fortuna.)
1817 2055 1853 2081 Ib.
1873 2055 1902 2081 II.

1068 2099 1106 2123 12.
1127 2108 1147 2123 c.
1168 2099 1190 2123 7.
1211 2107 1250 2134 pr.
1270 2097 1302 2123 de
1322 2099 1448 2133 cognitor.
1486 2098 1528 2124 III.
1553 2099 1618 2125 (711.
1644 2097 1781 2134 Quidquid
1801 2103 1904 2124 nostro-

1065 2150 1120 2166 rum
1141 2150 1254 2176 unquam
1274 2141 1390 2167 nunciari
1417 2142 1534 2178 coeperit
1556 2151 1751 2178 prosperorum.
1779 2141 1816 2167 Ib.
1837 2140 1902 2167 VIII.

1067 2185 1104 2209 II.
1125 2193 1146 2209 Γ.
1166 2186 1190 2209 4.

1102 2228 1302 2259 Prospere.
1323 2226 1435 2258 (Advb.)
1457 2229 1625 2253 feliciter.
1662 2226 1692 2252 ll.
1714 2228 1781 2260 Op.
1802 2226 1842 2252 Pr.
1862 2236 1901 2262 ge-

1063 2274 1119 2295 stae
1138 2279 1186 2295 res.
1210 2286 1238 2289 —
1261 2269 1368 2296 Damna.
1390 2280 1410 2295 c.
1433 2271 1471 2295 14.
1493 2269 1524 2295 de
1543 2279 1647 2306 procur.
1661 2272 1684 2295 2.
1707 2272 1745 2296 13.
1782 2270 1901 2296 HLCn.

1063 2312 1106 2337 Ob
1126 2322 1179 2338 rem
1201 2322 1238 2349 pr.
1258 2317 1357 2347 gestam
1382 2312 1508 2344 (abolitio
1532 2312 1639 2349 publice
1659 2312 1750 2344 sacta.)
1775 2312 1804 2338 t'r.
1824 2313 1847 2338 9.
1867 2311 1899 2338 cf.

1063 2354 1093 2380 sr.
1113 2356 1137 2380 8.
1158 2354 1189 2380 ad
1210 2354 1275 2381 SC.
1297 2354 1377 2391 Turp.
1398 2357 1438 2380 45.
1461 2356 1499 2381 16.

1100 2398 1351 2430 Prosperiffass.
1390 2400 1500 2429 Salax,
1522 2400 1690 2424 Felicitas.
1728 2397 1744 2423 1.
1769 2398 1830 2431 Sy.
1854 2396 1899 2423 Fe-

1062 2440 1155 2466 licitas.
1176 2450 1196 2466 e.
1216 2442 1256 2465 23.
1277 2439 1309 2465 (le
1330 2445 1401 2476 nupt.
1421 2442 1445 2466 5.
1465 2442 1487 2466 4.
1526 2440 1567 2467 III.
1587 2442 1652 2468 Cn.
1671 2441 1723 2466 Iter
1742 2441 1899 2477 prosperita-

1062 2485 1095 2509 tis
1114 2483 1240 2509 humanae
1260 2483 1369 2518 aperire.
1388 2482 1454 2509 Nov.
1471 2483 1518 2509 Th.
1534 2483 1564 2509 11.
1584 2483 1615 2509 de
1634 2483 1688 2509 Iud.
1708 2483 1725 2509 I.
1739 2484 1755 2509 6
1783 2493 1803 2509 c.
1821 2485 1840 2508 Ι.
1859 2493 1898 2520 pr.

1061 2526 1192 2562 Acceptae
1212 2526 1360 2551 securitatis
1381 2528 1555 2564 prosperitate
1575 2526 1670 2552 laetari.
1691 2525 1741 2552 Th.
1756 2525 1785 2552 C.
1799 2525 1856 2551 XII.
1876 2527 1896 2551 l.

1062 2580 1082 2595 c.
1105 2571 1161 2594 155.
1182 2567 1213 2593 de
1233 2567 1366 2595 decurion.

1099 2611 1335 2643 prospicere.
1373 2612 1403 2645 §0
1420 2614 1454 2638 1.
1475 2614 1509 2638 Ιιι
1529 2614 1739 2647 longinquum
1760 2614 1896 2644 intueri,

1061 2661 1089 2681 et
1112 2656 1318 2688 perlustrare
1342 2657 1454 2681 oculis.
1493 2654 1534 2680 III.
1559 2656 1624 2681 οη.
1649 2654 1677 2680 Si
1697 2654 1775 2681 aedes
1794 2665 1865 2681 meae
1884 2666 1896 2680 a

1061 2698 1113 2723 tuis
1133 2696 1241 2722 nedibus
1265 2701 1363 2734 tautum
1388 2697 1498 2726 distent,
1525 2702 1552 2722 ut
1577 2699 1692 2734 prospici
1713 2708 1764 2723 non
1782 2699 1894 2735 possint.

1061 2740 1090 2766 l'r.
1110 2741 1151 2766 38,
1171 2739 1203 2766 de
1223 2739 1249 2765 S.
1270 2739 1297 2766 P.
1319 2739 1348 2766 V.
1369 2741 1392 2766 8.
1411 2742 1435 2765 2.
1473 2739 1561 2765 Altius
1585 2740 1707 2772 tollendi.
1734 2741 1775 2767 vel
1794 2741 1895 2778 prospi-

1060 2782 1145 2809 ciendi
1166 2783 1240 2816 (ius.)
1261 2782 1316 2808 Gai.
1337 2782 1380 2808 IV.
1399 2784 1422 2807 3.
1444 2797 1475 2801 —
1496 2782 1526 2815 ξ.
1547 2784 1581 2809 2.
1605 2785 1810 2815 Putet-idere,
1831 2785 1893 2809 Er<

1059 2832 1215 2860 spectare.
1253 2825 1295 2851 lII.
1311 2826 1376 2852 Cn.
1396 2824 1488 2862 Prosp.
1503 2825 1606 2858 debere,
1626 2826 1676 2853 hoc
1689 2828 1793 2853 evenire
1808 2835 1892 2862 posse.
