2197 3121
267 190 330 221 364

304 272 512 299 Ὲηοῐίοειιε.
551 272 692 304 (ΑιῙίῡςί.)
731 274 948 299 Factionibus
969 273 1111 302 nudem,
1136 279 1137 310 }

270 317 464 342 Seditiosua.
502 315 544 341 111.
565 317 630 342 (Vn.
651 314 714 341 Sive
730 332 759 335 —
774 314 839 351 fugit
859 325 961 341 servus.
982 313 1114 340 tenebitur

270 360 339 385 servi
364 359 482 385 nomine.
507 359 551 394 qui
576 363 626 384 tam
651 358 790 384 factiosam
817 358 939 384 familiam
964 357 1062 383 habuit.
1083 357 1112 384 fr.
1136 383 1137 386 ,

273 403 309 428 13.
331 402 351 434 5.
371 403 394 427 2.
415 401 447 427 de
467 400 597 438 publican.
617 403 660 427 39.
683 403 707 428 4.
745 400 773 428 Si
798 400 860 438 quid
881 402 984 437 eruptio
1004 400 1113 427 factiosa
1135 414 1136 417 ¹

271 445 418 471 tentaverit.
440 444 486 470 Th.
509 444 540 470 C.
559 443 629 471 XVI.
650 446 673 470 5.
694 454 716 470 c.
735 445 759 470 6.
779 444 800 478 5
820 446 843 470 3.
865 444 896 470 de
916 444 1013 470 haeret.

306 488 512 514 Faetitare.
555 489 660 522 Vulgo
674 488 800 523 facere.
832 487 850 513 1.
867 489 928 521 Sy.
950 486 1113 524 Frequenter

269 530 362 557 facere.
383 531 412 557 l'r.
433 532 454 556 7.
475 531 496 564 5.
516 532 540 556 8.
561 530 612 566 Qu.
634 541 666 557 ex
686 540 709 556 c.
730 531 756 556 in
776 540 848 568 poss,
868 532 909 557 42.
923 533 946 557 4.
968 530 999 557 cf.
1021 530 1050 558 fr.
1072 532 1110 557 79.
1134 524 1136 549 l

269 574 290 607 5.
313 575 333 600 1.
355 573 386 599 de
406 573 480 608 legat.
501 573 543 599 111.
565 574 631 606 (32.)
1134 602 1135 607 Ἰ

304 618 455 643 Factor-
494 618 631 647 Auctor,
651 619 844 643 Exaecntor.
864 615 907 642 111.
930 617 996 644 Cn.
1017 616 1047 643 Si
1067 618 1111 653 qui
1134 615 1136 647 ,¹

269 660 381 687 conscii.
405 658 447 685 vel
473 658 585 685 factores
610 659 719 686 sceleris
744 659 856 686 fuerunt.
878 659 907 686 fr.
931 661 951 686 1.
976 660 997 693 5.
1017 661 1058 686 21.
1080 659 1112 686 (le
1134 650 1136 699 ὲ

268 703 295 729 S.
316 702 339 729 C
371 702 453 729 Silan.
477 704 519 728 29.
539 704 562 728 5.
588 702 615 728 cf
645 702 673 729 fr.
693 705 716 728 (ἰ,
741 703 762 736 5.
787 706 811 729 ὅ.
837 702 870 729 de.
894 702 924 729 R.
951 702 984 729 M.
1009 704 1050 729 49.
1073 704 1111 730 16.

267 744 362 771 Solent
381 745 519 772 Praesides
538 746 742 782 provinciarum.
762 746 899 782 inquibus
919 744 1044 772 delictum
1063 750 1112 778 est,

267 788 385 815 scribere
403 788 436 815 ad
455 788 569 824 collegas
589 798 663 820 suos,
682 789 725 815 ubi
746 788 858 815 factores
879 788 922 822 [al.
943 788 1068 821 fautores,
1087 799 1111 816 v.
1134 810 1135 819 .

268 830 381 858 factores
406 831 564 865 facinorosi]
590 841 665 868 agere
689 831 819 859 dicuutur.
844 832 874 859 fr.
900 834 923 858 7.
947 831 980 858 de
1000 837 1066 859 cust.
1087 836 1112 858 et

269 874 327 901 exli.
348 876 388 901 4⁸.
409 877 432 902 3.

304 919 476 945 Factum.
498 919 529 951 ξ.
549 919 584 944 1.
603 920 731 949 Arcum,
752 920 911 951 Facinus,
932 921 990 945 Res
1006 925 1110 953 gesta.

266 961 284 988 I.
304 963 366 996 Sy.
386 962 488 988 Exitus.
514 960 555 987 Cf.
580 960 604 987 11.
630 971 653 987 v.
679 961 700 994 5.
721 963 744 987 2.
782 961 873 987 Actus.
895 961 936 988 Cf.
956 962 981 988 b.
1002 972 1018 988 v
1046 962 1068 995 5.
1087 964 1110 988 2.

266 1004 384 1031 Gestum.
412 1004 443 1031 fr.
461 1006 484 1031 6,
509 1004 530 1037 5
554 1006 592 1030 ll.
613 1003 645 1030 de
666 1002 696 1029 N.
717 1003 748 1030 G.
767 1005 791 1030 3.
811 1006 834 1030 5.
858 1004 888 1031 fr.
908 1006 949 1032 58.
969 1016 1007 1042 pr.
1028 1005 1060 1032 de
1080 1004 1110 1031 V.

267 1047 294 1074 S.
314 1050 354 1074 50.
376 1049 415 1074 16.
453 1047 600 1073 Peccatum.
626 1046 676 1073 Th.
697 1045 727 1073 C.
747 1045 791 1073 IX.
813 1049 853 1073 40.
879 1058 900 1073 c.
922 1050 961 1075 10.
983 1048 1015 1075 de
1034 1059 1111 1086 poen.

266 1090 296 1117 Il.
318 1093 386 1125 ΟΡ.
406 1090 564 1122 Consilium.
584 1089 749 1126 propositio,
776 1089 858 1117 Mens.
884 1091 956 1118 Paul.
977 1091 1007 1118 V.
1028 1094 1068 1118 23.
1089 1093 1111 1126 5.
1133 1092 1135 1131 l*

265 1135 289 1160 3.
309 1133 339 1161 fr.
359 1136 382 1161 9.
403 1133 436 1160 de.
455 1133 546 1160 iurisd.
566 1136 590 1160 2.
611 1135 633 1159 1.
654 1133 683 1159 fr.
704 1135 743 1159 53.
765 1133 785 1167 5.
809 1135 830 1159 l.
851 1133 880 1160 fr.
899 1136 958 1160 225.
979 1134 1012 1161 de
1031 1134 1062 1162 V.
1083 1135 1110 1161 S.

265 1178 306 1203 50.
328 1178 367 1204 16.
406 1176 550 1204 Sententia.
572 1176 602 1203 fr.
622 1178 663 1202 4³3.
687 1176 769 1210 512.
790 1176 822 1202 de
842 1176 872 1202 R.
893 1176 923 1203 N.
943 1179 984 1204 23.
1004 1180 1028 1203 2.
1067 1178 1110 1205 III.

266 1221 332 1247 Cn.
352 1220 443 1246 Rebus
463 1221 528 1257 ipsis
548 1225 574 1246 et
587 1219 662 1246 factis
681 1219 855 1252 (voluntatem
870 1230 942 1247 suam
957 1221 1110 1251 declarare)

265 1263 299 1290 fr.
323 1265 364 1289 32.
391 1263 413 1296 5.
440 1265 461 1290 l.
487 1263 520 1289 (10
545 1262 597 1289 LL.
624 1265 644 1288 1.
671 1264 694 1288 3.
734 1262 814 1298 Quod
835 1264 932 1289 crimen
952 1274 1004 1290 11011
1025 1265 1110 1291 50111111

265 1306 349 1337 facto,
374 1306 422 1333 sed
446 1311 471 1332 et
495 1306 583 1332 verbis
608 1306 695 1343 impiis
720 1316 749 1332 ac
768 1306 915 1333 maledictis
935 1309 1046 1334 maxime
1066 1318 1110 1335 ex-

264 1349 409 1376 acerbatur.
429 1349 500 1376 Paul.
522 1349 552 1376 V.
572 1350 613 1375 29.
637 1350 702 1383 51.
732 1348 788 1375 Gai.
808 1348 851 1376 lv.
876 1351 935 1376 225.
956 1350 987 1377 cf.
1009 1350 1058 1377 Th.
1079 1351 1109 1378 C.

264 1392 308 1419 IX.
328 1394 369 1419 34.
390 1403 410 1419 c.
432 1395 454 1420 1.
475 1393 507 1419 de
526 1393 616 1419 samos.
631 1391 712 1418 libell.
750 1391 778 1418 In
792 1391 842 1423 his.
862 1393 888 1419 in
903 1394 999 1429 quibus
1014 1394 1109 1421 factum

264 1445 406 1473 personae,
431 1446 561 1473 operaeve
584 1435 732 1462 substantia
758 1435 932 1462 desideratur.
958 1436 987 1463 fr.
1007 1439 1048 1463 61.
1069 1448 1107 1474 pr.

266 1478 298 1505 de.
317 1479 345 1505 Α.
368 1479 398 1505 11.
420 1479 452 1506 1).
473 1481 512 1506 41.
536 1482 556 1505 1.
599 1479 699 1505 Servos
724 1489 772 1505 nec
796 1484 934 1518 torquere.
959 1491 1045 1517 neque
1065 1481 1132 1518 ¹¹³³:

264 1521 340 1558 gellis
360 1522 481 1551 caedere.
508 1533 592 1559 neque
616 1523 641 1548 in
667 1532 725 1548 eum
749 1532 837 1549 casum
858 1523 925 1549 facto
945 1534 994 1550 suo
1014 1524 1109 1561 perdu-

265 1576 331 1593 cere.
352 1582 384 1585 -
405 1576 456 1602 quo
482 1565 627 1592 deteriores
652 1566 722 1592 fiant.
744 1564 816 1591 Paul.
841 1565 881 1592 HI.
908 1568 930 1593 6.
951 1567 973 1600 5.
993 1569 1034 1594 23.
1073 1567 1108 1593 Vt

264 1608 394 1635 abstineat
413 1610 473 1645 quis
493 1609 524 1634 ab
545 1619 575 1635 eo
597 1609 678 1636 facto,
704 1608 775 1644 quod
796 1614 885 1635 contra
906 1611 1108 1636 conventionem
1130 1621 1132 1640 1

263 1651 354 1683 fieret3
379 1657 405 1678 ct
429 1657 545 1683 curaret.
570 1662 603 1677 ne
628 1652 680 1678 liat.
706 1651 736 1677 fr.
762 1652 819 1678 189.
845 1652 877 1678 de
898 1651 928 1679 V.
954 1652 981 1679 S.
1005 1655 1046 1679 50.
1070 1655 1107 1680 16.
1131 1653 1132 1659 ¹

264 1694 401 1721 Adversus
426 1695 521 1721 factum
545 1705 622 1721 suum
646 1710 678 1714 -—
704 1704 810 1720 movere
835 1696 1050 1722 controversiam.
1078 1696 1108 1722 fr.

262 1740 304 1764 25.
324 1748 362 1775 pr.
383 1737 416 1764 de
435 1737 522 1775 adopt.
545 1739 566 1764 1.
588 1739 610 1764 7.
648 1736 771 1763 Alienum
786 1737 881 1763 factum
896 1739 1057 1774 promittere.
1078 1738 1108 1765 fr.

263 1783 304 1807 38.
325 1792 365 1818 pr.
383 1782 420 1815 55.
442 1783 464 1807 1.
485 1791 544 1817 sqq.
565 1780 597 1807 de
619 1780 650 1807 V.
672 1781 704 1806 Ο.
724 1782 765 1806 45.
786 1782 808 1806 1.
847 1780 921 1807 Certi
941 1781 1055 1808 hominis
1075 1781 1110 1808 fa·
1131 1789 1132 1819 1

265 1829 334 1850 ctum
354 1835 468 1861 arguere.
494 1824 522 1851 fr.
543 1825 566 1850 6.
592 1824 612 1857 5
633 1826 656 1850 4.
677 1828 747 1850 naut.
773 1834 846 1861 caup.
867 1825 889 1850 4.
910 1826 933 1852 9.
972 1824 1109 1851 Praestare
1131 1851 1132 1858 χ

265 1866 331 1893 facta
350 1868 503 1900 (sociorum.
523 1878 539 1892 v
561 1877 698 1894 servorum
712 1877 827 1895 suorum.
848 1877 869 1894 s.
882 1867 1108 1901 domesticorum)
1131 1879 1132 1900 i

265 1909 295 1936 fr.
315 1912 357 1936 22.
377 1920 425 1947 pro
445 1920 497 1936 soc.
525 1912 564 1937 17.
589 1912 612 1936 2.
634 1910 663 1936 fr.
688 1912 729 1937 25.
755 1910 776 1943 ᾗ.
805 1911 828 1936 7.
852 1910 881 1936 fr.
907 1912 949 1937 31.
974 1912 995 1945 5.
1018 1913 1056 1938 15.
1077 1911 1109 1937 (10
1130 1921 1132 1949 A*

264 1952 352 1979 Acdil.
373 1953 449 1979 edict.
473 1955 514 1979 21.
536 1955 558 1980 1.
583 1953 612 1980 fr.
635 1955 655 1979 1.
681 1953 703 1986 5.
724 1954 746 1979 6.
772 1953 833 1979 furti
855 1953 912 1979 adv.
934 1959 1003 1980 naut.
1024 1956 1065 1981 47.
1086 1956 1108 1980 5.
1130 1980 1131 1986 ¹

265 1996 346 2032 Quod
366 1996 461 2022 factum
486 1996 560 2033 dupli
585 1995 693 2022 damno.
718 1996 760 2022 vel
780 1996 942 2032 reliquorum
963 1998 1019 2022 eius
1040 1996 1110 2023 solu-

265 2041 336 2066 tione
356 2044 488 2077 pensatur.
510 2038 550 2066 Fr.
572 2039 603 2065 de
624 2039 640 2066 1,
662 2038 690 2064 1Γ.
710 2040 731 2072 5
752 2039 861 2072 6.·-—§·
881 2041 916 2065 2.
938 2041 997 2065 Rei
1015 2049 1108 2073 prae·
1130 2033 1132 2074 l

265 2085 368 2109 sentis
392 2085 524 2110 habitus
548 2093 584 2109 ac
608 2084 766 2109 conditio.
806 2084 966 2117 Singulae
985 2082 1131 2116 speciei*

264 2129 428 2153 clementa.
471 2126 513 2152 III.
541 2127 607 2153 Gn.
632 2125 704 2151 Facti
730 2127 858 2162 quaestio.
880 2142 910 2146 —
931 2125 998 2152 Iuris
1022 2129 1109 2151 aucto-

265 2170 337 2196 ritas.
363 2170 392 2196 fr.
419 2171 449 2195 15
482 2179 520 2206 pr.
545 2169 576 2195 ad
602 2169 697 2195 munic.
722 2171 762 2194 50.
791 2171 813 2195 1.
851 2168 937 2199 Facti,
962 2178 1013 2194 non
1034 2169 1107 2199 iuris,

265 2213 339 2245 (esse
358 2223 412 2239 eam
432 2215 506 2245 rem.)
527 2212 556 2239 fr.
579 2214 616 2238 19,
639 2222 671 2238 ex
693 2222 733 2248 qu.
756 2222 777 2238 c.
797 2213 854 2238 mai.
876 2214 898 2238 4.
914 2214 936 2238 6.
958 2211 987 2238 fr.
1010 2213 1031 2237 l.
1051 2212 1071 2245 5
1083 2213 1106 2237 3.

265 2255 298 2283 de
317 2255 348 2282 Α.
368 2266 390 2281 v.
411 2255 441 2281 Α.
463 2255 488 2282 Ρ,
509 2258 549 2282 41.
569 2258 594 2282 2.
636 2255 665 2281 In
689 2254 758 2281 facto
782 2256 884 2292 potius,
905 2265 982 2291 quam
1006 2255 1032 2280 in
1053 2255 1108 2281 iure

265 2300 419 2325 consistere.
457 2298 527 2324 Fae-ti
547 2300 637 2334 magis.
658 2308 734 2335 quam
754 2299 818 2324 iuris
838 2299 932 2330 (esse.)
958 2298 987 2324 fr.
1015 2300 1054 2324 10.
1076 2297 1108 2324 de

266 2352 322 2379 cap.
342 2343 433 2368 minut.
461 2343 483 2367 4.
509 2344 532 2368 5.
557 2342 587 2369 fr.
611 2345 634 2369 7.
659 2343 681 2376 5.
705 2344 729 2368 3.
755 2341 787 2368 de
811 2350 864 2367 cur.
890 2340 980 2367 furios.
1004 2342 1046 2367 27.
1068 2342 1107 2367 10.

266 2385 331 2412 Tam
350 2386 423 2416 iuris,
443 2394 519 2421 quam
540 2385 599 2411 facti
619 2386 813 2422 (quaestionem
832 2384 953 2415 moveri.)
972 2383 1002 2409 fr.
1026 2385 1065 2410 ll.
1085 2384 1106 2417 5.

266 2431 306 2455 12.
328 2428 359 2455 ad
379 2428 408 2455 L.
428 2428 474 2454 1111.
496 2428 528 2454 de
547 2427 627 2453 adult.
652 2430 692 2454 48.
717 2430 741 2454 5.
779 2426 955 2455 Conditiones
976 2426 1045 2458 tacti.
1066 2426 1107 2452 vel

266 2473 343 2503 iuris,
363 2482 384 2498 s.
410 2481 475 2508 quac
501 2481 533 2497 ex
559 2471 614 2496 iure
638 2471 754 2497 veniunt.
781 2470 810 2497 fr.
830 2471 872 2496 ⁴21.
897 2470 927 2496 fr.
948 2471 990 2496 60.
1015 2479 1054 2506 pr.
1075 2469 1108 2495 de.

267 2515 343 2542 cond.
363 2520 389 2541 et
408 2514 474 2541 dem.
494 2515 535 2540 35.
558 2515 580 2539 1.
617 2512 764 2549 Ignorantia
788 2530 815 2533 —
835 2523 887 2539 non
908 2513 986 2543 iuris.
1006 2511 1054 2538 sed
1074 2512 1108 2538 fa·
1129 2529 1130 2536 .

267 2559 310 2584 cti.
331 2558 360 2584 fr.
382 2559 421 2584 ll.
442 2558 464 2591 5.
484 2558 507 2584 4.
528 2556 561 2584 de
579 2556 604 2582 11.
625 2566 667 2593 qu.
688 2560 741 2582 not.
761 2555 847 2582 infam.
867 2558 891 2583 3.
907 2558 932 2581 2.
969 2555 1027 2581 Erit
1047 2554 1107 2581 facti

267 2602 386 2637 quaestio
406 2600 537 2637 agitanda,
558 2599 638 2636 (quid
661 2599 730 2624 inter
749 2608 794 2623 eos
815 2603 900 2624 actum
920 2598 988 2630 sit?)
1013 2597 1043 2624 fr.
1067 2600 1106 2624 12.

266 2644 288 2677 5.
309 2645 332 2669 4.
353 2644 404 2678 Qu.
424 2644 521 2681 potior.
540 2644 582 2669 20.
602 2644 626 2669 4.
662 2642 703 2668 Ex
722 2641 790 2667 facto
805 2642 897 2667 incidit
917 2641 1020 2678 species
1041 2641 1107 2667 eius-

267 2685 344 2712 modi.
366 2686 394 2712 fr.
413 2689 455 2713 22,
475 2697 514 2723 pr.
535 2686 566 2712 ad
587 2685 615 2712 L.
635 2684 705 2712 Falc.
724 2686 801 2710 35.2.
838 2684 879 2710 Ex
898 2684 965 2709 facto
986 2685 1040 2709 scio
1057 2688 1105 2710 etc.

267 2730 296 2755 fr.
317 2730 339 2755 9.
361 2729 382 2762 5.
402 2732 425 2755 3.
447 2730 497 2764 Qu.
518 2733 578 2755 met.
599 2739 620 2755 c.
640 2730 698 2754 2¹.2.
735 2727 775 2754 Ex
790 2726 858 2753 facto
878 2726 1015 2753 consultus
1035 2726 1106 2760 (sua-

267 2773 302 2798 sit
320 2772 382 2804 etc.)
402 2771 432 2798 fr.
452 2773 475 2797 4.
495 2773 515 2805 5.
535 2774 560 2798 3.
580 2771 612 2798 de
631 2776 700 2808 pact.
718 2772 743 2797 2.
765 2771 804 2796 l-t.
825 2769 855 2796 fr.
874 2771 898 2795 3.
919 2770 940 2802 5.
962 2771 983 2795 1.
1005 2769 1037 2795 (le
1057 2769 1101 2795 mi-

266 2825 322 2842 nor.
342 2817 366 2841 4.
386 2816 409 2840 4.
448 2813 475 2840 ln
495 2815 598 2846 factum,
618 2825 642 2841 v.
662 2814 690 2840 Iu
711 2824 739 2840 re.
758 2813 817 2840 facti
838 2812 991 2845 (constitit.)
1012 2812 1042 2837 fr.
1061 2813 1103 2837 34.

267 2859 300 2885 (10
323 2857 354 2885 N.
379 2857 411 2884 G.
435 2859 458 2883 3.
483 2858 506 2882 5.
531 2856 562 2882 cf.
587 2856 616 2883 fr.
641 2860 683 2884 52.
707 2857 728 2891 5.
753 2859 776 2884 8.
801 2856 835 2883 (10
859 2854 892 2881 Ο.
917 2859 944 2881 et
962 2854 993 2880 A.
1018 2855 1059 2880 44.
1081 2856 1103 2880 7.

1135 395 1137 411 '
1159 399 1191 425 de
1217 400 1250 425 O.
1276 404 1301 425 et
1326 400 1356 425 Α.
1382 401 1424 425 44.
1452 401 1474 425 7.

1089 187 1184 219 FAC.

1160 270 1240 305 Quod
1267 271 1292 296 in
1317 269 1386 296 facto
1411 275 1460 297 est.
1484 271 1514 297 fr.
1540 273 1581 297 46.
1606 272 1627 305 5.
1651 274 1671 298 l.
1696 272 1728 299 de
1746 273 1778 300 Υ.
1799 275 1832 300 0.
1852 277 1892 301 45.
1916 277 1936 301 1.
1974 275 2002 301 ln

1136 339 1137 346 ἵ
1159 314 1208 344 ius.
1230 329 1262 332 —
1283 312 1311 339 111
1332 312 1441 346 factum,
1461 314 1622 352 (conceptae
1643 315 1794 349 formulae.)
1819 318 1876 344 Gai.
1896 318 1939 344 IV.
1960 320 2001 344 45.

1159 366 1217 392 sqq.
1238 357 1279 382 (50.
1317 356 1356 382 Ex
1377 355 1454 384 sacto.
1473 371 1507 375 —-
1527 357 1554 383 In
1576 358 1670 385 factum
1691 360 1803 392 (actio.)
1824 360 1854 386 fr.
1874 363 1915 387 25.
1936 361 1957 395 5.
1980 363 2001 387 1.

1512 399 1628 437 Legibus
1653 402 1786 439 proditae,
1807 418 1839 422 —
1859 403 1887 429 111
1907 403 2002 430 factum

1134 460 1136 472 ,
1159 441 1369 467 accommodatae
1388 443 1539 475 (actiones.)
1560 443 1590 470 fr.
1608 446 1646 470 11.
1662 444 1693 471 cf.
1714 445 1743 471 fr.
1761 447 1781 470 1,
1801 456 1840 483 pr.
1860 445 1890 472 fr.
1904 448 1928 472 2.
1943 456 2001 483 sqq.

1158 484 1190 511 de.
1210 495 1325 522 praescr.
1345 495 1387 512 vv.
1409 487 1448 512 19.
1469 487 1493 511 5.
1535 485 1562 512 In
1583 487 1678 514 factum
1698 488 1786 514 verbis
1806 489 2002 526 temperandam

1157 529 1287 554 actionem
1308 527 1432 559 dandam,
1452 530 1498 559 (ut.
1517 528 1600 556 bonae
1619 530 1681 557 fidoi
1702 532 1801 557 mentio
1822 532 1888 564 ssat.)
1909 532 1938 558 fr.
1960 534 2000 559 11.

1157 571 1178 604 5.
1200 573 1222 597 1.
1243 570 1275 597 (10
1295 571 1319 598 d.
1339 582 1372 597 111.
1397 574 1420 597 4.
1445 572 1470 597 3.
1506 571 1547 598 Ex
1572 578 1640 599 emto
1665 575 1733 600 actio
1754 580 1808 606 est,
1827 589 1862 593 —
1881 579 1925 601 aut
1943 585 2002 612 pro-

1157 615 1225 640 xima
1246 615 1320 641 emti.
1345 615 1371 641 in
1396 614 1491 641 factum
1516 614 1600 642 datur.
1624 616 1655 643 fr.
1675 618 1699 644 6.
1724 617 1756 643 de
1775 627 1842 644 rese.
1862 617 1939 644 vend.
1962 619 2002 644 18.

1157 659 1181 683 5.
1236 657 1401 694 Exceptiouc
1425 659 1450 684 in
1475 657 1571 683 factum
1596 665 1757 696 comparata.
1786 659 1828 686 vel
1853 660 1907 687 doti
1933 660 2002 694 mali,

1158 699 1344 732 (submovcri.)
1368 700 1398 727 fr.
1419 702 1442 726 4.
1469 700 1490 733 5.
1510 702 1552 726 32.
1578 700 1610 727 de
1629 701 1653 728 (1.
1673 712 1706 729 111.
1731 713 1786 729 exc.
1812 704 1853 729 44.
1874 705 1898 729 4.
1919 703 1951 730 cf.
1970 703 2002 730 fr.

1158 744 1199 769 14.
1219 743 1241 777 5
1263 744 1303 769 13.
1323 743 1375 778 Qu.
1396 748 1456 770 met.
1477 754 1499 769 c.
1518 745 1542 769 4.
1556 745 1580 770 2.
1618 744 1646 770 In
1661 744 1756 772 factum
1776 751 1903 783 concepta
1923 746 2003 784 repli-

1158 787 1260 812 catione.
1280 787 1421 819 (retineri.)
1442 786 1472 812 fr.
1494 787 1534 812 15.
1554 796 1593 823 pr.
1615 787 1646 813 ad
1668 787 1699 814 L.
1719 788 1788 815 Falc.
1813 790 1855 815 35.
1874 791 1898 816 2.
1918 805 1951 809 -
1971 789 2002 823 §-

1158 830 1194 856 3.
1216 831 1441 863 Praeceptum,
1463 830 1662 856 Decretum..
1678 830 1719 858 111.
1733 833 1795 859 Cn.
1816 832 1900 858 Cuius
1919 833 2004 858 inten-

1158 873 1230 899 tione
1250 876 1340 898 contra
1360 872 1482 908 generale
1502 872 1597 899 factum
1611 874 1688 900 fuerit
1704 875 1885 901 constitutum.
1906 873 1955 901 Th.
1971 874 2002 901 C.

1157 915 1202 941 XI.
1227 916 1268 941 29.
1293 925 1314 941 c.
1340 916 1364 941 6.
1389 915 1421 941 (10
1445 915 1518 942 relat.
1562 916 1770 954 Comprobatum
1795 917 1949 944 estfactum
1969 933 2003 937 ——

1157 957 1330 984 Proconsulis
1348 958 1471 985 Baeticae
1491 970 1504 985 a
1517 959 1550 986 D.
1565 959 1706 987 Hadriano.
1727 959 1798 996 quod
1811 970 1869 986 011111
1888 962 1915 987 in
1930 961 2003 998 quin—

1157 1001 1299 1037 quennium
1319 1001 1471 1038 relegasset.
1492 1002 1562 1029 Coll.
1582 1002 1635 1029 LL.
1656 1003 1689 1029 M.
1710 1003 1728 1029 1.
1750 1005 1790 1029 ll.

1192 1045 1352 1071 Facula.
1402 1047 1562 1071 Fruxtnm
1592 1048 1698 1081 ligni.
1727 1053 1837 1080 apt-*tm
1858 1048 2001 1082 facibus.

1156 1086 1199 1113 III.
1220 1088 1286 1114 Cn.
1306 1086 1416 1113 Furtum
1441 1097 1493 1113 non
1518 1087 1611 1121 facies,
1631 1105 1663 1108 —
1683 1093 1811 1125 extraque
1830 1089 1940 1121 hastam,
1959 1088 2003 1115 ha-

1156 1129 1226 1161 stile,
1246 1129 1329 1166 ligna,
1349 1140 1459 1167 napum.
1479 1129 1618 1167 pabulum.
1639 1137 1739 1163 utrem,
1760 1132 1863 1164 follem,
1883 1131 2002 1163 faculam,

1134 1172 1262 1242 Hsixquid
1282 1173 1318 1199 ibi
1337 1174 1472 1200 inveneris
1492 1177 1542 1200 etc.
1562 1173 1605 1200 Fr.
1620 1174 1650 1201 L.
1665 1174 1752 1201 Cincii
1771 1174 1846 1201 [Cri.
1865 1175 1918 1212 Ap.
1932 1174 2001 1202 Gell.

1133 1222 1135 1228 '
1155 1216 1181 1243 X
1199 1216 1226 1242 Ἰ.
1247 1218 1270 1242 4.

1191 1261 1384 1287 Facultas.
1422 1260 1453 1293 §-
1485 1260 1520 1286 1.
1558 1262 1721 1291 Potestas.
1755 1262 1874 1295 Copia,
1905 1258 2000 1287 Athi-

1155 1305 1264 1329 trz'um.
1303 1302 1321 1329 1.
1342 1304 1404 1338 Sy.
1424 1302 1555 1329 Potestas.
1576 1302 1633 1330 Gai.
1654 1303 1683 1330 II.
1706 1306 1762 1330 160.
1784 1305 1841 1330 163.
1862 1303 1932 1330 Coll.
1947 1303 2000 1330 LL.

1155 1345 1188 1372 M.
1208 1345 1252 1372 lv.
1273 1347 1297 1372 7.
1317 1356 1357 1383 sq.
1395 1346 1561 1379 Arffitratus,
1586 1346 1682 1373 Libera
1706 1346 1825 1373 facultas.
1851 1346 1881 1373 fr.
1903 1348 1942 1373 17.
1962 1347 2000 1381 55.

1153 1391 1177 1415 3.
1198 1399 1238 1425 sq.
1258 1388 1291 1415 de
1310 1400 1361 1416 rec.
1383 1400 1426 1426 qn.
1447 1388 1502 1415 arb.
1522 1391 1546 1415 4.
1566 1390 1590 1415 8.
1627 1389 1670 1416 1115
1685 1390 1848 1423 (testamenti
1867 1388 2001 1423 faciendi.)

1131 1434 1133 1450 ³
1154 1431 1184 1458 fr.
1209 1434 1233 1458 6.
1258 1442 1297 1469 pr.
1323 1432 1352 1459 fr.
1381 1434 1419 1459 19.
1458 1432 1509 1468 Qu.
1536 1437 1639 1459 testam.
1665 1433 1713 1459 fac.
1739 1443 1765 1470 p.
1785 1435 1827 1459 28.
1849 1434 1871 1459 l.
1908 1431 2001 1465 Posse,

1152 1474 1259 1507 Licere.
1286 1475 1447 1502 Facultatem
1472 1475 1578 1502 habere.
1604 1474 1661 1502 Gai.
1681 1476 1699 1502 I.
1722 1478 1779 1502 150.
1802 1477 1860 1502 152.
1880 1485 1920 1512 sq.
1957 1475 2000 1502 111.

1158 1520 1223 1545 Gn.
1247 1517 1409 1545 Facultatem
1433 1523 1460 1545 et
1483 1523 1644 1556 potestatem
1670 1518 1812 1545 exhibendi
1838 1518 1943 1545 habere.
1969 1518 2000 1545 fr.

1152 1563 1195 1587 21.
1215 1562 1236 1595 5.
1256 1563 1280 1588 3.
1306 1561 1338 1588 de
1358 1572 1418 1587 nox.
1439 1566 1488 1587 act.
1509 1563 1532 1588 9.
1553 1564 1576 1588 4.
1615 1561 1700 1599 Copia
1726 1561 1890 1598 facultasque
1915 1562 2001 1598 (prae-

1153 1606 1236 1630 sentis
1257 1605 1400 1641 corporis.)
1426 1604 1456 1630 fr.
1480 1606 1539 1630 215.
1565 1604 1598 1630 (10
1617 1604 1649 1631 Υ.
1671 1605 1697 1630 S.
1722 1606 1763 1630 50.
1786 1606 1825 1631 16.
1863 1603 1917 1630 Sed
1937 1604 2001 1631 haec

1153 1647 1279 1674 recedunt
1299 1647 1330 1673 ab
1350 1647 1538 1684 impedimento
1558 1647 1684 1679 naturali.
1705 1652 1730 1673 et
1748 1648 1895 1684 respiciunt
1914 1647 1946 1673 ad
1967 1647 2001 1673 fa-

1154 1690 1277 1716 cultatem
1304 1690 1390 1717 dandi.
1415 1690 1448 1716 fr.
1474 1691 1530 1716 137.
1555 1691 1576 1724 5.
1601 1692 1626 1716 4.
1651 1690 1683 1717 de
1709 1689 1740 1716 V.
1762 1689 1794 1716 Ο.
1820 1692 1862 1716 45.
1885 1692 1907 1716 l.
1944 1689 2001 1717 Nec

1153 1734 1234 1769 magis
1259 1732 1403 1759 dominium
1427 1742 1563 1759 servorum
1588 1732 1775 1770 spectandum,
1796 1742 1873 1769 quam
1894 1732 2001 1759 faculta-

1154 1781 1206 1803 tem
1230 1776 1344 1802 habendi
1370 1786 1423 1802 005.
1448 1776 1479 1802 fr.
1506 1778 1528 1802 1.
1554 1776 1575 1809 5.
1596 1778 1619 1802 6.
1645 1776 1677 1802 de
1697 1775 1782 1813 pecul.
1806 1777 1844 1802 15.
1868 1777 1889 1802 l.
1928 1775 2000 1803 Titio

1154 1821 1239 1856 capite
1259 1819 1402 1851 deminuto.
1423 1818 1532 1845 facultas
1552 1818 1674 1845 solvendi
1695 1819 1766 1845 Titio
1786 1828 1838 1844 11011
1859 1818 1999 1845 intercidit.

1131 1859 1132 1865 ¹
1153 1863 1183 1889 fr.
1204 1865 1245 1889 95.
1266 1862 1288 1896 5.
1308 1864 1332 1888 6.
1353 1862 1385 1888 dc
1404 1861 1483 1887 solut.
1504 1862 1545 1887 46.
1565 1863 1588 1888 3.
1628 1862 1656 1888 Si
1673 1866 1735 1888 tnnc
1754 1861 1905 1888 facultatem
1922 1871 2000 1899 pecu-

1153 1907 1211 1932 niae
1230 1915 1283 1932 uon
1303 1905 1395 1931 habuit
1414 1906 1508 1938 (reus.)
1533 1904 1564 1930 fr.
1585 1906 1625 1930 73.
1651 1904 1683 1931 de
1707 1914 1812 1942 procur.
1831 1905 1856 1930 3.
1875 1905 1899 1931 3.
1936 1903 1998 1936 Res,

1153 1959 1262 1986 quarum
1282 1948 1353 1974 salva
1374 1948 1521 1974 substantia
1543 1947 1633 1973 utendi
1654 1947 1757 1973 fruendi
1777 1951 1867 1984 potest
1886 1956 1945 1973 esse
1965 1946 1999 1973 fa—

1130 1994 1132 2004 ⁴
1154 1992 1246 2019 cultas.
1266 1991 1328 2028 le.
1348 1990 1448 2017 XXIV.
1466 1993 1507 2016 26.
1546 1990 1644 2016 onris
1661 1991 1716 2016 iure
1730 1989 1865 2016 ducendae
1879 1989 1997 2016 facultas.

1153 2035 1192 2061 lb.
1210 2034 1242 2061 V.
1262 2037 1285 2061 3.
1307 2034 1458 2060 Promiseua
1479 2032 1589 2059 facultas
1610 2034 1735 2069 (potioris
1757 2032 1928 2068 nominandi.)
1949 2031 1999 2059 Va-

1153 2079 1196 2104 tic.
1216 2078 1238 2111 5.
1261 2080 1317 2103 158.
1363 2076 1458 2103 Libera
1478 2074 1588 2102 facultas
1608 2076 1746 2108 (11101115.)
1766 2074 1796 2100 fr.
1822 2076 1846 2101 8.
1872 2075 1945 2108 5.1.
1965 2075 1998 2102 (10

1153 2130 1230 2158 poen.
1250 2121 1291 2145 48.
1314 2121 1352 2146 19.
1373 2135 1405 2139 —
1426 2120 1457 2152 §.
1477 2119 1511 2144 2.
1533 2119 1739 2149 Facultates,
1760 2119 1776 2143 i.
1790 2128 1809 2143 e.
1832 2119 1924 2144 Vires
1942 2128 1998 2152 pa-

1130 2159 1131 2168 *
1153 2164 1320 2194 trimouit',
1341 2163 1582 2188 Patrimonium
1602 2162 1714 2194 ipsum.
1751 2160 1770 2186 I.
1791 2162 1852 2194 Sy.
1873 2160 1998 2187 Patrimo-

1153 2208 1237 2235 nium.
1259 2205 1380 2236 Census,
1400 2204 1543 2230 Fortunae.
1565 2203 1726 2229 Substantia.
1747 2203 1776 2229 fr.
1799 2205 1838 2229 16.
1858 2213 1896 2240 pr.
1918 2203 1950 2230 ad
1969 2203 1996 2230 S.

1154 2250 1185 2277 C.
1205 2249 1285 2276 Treb.
1305 2249 1346 2274 36.
1368 2249 1390 2274 l.
1411 2247 1441 2273 11.
1455 2249 1521 2281 (Dp.
1542 2246 1571 2272 111
1590 2246 1758 2273 facultatibus
1779 2256 1845 2272 csse.
1858 2262 1890 2266 —
1904 2246 1996 2283 Egere.

1154 2292 1195 2319 Cf,
1221 2303 1244 2318 v.
1271 2292 1363 2327 Egere.
1390 2291 1413 2324 5.
1437 2293 1462 2317 2.
1505 2289 1619 2316 Idoneus
1643 2288 1819 2315 facultatibus
1845 2305 1878 2308 —
1900 2289 1996 2326 Egens.

1154 2336 1195 2363 Cf.
1215 2345 1239 2362 v.
1259 2335 1354 2371 EgenS.
1392 2333 1506 2359 Idoneus
1530 2342 1596 2358 esse.
1622 2346 1654 2349 —
1680 2331 1745 2358 Labi
1770 2331 1945 2358 facultatibus.
1964 2331 1996 2359 fr.

1130 2372 1131 2375 ¹
1152 2381 1176 2405 8.
1197 2379 1229 2405 (10
1248 2378 1273 2405 (1.
1293 2388 1326 2404 111.
1346 2378 1370 2403 4.
1389 2378 1414 2402 3.
1434 2375 1464 2402 fr.
1486 2377 1507 2401 l.
1528 2375 1550 2408 5.
1572 2376 1611 2401 ll.
1633 2374 1665 2401 de
1685 2376 1800 2409 magistr.
1822 2384 1896 2401 conv.
1916 2377 1958 2402 27.
1972 2377 1995 2402 7.

1156 2422 1199 2449 lll.
1219 2423 1285 2449 Gn.
1305 2420 1433 2456 Quamvis
1453 2419 1520 2445 aeris
1539 2412 1616 2444 alieni
1636 2417 1787 2454 magnitudo
1809 2434 1838 2438 -—
1860 2417 1997 2444 facultates

1152 2465 1303 2503 patrimonii
1323 2464 1379 2489 eius
1404 2460 1521 2488 excedat.
1545 2461 1576 2487 fr.
1596 2463 1637 2487 36.
1663 2461 1695 2487 de
1719 2461 1779 2487 bon.
1802 2459 1889 2487 libert.
1909 2461 1951 2486 38.
1970 2462 1994 2487 2.

1152 2508 1188 2534 Vt
1207 2518 1255 2545 pro
1276 2505 1443 2533 facultatibus
1463 2503 1592 2535 defuncti,
1613 2509 1638 2529 et
1658 2503 1825 2541 depositione
1843 2503 1994 2541 patrimonii

1152 2550 1331 2585 (debeantur.)
1351 2547 1380 2574 fr.
1400 2549 1425 2573 3.
1444 2546 1481 2580 55.
1501 2548 1525 2572 2.
1545 2557 1585 2583 sq.
1606 2546 1638 2573 de
1658 2557 1716 2573 ann.
1736 2546 1812 2583 legat.
1823 2548 1865 2573 33.
1882 2548 1903 2573 l.
1940 2545 1994 2573 Mo-

1152 2594 1201 2620 dus
1221 2604 1254 2620 ex
1273 2590 1440 2619 facultatibus
1460 2594 1485 2615 et
1505 2589 1630 2625 dignitate
1646 2589 1763 2616 mulieris
1782 2590 1923 2625 maritique
1941 2593 1993 2615 sta-

1152 2637 1264 2664 tuendus
1284 2639 1331 2661 est.
1351 2633 1381 2659 fr.
1401 2634 1442 2658 60.
1463 2632 1495 2659 (10
1514 2633 1570 2659 iure
1593 2632 1646 2658 dot.
1666 2634 1707 2658 23.
1726 2634 1750 2658 3.
1789 2632 1840 2658 Pro
1859 2630 1939 2657 modo
1958 2629 1992 2656 fa-

1151 2680 1276 2706 cultatum
1301 2686 1406 2703 suarum
1432 2676 1567 2711 (egentem
1591 2680 1730 2712 patronum
1750 2674 1845 2707 alere.)
1870 2672 1941 2699 Paul.
1961 2672 1991 2699 11.

1150 2725 1192 2749 32.
1212 2722 1276 2756 51.
1315 2720 1343 2745 Si
1364 2718 1468 2755 quidem
1489 2723 1602 2745 tutorem
1621 2728 1673 2744 non
1692 2717 1839 2748 facultates,
1859 2715 1905 2741 sed
1926 2714 1992 2741 frau-

1151 2765 1257 2792 dulenta
1277 2764 1303 2789 in
1322 2762 1401 2789 rebus
1422 2761 1612 2799 pupillaribus,
1637 2760 1684 2786 sed
1704 2759 1797 2787 callida
1817 2759 1990 2789 conversatio,

1150 2810 1315 2844 (suspectum
1336 2804 1521 2835 commendet.)
1541 2804 1570 2830 fr.
1581 2806 1623 2829 31.
1642 2804 1704 2837 5.1.
1726 2802 1758 2829 de
1776 2801 1830 2828 reb.
1850 2805 1917 2828 auct.
1937 2801 1989 2827 iud.

1149 2853 1190 2878 42.
1210 2853 1234 2877 5.
1276 2849 1360 2886 Saepe
1384 2848 1416 2875 de
1441 2845 1610 2874 facultatibus
1634 2846 1690 2872 suis
1714 2844 1841 2882 ampliu5‚
1863 2853 1940 2880 quam
1962 2844 1989 2870 in
