2197 3121
1031 163 1134 195 CON.

217 257 312 279 testata
331 257 379 278 est.
410 250 441 278 sr.
461 252 503 278 26.
528 251 550 284 3.
570 252 594 276 5.
618 247 651 275 de
671 257 731 274 nox.
753 252 801 273 act.
827 248 851 274 9.
871 248 894 273 4.
935 247 975 273 Eo
995 251 1057 273 tem-
1078 247 1080 251 '

216 305 282 333 pore.
302 305 353 331 quo
374 294 406 321 lis
427 298 596 320 contestatur.
623 291 653 317 fr.
667 292 710 317 22.
730 291 751 324 3.
771 292 794 316 5.
815 289 864 316 sol.
883 291 994 316 matrim.
1014 291 1056 315 24.

216 340 240 364 3.
279 338 316 369 Si.
338 354 369 357 —
389 337 486 364 iudicio
506 336 537 362 de
557 335 618 361 dote
638 338 794 365 contestato,
813 343 919 359 reversa
938 332 1056 359 fueritin
1078 343 1079 346 ¹

217 381 418 407 matrimonium.
438 380 468 406 t'r.
484 381 523 405 19.
544 379 577 404 ib.
597 379 639 403 24.
652 379 675 402 3.
697 376 728 403 cs.
749 376 778 403 fr.
794 377 816 402 7.
836 376 858 410 3.
874 377 896 402 1.
917 375 948 402 de
968 374 1056 401 hered,
1078 379 1079 402 ¹

217 428 270 460 pet.
290 425 313 449 5.
328 425 352 449 3.
384 423 531 459 Antequam
545 421 578 447 lis
598 424 770 451 contestetur,
788 418 831 445 vel
850 418 950 454 aliquid
969 429 1001 444 ex
1015 417 1058 444 (18-

218 466 274 492 bito
294 467 412 503 accipiat.
433 475 453 491 c.
473 467 497 491 3.
518 464 550 490 de
569 468 655 489 novat.
676 464 699 489 8.
718 464 760 488 42.

255 508 498 536 Contestatio.
536 508 566 540 ξ.
594 508 628 533 l.
668 506 866 532 Declaratio
895 505 1057 530 adhibitis

218 553 488 587 testibzcxfacta‚
516 551 674 576 Testatio.
710 548 729 574 1.
750 549 810 581 Sy.
839 546 967 573 Testatio.
996 545 1057 583 le.

218 594 276 620 XX.
297 596 321 620 9.
346 594 376 620 fr.
395 595 436 619 20.
461 593 482 626 3.
502 593 526 618 8.
551 592 602 627 Qu.
628 596 730 617 testam.
750 590 797 616 sae.
818 600 843 626 p.
869 592 911 615 28.
934 591 955 615 1.
994 589 1058 615 Sen—

219 638 299 663 tentia
319 637 444 669 (mentis.
464 645 484 661 s.
504 634 676 665 voluntatis).
706 633 766 669 Ylp.
786 632 846 658 XX.
868 635 889 658 1.
909 632 940 658 fr.
962 634 983 658 1.
1004 632 1020 658 1.
1041 632 1057 659 l.

218 682 259 705 25.
282 681 303 705 1.
341 678 505 705 Adtestatio.
526 677 698 704 Testilicatio.
728 675 777 702 Th.
798 674 828 701 C.
849 674 917 701 VIII.
939 677 978 702 12.
999 686 1019 701 c.
1034 678 1057 701 2.

219 731 258 758 sq.
285 732 305 747 c.
325 723 349 747 5.
378 721 409 747 de
430 720 517 746 donat.
564 720 607 746 111.
633 721 698 747 (711.
733 718 816 745 Cuius
840 719 877 744 rei
903 719 1059 744 contestatio

219 764 288 801 apud
307 763 457 790 Praesident
477 763 554 789 Prov.
574 761 728 799 deponenda
755 766 802 787 cst.
831 760 904 787 Paul.
926 761 955 787 11.
977 763 1016 787 14.
1036 762 1058 795 3.

220 808 245 833 6.
282 806 361 843 Apud
386 811 503 832 actorum
527 805 744 832 contestationem
769 803 902 830 confectae
927 803 1061 836 (donatio-
1081 825 1082 828 ,

219 849 287 881 nes).
314 849 363 875 Th.
380 849 410 876 C.
432 849 448 876 l.
464 849 479 875 1.
501 859 522 875 c.
536 851 560 875 3.
592 847 647 873 Nec
661 846 752 873 illicita
772 848 947 873 concussione
966 857 1061 873 vexare

219 895 273 922 (sc.
294 893 405 923 naves).
430 902 479 918 nec
502 890 607 918 libellos
632 894 676 916 aut
701 891 906 916 contestationes
926 891 1061 927 suscipere
1082 904 1083 910 ι

220 940 268 961 etc.
297 934 334 961 1b.
354 934 398 960 YI.
418 936 459 961 29.
480 945 500 960 c.
515 935 538 960 8.
559 933 591 959 de
606 934 701 959 curios.
740 933 839 959 Omnes
860 932 984 970 deinceps
1005 943 1062 959 cau·
1082 926 1083 930 1

218 978 306 1004 tiones
326 979 377 1003 vim
398 977 598 1003 contestationis
618 977 747 1012 accipiant
766 980 814 1001 etc.
842 975 878 1002 lb.
899 975 928 1001 II.
942 977 983 1002 27.
1004 986 1024 1001 c.
1039 977 1060 1001 l.
1083 970 1084 997 Ῐ

219 1021 241 1054 3.
262 1021 285 1045 5.
306 1021 328 1046 si
349 1025 410 1046 cert.
424 1025 476 1056 pet.
496 1019 528 1046 de
543 1019 606 1045 chir.
643 1018 682 1045 Re
703 1024 727 1044 et
747 1018 824 1046 facto.
844 1028 896 1044 non
915 1018 982 1045 nuda
1003 1028 1062 1044 con·
1084 1032 1085 1045 ι

219 1064 374 1094 testatione.
394 1062 568 1095 (domicilium
589 1062 746 1089 transferri).
776 1061 806 1087 fr.
825 1064 866 1087 20.
888 1061 919 1087 ad
938 1062 1061 1098 municip.
1084 1054 1085 1059 ¹

219 1107 261 1132 50.
284 1108 305 1131 l.
344 1105 471 1131 Testibus
492 1105 619 1131 adhibitis
640 1105 859 1131 contestationem
879 1104 986 1131 debebit
1004 1115 1063 1141 pro-
1084 1101 1085 1108 ¹

219 1158 325 1185 ponere.
354 1148 404 1175 Tb.
425 1148 456 1174 C.
475 1148 532 1174 XII.
552 1149 576 1174 6.
597 1158 618 1174 c.
637 1150 661 1173 2.
682 1148 704 1181 3.
719 1149 741 1173 l.
762 1147 794 1173 (18
813 1152 959 1184 susceptor.
993 1147 1063 1174 Con-

219 1192 326 1217 testatio
346 1191 451 1228 publice
471 1192 616 1228 proposita.
647 1200 667 1216 c.
687 1192 711 1216 2.
733 1190 764 1216 de
784 1189 809 1216 h.
831 1201 872 1227 qu.
893 1201 918 1227 p.
938 1196 998 1217 met.
1010 1190 1061 1217 iud.

216 1284 334 1313 gaules
363 1279 554 1311 situ-ipitur.
598 1276 616 1302 I.
641 1278 702 1310 Sy.
731 1275 777 1301 Lis
802 1281 955 1302 contestata.
993 1276 1063 1302 Con-

218 1321 325 1346 testatio
345 1319 409 1346 litis.
438 1320 495 1347 Gai.
514 1320 555 1346 III.
578 1321 634 1345 180.
655 1329 695 1355 sq.
725 1318 755 1345 fr.
775 1320 816 1345 40.
841 1319 862 1352 3.
883 1322 906 1345 3.
932 1319 964 1346 de
988 1330 1061 1356 proc.

218 1364 244 1389 3.
263 1364 287 1389 3.
308 1362 337 1389 fr.
357 1365 398 1389 22.
425 1363 446 1396 3.
467 1365 490 1388 5.
516 1362 565 1389 sol.
586 1363 695 1389 matrim.
715 1363 756 1387 24.
776 1364 800 1388 3.
837 1362 880 1388 III.
907 1364 972 1390 Cn.
998 1363 1062 1389 Inci-

219 1406 260 1442 pit
278 1407 361 1432 teneri
381 1416 440 1432 reus
460 1405 514 1432 litis
535 1406 734 1432 contestatione.
754 1421 787 1424 —
807 1405 916 1432 Sublata
929 1405 983 1432 litis
1003 1416 1062 1432 con-

221 1449 375 1481 testatione.
395 1450 487 1485 incipit
509 1459 540 1475 ex
560 1458 637 1475 causa
656 1447 764 1474 iudicati
784 1450 874 1476 teneri.
905 1448 962 1475 Gai.
983 1449 998 1475 l.
1019 1449 1035 1475 l.

257 1492 488 1518 contestato.
510 1491 622 1525 (Advb.)
653 1492 728 1517 Cum
747 1494 932 1518 testatione.
966 1492 983 1518 Ι.
1001 1493 1061 1526 Sy.

221 1532 339 1560 Testato.
369 1534 398 1560 fr.
422 1537 442 1561 1.
468 1535 533 1568 3.1.
565 1535 617 1570 Qu.
638 1535 720 1560 iussu.
752 1536 791 1560 15.
812 1536 835 1561 4.
883 1535 1063 1562 Denunciare.

222 1576 379 1603 Contestato
400 1577 495 1604 dicere.
524 1577 554 1603 fr.
572 1580 592 1603 1.
613 1577 650 1612 33.
665 1579 688 1604 4.
705 1580 744 1604 12.
765 1577 796 1603 dc
810 1587 914 1613 agnose.
935 1583 960 1605 et
979 1578 1063 1605 alend.

220 1622 263 1647 25.
281 1623 305 1647 3.

259 1664 570 1690 contestatorius.
587 1663 716 1695 (Adiect.)
732 1665 922 1691 Contestato
937 1666 1062 1700 factus.
1085 1662 1087 1672 ²

223 1704 266 1731 111.
290 1707 356 1733 Cn.
384 1706 413 1732 Si
438 1707 491 1732 sint
515 1707 664 1739 sessiones.
685 1723 717 1726 —
738 1707 896 1734 denunciare
922 1707 1013 1740 debet,
1039 1713 1064 1734 et

224 1747 296 1773 adire
318 1747 481 1777 Praetorem.
507 1765 539 1769 —
564 1751 586 1776 si
610 1749 688 1776 feriae
712 1751 778 1781 sint,
804 1749 911 1776 libellos
936 1750 980 1777 det
1003 1761 1063 1777 con-

225 1792 384 1817 testatorios.
417 1791 501 1818 Vatir.
523 1793 622 1826 3156.

260 1834 482 1861 contexere.
520 1836 550 1868 §-
570 1837 604 1862 1.
642 1837 770 1862 Texere.
808 1835 826 1861 Ι.
852 1836 912 1869 Sy.
943 1834 1062 1871 Opifices

224 1876 307 1901 vestis
327 1875 422 1902 linteae
445 1877 631 1904 contexendae.
669 1877 808 1904 Textores.
837 1877 886 1904 Tb.
908 1876 939 1903 C.
963 1878 996 1904 X.
1020 1880 1061 1903 20.

227 1929 248 1944 c.
268 1920 292 1944 6.
313 1918 346 1945 de
364 1919 480 1955 murileg.
511 1936 543 1939 —
575 1921 606 1953 §.
631 1921 665 1946 2.
696 1922 896 1954 Componere.
934 1919 976 1946 111.
997 1922 1063 1947 Cn.
1085 1931 1086 1953 j

224 1961 266 1987 Ad
285 1962 350 1987 tanti
370 1964 620 1989 consummationem
639 1964 736 2000 operis,
756 1968 781 1989 et
801 1962 980 1989 contexendos
994 1963 1065 1990 codi-

226 2014 277 2031 ces.
307 2003 344 2030 lb.
364 2003 383 2030 1.
405 2006 426 2030 l.
449 2015 469 2031 c.
490 2007 514 2031 5.
540 2005 655 2039 (thk.)
679 2006 711 2032 de
735 2010 818 2031 const.
844 2005 887 2032 Pr.
924 2004 974 2032 Per
992 2007 1065 2032 testi—

224 2048 310 2073 monia
328 2057 382 2073 non
401 2049 512 2084 scripta,
537 2053 562 2074 et
582 2048 648 2074 falso
673 2053 808 2079 contexta,
833 2048 995 2075 adseverare.
1026 2049 1063 2075 Ib.

224 2089 268 2116 IV.
288 2091 312 2116 4.
333 2100 354 2116 c.
374 2092 397 2116 5.
418 2090 450 2116 de
470 2095 570 2117 testam.
591 2096 616 2117 et
635 2091 718 2118 codic.

262 2133 473 2160 Contextio.
514 2135 671 2166 Textara,
697 2135 898 2161 Fabricatio.
936 2134 978 2161 111.
998 2136 1064 2163 Cn.

228 2176 307 2201 Sexta
326 2177 413 2212 portio
434 2186 446 2202 a
466 2177 637 2212 gynaeciariis
662 2193 694 2196 —
720 2187 767 2214 pro
788 2177 877 2203 eadem
896 2179 1065 2204 contextione
1087 2178 1088 2203 Ξ

228 2223 357 2254 suscepta.
390 2219 427 2245 lb.
446 2218 502 2245 ΥΠ.
522 2220 545 2245 6.
567 2229 587 2245 c.
608 2222 631 2245 5.
652 2219 685 2246 de
703 2220 778 2246 milit.
792 2225 874 2246 veste.
912 2220 1064 2253 contextio.

228 2259 271 2286 vel
294 2263 455 2288 constructio
480 2263 591 2288 navium.
628 2261 664 2288 lb.
691 2261 747 2288 ΥΠ.
773 2265 812 2289 17.
838 2274 858 2289 c.
880 2265 901 2289 l.
928 2263 959 2290 de
983 2263 1064 2290 lusor.

229 2302 332 2328 Dauub.

265 2345 478 2375 contextum
523 2349 790 2375 consarcinator.
832 2348 874 2375 III.
899 2350 964 2376 Cn.
997 2349 1067 2375 Con-

229 2392 346 2414 textores
366 2388 442 2415 buius
462 2390 642 2416 Theodosiani
661 2390 768 2417 codicis.
797 2391 834 2418 lb.
854 2391 872 2417 Ι.
895 2394 916 2418 l.
936 2403 956 2418 c.
971 2394 994 2418 6.
1009 2393 1065 2426 32.

230 2430 343 2463 (ch.)
364 2430 396 2457 (18
414 2437 496 2458 const.
517 2433 558 2460 Pr.

267 2474 483 2500 ContextuS.
512 2475 638 2509 (Subst.)
677 2479 913 2509 Continuatiu,
936 2478 1065 2509 Vnitas,

232 2517 432 2542 Conillnvliv
454 2520 587 2551 (rerum,
607 2522 657 2546 vel
676 2523 866 2550 verborum).
896 2520 988 2554 [Sy.
1007 2519 1090 2546 Vno¹

233 2558 379 2594 eodemque
397 2563 528 2595 tempore,
547 2560 606 2587 Vno
627 2567 758 2589 contextu.
785 2563 807 2596 3.
827 2564 852 2589 3.
871 2562 889 2588 Ι.
915 2562 947 2588 de
966 2567 1067 2589 testam.

233 2601 289 2627 ord.
309 2603 333 2626 2.
350 2603 390 2627 10.
418 2601 528 2627 vicinae
542 2604 694 2640 scripturae.
723 2605 871 2632 Contextus
886 2607 1068 2639 (testamenti).

234 2643 266 2670 fr.
285 2645 327 2669 21.
348 2644 407 2677 31.
429 2644 480 2679 Qu.
502 2649 603 2671 testam.
622 2646 669 2674 sac.
688 2659 713 2685 p.
732 2650 774 2675 28.
790 2650 812 2674 1.
836 2648 866 2675 fr.
881 2650 921 2674 75.
942 2647 974 2674 de
992 2647 1068 2684 legat.

235 2686 277 2713 111.
298 2687 364 2719 (32.)
402 2685 444 2712 ΠΙ.
459 2688 524 2714 Gn.
553 2687 583 2713 Si
601 2690 671 2715 unita
691 2691 725 2716 sit
744 2692 839 2728 (pars)
859 2695 983 2717 contextu
1002 2690 1070 2717 aedi-

235 2730 363 2756 ficiorum.
396 2728 425 2755 sr.
445 2730 485 2755 15.
505 2729 527 2763 3.
548 2731 589 2756 13.
610 2730 643 2757 de
662 2731 727 2758 dam.
746 2733 791 2759 inf.
810 2735 852 2760 39.
871 2736 895 2760 2.
931 2733 991 2759 Vno
1011 2743 1070 2759 con-

237 2777 312 2798 textu
331 2776 403 2798 actus
423 2773 522 2798 testari.
547 2772 577 2799 fr.
590 2775 632 2799 21.
646 2774 667 2807 3.
680 2775 705 2800 3.
725 2774 776 2810 Qu.
795 2781 897 2802 testam.
915 2776 963 2802 sac.
983 2786 1009 2813 p.
1027 2777 1069 2802 28.

240 2817 261 2840 l.
300 2813 392 2850 Neque
412 2819 564 2841 contextum
581 2815 721 2842 verborum
740 2819 822 2844 totius
846 2820 1004 2856 scripturae,
1029 2829 1071 2845 ne-

223 1247 243 1260 ι.
263 1235 304 1260 67.
325 1250 357 1253 -
379 1235 409 1267 5.
427 1236 462 1261 2.
489 1236 603 1265 Actus.
624 1244 681 1268 quo
701 1235 862 1259 indicium
885 1236 972 1260 inter
990 1235 1085 1266 liti-2

1879 165 1941 194 211

1103 257 1152 283 que
1171 251 1284 273 mentem
1299 247 1441 272 testatricis
1456 256 1511 272 eam
1525 255 1583 272 esse
1605 250 1652 271 ete.
1680 245 1708 271 fr.
1722 247 1763 271 44.
1785 244 1816 270 de
1830 255 1940 271 manum.

1102 294 1162 316 test.
1183 291 1224 316 40.
1245 291 1268 315 4.

1137 333 1354 359 (¹ontextus.
1381 331 1501 365 (Partic.)
1532 332 1562 364 ξ.
1582 333 1616 358 1.
1640 332 1782 357 Tartara
1802 332 1940 357 iunctim.

1102 374 1119 401 1.
1140 376 1200 409 Sy.
1229 374 1309 410 Quod
1333 375 1359 400 in
1385 374 1435 400 tela
1456 380 1503 401 est.
1541 374 1710 401 Contextum.
1742 373 1771 399 fr.
1793 375 1833 399 70.
1858 374 1878 407 3.
1901 375 1940 400 12.

1102 417 1134 444 de
1153 418 1229 454 legat.
1248 416 1291 443 111.
1312 418 1379 450 (32.)
1404 417 1434 443 fr.
1448 420 1490 444 22.
1510 417 1542 443 de
1561 427 1624 443 auro
1644 426 1695 452 arg.
1715 418 1756 442 34.
1775 418 1799 441 2.
1832 416 1860 442 11.
1874 418 1942 450 ΟΡ.

1102 461 1254 487 Detextum.
1290 460 1319 486 sr.
1339 462 1380 486 70.
1405 460 1488 493 311.
1514 460 1529 486 1.
1550 461 1625 491 (32.)
1659 459 1689 485 sr.
1709 461 1751 485 22,
1778 458 1795 485 1.
1822 461 1879 490 (34.
1898 460 1941 491 2.)

1103 503 1144 529 111.
1167 505 1231 531 (Ἰι.
1263 503 1428 539 Margaritae.
1449 513 1515 538 quae
1536 504 1570 528 ita
1590 503 1749 528 ornamentis
1769 501 1942 528 muliebribus

1103 551 1241 572 contextae
1261 551 1322 572 sunt
1341 550 1389 572 etc.
1420 544 1450 571 fr.
1469 547 1511 571 32.
1532 546 1553 579 3.
1576 547 1597 571 l.
1618 545 1634 571 l.
1654 544 1671 571 l.
1690 546 1731 570 34.
1751 548 1775 570 2.
1796 561 1827 564 -—
1848 546 1878 578 §.
1906 547 1940 571 2.

1104 591 1328 623 Compasitus,
1357 589 1565 615 Fabricatus.
1608 587 1625 613 1.
1651 589 1712 621 Sy.
1741 586 1830 613 Novae
1854 587 1887 614 de
1906 589 1942 614 in-

1103 637 1175 668 tegro
1196 636 1376 663 constructae,
1404 630 1513 657 Recenti
1534 630 1704 656 fabricatione
1724 635 1862 657 contextae
1883 632 1943 663 (na-

1080 694 1081 697 =
1103 676 1174 707 ves).
1205 675 1253 701 Tb.
1270 675 1300 701 C.
1321 674 1377 700 VII.
1398 676 1437 700 17.
1458 684 1479 700 c.
1501 675 1523 699 l.
1544 673 1575 699 (18
1595 672 1675 698 lusor.
1689 673 1793 699 Danub.

1139 719 1358 748 Conticuere,
1380 727 1403 743 v.
1425 715 1702 743 Contieescere.
1742 717 1873 747 Tacere,
1894 717 1943 742 Si-

1103 762 1206 786 lentia
1227 762 1344 794 sopiri.
1382 759 1400 786 1.
1416 761 1477 793 Sy.
1508 758 1638 784 Reticere.
1668 758 1698 784 fr.
1718 760 1741 785 6,
1761 769 1800 795 pr.
1821 758 1853 784 (18
1866 768 1943 795 poen.

1104 804 1145 829 48.
1167 805 1206 829 19.
1244 803 1337 829 Silere.
1366 802 1416 829 Th.
1432 801 1463 828 C.
1476 801 1521 827 IX.
1536 802 1576 827 16.
1591 812 1612 827 c.
1628 803 1650 827 4.
1671 800 1703 827 dc
1722 801 1806 827 males.
1827 806 1851 827 et
1864 801 1943 828 math.

1082 875 1083 879 ¹
1104 845 1146 871 111.
1168 847 1232 872 (711.
1261 846 1290 871 In
1310 845 1395 871 iudice
1415 845 1524 882 punias.
1550 845 1573 870 si
1591 845 1716 870 innoxios
1735 844 1898 876 verberavit3
1917 846 1943 871 in

1106 888 1209 916 officio.
1235 889 1257 914 si
1277 888 1389 914 sortasse
1409 887 1547 918 conticuit,
1574 886 1621 920 [al.
1642 887 1810 920 constituet}
1843 887 1879 913 Ib.
1899 887 1943 914 IX.

1108 934 1129 957 l.
1151 942 1171 957 c.
1194 934 1232 957 15.
1258 931 1289 957 de
1315 941 1399 957 accus.
1424 935 1449 956 et
1472 931 1551 955 inser.
1598 930 1762 956 Examinatio
1787 931 1945 956 conticescat

1107 980 1155 1001 etc.
1180 974 1218 1000 lb.
1238 974 1283 1000 XI.
1302 976 1344 999 24.
1365 984 1386 999 c..
1406 974 1429 999 (3.
1448 982 1487 1009 pr.
1512 972 1544 998 de
1562 977 1661 1009 patroc.
1681 974 1762 999 vicor.

1143 1017 1395 1051 contignatio.
1434 1017 1630 1042 Conium-tio
1655 1018 1840 1051 tignorum,
1865 1018 1946 1043 Con-

1107 1062 1253 1087 tinuatio
1282 1065 1445 1086 tectorum.
1489 1057 1531 1083 111.
1558 1059 1624 1085 Cn.
1657 1057 1685 1084 Si
1709 1063 1858 1085 transversa
1887 1069 1946 1086 con-

1108 1104 1216 1139 tignatio
1236 1107 1290 1129 tota
1310 1103 1336 1128 iu
1356 1101 1463 1127 aliarum
1482 1100 1585 1127 aedium
1604 1100 1749 1137 parietibus
1773 1101 1884 1128 sedebit.
1915 1102 1946 1129 fr.

1084 1143 1085 1147 ¹
1107 1148 1148 1172 47.
1170 1146 1201 1172 de
1216 1146 1282 1172 dam.
1301 1144 1346 1173 inf.
1365 1146 1406 1170 39.
1420 1146 1443 1169 2.
1482 1144 1562 1169 Binas
1583 1145 1641 1179 quis
1661 1143 1737 1169 aedes
1757 1144 1877 1176 habebat.
1897 1155 1946 1172 una

1084 1202 1085 1243 ¹
1109 1190 1304 1225 contignatione
1323 1189 1432 1214 iunctas.
1460 1186 1491 1212 sr.
1511 1188 1552 1212 36.
1573 1186 1605 1212 de
1624 1186 1651 1212 S.
1672 1186 1699 1212 P.
1720 1186 1750 1212 V.
1771 1190 1794 1213 ὅ.
1813 1189 1837 1213 2.

1143 1232 1362 1265 Contiguus.
1392 1229 1530 1262 (Adiect.)
1569 1231 1809 1261 Conterminus,
1830 1232 1947 1257 Proxi-

1083 1269 1085 1304 1
1107 1286 1179 1302 mus.
1217 1275 1248 1301 11.
1269 1276 1335 1308 Op.
1364 1272 1508 1308 contigua.
1529 1288 1561 1292 -—
1581 1271 1707 1303 Ylterior,
1727 1271 1842 1308 Longior
1862 1283 1890 1299 ac
1909 1284 1948 1299 re·

1083 1311 1085 1349 ¹
1106 1324 1191 1347 mota,
1216 1317 1401 1344 Transmarina
1429 1316 1606 1352 (provincia).
1641 1314 1690 1341 Th.
1712 1315 1742 1341 C.
1763 1316 1795 1341 X.
1817 1317 1838 1342 1.
1865 1326 1885 1342 c.
1907 1318 1947 1342 13.

1083 1364 1084 1371 ¹
1108 1361 1139 1388 de
1159 1363 1215 1387 iure.
1235 1361 1300 1386 fisci.
1320 1359 1353 1385 X.
1375 1361 1414 1384 10.
1436 1369 1457 1384 c.
1477 1360 1518 1384 27.
1538 1369 1577 1395 pr.
1597 1359 1618 1392 3
1638 1360 1662 1384 5.
1682 1357 1715 1384 de
1734 1360 1808 1395 petit.
1834 1364 1859 1384 et
1878 1358 1948 1385 ultro

1083 1400 1084 1439 1
1107 1405 1158 1431 dat.
1178 1403 1223 1430 M.
1243 1405 1285 1429 30.
1308 1414 1329 1429 c,
1349 1403 1391 1428 41.
1417 1412 1437 1428 c.
1458 1403 1499 1427 63.
1525 1401 1557 1427 de
1577 1411 1635 1438 app.
1656 1406 1682 1427 et
1701 1411 1777 1438 poen.
1801 1401 1846 1428 XI.
1865 1403 1906 1428 31.
1927 1412 1947 1429 c.

1083 1443 1084 1468 1
1107 1450 1130 1474 9.
1161 1447 1192 1474 tle
1221 1457 1304 1484 repar.
1330 1456 1390 1483 app.
1434 1444 1476 1470 111.
1505 1445 1570 1472 Cn.

1084 1493 1085 1527 ¹
1110 1491 1249 1517 Proximae
1270 1495 1347 1526 atque
1367 1488 1503 1524 contiguae
1523 1487 1715 1524 (provinciae).
1744 1486 1780 1513 lb.
1804 1488 1837 1513 X.
1863 1490 1902 1514 10.
1927 1499 1948 1515 c.

1084 1533 1086 1567 ¹
1112 1536 1154 1560 27.
1183 1534 1204 1567 3.
1224 1535 1247 1559 5.
1278 1532 1324 1559 XI.
1348 1534 1390 1558 30.
1416 1542 1436 1557 c.
1455 1532 1497 1557 63.
1538 1526 1623 1556 Fundi
1647 1546 1679 1549 —
1703 1531 1801 1556 civitati
1826 1532 1949 1568 contigui,

1085 1592 1087 1659 ¹
1109 1577 1151 1603 vel
1171 1577 1389 1614 propinquantes.
1418 1573 1485 1600 Nov.
1506 1572 1555 1599 Th.
1575 1572 1605 1598 11.
1625 1572 1658 1599 (18
1677 1574 1815 1609 patrimon.
1840 1573 1857 1599 Ι.
1876 1575 1900 1600 3.
1927 1584 1948 1600 c.

1085 1685 1087 1699 ¹
1146 1662 1365 1690 continens.
1395 1659 1524 1693 (Partic.)
1554 1659 1584 1691 ξ.
1606 1660 1640 1684 l.
1673 1660 1871 1690 Continuus,
1892 1661 1949 1685 Co-

1085 1701 1087 1733 i
1109 1708 1252 1733 haerens.
1294 1704 1313 1730 1.
1333 1705 1395 1738 sy.
1427 1702 1606 1728 cohaerentes
1626 1702 1695 1727 inter
1714 1711 1755 1732 se,
1776 1700 1949 1728 Continentes

1109 1748 1159 1782 [al.
1181 1746 1378 1783 contingentes]
1403 1755 1453 1771 res.
1492 1744 1522 1770 sr.
1546 1745 1587 1769 30.
1613 1753 1652 1780 pr.
1682 1743 1714 1770 de.
1741 1754 1830 1781 usurp.
1858 1746 1900 1771 41.
1924 1746 1949 1779 3,

1084 1786 1086 1813 1
1108 1791 1213 1817 Iunctae
1233 1789 1356 1823 (ltaliae).
1395 1787 1570 1814 Continentes
1591 1787 1784 1823 (provinciae).
1816 1786 1846 1813 sr.
1865 1789 1906 1814 99.
1926 1788 1948 1821 3.

1084 1842 1086 1873 ¹
1110 1836 1132 1860 l.
1155 1833 1187 1860 de
1208 1833 1239 1859 V.
1261 1832 1287 1858 S.
1308 1834 1349 1857 50.
1370 1832 1410 1857 16.
1449 1829 1528 1865 Quod
1548 1830 1657 1866 imperio
1676 1831 1848 1861 contineatur.
1868 1830 1950 1868 Impe-

1084 1880 1086 1917 ¹
1110 1878 1148 1903 rio
1170 1877 1308 1903 continens
1328 1873 1496 1907 (iudiciuin).
1526 1872 1582 1898 Gai.
1603 1872 1645 1899 111.
1670 1874 1727 1898 181.
1757 1872 1801 1899 IV.
1827 1875 1868 1899 80.
1890 1875 1946 1900 103.

1111 1922 1167 1946 105.
1182 1930 1221 1956 sq.
1243 1920 1300 1944 109.
1328 1916 1359 1943 ll.
1376 1918 1445 1950 ΟΡ.
1463 1915 1646 1947 Comini-ntes,
1667 1931 1698 1934 —
1713 1915 1850 1942 Distantes
1871 1916 1947 1949 (res).

1109 1962 1139 1989 fr.
1158 1964 1200 1988 30.
1225 1971 1264 1998 pr.
1293 1960 1311 1987 l,
1339 1962 1380 1986 41.
1403 1961 1427 1985 3.
1475 1958 1663 1989 continentes.
1693 1974 1724 1978 —
1749 1958 1950 1985 Transmarinae

1110 2004 1295 2042 (provinciae).
1317 2014 1338 2029 c.
1351 2005 1374 2029 1.
1394 2002 1426 2029 de
1446 2001 1563 2028 dilatiou.
1582 2003 1606 2028 3.
1623 2003 1662 2028 11.
1683 2000 1727 2033 (ci'.
1741 2011 1765 2027 v.
1781 2000 1949 2037 Contiguus.)

1086 2029 1088 2072 1
1110 2048 1277 2079 Murotcnus,
1298 2063 1330 2066 —
1351 2045 1555 2073 Continentibus
1576 2044 1630 2077 (sc.
1656 2043 1796 2076 aedificiis,
1821 2044 1891 2071 finiri
1910 2055 1950 2070 ur-

1086 2074 1088 2126 ¹
1111 2091 1185 2122 bes).
1218 2090 1250 2117 fr.
1269 2092 1294 2116 4.
1319 2090 1341 2123 3.
1361 2091 1385 2115 4.
1411 2088 1443 2115 de
1461 2099 1530 2126 penu
1550 2088 1597 2124 leg.
1622 2088 1663 2113 33.
1683 2088 1706 2113 9.
1743 2086 1784 2113 111.
1803 2088 1868 2114 Cn.
1899 2086 1950 2113 Ro-

1086 2134 1088 2149 ‘
1109 2144 1180 2165 mae.
1200 2133 1242 2160 vel
1262 2134 1288 2159 in
1308 2132 1504 2159 continentibus
1524 2130 1658 2157 aedificiis.
1689 2129 1717 2155 In
1735 2129 1799 2156 urbe
1813 2131 1877 2156 etin
1890 2140 1950 2156 con-

1111 2177 1257 2203 tinentibus
1284 2175 1419 2202 aedificiis.
1450 2175 1479 2201 fr.
1504 2176 1544 2200 45.
1569 2174 1590 2207 3.
1609 2175 1634 2199 3.
1659 2172 1691 2198 (18
1715 2177 1841 2198 excusatt.
1864 2174 1905 2198 27.
1927 2174 1948 2198 1.

1086 2210 1088 2250 ¹
1110 2220 1140 2246 fr.
1161 2222 1185 2245 5.
1206 2229 1264 2255 sqq.
1290 2218 1322 2245 de
1340 2228 1446 2255 procur.
1465 2219 1489 2243 3
1509 2219 1533 2243 3,
1567 2216 1596 2242 fr.
1616 2218 1640 2242 2.
1660 2226 1699 2252 pr.
1725 2215 1755 2241 fr.
1776 2217 1816 2241 87.
1840 2215 1870 2241 sr.
1891 2216 1947 2240 139.

1086 2258 1088 2298 ¹
1111 2273 1149 2299 pr.
1170 2262 1200 2288 fr.
1218 2264 1275 2288 147.
1296 2261 1328 2288 de
1342 2260 1373 2287 V.
1387 2260 1413 2287 S.
1435 2262 1475 2286 50.
1491 2261 1530 2285 16.
1567 2259 1596 2285 In
1615 2258 1679 2285 urbe
1698 2258 1788 2289 Roma,
1807 2258 1948 2294 propiusve

1087 2315 1088 2339 ς
1112 2305 1203 2331 urbem
1223 2304 1331 2331 Romam
1356 2313 1451 2340 passus
1471 2302 1519 2333 Μ..
1544 2302 1588 2328 ubi
1613 2302 1757 2327 continenti
1781 2300 1947 2326 habitabitur.

1087 2346 1089 2377 1
1111 2348 1177 2375 Tab.
1192 2347 1295 2374 Heracl.
1310 2347 1354 2373 lin.
1369 2348 1410 2371 20.
1426 2355 1484 2381 sqq.
1504 2346 1545 2371 56.
1566 2355 1616 2371 aer.
1636 2345 1679 2371 ΒΓ.
1700 2360 1733 2363 -
1753 2344 1782 2376 §-
1798 2345 1832 2369 2.
1852 2344 1948 2368 Prae-

1088 2405 1089 2410 *
1111 2402 1189 2418 sens.
1228 2390 1245 2417 1.
1272 2391 1333 2424 Sy.
1361 2389 1402 2415 Ex
1422 2389 1579 2419 continenti.
1604 2398 1625 2414 s.
1644 2387 1673 2414 In
1693 2385 1842 2413 continenti.
1879 2383 1948 2410 Con-

1088 2452 1089 2458 .
1112 2434 1207 2460 festini.
1238 2433 1268 2459 sr.
1289 2434 1330 2459 37.
1351 2432 1383 2458 de
1402 2431 1488 2457 fideic.
1508 2431 1571 2457 libb.
1591 2432 1632 2456 40.
1653 2432 1676 2456 5.
1705 2429 1734 2455 fr.
1753 2430 1777 2454 3.
1797 2427 1819 2460 3.
1833 2428 1857 2453 9.
1877 2426 1909 2453 (18
1922 2427 1947 2452 vi

1088 2469 1089 2505 1
1113 2482 1137 2503 et
1157 2477 1182 2502 vi
1203 2486 1264 2502 arm.
1284 2477 1325 2501 43.
1346 2476 1386 2500 16.
1423 2474 1453 2500 11.
1470 2476 1536 2508 Op.
1555 2474 1595 2500 Ex
1614 2470 1759 2499 intervallo.
1787 2469 1817 2495 fr.
1838 2471 1860 2495 7.
1881 2469 1903 2502 3.
1923 2470 1946 2495 5.

1114 2519 1146 2545 de
1166 2523 1234 2556 pact.
1257 2521 1280 2544 2.
1302 2519 1342 2543 14.
1371 2516 1401 2543 fr.
1420 2518 1461 2543 89.
1483 2516 1515 2543 de
1534 2516 1609 2543 cond.
1630 2520 1655 2541 et
1673 2513 1738 2539 dem.
1760 2513 1802 2538 35.
1824 2513 1846 2537 l.
1877 2510 1947 2538 Coll.

1089 2565 1090 2601 ¹
1114 2561 1166 2589 LL.
1187 2561 1220 2588 M.
1246 2560 1289 2586 IV.
1313 2562 1338 2586 2.
1374 2559 1533 2596 Interposito
1557 2564 1681 2594 tempore.
1714 2554 1744 2580 fr.
1768 2556 1809 2581 29.
1833 2563 1873 2591 pr.
1898 2553 1946 2580 sol.

1113 2605 1222 2631 matrim.
1242 2605 1283 2629 24.
1294 2605 1319 2629 3.
1340 2603 1370 2629 fr.
1385 2604 1442 2628 135.
1463 2603 1484 2636 3.
1504 2604 1527 2627 2.
1548 2601 1579 2627 de
1598 2600 1628 2626 V.
1650 2598 1682 2624 Ο.
1702 2599 1743 2623 45.
1764 2599 1786 2623 l.
1823 2596 1866 2623 111.
1881 2598 1947 2624 Cn.

1090 2643 1091 2688 ¹
1113 2648 1154 2674 Ex
1174 2647 1327 2677 continenti,
1347 2647 1462 2682 acceptis
1480 2644 1575 2670 litteris
1595 2642 1668 2673 meis,
1686 2641 1755 2667 veni.
1782 2639 1812 2666 fr.
1826 2641 1867 2665 61.
1887 2640 1908 2674 3.
1924 2641 1947 2665 1.

1090 2689 1091 2713 ¹
1114 2690 1146 2717 de
1166 2690 1200 2716 Ο.
1221 2694 1247 2715 et
1265 2689 1296 2715 A.
1321 2690 1362 2715 4-1.
1382 2690 1405 2714 7.
1438 2687 1469 2713 cs.
1495 2696 1515 2712 c.
1535 2688 1558 2711 3.
1583 2684 1616 2710 de
1640 2694 1720 2710 error.
1744 2683 1834 2710 advoc.
1857 2684 1881 2708 2.
1907 2683 1946 2707 10.

1090 2721 1092 2747 ⁵¹
1115 2733 1184 2760 Cum
1207 2733 1345 2770 pecuniam
1369 2735 1483 2757 mutuam
1508 2727 1580 2754 dedit
1604 2728 1663 2763 qujs
1685 2728 1742 2753 sine
1769 2725 1947 2763 stipulatione,

1091 2777 1092 2815 ¹
1115 2781 1140 2803 et
1160 2786 1192 2802 ex
1212 2775 1357 2802 continenti
1375 2773 1436 2799 secIt
1455 2769 1658 2807 stipulationem.
1686 2768 1716 2795 fr.
1730 2770 1754 2795 6.
1773 2769 1832 2802 3.1.
1853 2767 1885 2794 de
1903 2776 1947 2793 no-

1091 2818 1092 2840 Ῑ
1114 2824 1165 2845 vat.
1186 2820 1226 2844 46.
1246 2820 1270 2843 2.
1308 2817 1335 2842 In
1355 2814 1510 2844 continenti,
1534 2829 1566 2833 -—-
1589 2823 1673 2850 prope
1697 2822 1749 2838 uno
1773 2813 1827 2837 ictu
1852 2815 1877 2836 et
1896 2819 1946 2835 uno

1448 2856 1505 2881 27*

1609 1444 1755 1480 Contiguae
1782 1445 1948 1481 vicinaeque,
