2197 3121
980 153 1043 184 LIS
1068 172 1107 178 -
1132 154 1212 185 LIT.
1895 160 1956 190 547

234 236 290 263 Gai.
309 234 354 262 lV.
375 237 431 262 122.
452 231 484 263 cf.
508 235 591 262 Vatic.
617 236 639 269 3.
661 235 718 261 139.
755 233 922 260 Domesticae
942 234 1003 261 lites
1023 235 1072 267 (in-

233 278 336 306 terdum
355 280 538 305 exeusationes
557 277 715 310 merentur.)
742 276 778 303 lb.
803 277 825 310 9.
848 278 908 303 244.
929 294 958 298 -
985 278 1016 311 §-
1036 279 1071 304 2.

234 323 405 349 Iudicium.
442 321 461 351 Ι,
482 322 543 355 Sy.
567 321 628 348 Res.
653 320 682 346 sr.
702 320 744 345 44.
764 329 803 356 pr.
827 319 857 346 fr.
877 321 918 346 49.
942 319 974 346 de
993 320 1071 346 indic.

233 366 257 391 5.
279 365 300 390 l.
320 363 350 390 fr.
371 365 395 391 8.
419 365 483 398 9.1.
504 364 536 390 de
561 362 633 390 inoff.
658 367 760 389 testam.
781 364 803 388 5.
823 364 848 388 2.
872 361 902 388 fr.
921 363 945 388 6.
965 362 998 388 de
1018 362 1071 389 dot.

234 406 321 433 collat.
345 408 387 434 37.
412 409 436 434 7.
471 406 606 433 Iudicium.
633 404 664 432 fr.
686 407 725 431 16.
750 415 790 441 sq.
815 404 847 431 de
870 414 974 442 procur.
998 407 1023 431 3.
1047 407 1071 431 3.

233 449 264 475 sr.
285 451 307 475 7.
327 450 348 483 3.
368 451 392 475 5.
412 449 445 475 de
463 448 566 475 liberali
585 458 605 474 c.
623 449 665 473 40.
688 450 726 474 12.
763 447 806 474 Ill.
821 448 886 475 Gn.
907 447 960 482 Qui
980 449 1073 474 transi-

233 493 279 528 git,
299 492 373 528 quasi
393 491 425 518 de
443 501 472 518 re
491 491 569 518 dubia
588 495 614 517 et
632 490 679 517 lite
696 491 794 517 incerta
807 500 893 526 neque
905 490 977 516 finita
991 494 1073 516 trans-

233 535 288 571 igit.
308 534 339 561 fr.
362 536 382 560 l.
402 534 434 560 de
452 538 576 560 transact.
590 535 614 559 2.
635 535 675 559 15.
712 532 778 560 Rem
796 534 885 568 magiS.
905 542 981 568 quam
1001 532 1072 559 litem

233 577 401 604 transtulisse
428 576 507 603 credi.
535 576 566 603 fr.
587 578 626 602 11.
650 575 682 602 de
707 576 781 602 alien.
806 575 858 602 iud.
883 580 945 601 mut.
965 586 986 602 c.
1006 577 1029 602 4.
1050 578 1072 602 7.

235 619 267 646 cf.
297 631 317 646 c.
337 621 360 645 9.
385 619 417 646 de
442 620 498 645 suis
523 624 548 645 et
572 619 642 655 legit.
668 620 692 645 6.
711 620 752 645 55.
788 617 947 645 Procurator
973 624 1017 645 aut
1042 618 1074 645 ad

233 662 315 694 litem,
334 666 378 688 aut
396 661 428 688 ad
448 672 524 688 omne
544 663 685 698 negotium,
705 665 748 687 aut
766 659 798 686 ad
817 665 917 697 partem
930 662 1028 698 negotii
1042 677 1073 680 —-

234 704 317 731 datur.
337 704 408 731 Paul.
429 704 447 731 Ι.
466 707 490 731 3.
510 705 532 738 9.
551 707 574 730 2.
596 704 628 731 cf.
648 705 678 731 l'r.
698 704 738 730 46.
758 703 779 736 3.
800 704 824 730 4.
845 703 877 729 de
896 713 1000 740 procur.
1014 706 1038 730 3
1049 705 1073 730 3.

234 747 376 774 Debitores
397 748 538 773 convenire
557 757 609 773 non
633 756 729 784 posse,
754 756 839 782 neque
863 746 924 772 lites
948 747 1074 783 pecuniae

233 791 368 828 prosequi.
387 789 471 816 Vatic.
491 791 514 824 3.
527 791 587 817 260.
616 789 784 826 Interpositis
798 788 1016 825 delegationibus,
1031 794 1074 815 aut

233 832 363 859 inchoatis
382 832 473 859 litibus
493 831 623 865 (actiones
642 833 759 863 novare.)
779 831 816 858 lb.
836 832 857 865 3.
871 833 931 859 263.
965 830 1075 869 Praepa-

233 885 306 902 rasse
325 875 410 907 litem,
434 880 462 902 ut
481 877 569 912 possit
586 876 765 901 transmittere
784 875 921 901 actionem.
945 873 975 900 fr.
997 876 1019 900 7.
1044 874 1073 900 fr.

234 919 274 944 15.
295 918 316 951 3.
339 919 360 944 Ι.
380 918 413 944 de
432 918 504 944 inoff.
525 922 625 945 testam.
645 919 668 944 5.
688 920 712 944 2.
738 917 768 944 fr.
788 918 811 943 7.
835 917 856 950 3.
876 918 900 943 5.
920 916 953 943 de
972 916 1074 943 liberali

234 970 255 987 c.
280 962 321 986 40.
348 962 387 987 12.
430 960 494 987 Post
517 960 646 996 adgnitam
673 959 733 986 litis·
752 959 912 986 ordinandae
939 961 1019 995 gratia
1043 960 1073 986 B.

232 1002 322 1029 Pnem.
347 1002 377 1030 fr.
397 1004 420 1030 8.
440 1013 478 1040 pr.
498 1002 531 1029 de
555 1002 629 1029 inoff.
648 1007 749 1029 testam.
769 1004 792 1028 5.
812 1004 836 1029 2.
874 1002 1026 1029 Contestari
1046 1002 1075 1028 li-

233 1050 294 1072 tem.
314 1045 356 1072 Cf.
376 1045 400 1072 h.
421 1056 444 1072 v.
481 1046 553 1072 Bene
573 1045 678 1082 quidem
698 1045 789 1072 deberi
813 1045 940 1077 intendit,
964 1045 1011 1072 sed
1031 1045 1075 1072 ali-

234 1098 286 1125 quo
305 1088 384 1115 modo
403 1088 475 1115 litem
494 1087 610 1124 perdidit
629 1088 706 1125 culpa
725 1098 779 1114 sua.
800 1088 830 1115 fr.
846 1090 885 1115 19.
906 1089 929 1114 si
948 1089 1038 1114 servit.
1050 1091 1073 1115 ὅ.

233 1133 258 1157 5.
278 1130 309 1158 cf.
335 1131 364 1158 fr.
384 1133 408 1158 8.
433 1131 454 1164 9.
476 1132 498 1157 l.
523 1135 570 1157 rat.
596 1141 650 1157 rem
674 1130 732 1157 hab.
752 1133 793 1158 46.
813 1132 838 1158 8.
875 1131 904 1157 Si
929 1131 997 1158 forte
1016 1131 1074 1158 data

233 1183 312 1211 opera
332 1173 364 1200 ad
382 1173 506 1200 iudicium
527 1183 579 1200 non
599 1174 694 1206 adfuit,
714 1174 756 1201 vel
775 1174 848 1200 litem
867 1175 933 1200 mori
952 1175 1073 1211 patiatur.

233 1216 262 1243 fr.
282 1218 306 1243 3.
330 1216 351 1250 3.
373 1218 395 1243 l.
416 1217 467 1252 Qu.
492 1217 519 1242 in
539 1216 569 1243 fr.
590 1217 658 1243 cred.
678 1219 719 1243 42.
739 1220 762 1243 ὅ.
789 1216 821 1244 cf.
841 1217 871 1244 fr.
893 1218 933 1243 18.
956 1218 978 1251 3.
998 1220 1021 1243 4.
1042 1217 1074 1244 de

233 1258 258 1285 d.
276 1269 310 1286 m.
329 1261 354 1286 4.
373 1261 396 1286 3.
416 1259 447 1285 fr.
466 1261 490 1285 2.
517 1259 621 1286 iudicat.
642 1259 716 1286 solvi.
736 1261 777 1286 46.
798 1261 821 1286 7.
858 1259 943 1287 Litem
963 1261 989 1286 in
1008 1260 1076 1287 iudi-

233 1302 301 1328 cium
321 1301 468 1333 deductam,
489 1306 514 1328 et
533 1312 547 1328 a
566 1312 611 1329 rco
631 1302 774 1335 desertam,
793 1302 957 1329 srustratoris
976 1304 1074 1329 amicus

232 1344 302 1371 ultro
327 1345 385 1381 egit.
412 1344 442 1371 l'r.
461 1346 504 1371 31.
531 1346 553 1379 9.
572 1346 597 1371 2.
621 1344 654 1371 de
672 1344 704 1371 N.
724 1345 755 1372 G.
777 1347 802 1372 3.
822 1348 846 1372 5.
883 1345 968 1372 Litem
992 1346 1023 1372 ab
1043 1356 1073 1372 eo

232 1386 327 1418 iudice,
348 1386 417 1424 apud
437 1397 513 1423 quem
533 1398 575 1414 res
589 1403 621 1407 -
636 1393 727 1425 coepta
747 1393 796 1421 est,
817 1389 848 1415 ad
868 1397 944 1415 suum
963 1389 1074 1415 iudicem

232 1440 364 1456 revocare.
384 1430 414 1456 fr.
429 1433 470 1456 49.
484 1441 523 1468 pr.
545 1430 576 1457 de
596 1430 673 1456 iudic.
693 1433 716 1456 5.
738 1433 759 1457 l.
791 1432 860 1458 Boni
879 1431 1011 1459 Praetoris
1025 1437 1074 1464 est,

232 1474 323 1510 potius
337 1473 478 1499 restituere
492 1472 574 1505 litem,
590 1490 620 1494 —
636 1483 711 1510 quam
725 1476 852 1501 actionem
873 1475 996 1501 famosam
1015 1485 1075 1502 con-

232 1516 350 1542 stituere.
378 1515 408 1542 fr.
434 1517 456 1542 7.
485 1516 507 1549 3.
531 1519 551 1542 1.
577 1516 609 1543 de
632 1516 650 1542 Ι.
675 1516 692 1543 Ι.
716 1516 747 1544 R.
766 1520 791 1544 4.
811 1520 834 1544 1.
870 1518 1000 1554 Exceptio
1019 1517 1074 1544 litis

233 1557 364 1590 dividuae,
384 1563 410 1584 et
429 1559 466 1584 rei
486 1558 614 1585 residuae.
635 1558 691 1586 Gai.
711 1559 755 1587 IV.
772 1562 828 1587 122.
849 1561 880 1587 cl'.
894 1562 937 1588 56.
960 1560 1074 1587 Praedes

233 1600 287 1626 litis
307 1605 333 1627 et
351 1601 532 1628 vindiciarum.
555 1602 591 1628 lb.
611 1601 655 1629 IV.
677 1604 716 1629 16.
736 1604 777 1629 91.
797 1605 838 1630 94.
875 1603 1002 1640 Tempus,
1022 1614 1074 1640 quo

232 1641 266 1669 lis
285 1643 312 1669 in
331 1643 576 1671 condemnationem
595 1644 740 1672 deducitur.
761 1645 791 1672 fr.
810 1648 834 1672 3.
854 1647 876 1680 3
896 1649 920 1673 3.
941 1646 973 1673 de
992 1646 1024 1673 A.
1043 1647 1072 1673 E.

233 1684 265 1711 V.
286 1687 326 1712 19.
345 1688 369 1713 1.
410 1687 451 1713 Ex
475 1692 571 1715 eventu
593 1687 649 1714 litis
674 1698 772 1715 cavere.
800 1688 831 1715 fr.
851 1690 874 1715 6.
899 1690 920 1723 3.
941 1691 964 1716 7.
988 1689 1073 1716 mand.

235 1729 275 1754 17.
291 1730 312 1754 1.
350 1728 379 1755 Si
397 1729 476 1756 iudex
494 1730 568 1757 litem
586 1740 659 1757 suam
676 1731 776 1758 fecerit.
796 1731 827 1759 fr.
842 1733 881 1758 15.
894 1742 935 1768 sq.
949 1732 981 1758 de
994 1732 1072 1759 indic.

233 1772 257 1796 5.
280 1772 301 1797 1.
326 1770 356 1797 fr.
376 1773 399 1797 5.
429 1773 451 1805 3.
470 1775 494 1799 4.
521 1773 553 1800 de
573 1773 606 1800 Ο.
627 1778 652 1800 et
670 1774 702 1800 A.
722 1776 763 1800 44.
784 1776 807 1800 7.
839 1774 895 1801 Gai.
916 1774 959 1801 IV.
979 1777 1020 1801 52.
1040 1791 1072 1795 -—

234 1814 265 1847 ἕ.
280 1814 317 1840 3.
338 1816 411 1846 Res,
431 1818 464 1841 de
483 1825 543 1849 qna
559 1818 683 1851 agitur.
720 1816 762 1843 ΙΙΙ.
776 1818 842 1844 Gn.
862 1816 927 1843 Post
939 1817 1073 1844 meridiem

234 1858 368 1893 praesenti
387 1856 486 1883 stlitem
504 1857 627 1884 addicito.
651 1858 681 1885 L.
701 1858 750 1886 Xll
769 1858 853 1885 Tabb.
872 1859 890 1886 I.
910 1860 934 1886 8.
971 1860 1026 1886 Ant
1044 1860 1074 1886 li-

234 1900 268 1925 tis
290 1900 496 1926 aestimationem
520 1900 644 1933 sufferre,
668 1906 712 1927 aut
734 1912 818 1928 noxae
842 1901 946 1929 dedere.
968 1918 997 1922 --
1018 1902 1073 1929 Nec

234 1952 289 1968 rem
308 1943 392 1979 ipsam
412 1944 564 1975 restituere,
588 1954 636 1969 nec
656 1943 710 1970 litis
730 1945 935 1972 aestimationem
954 1946 1072 1972 sufferre.

234 1984 291 2011 Gai.
311 1984 354 2011 IV.
372 1987 412 2012 75.
432 1987 472 2012 39.
511 1985 550 2012 Ne
570 1987 628 2023 quis
649 1986 682 2012 ob
702 1987 814 2014 iudicem
833 1987 994 2015 arbitrumve
1013 1988 1074 2015 dan-

234 2027 304 2059 dum,
318 2044 349 2047 —
364 2038 429 2055 neve
443 2029 476 2054 ob
496 2028 568 2055 litem
588 2029 782 2061 aestimandam,
801 2030 960 2057 iudiciumve
979 2033 1073 2069 capitis

234 2072 394 2107 pecuniaeve
413 2070 573 2104 faciendum,
602 2071 644 2098 vel
663 2082 715 2098 non
734 2072 897 2105 faciendum,
916 2074 1015 2110 aliquid
1033 2086 1073 2102 ac-

235 2115 341 2151 ceperit.
360 2113 391 2141 fr.
412 2116 434 2140 7.
460 2124 498 2151 pr.
519 2114 550 2142 ad
569 2114 598 2142 L.
618 2114 665 2142 Iul.
684 2120 767 2153 repet.
787 2117 828 2142 48.
849 2118 889 2143 ll.

270 2157 437 2184 Litania.
458 2160 729 2192 supplicationes
746 2160 910 2193 publicae,
930 2161 962 2186 in
980 2162 1073 2187 eccle-

236 2200 285 2225 sia
303 2202 515 2231 celebrandae.
554 2200 597 2227 [ll.
612 2202 677 2228 Cn.
696 2200 869 2228 Interdicatur
882 2201 923 2228 his
942 2202 1072 2235 omnibus,

237 2240 271 2268 ad.
288 2240 401 2268 litaniam
420 2242 563 2269 faciendam
582 2245 648 2270 intra
669 2244 811 2275 civitatem,
836 2249 915 2271 noctu
934 2244 976 2271 vel
995 2246 1073 2272 inter-

237 2283 289 2315 diu.
309 2284 424 2320 profanis
443 2287 513 2313 coire
532 2286 713 2312 conventibus.
734 2285 784 2312 Th.
804 2286 834 2313 C.
854 2286 924 2313 XVI.
945 2290 968 2313 5.
989 2298 1009 2314 c.
1029 2290 1071 2316 30.

237 2328 258 2360 3.
278 2329 303 2352 2.
323 2326 355 2352 de
374 2326 469 2355 haeret.
505 2329 617 2356 Sanctae
637 2338 742 2360 eruceS,
767 2339 831 2365 quas
850 2330 877 2355 in
895 2329 993 2357 litaniis
1012 2341 1071 2368 por-

236 2374 300 2401 tant,
316 2385 347 2388 —
361 2370 384 2395 si
396 2369 500 2398 litaniae
512 2377 615 2409 tempus
629 2372 769 2399 vocaverit.
789 2371 836 2398 lul.
851 2382 891 2409 ep.
905 2382 964 2399 nov.
984 2376 1070 2401 c.115.

237 2412 275 2446 33.
295 2413 353 2438 478.
373 2422 412 2448 sq.

273 2456 416 2482 Instare·
453 2456 484 2488 §-
505 2457 539 2483 1.
569 2460 753 2495 Sacrificio
776 2460 873 2494 facto
900 2461 973 2485 deos
998 2462 1071 2493 pla-

237 2508 316 2525 care.
353 2497 396 2524 III.
415 2499 480 2525 Gn·
501 2498 554 2533 Qui
571 2500 701 2527 hominem
720 2500 919 2533 immolaverint,
937 2512 1003 2528 exve
1015 2504 1071 2529 eius

238 2541 362 2576 sanguine
381 2540 520 2567 litaverint.
540 2540 611 2568 Paul.
630 2543 660 2569 V.
679 2546 720 2570 23.
741 2545 822 2578 9.16.
841 2560 873 2564 —
893 2545 923 2578 §-
939 2546 974 2572 2.
998 2547 1072 2572 Vin-

237 2587 359 2615 dieare,
382 2585 510 2610 Vltioni
527 2587 732 2621 satisfacere.
769 2587 811 2613 ΙΙΙ.
826 2589 892 2615 Cn.
911 2587 1022 2614 Detecta
1035 2588 1072 2614 ibi

238 2627 374 2657 calunmia,
394 2627 450 2652 eius
469 2626 600 2664 supplicio
620 2628 738 2664 publicae
756 2631 890 2657 severitati
904 2630 1001 2657 litetur.
1022 2630 1070 2657 Th.

238 2669 269 2697 C.
289 2670 322 2696 X.
343 2671 381 2695 10.
402 2679 423 2695 c.
444 2671 483 2696 12.
502 2670 523 2703 3.
545 2671 567 2696 l.
586 2669 618 2696 de
637 2672 710 2707 petit.
730 2677 756 2698 et
774 2672 842 2699 ultro
862 2673 912 2699 dat.

273 2712 456 2746 mitigans.
476 2711 596 2745 (Partic.)
619 2714 800 2748 Litigator.
837 2715 856 2742 1.
876 2717 937 2750 Sy.
956 2715 1072 2751 lui-gaus,

238 2755 374 2792 Litigator.
397 2754 438 2782 Cf.
459 2764 481 2781 v.
500 2754 611 2791 Iurgare.
649 2755 690 2781 III.
711 2757 776 2783 Gn.
799 2758 884 2793 Quem
903 2760 957 2791 (sc.
977 2759 1072 2792 finem)
1093 2772 1095 2785 1

239 2797 384 2834 litigantem
407 2797 651 2834 disceptantemque
674 2798 711 2824 l'as
735 2808 787 2825 non
805 2801 840 2826 sit
859 2801 992 2828 excedere.
1022 2801 1072 2829 Th.

1119 235 1150 262 C.
1171 235 1215 263 lX.
1237 237 1276 262 19.
1297 246 1317 263 c.
1336 238 1360 262 2.
1384 237 1405 271 9.
1425 238 1449 264 2.
1470 237 1502 264 ad
1520 237 1551 264 L.
1571 236 1651 264 Corn.
1671 237 1704 264 de
1724 238 1781 265 fals.
1819 239 1889 266 Inter
1909 240 1958 267 liti—

1118 283 1208 314 gantes
1228 288 1280 305 non
1300 278 1375 305 aliter
1394 279 1427 306 lis
1442 279 1560 317 expediri
1579 285 1676 318 potest,
1697 291 1773 317 quam
1792 282 1814 308 si
1833 282 1899 309 alter
1916 294 1958 320 pe-

1120 323 1182 348 titor
1200 321 1266 348 alter
1284 331 1427 358 possessor
1445 324 1487 349 sit.
1509 322 1538 349 fr.
1554 325 1595 350 62.
1616 323 1648 350 dc
1666 324 1744 350 iudic.
1759 327 1782 351 5.
1798 327 1819 351 l.
1856 325 1958 353 ludices

1118 364 1283 400 litigantibus
1303 362 1372 391 dare.
1393 365 1422 391 fr.
1444 367 1466 391 l.
1487 365 1519 392 de
1538 366 1628 392 iurisd.
1647 360 1714 393 221.

1153 407 1335 441 Litigat-e.
1361 409 1435 434 Lite
1453 411 1657 441 contendere,
1678 411 1806 437 Iudicio
1825 418 1956 439 certare.

1118 449 1207 484 LSy.
1228 450 1320 486 Agere.
1335 449 1376 476 Cf.
1387 450 1412 476 h.
1423 460 1447 476 v.
1462 451 1484 484 3.
1494 454 1517 477 ὅ.
1537 451 1666 488 Experiri.
1678 452 1708 478 fr.
1720 454 1742 479 l.
1753 453 1774 487 3.
1790 455 1810 480 l.
1822 455 1844 480 si
1856 464 1885 481 ex
1896 465 1956 481 nox.

1119 502 1139 518 c.
1159 495 1183 518 2.
1203 494 1226 519 9.
1256 492 1298 519 111.
1319 494 1384 520 Cn.
1404 492 1515 529 Saepius
1536 504 1567 520 ex
1587 505 1614 520 ra
1634 495 1804 531 stipulatione
1817 498 1855 532 agi
1869 508 1957 534 posse,

1118 540 1197 572 prout
1216 537 1321 562 intersit
1339 537 1447 571 agentis,
1462 536 1531 572 quod
1551 536 1643 573 litigat,
1654 538 1724 573 qnod
1736 541 1874 567 consumit.
1887 541 1957 577 quod

1118 578 1237 610 advocat,
1257 578 1328 615 quod
1347 578 1483 605 damnatus
1503 579 1591 605 solvit.
1612 579 1641 606 fr.
1658 582 1697 606 la.
1718 586 1764 607 rat.
1778 592 1832 608 rem
1846 582 1956 609 hab.46.

1118 622 1142 647 8.
1172 621 1200 647 ln
1220 631 1299 647 unum
1318 631 1349 647 ex
1368 621 1409 648 his
1424 638 1454 642 --
1469 621 1598 648 aedilitias
1617 624 1733 649 actiones
1753 629 1910 661 competere,
1925 635 1958 651 ne

1119 669 1256 699 cogeretur
1280 668 1364 690 emtor
1387 674 1445 690 cum
1468 664 1557 691 multis
1581 664 1690 701 litigare.
1715 666 1744 692 fr.
1770 668 1811 693 44.
1836 668 1857 701 3.
1879 670 1900 695 1.
1925 668 1958 695 de

1118 706 1205 733 Aedil.
1225 706 1301 733 edict.
1315 709 1357 733 21.
1374 709 1395 733 l.
1433 706 1501 733 Fieri
1520 712 1617 744 potest,
1638 713 1666 734 ut
1685 708 1736 734 duo
1756 710 1781 735 in
1796 720 1884 737 necem
1901 712 1957 738 eius

1119 748 1191 775 litem
1210 750 1278 776 inter
1298 759 1326 776 se
1345 750 1464 785 iungant,
1489 751 1533 786 qui
1557 760 1615 777 cum
1640 751 1699 788 ipso
1724 751 1824 788 litigare
1842 764 1893 779 non
1912 764 1957 791 po-

1119 796 1210 817 terant.
1231 792 1261 818 fr.
1278 795 1298 818 1.
1319 793 1340 826 3.
1356 794 1377 818 l.
1399 793 1431 819 de
1451 792 1557 829 litigios.
1573 795 1614 819 44.
1628 795 1652 820 6.
1689 793 1825 821 Adversus
1845 796 1957 833 aliquem

1118 834 1228 870 litigare.
1248 834 1277 861 fr.
1297 837 1338 862 39.
1359 835 1380 868 9
1400 837 1424 861 5.
1445 835 1477 861 de
1496 846 1598 872 procur.
1612 837 1637 862 3.
1656 837 1680 862 3.
1716 836 1830 873 Litigan·
1849 849 1897 875 pro
1916 840 1957 873 (li-

1118 877 1219 903 bertate
1239 877 1352 910 liberti.)
1377 877 1407 904 sr.
1427 880 1451 904 4.
1475 878 1508 905 de
1526 878 1628 905 liberali
1653 889 1674 905 c.
1694 881 1736 906 40.
1758 882 1796 906 12.
1834 881 1958 909 Sublatac

1118 924 1180 946 sunt
1199 920 1264 945 istae
1284 919 1348 955 legis
1368 921 1496 953 actiones,
1522 921 1696 958 effectumque
1721 928 1761 949 cst
1785 929 1813 950 ut
1832 934 1879 961 per
1898 936 1958 952 con-

1119 967 1194 999 cepta
1207 962 1296 994 verba,
1315 963 1331 989 i.
1347 973 1368 989 e.
1382 973 1429 999 per
1448 963 1581 996 formulas,
1601 963 1768 1000 litigaremuS.
1789 966 1845 994 Gai.
1859 967 1903 994 IV.
1915 970 1957 995 30.

1118 1004 1198 1042 Apud
1217 1004 1327 1031 cundem
1346 1005 1458 1032 iudicem
1477 1006 1586 1042 litigare.
1610 1006 1641 1033 fr.
1663 1009 1702 1034 ll.
1728 1009 1748 1042 3.
1771 1011 1792 1035 l.
1816 1010 1848 1036 de
1866 1012 1956 1038 iurisd.

1117 1050 1141 1074 2,
1164 1050 1185 1074 l.
1224 1047 1266 1079 Si,
1291 1049 1335 1084 qui
1354 1049 1411 1085 pari
1429 1048 1488 1075 loco
1508 1054 1563 1075 erat
1585 1051 1609 1076 in
1630 1050 1768 1086 litigando,
1793 1054 1881 1090 coepit:
1899 1065 1958 1081 esse

1119 1090 1233 1117 duriore.
1257 1090 1286 1117 fr.
1308 1093 1330 1117 l.
1350 1091 1371 1124 9.
1393 1093 1415 1116 l.
1436 1092 1458 1117 si
1479 1102 1510 1118 ex
1530 1102 1588 1119 nox.
1609 1103 1630 1119 e.
1649 1095 1673 1119 2.
1693 1095 1716 1120 9.

1154 1134 1353 1167 Lifigator.
1394 1136 1457 1166 Qui
1475 1137 1602 1170 litigat.
1640 1135 1658 1161 1.
1680 1137 1740 1170 sy.
1764 1137 1890 1174 Litigans.
1915 1138 1956 1166 Cf.

1119 1176 1143 1203 h.
1163 1187 1187 1203 v.
1224 1176 1265 1203 111.
1287 1178 1352 1204 Cn.
1373 1176 1402 1202 Si
1421 1176 1509 1208 iudex,
1529 1177 1570 1204 vel
1590 1177 1714 1205 alteruter
1728 1190 1759 1206 ex
1773 1180 1957 1217 litigatoribus,

1119 1219 1223 1252 (morbo
1243 1220 1345 1246 sontico
1366 1219 1543 1256 impediatur.)
1563 1220 1592 1246 fr.
1608 1223 1632 1246 2.
1653 1221 1674 1254 3.
1693 1223 1717 1247 3.
1737 1223 1759 1249 si
1779 1233 1821 1259 qu.
1841 1230 1918 1251 cautt.
1932 1228 1955 1251 2.

1120 1264 1159 1288 11.
1197 1262 1286 1289 Pactio
1305 1262 1473 1298 litigatorum,
1493 1262 1535 1289 vel
1554 1264 1696 1290 auctoritas
1716 1265 1818 1292 iudicis.
1839 1266 1868 1293 fr.
1885 1269 1905 1293 1.
1924 1267 1957 1294 de

1119 1306 1223 1331 iureiur.
1240 1307 1279 1331 12.
1299 1307 1323 1331 2.
1361 1305 1555 1332 Interveniente
1574 1308 1705 1342 peregrini
1724 1317 1844 1344 persona,
1864 1310 1957 1336 iudicis

1119 1353 1163 1374 aut
1181 1347 1328 1384 litigatoris.
1356 1348 1413 1374 Gai.
1432 1347 1477 1374 lV.
1499 1351 1555 1375 105.
1592 1348 1650 1384 Qua
1678 1351 1730 1383 (sc.
1751 1351 1958 1386 adiudicatione)

1119 1392 1280 1428 permittitur
1299 1391 1388 1421 iudici.
1407 1401 1461 1418 rem
1476 1391 1554 1418 alicui
1568 1402 1599 1418 ex
1613 1392 1788 1429 litigatoribus
1802 1394 1957 1422 adiudicare.

1118 1433 1155 1459 lb.
1176 1433 1218 1460 [V.
1238 1435 1279 1460 42.
1316 1434 1386 1460 Ante
1405 1435 1551 1470 quaeritur.
1576 1439 1634 1462 uter
1653 1446 1685 1462 ex
1704 1436 1880 1473 litigatoribus
1898 1449 1958 1475 pos-

1119 1476 1214 1507 sidere,
1234 1481 1259 1502 et
1278 1481 1336 1503 uter
1354 1481 1444 1513 petere
1463 1477 1565 1504 debeat.
1584 1477 1621 1504 Ib.
1635 1478 1679 1505 IV.
1695 1480 1752 1505 148.
1767 1479 1798 1506 cf.
1814 1482 1870 1507 160.
1889 1481 1920 1508 fr.
1936 1484 1957 1508 Ι.

1118 1520 1140 1553 3.
1159 1522 1183 1545 3.
1205 1520 1242 1546 nti
1261 1519 1389 1556 possidet.
1409 1521 1449 1546 43.
1471 1521 1509 1546 17.
1546 1520 1719 1556 LitIgatores,
1744 1522 1786 1548 vel
1806 1523 1832 1549 hi
1852 1525 1896 1560 qui
1916 1535 1958 1551 ne-

1118 1563 1196 1598 gotiis
1217 1562 1356 1588 adsistunt.
1377 1573 1398 1588 c.
1420 1564 1442 1588 1.
1462 1567 1490 1588 ut
1509 1573 1552 1599 qn.
1573 1563 1627 1589 des.
1647 1563 1737 1591 advoc.
1757 1567 1780 1591 2.
1802 1567 1841 1592 ll.

1153 1605 1368 1639 Litigiosus.
1390 1605 1517 1638 (Adiect.)
1538 1606 1568 1638 §-
1585 1607 1619 1632 1.
1640 1608 1687 1633 Ad
1705 1609 1780 1633 lites
1799 1616 1955 1642 spectans.

1117 1647 1159 1675 Ill.
1180 1650 1245 1675 Cu.
1264 1647 1394 1684 Litigioso
1413 1649 1527 1685 strepitu
1546 1648 1653 1675 turbari.
1674 1648 1722 1676 Th.
1743 1649 1773 1676 C.
1793 1650 1836 1677 ΙΙΙ.
1858 1653 1879 1678 l.
1900 1663 1921 1678 c.
1935 1655 1956 1679 l.

1118 1691 1150 1717 de
1175 1695 1257 1717 contr.
1284 1695 1342 1717 emt.
1368 1707 1399 1710 -
1424 1692 1455 1724 §-
1476 1692 1510 1717 2.
1536 1693 1572 1718 Iu
1597 1693 1722 1718 iudicio
1746 1696 1955 1722 constitutus.

1117 1733 1135 1760 1.
1151 1735 1213 1767 Sy.
1238 1733 1313 1768 Quae
1331 1733 1358 1759 in
1378 1734 1556 1759 controversia
1575 1738 1627 1765 est,
1647 1734 1689 1760 De
1708 1744 1758 1770 qua
1777 1738 1896 1772 quaestio
1915 1737 1957 1764 de-

1117 1775 1167 1802 lata
1187 1780 1236 1807 est,
1255 1775 1382 1811 Litigiosa
1403 1776 1452 1807 (sc.
1473 1777 1536 1809 reS.)
1557 1776 1598 1803 Fr.
1619 1776 1651 1802 de
1669 1777 1687 1803 Ι.
1703 1776 1730 1804 F.
1751 1779 1772 1812 3.
1787 1779 1810 1805 8.
1830 1779 1859 1806 fr.
1882 1782 1903 1806 l.
1917 1791 1955 1818 pr.

1119 1818 1147 1845 fr.
1166 1821 1208 1844 22.
1228 1828 1267 1855 pr.
1288 1817 1320 1844 de
1339 1819 1394 1844 iure
1414 1818 1480 1844 fisci.
1496 1820 1538 1845 49.
1559 1820 1599 1845 14.
1636 1819 1679 1846 III.
1694 1821 1760 1847 Gn.
1778 1821 1844 1848 Rem
1864 1822 1957 1860 litigio-

1117 1871 1180 1888 sam.
1200 1860 1242 1887 ve]
1262 1861 1409 1897 ambiguum
1427 1860 1637 1898 chirographum,
1656 1862 1740 1896 (fisco
1759 1863 1871 1900 legare.)
1891 1876 1912 1892 c.
1931 1868 1956 1893 3.

1118 1903 1150 1930 de
1172 1903 1279 1938 litigios.
1300 1905 1323 1929 8.
1342 1905 1384 1930 37.
1421 1903 1462 1930 Ab
1487 1906 1654 1931 accusatione
1677 1906 1814 1939 recedere,
1838 1908 1879 1935 vel
1903 1919 1956 1935 rem

1117 1946 1256 1982 litigiosam
1276 1945 1441 1973 venumdare.
1470 1946 1500 1973 fr.
1521 1949 1543 1973 1.
1567 1957 1606 1984 pr.
1633 1947 1665 1975 de
1688 1949 1744 1976 iure
1767 1949 1833 1977 fisci.
1853 1953 1894 1977 49.
1916 1953 1954 1979 14.
1977 1953 1978 1957 ’

1117 1989 1146 2015 Si
1165 1988 1274 2016 fundum
1298 1989 1441 2025 litigiosum
1465 1990 1552 2016 sciens
1571 2001 1584 2016 a
1610 2001 1662 2017 non
1681 1992 1835 2028 possidente
1853 1995 1955 2025 emeris.

1117 2042 1228 2068 eumque
1252 2042 1265 2058 a
1289 2031 1443 2068 possidente
1466 2038 1549 2070 petas.
1578 2032 1634 2060 Gai.
1654 2033 1697 2061 IV.
1719 2037 1775 2062 117.
1813 2036 1854 2063 De
1876 2037 1955 2064 rebus

1116 2075 1239 2111 litigiosis
1265 2080 1290 2100 et
1313 2076 1453 2102 convenire
1477 2081 1502 2102 et
1521 2077 1665 2111 transigere
1684 2088 1772 2114 posse.
1802 2078 1873 2106 Paul.
1893 2080 1910 2106 Ι.
1933 2082 1954 2106 l.

1116 2119 1138 2152 3.
1158 2120 1182 2144 5.
1219 2117 1332 2144 Poenam
1356 2117 1465 2154 litigiosi
1489 2124 1644 2156 competere.
1669 2119 1699 2146 fr.
1718 2123 1741 2146 2.
1767 2121 1798 2147 cf.
1822 2122 1851 2148 fr.
1873 2124 1894 2149 l.
1914 2133 1953 2160 pr.

1117 2160 1150 2187 de
1168 2160 1275 2196 litigios.
1295 2162 1336 2187 44.
1352 2162 1376 2187 6.

1151 2204 1344 2237 Litigiuln·
1383 2205 1631 2236 Controversia,
1662 2207 1727 2232 Lis.
1768 2207 1786 2233 Ι.
1810 2208 1871 2242 Sy.
1902 2208 1953 2234 Iur-

1116 2247 1193 2282 gium.
1213 2246 1255 2273 Cf.
1275 2246 1299 2273 h.
1319 2257 1342 2273 v.
1362 2247 1383 2281 3.
1403 2249 1426 2273 3.
1464 2247 1506 2273 ΙΙΙ.
1524 2249 1589 2274 Cn.
1613 2248 1784 2284 Agrimensor
1802 2251 1839 2277 ire
1857 2252 1953 2287 praeci-

1116 2291 1203 2327 piatur
1222 2289 1254 2315 ad
1272 2289 1338 2319 loca.
1359 2294 1387 2316 ut
1405 2289 1533 2326 patefacta
1552 2292 1662 2317 veritate
1674 2291 1824 2318 huiusmodi
1843 2292 1952 2328 litigium

1116 2334 1277 2359 terminetur.
1307 2331 1356 2358 Th.
1378 2332 1408 2358 C.
1433 2331 1464 2358 ΙΙ.
1484 2334 1525 2358 26.
1554 2343 1575 2359 c.
1597 2335 1619 2360 l.
1643 2334 1687 2360 fin.
1712 2335 1817 2371 regund.
1858 2335 1951 2361 Adhuc

1116 2375 1199 2412 litigio
1219 2375 1357 2412 pendente.
1378 2375 1406 2400 sr.
1427 2376 1468 2401 49.
1488 2385 1527 2412 pr.
1548 2375 1580 2401 de
1599 2386 1650 2402 rec.
1671 2387 1712 2413 qu.
1732 2378 1785 2403 arb.
1800 2379 1822 2403 4.
1837 2378 1859 2403 8.
1885 2377 1952 2404 Ven-

1116 2418 1179 2445 dere
1203 2418 1321 2454 litigium.
1352 2416 1418 2443 Νῦν.
1444 2417 1501 2444 Val.
1521 2417 1563 2444 ΠΙ.
1588 2418 1620 2445 de
1643 2421 1756 2446 invasor.
1780 2419 1809 2445 ΙΙ.
1834 2421 1856 2445 ὅ.
1887 2430 1906 2446 c.
1928 2423 1949 2446 1.

1116 2462 1137 2495 3.
1158 2462 1180 2487 4.
1218 2460 1312 2496 Litigia
1335 2461 1474 2486 sententiis
1500 2462 1643 2488 terminata.
1669 2462 1698 2488 L.
1718 2462 1792 2488 Rom.
1811 2462 1889 2499 Burg.
1908 2464 1949 2490 33.

1116 2504 1160 2538 (al.
1179 2504 1235 2536 32.)

1152 2547 1311 2573 Littera.
1331 2546 1362 2578 §-
1376 2546 1411 2572 1.
1429 2548 1629 2573 Elementum
1648 2548 1820 2573 orationis.
1839 2547 1870 2574 ΙΙ.
1883 2550 1949 2582 ΟΡ.

1115 2589 1233 2620 Litteris,
1253 2604 1285 2608 —-
1305 2587 1382 2614 Notis
1402 2588 1527 2621 (dictare,
1545 2599 1569 2615 v.
1589 2588 1729 2619 scribere.)
1750 2588 1779 2615 fr.
1799 2592 1840 2616 40.
1859 2601 1898 2628 pr.
1918 2591 1950 2618 de

1116 2631 1190 2658 milit.
1210 2635 1313 2657 testam.
1332 2632 1373 2657 29.
1394 2633 1416 2658 l.
1435 2631 1465 2658 fr.
1485 2633 1508 2657 6.
1529 2632 1550 2664 9.
1569 2633 1593 2656 2.
1613 2630 1645 2656 dc
1664 2630 1693 2656 B.
1714 2630 1742 2658 P.
1761 2633 1802 2658 37.
1823 2634 1845 2659 l.
1869 2633 1949 2661 Gesta

1116 2676 1142 2700 in
1162 2674 1222 2700 Sen.
1243 2673 1275 2700 de
1299 2673 1347 2700 Th.
1369 2673 1399 2700 C.
1420 2684 1470 2700 rec.
1490 2673 1584 2706 (ch.
1602 2683 1627 2710 p.
1647 2674 1688 2707 5.)
1725 2673 1768 2700 ΙΙΙ.
1789 2676 1854 2702 Gn.
1882 2676 1948 2708 ,.Ιῖ“

1116 2717 1228 2743 litteram
1247 2717 1347 2743 invenit
1365 2716 1446 2752 (App.
1466 2715 1614 2749 Claudius.)
1633 2715 1663 2742 fr.
1682 2718 1706 2742 2.
1726 2717 1747 2750 9.
1767 2718 1808 2744 36.
1829 2718 1861 2745 de
1880 2719 1912 2745 Ο.
1930 2719 1946 2745 l.

1118 2762 1140 2785 l.
1164 2762 1189 2786 2.
1226 2757 1395 2786 Proscribere
1419 2758 1516 2794 palam,
1537 2774 1568 2777 —
1594 2758 1672 2785 claris
1694 2759 1802 2791 litteris,
1825 2761 1893 2788 unde
1916 2761 1948 2787 de

1117 2802 1195 2840 plano
1214 2807 1284 2829 recte
1303 2802 1352 2837 legi
1372 2801 1465 2837 possit.
1489 2800 1518 2827 fr.
1541 2802 1578 2828 ll.
1603 2802 1624 2835 3.
1644 2803 1668 2828 3.
1688 2802 1720 2829 de
1739 2803 1821 2829 instit.
1841 2809 1887 2830 act.
1909 2805 1945 2829 14.

1451 2844 1507 2868 69*
