<?xml version="1.0" encoding="UTF-8"?>
<!DOCTYPE html PUBLIC "-//W3C//DTD XHTML 1.0 Transitional//EN"
    "http://www.w3.org/TR/xhtml1/DTD/xhtml1-transitional.dtd">
<html xmlns="http://www.w3.org/1999/xhtml" xml:lang="en" lang="en">
 <head>
  <title>
</title>
<meta http-equiv="Content-Type" content="text/html;charset=utf-8" />
  <meta name='ocr-system' content='tesseract 3.04.00' />
  <meta name='ocr-capabilities' content='ocr_page ocr_carea ocr_par ocr_line ocrx_word'/>
</head>
<body>
  <div class='ocr_page' id='page_1' title='image "./manualelatinitat00dirk_0913.png"; bbox 0 0 2197 3121; ppageno 0'>
   <div class='ocr_carea' id='block_1_1' title="bbox 926 151 1181 183">
    <p class='ocr_par' dir='ltr' id='par_1_1' title="bbox 926 151 1181 183">
     <span class='ocr_line' id='line_1_1' title="bbox 926 151 1181 183; baseline 0.004 -1"><span class='ocrx_word' id='word_1_1' title='bbox 926 151 1019 182; x_wconf 89' lang='lat' dir='ltr'>SOM</span> <span class='ocrx_word' id='word_1_2' title='bbox 1033 170 1071 175; x_wconf 97' lang='lat'><strong>—</strong></span> <span class='ocrx_word' id='word_1_3' title='bbox 1085 151 1181 183; x_wconf 88' lang='lat' dir='ltr'><em>SOR.</em></span> 
     </span>
    </p>
   </div>
   <div class='ocr_carea' id='block_1_2' title="bbox 196 232 1061 1079">
    <p class='ocr_par' dir='ltr' id='par_1_2' title="bbox 196 232 1061 485">
     <span class='ocr_line' id='line_1_2' title="bbox 196 232 1038 270; baseline -0.004 -8"><span class='ocrx_word' id='word_1_4' title='bbox 196 244 257 261; x_wconf 84' lang='lat' dir='ltr'>suas</span> <span class='ocrx_word' id='word_1_5' title='bbox 276 235 301 261; x_wconf 93' lang='lat' dir='ltr'>in</span> <span class='ocrx_word' id='word_1_6' title='bbox 321 234 436 262; x_wconf 85' lang='lat' dir='ltr'>solutum</span> <span class='ocrx_word' id='word_1_7' title='bbox 455 234 505 260; x_wconf 84' lang='lat' dir='ltr'>tibi</span> <span class='ocrx_word' id='word_1_8' title='bbox 523 232 637 260; x_wconf 81' lang='lat' dir='ltr'><strong>dedisse.</strong></span> <span class='ocrx_word' id='word_1_9' title='bbox 657 242 679 259; x_wconf 89' lang='lat' dir='ltr'>c.</span> <span class='ocrx_word' id='word_1_10' title='bbox 697 233 721 259; x_wconf 90' lang='grc'>4.</span> <span class='ocrx_word' id='word_1_11' title='bbox 743 232 797 268; x_wconf 83' lang='lat' dir='ltr'>Qui</span> <span class='ocrx_word' id='word_1_12' title='bbox 816 232 878 259; x_wconf 80' lang='lat' dir='ltr'>bon.</span> <span class='ocrx_word' id='word_1_13' title='bbox 899 233 954 259; x_wconf 85' lang='lat' dir='ltr'>ced.</span> <span class='ocrx_word' id='word_1_14' title='bbox 975 243 1000 270; x_wconf 86' lang='lat' dir='ltr'>p.</span> <span class='ocrx_word' id='word_1_15' title='bbox 1015 235 1038 260; x_wconf 88' lang='lat'>7.</span> 
     </span>
     <span class='ocr_line' id='line_1_3' title="bbox 197 275 1039 314; baseline -0.004 -10"><span class='ocrx_word' id='word_1_16' title='bbox 197 279 238 304; x_wconf 92' lang='grc'>71.</span> <span class='ocrx_word' id='word_1_17' title='bbox 277 277 425 313; x_wconf 77' lang='lat' dir='ltr'><strong>Quodlibet</strong></span> <span class='ocrx_word' id='word_1_18' title='bbox 442 287 491 314; x_wconf 90' lang='lat' dir='ltr'>pro</span> <span class='ocrx_word' id='word_1_19' title='bbox 512 276 601 303; x_wconf 78' lang='lat' dir='ltr'>debito</span> <span class='ocrx_word' id='word_1_20' title='bbox 621 275 736 302; x_wconf 82' lang='lat' dir='ltr'>solutum</span> <span class='ocrx_word' id='word_1_21' title='bbox 757 276 822 313; x_wconf 86' lang='lat' dir='ltr'>(pro</span> <span class='ocrx_word' id='word_1_22' title='bbox 841 275 929 301; x_wconf 84' lang='lat' dir='ltr'>soluto</span> <span class='ocrx_word' id='word_1_23' title='bbox 949 285 1039 302; x_wconf 82' lang='lat' dir='ltr'>usuca-</span> 
     </span>
     <span class='ocr_line' id='line_1_4' title="bbox 197 317 1061 357; baseline -0.002 -10"><span class='ocrx_word' id='word_1_24' title='bbox 197 320 256 357; x_wconf 79' lang='lat' dir='ltr'>pit.)</span> <span class='ocrx_word' id='word_1_25' title='bbox 275 320 306 347; x_wconf 88' lang='lat' dir='ltr'>fr.</span> <span class='ocrx_word' id='word_1_26' title='bbox 325 322 366 346; x_wconf 84' lang='grc'>46.</span> <span class='ocrx_word' id='word_1_27' title='bbox 387 319 419 346; x_wconf 87' lang='lat' dir='ltr'>de</span> <span class='ocrx_word' id='word_1_28' title='bbox 438 329 528 356; x_wconf 88' lang='lat' dir='ltr'>usurp.</span> <span class='ocrx_word' id='word_1_29' title='bbox 547 320 589 345; x_wconf 83' lang='lat'>41.</span> <span class='ocrx_word' id='word_1_30' title='bbox 608 319 632 344; x_wconf 88' lang='grc'>3.</span> <span class='ocrx_word' id='word_1_31' title='bbox 670 317 805 345; x_wconf 86' lang='lat' dir='ltr'>Petentem</span> <span class='ocrx_word' id='word_1_32' title='bbox 825 318 980 345; x_wconf 82' lang='lat' dir='ltr'>creditorem</span> <span class='ocrx_word' id='word_1_33' title='bbox 997 329 1039 345; x_wconf 82' lang='lat' dir='ltr'>ex·</span> <span class='ocrx_word' id='word_1_34' title='bbox 1059 325 1061 354; x_wconf 54' lang='grc' dir='ltr'><em>ᾖ</em></span> 
     </span>
     <span class='ocr_line' id='line_1_5' title="bbox 197 361 1061 400; baseline -0.002 -11"><span class='ocrx_word' id='word_1_35' title='bbox 197 364 318 400; x_wconf 81' lang='lat' dir='ltr'>ceptione</span> <span class='ocrx_word' id='word_1_36' title='bbox 336 363 488 389; x_wconf 85' lang='lat' dir='ltr'>submoveri</span> <span class='ocrx_word' id='word_1_37' title='bbox 508 366 626 398; x_wconf 76' lang='lat' dir='ltr'>oportet,</span> <span class='ocrx_word' id='word_1_38' title='bbox 655 366 681 387; x_wconf 92' lang='lat' dir='ltr'>et</span> <span class='ocrx_word' id='word_1_39' title='bbox 704 361 819 387; x_wconf 86' lang='lat' dir='ltr'>solutum</span> <span class='ocrx_word' id='word_1_40' title='bbox 838 362 921 398; x_wconf 78' lang='lat' dir='ltr'>repeti</span> <span class='ocrx_word' id='word_1_41' title='bbox 941 366 1036 398; x_wconf 84' lang='lat' dir='ltr'>potest.</span> <span class='ocrx_word' id='word_1_42' title='bbox 1059 366 1061 378; x_wconf 60' lang='lat'>³</span> 
     </span>
     <span class='ocr_line' id='line_1_6' title="bbox 197 403 1037 440; baseline -0.002 -8"><span class='ocrx_word' id='word_1_43' title='bbox 197 405 228 432; x_wconf 84' lang='lat' dir='ltr'>fr.</span> <span class='ocrx_word' id='word_1_44' title='bbox 247 407 289 432; x_wconf 77' lang='lat'>40.</span> <span class='ocrx_word' id='word_1_45' title='bbox 314 405 345 432; x_wconf 82' lang='lat' dir='ltr'>cf.</span> <span class='ocrx_word' id='word_1_46' title='bbox 370 405 401 432; x_wconf 83' lang='lat' dir='ltr'>fr.</span> <span class='ocrx_word' id='word_1_47' title='bbox 424 406 466 432; x_wconf 80' lang='lat'>39.</span> <span class='ocrx_word' id='word_1_48' title='bbox 491 403 524 430; x_wconf 88' lang='lat' dir='ltr'>de</span> <span class='ocrx_word' id='word_1_49' title='bbox 547 404 653 430; x_wconf 86' lang='lat' dir='ltr'>iureiur.</span> <span class='ocrx_word' id='word_1_50' title='bbox 679 405 718 430; x_wconf 82' lang='lat'>12.</span> <span class='ocrx_word' id='word_1_51' title='bbox 743 406 767 430; x_wconf 80' lang='lat'>2.</span> <span class='ocrx_word' id='word_1_52' title='bbox 792 403 823 430; x_wconf 85' lang='lat' dir='ltr'>fr.</span> <span class='ocrx_word' id='word_1_53' title='bbox 841 405 866 430; x_wconf 87' lang='lat'>3.</span> <span class='ocrx_word' id='word_1_54' title='bbox 891 404 912 437; x_wconf 90' lang='lat'>5.</span> <span class='ocrx_word' id='word_1_55' title='bbox 934 406 956 430; x_wconf 88' lang='lat'>7.</span> <span class='ocrx_word' id='word_1_56' title='bbox 986 404 1037 440; x_wconf 77' lang='lat' dir='ltr'>Qu.</span> 
     </span>
     <span class='ocr_line' id='line_1_7' title="bbox 196 449 437 485; baseline 0 -11"><span class='ocrx_word' id='word_1_57' title='bbox 196 449 281 485; x_wconf 81' lang='lat' dir='ltr'>quisq.</span> <span class='ocrx_word' id='word_1_58' title='bbox 302 449 350 475; x_wconf 87' lang='lat' dir='ltr'>iur.</span> <span class='ocrx_word' id='word_1_59' title='bbox 369 450 394 474; x_wconf 82' lang='lat'>2.</span> <span class='ocrx_word' id='word_1_60' title='bbox 413 449 437 474; x_wconf 84' lang='lat'>2.</span> 
     </span>
    </p>

    <p class='ocr_par' dir='ltr' id='par_1_3' title="bbox 197 488 1038 569">
     <span class='ocr_line' id='line_1_8' title="bbox 231 488 1038 524; baseline -0.002 -6"><span class='ocrx_word' id='word_1_61' title='bbox 231 491 524 518; x_wconf 76' lang='lat' dir='ltr'>somniculosus.</span> <span class='ocrx_word' id='word_1_62' title='bbox 552 488 689 522; x_wconf 84' lang='lat' dir='ltr'>(Adiect.)</span> <span class='ocrx_word' id='word_1_63' title='bbox 722 491 833 516; x_wconf 79' lang='lat' dir='ltr'>Somno</span> <span class='ocrx_word' id='word_1_64' title='bbox 857 490 1038 524; x_wconf 75' lang='lat' dir='ltr'><em>indulgens.</em></span> 
     </span>
     <span class='ocr_line' id='line_1_9' title="bbox 197 531 968 569; baseline -0.003 -9"><span class='ocrx_word' id='word_1_65' title='bbox 197 533 228 560; x_wconf 88' lang='lat'>11.</span> <span class='ocrx_word' id='word_1_66' title='bbox 244 535 311 567; x_wconf 74' lang='lat'><em>01).</em></span> <span class='ocrx_word' id='word_1_67' title='bbox 330 532 443 569; x_wconf 77' lang='lat' dir='ltr'>Vigilax.</span> <span class='ocrx_word' id='word_1_68' title='bbox 463 532 494 559; x_wconf 89' lang='lat' dir='ltr'>fr.</span> <span class='ocrx_word' id='word_1_69' title='bbox 511 533 550 559; x_wconf 86' lang='lat'>18.</span> <span class='ocrx_word' id='word_1_70' title='bbox 570 542 608 569; x_wconf 82' lang='lat' dir='ltr'>pr.</span> <span class='ocrx_word' id='word_1_71' title='bbox 629 531 661 558; x_wconf 87' lang='lat' dir='ltr'>de</span> <span class='ocrx_word' id='word_1_72' title='bbox 680 531 766 558; x_wconf 85' lang='lat' dir='ltr'>Aedil.</span> <span class='ocrx_word' id='word_1_73' title='bbox 787 531 863 557; x_wconf 85' lang='lat' dir='ltr'>edict.</span> <span class='ocrx_word' id='word_1_74' title='bbox 882 533 924 557; x_wconf 81' lang='lat'>21.</span> <span class='ocrx_word' id='word_1_75' title='bbox 946 534 968 558; x_wconf 89' lang='lat'>1.</span> 
     </span>
    </p>

    <p class='ocr_par' dir='ltr' id='par_1_4' title="bbox 196 575 1060 730">
     <span class='ocr_line' id='line_1_10' title="bbox 232 575 1036 609; baseline -0.001 -7"><span class='ocrx_word' id='word_1_76' title='bbox 232 575 439 602; x_wconf 75' lang='lat' dir='ltr'>Somnium.</span> <span class='ocrx_word' id='word_1_77' title='bbox 469 576 597 609; x_wconf 78' lang='lat' dir='ltr'><strong><em>Species</em></strong></span> <span class='ocrx_word' id='word_1_78' title='bbox 617 575 848 601; x_wconf 78' lang='lat' dir='ltr'>dormientibus</span> <span class='ocrx_word' id='word_1_79' title='bbox 868 577 1036 608; x_wconf 71' lang='lat' dir='ltr'>adparens.</span> 
     </span>
     <span class='ocr_line' id='line_1_11' title="bbox 197 617 1060 656; baseline -0.002 -12"><span class='ocrx_word' id='word_1_80' title='bbox 197 617 241 644; x_wconf 84' lang='lat'><em>111.</em></span> <span class='ocrx_word' id='word_1_81' title='bbox 259 619 325 646; x_wconf 78' lang='lat' dir='ltr'>Cn.</span> <span class='ocrx_word' id='word_1_82' title='bbox 349 617 500 654; x_wconf 81' lang='lat' dir='ltr'>Haruspex.</span> <span class='ocrx_word' id='word_1_83' title='bbox 521 623 564 644; x_wconf 86' lang='lat' dir='ltr'>aut</span> <span class='ocrx_word' id='word_1_84' title='bbox 582 617 708 649; x_wconf 77' lang='lat' dir='ltr'>hariolus,</span> <span class='ocrx_word' id='word_1_85' title='bbox 727 632 759 636; x_wconf 87' lang='lat'><em>-</em></span> <span class='ocrx_word' id='word_1_86' title='bbox 776 621 822 642; x_wconf 84' lang='lat' dir='ltr'>aut</span> <span class='ocrx_word' id='word_1_87' title='bbox 841 617 977 643; x_wconf 78' lang='lat' dir='ltr'>narrandis</span> <span class='ocrx_word' id='word_1_88' title='bbox 997 627 1038 643; x_wconf 84' lang='lat' dir='ltr'>so·</span> <span class='ocrx_word' id='word_1_89' title='bbox 1059 645 1060 656; x_wconf 17' lang='grc' dir='ltr'>ἵ</span> 
     </span>
     <span class='ocr_line' id='line_1_12' title="bbox 196 658 1060 704; baseline 0 -18"><span class='ocrx_word' id='word_1_90' title='bbox 196 661 276 687; x_wconf 88' lang='lat' dir='ltr'>mniis</span> <span class='ocrx_word' id='word_1_91' title='bbox 299 660 434 687; x_wconf 87' lang='lat' dir='ltr'>occultans</span> <span class='ocrx_word' id='word_1_92' title='bbox 459 666 539 687; x_wconf 86' lang='lat' dir='ltr'>artem</span> <span class='ocrx_word' id='word_1_93' title='bbox 565 660 678 697; x_wconf 79' lang='lat' dir='ltr'><strong>aliquam</strong></span> <span class='ocrx_word' id='word_1_94' title='bbox 701 658 843 686; x_wconf 77' lang='lat' dir='ltr'>divinandi.</span> <span class='ocrx_word' id='word_1_95' title='bbox 872 658 920 686; x_wconf 57' lang='lat' dir='ltr'>Th.</span> <span class='ocrx_word' id='word_1_96' title='bbox 941 659 972 686; x_wconf 85' lang='lat' dir='ltr'>C.</span> <span class='ocrx_word' id='word_1_97' title='bbox 992 660 1036 686; x_wconf 75' lang='lat' dir='ltr'>lx.</span> <span class='ocrx_word' id='word_1_98' title='bbox 1059 691 1060 704; x_wconf 27' lang='lat'>¹</span> 
     </span>
     <span class='ocr_line' id='line_1_13' title="bbox 198 702 506 730; baseline 0.003 -2"><span class='ocrx_word' id='word_1_99' title='bbox 198 704 238 729; x_wconf 88' lang='lat'>16.</span> <span class='ocrx_word' id='word_1_100' title='bbox 258 712 280 728; x_wconf 85' lang='lat' dir='ltr'>e.</span> <span class='ocrx_word' id='word_1_101' title='bbox 299 705 323 730; x_wconf 90' lang='lat'>6.</span> <span class='ocrx_word' id='word_1_102' title='bbox 344 702 376 729; x_wconf 89' lang='lat' dir='ltr'>de</span> <span class='ocrx_word' id='word_1_103' title='bbox 396 703 506 730; x_wconf 82' lang='lat' dir='ltr'>malefic.</span> 
     </span>
    </p>

    <p class='ocr_par' dir='ltr' id='par_1_5' title="bbox 196 745 1060 952">
     <span class='ocr_line' id='line_1_14' title="bbox 230 745 1037 777; baseline 0 -5"><span class='ocrx_word' id='word_1_104' title='bbox 230 745 402 772; x_wconf 81' lang='lat' dir='ltr'>Somnus.</span> <span class='ocrx_word' id='word_1_105' title='bbox 440 748 540 772; x_wconf 73' lang='lat' dir='ltr'>Actus</span> <span class='ocrx_word' id='word_1_106' title='bbox 560 746 750 776; x_wconf 74' lang='lat' dir='ltr'>dormiendi,</span> <span class='ocrx_word' id='word_1_107' title='bbox 774 746 877 777; x_wconf 80' lang='lat' dir='ltr'>Quies.</span> <span class='ocrx_word' id='word_1_108' title='bbox 915 745 1037 773; x_wconf 70' lang='lat' dir='ltr'><em>Iltcn.</em></span> 
     </span>
     <span class='ocr_line' id='line_1_15' title="bbox 196 782 1060 830; baseline 0 -16"><span class='ocrx_word' id='word_1_109' title='bbox 196 786 312 820; x_wconf 78' lang='lat' dir='ltr'>Somno,</span> <span class='ocrx_word' id='word_1_110' title='bbox 332 793 375 814; x_wconf 89' lang='lat' dir='ltr'>aut</span> <span class='ocrx_word' id='word_1_111' title='bbox 394 788 487 814; x_wconf 88' lang='lat' dir='ltr'>morbo</span> <span class='ocrx_word' id='word_1_112' title='bbox 507 787 631 814; x_wconf 83' lang='lat' dir='ltr'>comitiali</span> <span class='ocrx_word' id='word_1_113' title='bbox 650 791 800 823; x_wconf 80' lang='lat' dir='ltr'>occupatus.</span> <span class='ocrx_word' id='word_1_114' title='bbox 826 787 856 814; x_wconf 83' lang='lat' dir='ltr'>l&#39;r.</span> <span class='ocrx_word' id='word_1_115' title='bbox 878 791 899 814; x_wconf 95' lang='lat'>1.</span> <span class='ocrx_word' id='word_1_116' title='bbox 920 789 941 822; x_wconf 91' lang='lat'>5.</span> <span class='ocrx_word' id='word_1_117' title='bbox 963 790 985 814; x_wconf 94' lang='lat' dir='ltr'>l.</span> <span class='ocrx_word' id='word_1_118' title='bbox 1006 788 1038 814; x_wconf 84' lang='lat' dir='ltr'>de</span> <span class='ocrx_word' id='word_1_119' title='bbox 1059 782 1060 830; x_wconf 44' lang='lat'>1</span> 
     </span>
     <span class='ocr_line' id='line_1_16' title="bbox 196 830 1060 867; baseline 0 -10"><span class='ocrx_word' id='word_1_120' title='bbox 196 835 264 857; x_wconf 81' lang='lat' dir='ltr'>auct.</span> <span class='ocrx_word' id='word_1_121' title='bbox 284 836 310 857; x_wconf 90' lang='lat' dir='ltr'>et</span> <span class='ocrx_word' id='word_1_122' title='bbox 329 841 402 857; x_wconf 83' lang='lat' dir='ltr'>cons.</span> <span class='ocrx_word' id='word_1_123' title='bbox 415 833 457 857; x_wconf 84' lang='lat'>26.</span> <span class='ocrx_word' id='word_1_124' title='bbox 477 832 500 857; x_wconf 75' lang='lat'>8.</span> <span class='ocrx_word' id='word_1_125' title='bbox 532 830 561 857; x_wconf 88' lang='lat' dir='ltr'>In</span> <span class='ocrx_word' id='word_1_126' title='bbox 580 830 657 861; x_wconf 71' lang='lat' dir='ltr'>lecto,</span> <span class='ocrx_word' id='word_1_127' title='bbox 676 839 768 856; x_wconf 87' lang='lat' dir='ltr'>sonmo</span> <span class='ocrx_word' id='word_1_128' title='bbox 788 831 902 866; x_wconf 83' lang='lat' dir='ltr'>vinoque</span> <span class='ocrx_word' id='word_1_129' title='bbox 921 840 1038 867; x_wconf 81' lang='lat' dir='ltr'>pressus.</span> <span class='ocrx_word' id='word_1_130' title='bbox 1059 841 1060 860; x_wconf 47' lang='lat' dir='ltr'>i</span> 
     </span>
     <span class='ocr_line' id='line_1_17' title="bbox 196 872 1060 907; baseline 0 -7"><span class='ocrx_word' id='word_1_131' title='bbox 196 872 227 900; x_wconf 84' lang='lat' dir='ltr'>fr.</span> <span class='ocrx_word' id='word_1_132' title='bbox 249 875 287 899; x_wconf 83' lang='lat'>14.</span> <span class='ocrx_word' id='word_1_133' title='bbox 308 874 329 907; x_wconf 92' lang='lat'>5.</span> <span class='ocrx_word' id='word_1_134' title='bbox 350 876 373 900; x_wconf 84' lang='lat'>4.</span> <span class='ocrx_word' id='word_1_135' title='bbox 394 873 426 900; x_wconf 80' lang='lat' dir='ltr'>de</span> <span class='ocrx_word' id='word_1_136' title='bbox 445 873 532 900; x_wconf 83' lang='lat' dir='ltr'>Aedil.</span> <span class='ocrx_word' id='word_1_137' title='bbox 554 873 630 900; x_wconf 84' lang='lat' dir='ltr'>edict.</span> <span class='ocrx_word' id='word_1_138' title='bbox 649 874 690 899; x_wconf 78' lang='lat'>21.</span> <span class='ocrx_word' id='word_1_139' title='bbox 712 875 733 899; x_wconf 95' lang='lat'>1.</span> <span class='ocrx_word' id='word_1_140' title='bbox 770 873 811 899; x_wconf 78' lang='lat' dir='ltr'>Ex</span> <span class='ocrx_word' id='word_1_141' title='bbox 835 883 928 899; x_wconf 87' lang='lat' dir='ltr'>somno</span> <span class='ocrx_word' id='word_1_142' title='bbox 950 875 1037 900; x_wconf 82' lang='lat' dir='ltr'>statim</span> <span class='ocrx_word' id='word_1_143' title='bbox 1059 891 1060 902; x_wconf 49' lang='lat'>1</span> 
     </span>
     <span class='ocr_line' id='line_1_18' title="bbox 196 915 957 952; baseline 0.001 -10"><span class='ocrx_word' id='word_1_144' title='bbox 196 921 285 942; x_wconf 78' lang='lat' dir='ltr'>ornata</span> <span class='ocrx_word' id='word_1_145' title='bbox 305 916 433 949; x_wconf 82' lang='lat' dir='ltr'>(mulier.)</span> <span class='ocrx_word' id='word_1_146' title='bbox 454 916 482 943; x_wconf 78' lang='lat' dir='ltr'>l&#39;r.</span> <span class='ocrx_word' id='word_1_147' title='bbox 502 918 543 942; x_wconf 85' lang='lat'>25.</span> <span class='ocrx_word' id='word_1_148' title='bbox 564 916 585 949; x_wconf 97' lang='lat'>5.</span> <span class='ocrx_word' id='word_1_149' title='bbox 607 917 645 941; x_wconf 89' lang='grc'>10.</span> <span class='ocrx_word' id='word_1_150' title='bbox 666 915 698 941; x_wconf 91' lang='lat' dir='ltr'>de</span> <span class='ocrx_word' id='word_1_151' title='bbox 719 926 781 942; x_wconf 84' lang='lat' dir='ltr'>auro</span> <span class='ocrx_word' id='word_1_152' title='bbox 801 926 852 952; x_wconf 78' lang='lat' dir='ltr'>arg.</span> <span class='ocrx_word' id='word_1_153' title='bbox 873 918 914 942; x_wconf 74' lang='lat'>34.</span> <span class='ocrx_word' id='word_1_154' title='bbox 934 918 957 943; x_wconf 77' lang='lat'>2.</span> 
     </span>
    </p>

    <p class='ocr_par' dir='ltr' id='par_1_6' title="bbox 196 958 1039 1035">
     <span class='ocr_line' id='line_1_19' title="bbox 231 958 1039 994; baseline 0 -9"><span class='ocrx_word' id='word_1_155' title='bbox 231 959 337 986; x_wconf 72' lang='lat' dir='ltr'>sons.</span> <span class='ocrx_word' id='word_1_156' title='bbox 358 959 475 992; x_wconf 82' lang='lat' dir='ltr'>(Subst.)</span> <span class='ocrx_word' id='word_1_157' title='bbox 497 960 682 994; x_wconf 68' lang='lat' dir='ltr'>MaleficuS.</span> <span class='ocrx_word' id='word_1_158' title='bbox 702 958 720 984; x_wconf 91' lang='lat' dir='ltr'>l.</span> <span class='ocrx_word' id='word_1_159' title='bbox 734 960 796 993; x_wconf 78' lang='lat' dir='ltr'>Sy.</span> <span class='ocrx_word' id='word_1_160' title='bbox 812 958 952 985; x_wconf 65' lang='lat' dir='ltr'>Nocentes.</span> <span class='ocrx_word' id='word_1_161' title='bbox 972 958 1039 986; x_wconf 86' lang='lat' dir='ltr'>Sou-</span> 
     </span>
     <span class='ocr_line' id='line_1_20' title="bbox 196 1000 805 1035; baseline 0.002 -8"><span class='ocrx_word' id='word_1_162' title='bbox 196 1005 245 1027; x_wconf 87' lang='lat' dir='ltr'>tes.</span> <span class='ocrx_word' id='word_1_163' title='bbox 266 1001 296 1028; x_wconf 81' lang='lat' dir='ltr'>fr.</span> <span class='ocrx_word' id='word_1_164' title='bbox 316 1003 356 1028; x_wconf 79' lang='lat'>65.</span> <span class='ocrx_word' id='word_1_165' title='bbox 377 1003 398 1035; x_wconf 86' lang='lat'>5.</span> <span class='ocrx_word' id='word_1_166' title='bbox 421 1004 442 1027; x_wconf 97' lang='lat' dir='ltr'>l.</span> <span class='ocrx_word' id='word_1_167' title='bbox 463 1001 495 1027; x_wconf 88' lang='lat' dir='ltr'>de</span> <span class='ocrx_word' id='word_1_168' title='bbox 514 1000 600 1027; x_wconf 86' lang='lat' dir='ltr'>Aedil.</span> <span class='ocrx_word' id='word_1_169' title='bbox 622 1000 698 1027; x_wconf 81' lang='lat' dir='ltr'>edict.</span> <span class='ocrx_word' id='word_1_170' title='bbox 718 1003 760 1028; x_wconf 83' lang='lat'>21.</span> <span class='ocrx_word' id='word_1_171' title='bbox 782 1004 805 1029; x_wconf 87' lang='lat' dir='ltr'>l.</span> 
     </span>
    </p>

    <p class='ocr_par' dir='ltr' id='par_1_7' title="bbox 231 1043 1037 1079">
     <span class='ocr_line' id='line_1_21' title="bbox 231 1043 1037 1079; baseline 0.001 -9"><span class='ocrx_word' id='word_1_172' title='bbox 231 1045 416 1071; x_wconf 76' lang='lat' dir='ltr'>sonticus.</span> <span class='ocrx_word' id='word_1_173' title='bbox 448 1043 577 1076; x_wconf 82' lang='lat' dir='ltr'>(Adieet.)</span> <span class='ocrx_word' id='word_1_174' title='bbox 610 1045 749 1076; x_wconf 63' lang='lat' dir='ltr'>Noxins,</span> <span class='ocrx_word' id='word_1_175' title='bbox 774 1047 1037 1079; x_wconf 80' lang='lat' dir='ltr'>Impedimeutum</span> 
     </span>
    </p>
   </div>
   <div class='ocr_carea' id='block_1_3' title="bbox 1060 236 1063 1111">
    <p class='ocr_par' dir='ltr' id='par_1_8' title="bbox 1060 236 1063 1111">
     <span class='ocr_line' id='line_1_22' title="bbox 1060 236 1063 1111; baseline 0 0"><span class='ocrx_word' id='word_1_176' title='bbox 1060 236 1063 1111; x_wconf 95' lang='lat' dir='ltr'> </span> 
     </span>
    </p>
   </div>
   <div class='ocr_carea' id='block_1_4' title="bbox 194 1086 1062 2831">
    <p class='ocr_par' dir='ltr' id='par_1_9' title="bbox 196 1086 1061 1206">
     <span class='ocr_line' id='line_1_23' title="bbox 197 1086 1038 1124; baseline 0.001 -11"><span class='ocrx_word' id='word_1_177' title='bbox 197 1088 319 1114; x_wconf 79' lang='lat' dir='ltr'>iustum</span> <span class='ocrx_word' id='word_1_178' title='bbox 341 1096 463 1121; x_wconf 81' lang='lat' dir='ltr'>parans</span> <span class='ocrx_word' id='word_1_179' title='bbox 483 1087 537 1119; x_wconf 76' lang='lat' dir='ltr'>(rei</span> <span class='ocrx_word' id='word_1_180' title='bbox 557 1087 711 1122; x_wconf 78' lang='lat' dir='ltr'>gerendae.)</span> <span class='ocrx_word' id='word_1_181' title='bbox 748 1086 766 1112; x_wconf 90' lang='lat' dir='ltr'>l.</span> <span class='ocrx_word' id='word_1_182' title='bbox 788 1088 849 1121; x_wconf 70' lang='lat' dir='ltr'>Sy.</span> <span class='ocrx_word' id='word_1_183' title='bbox 873 1089 926 1123; x_wconf 72' lang='lat' dir='ltr'>Qui</span> <span class='ocrx_word' id='word_1_184' title='bbox 945 1089 1038 1124; x_wconf 88' lang='lat' dir='ltr'>cuique</span> 
     </span>
     <span class='ocr_line' id='line_1_24' title="bbox 196 1128 1061 1166; baseline 0 -10"><span class='ocrx_word' id='word_1_185' title='bbox 196 1131 235 1156; x_wconf 87' lang='lat' dir='ltr'>rei</span> <span class='ocrx_word' id='word_1_186' title='bbox 254 1134 344 1162; x_wconf 85' lang='lat' dir='ltr'>nocet,</span> <span class='ocrx_word' id='word_1_187' title='bbox 369 1139 390 1155; x_wconf 89' lang='lat' dir='ltr'>s.</span> <span class='ocrx_word' id='word_1_188' title='bbox 410 1129 538 1165; x_wconf 89' lang='lat' dir='ltr'>cuiusque</span> <span class='ocrx_word' id='word_1_189' title='bbox 563 1130 600 1154; x_wconf 81' lang='lat' dir='ltr'>rei</span> <span class='ocrx_word' id='word_1_190' title='bbox 623 1129 752 1165; x_wconf 76' lang='lat' dir='ltr'>gerendae</span> <span class='ocrx_word' id='word_1_191' title='bbox 776 1129 963 1166; x_wconf 81' lang='lat' dir='ltr'>impedimento</span> <span class='ocrx_word' id='word_1_192' title='bbox 989 1135 1038 1162; x_wconf 84' lang='lat' dir='ltr'>est,</span> <span class='ocrx_word' id='word_1_193' title='bbox 1060 1128 1061 1157; x_wconf 56' lang='grc' dir='ltr'>ζ</span> 
     </span>
     <span class='ocr_line' id='line_1_25' title="bbox 197 1171 1036 1206; baseline 0.001 -8"><span class='ocrx_word' id='word_1_194' title='bbox 197 1171 322 1198; x_wconf 88' lang='lat' dir='ltr'>Sonticus</span> <span class='ocrx_word' id='word_1_195' title='bbox 341 1171 483 1205; x_wconf 64' lang='lat' dir='ltr'>(morbus)</span> <span class='ocrx_word' id='word_1_196' title='bbox 504 1172 533 1198; x_wconf 61' lang='lat' dir='ltr'>l&#39;r.</span> <span class='ocrx_word' id='word_1_197' title='bbox 553 1172 594 1197; x_wconf 78' lang='lat'><em>(35.</em></span> <span class='ocrx_word' id='word_1_198' title='bbox 615 1172 635 1206; x_wconf 94' lang='lat'><em>5.</em></span> <span class='ocrx_word' id='word_1_199' title='bbox 658 1174 678 1198; x_wconf 94' lang='lat' dir='ltr'>l.</span> <span class='ocrx_word' id='word_1_200' title='bbox 699 1172 731 1198; x_wconf 85' lang='lat' dir='ltr'>de</span> <span class='ocrx_word' id='word_1_201' title='bbox 751 1172 837 1199; x_wconf 81' lang='lat' dir='ltr'>Aedil.</span> <span class='ocrx_word' id='word_1_202' title='bbox 858 1172 935 1199; x_wconf 84' lang='lat' dir='ltr'>edict.</span> <span class='ocrx_word' id='word_1_203' title='bbox 953 1175 994 1199; x_wconf 86' lang='lat'>21.</span> <span class='ocrx_word' id='word_1_204' title='bbox 1016 1175 1036 1200; x_wconf 87' lang='lat' dir='ltr'>l.</span> 
     </span>
    </p>

    <p class='ocr_par' dir='ltr' id='par_1_10' title="bbox 195 1214 1061 1417">
     <span class='ocr_line' id='line_1_26' title="bbox 196 1214 1061 1248; baseline 0.001 -7"><span class='ocrx_word' id='word_1_205' title='bbox 196 1214 227 1241; x_wconf 83' lang='lat' dir='ltr'>sr.</span> <span class='ocrx_word' id='word_1_206' title='bbox 247 1216 287 1241; x_wconf 82' lang='grc'>60.</span> <span class='ocrx_word' id='word_1_207' title='bbox 308 1214 340 1241; x_wconf 80' lang='lat' dir='ltr'>de</span> <span class='ocrx_word' id='word_1_208' title='bbox 359 1225 386 1241; x_wconf 84' lang='lat' dir='ltr'>re</span> <span class='ocrx_word' id='word_1_209' title='bbox 406 1214 458 1243; x_wconf 85' lang='lat' dir='ltr'>iud,</span> <span class='ocrx_word' id='word_1_210' title='bbox 479 1216 520 1240; x_wconf 75' lang='lat'>42.</span> <span class='ocrx_word' id='word_1_211' title='bbox 542 1216 564 1240; x_wconf 93' lang='lat'>1.</span> <span class='ocrx_word' id='word_1_212' title='bbox 584 1214 614 1240; x_wconf 78' lang='lat' dir='ltr'>fr.</span> <span class='ocrx_word' id='word_1_213' title='bbox 636 1216 691 1241; x_wconf 87' lang='lat'><em>113.</em></span> <span class='ocrx_word' id='word_1_214' title='bbox 712 1215 744 1241; x_wconf 82' lang='lat' dir='ltr'>de.</span> <span class='ocrx_word' id='word_1_215' title='bbox 765 1215 795 1242; x_wconf 82' lang='lat' dir='ltr'>V.</span> <span class='ocrx_word' id='word_1_216' title='bbox 810 1215 837 1241; x_wconf 87' lang='lat' dir='ltr'>S.</span> <span class='ocrx_word' id='word_1_217' title='bbox 855 1218 896 1241; x_wconf 85' lang='lat'>50.</span> <span class='ocrx_word' id='word_1_218' title='bbox 917 1217 957 1241; x_wconf 85' lang='lat'>16.</span> <span class='ocrx_word' id='word_1_219' title='bbox 994 1215 1037 1242; x_wconf 87' lang='lat' dir='ltr'><em>Ill.</em></span> <span class='ocrx_word' id='word_1_220' title='bbox 1059 1232 1061 1248; x_wconf 57' lang='lat'>2</span> 
     </span>
     <span class='ocr_line' id='line_1_27' title="bbox 196 1256 1061 1295; baseline 0.002 -12"><span class='ocrx_word' id='word_1_221' title='bbox 196 1258 262 1284; x_wconf 78' lang='lat' dir='ltr'>Cn.</span> <span class='ocrx_word' id='word_1_222' title='bbox 286 1257 327 1283; x_wconf 89' lang='lat' dir='ltr'>De</span> <span class='ocrx_word' id='word_1_223' title='bbox 346 1257 439 1283; x_wconf 88' lang='lat' dir='ltr'>morbo</span> <span class='ocrx_word' id='word_1_224' title='bbox 459 1256 615 1293; x_wconf 78' lang='lat' dir='ltr'>generaliter</span> <span class='ocrx_word' id='word_1_225' title='bbox 634 1259 761 1295; x_wconf 83' lang='lat' dir='ltr'>scriptum</span> <span class='ocrx_word' id='word_1_226' title='bbox 781 1263 834 1290; x_wconf 72' lang='lat' dir='ltr'>est.</span> <span class='ocrx_word' id='word_1_227' title='bbox 855 1268 906 1284; x_wconf 90' lang='lat' dir='ltr'>non</span> <span class='ocrx_word' id='word_1_228' title='bbox 927 1259 959 1285; x_wconf 77' lang='lat' dir='ltr'>de</span> <span class='ocrx_word' id='word_1_229' title='bbox 978 1269 1038 1285; x_wconf 90' lang='lat' dir='ltr'>son·</span> <span class='ocrx_word' id='word_1_230' title='bbox 1060 1288 1061 1293; x_wconf 22' lang='lat'>¹</span> 
     </span>
     <span class='ocr_line' id='line_1_28' title="bbox 195 1299 1061 1333; baseline 0.001 -7"><span class='ocrx_word' id='word_1_231' title='bbox 195 1300 247 1326; x_wconf 85' lang='lat' dir='ltr'>tico</span> <span class='ocrx_word' id='word_1_232' title='bbox 267 1300 368 1326; x_wconf 89' lang='lat' dir='ltr'>morbo.</span> <span class='ocrx_word' id='word_1_233' title='bbox 390 1300 420 1326; x_wconf 82' lang='lat' dir='ltr'>l&#39;r.</span> <span class='ocrx_word' id='word_1_234' title='bbox 435 1301 459 1326; x_wconf 81' lang='lat'>4.</span> <span class='ocrx_word' id='word_1_235' title='bbox 480 1300 501 1333; x_wconf 94' lang='lat'>5.</span> <span class='ocrx_word' id='word_1_236' title='bbox 515 1302 538 1326; x_wconf 86' lang='lat'>5.</span> <span class='ocrx_word' id='word_1_237' title='bbox 559 1299 591 1326; x_wconf 88' lang='lat' dir='ltr'>de</span> <span class='ocrx_word' id='word_1_238' title='bbox 608 1300 694 1326; x_wconf 83' lang='lat' dir='ltr'>Aedil.</span> <span class='ocrx_word' id='word_1_239' title='bbox 715 1301 791 1328; x_wconf 83' lang='lat' dir='ltr'>edict.</span> <span class='ocrx_word' id='word_1_240' title='bbox 805 1303 846 1327; x_wconf 88' lang='lat'>21.</span> <span class='ocrx_word' id='word_1_241' title='bbox 868 1303 890 1328; x_wconf 94' lang='lat'>1.</span> <span class='ocrx_word' id='word_1_242' title='bbox 928 1301 1037 1328; x_wconf 84' lang='lat' dir='ltr'>Morbus</span> <span class='ocrx_word' id='word_1_243' title='bbox 1059 1307 1061 1331; x_wconf 65' lang='lat' dir='ltr'>t</span> 
     </span>
     <span class='ocr_line' id='line_1_29' title="bbox 195 1334 1061 1380; baseline 0.002 -12"><span class='ocrx_word' id='word_1_244' title='bbox 195 1347 264 1369; x_wconf 84' lang='lat' dir='ltr'>sont..</span> <span class='ocrx_word' id='word_1_245' title='bbox 285 1358 317 1362; x_wconf 91' lang='lat'>—-</span> <span class='ocrx_word' id='word_1_246' title='bbox 343 1348 427 1369; x_wconf 80' lang='lat' dir='ltr'>status</span> <span class='ocrx_word' id='word_1_247' title='bbox 453 1342 509 1368; x_wconf 91' lang='lat' dir='ltr'>dies</span> <span class='ocrx_word' id='word_1_248' title='bbox 533 1353 591 1369; x_wconf 85' lang='lat' dir='ltr'>cum</span> <span class='ocrx_word' id='word_1_249' title='bbox 615 1343 704 1376; x_wconf 80' lang='lat' dir='ltr'>hoste,</span> <span class='ocrx_word' id='word_1_250' title='bbox 731 1360 761 1363; x_wconf 97' lang='lat'><strong>—</strong></span> <span class='ocrx_word' id='word_1_251' title='bbox 787 1344 849 1380; x_wconf 81' lang='lat' dir='ltr'>quid</span> <span class='ocrx_word' id='word_1_252' title='bbox 874 1344 965 1370; x_wconf 82' lang='lat' dir='ltr'>borum</span> <span class='ocrx_word' id='word_1_253' title='bbox 990 1344 1039 1371; x_wconf 84' lang='lat' dir='ltr'>fuit</span> <span class='ocrx_word' id='word_1_254' title='bbox 1060 1334 1061 1366; x_wconf 68' lang='lat' dir='ltr'>l</span> 
     </span>
     <span class='ocr_line' id='line_1_30' title="bbox 195 1385 1038 1417; baseline 0.002 -6"><span class='ocrx_word' id='word_1_255' title='bbox 195 1395 283 1417; x_wconf 88' lang='lat' dir='ltr'>unum,</span> <span class='ocrx_word' id='word_1_256' title='bbox 302 1385 391 1417; x_wconf 86' lang='lat' dir='ltr'>iudici,</span> <span class='ocrx_word' id='word_1_257' title='bbox 411 1385 552 1417; x_wconf 74' lang='lat' dir='ltr'>arbitrove,</span> <span class='ocrx_word' id='word_1_258' title='bbox 571 1396 658 1412; x_wconf 87' lang='lat' dir='ltr'>reove.</span> <span class='ocrx_word' id='word_1_259' title='bbox 680 1386 710 1412; x_wconf 77' lang='lat' dir='ltr'>L.</span> <span class='ocrx_word' id='word_1_260' title='bbox 730 1387 779 1413; x_wconf 77' lang='lat' dir='ltr'>XII</span> <span class='ocrx_word' id='word_1_261' title='bbox 799 1387 882 1413; x_wconf 79' lang='lat' dir='ltr'>Tabb.</span> <span class='ocrx_word' id='word_1_262' title='bbox 902 1387 932 1413; x_wconf 92' lang='lat' dir='ltr'>ll.</span> <span class='ocrx_word' id='word_1_263' title='bbox 952 1390 975 1413; x_wconf 78' lang='lat'>2.</span> <span class='ocrx_word' id='word_1_264' title='bbox 997 1387 1038 1414; x_wconf 77' lang='lat' dir='ltr'>Cf.</span> 
     </span>
    </p>

    <p class='ocr_par' dir='ltr' id='par_1_11' title="bbox 195 1427 1037 1465">
     <span class='ocr_line' id='line_1_31' title="bbox 195 1427 1037 1465; baseline 0.004 -12"><span class='ocrx_word' id='word_1_265' title='bbox 195 1427 237 1454; x_wconf 87' lang='lat' dir='ltr'>Fr.</span> <span class='ocrx_word' id='word_1_266' title='bbox 256 1427 286 1454; x_wconf 89' lang='lat' dir='ltr'>L.</span> <span class='ocrx_word' id='word_1_267' title='bbox 308 1428 402 1457; x_wconf 84' lang='lat' dir='ltr'>Cincii.</span> <span class='ocrx_word' id='word_1_268' title='bbox 422 1427 501 1454; x_wconf 67' lang='lat' dir='ltr'>[Cli.</span> <span class='ocrx_word' id='word_1_269' title='bbox 521 1429 571 1465; x_wconf 78' lang='lat' dir='ltr'>Ap.</span> <span class='ocrx_word' id='word_1_270' title='bbox 586 1428 654 1456; x_wconf 78' lang='lat' dir='ltr'>Geli.</span> <span class='ocrx_word' id='word_1_271' title='bbox 668 1428 738 1456; x_wconf 55' lang='lat' dir='ltr'><em>XVI.</em></span> <span class='ocrx_word' id='word_1_272' title='bbox 758 1432 781 1455; x_wconf 77' lang='lat'>4.</span> <span class='ocrx_word' id='word_1_273' title='bbox 801 1430 831 1456; x_wconf 76' lang='lat' dir='ltr'>fr.</span> <span class='ocrx_word' id='word_1_274' title='bbox 846 1432 887 1457; x_wconf 80' lang='lat'>46.</span> <span class='ocrx_word' id='word_1_275' title='bbox 908 1430 940 1456; x_wconf 81' lang='lat' dir='ltr'>de</span> <span class='ocrx_word' id='word_1_276' title='bbox 959 1430 1037 1457; x_wconf 85' lang='lat' dir='ltr'>iudic.</span> 
     </span>
    </p>

    <p class='ocr_par' dir='ltr' id='par_1_12' title="bbox 194 1467 1061 1497">
     <span class='ocr_line' id='line_1_32' title="bbox 194 1467 1061 1497; baseline 0.001 -1"><span class='ocrx_word' id='word_1_277' title='bbox 194 1472 218 1496; x_wconf 83' lang='lat'>5.</span> <span class='ocrx_word' id='word_1_278' title='bbox 240 1472 261 1496; x_wconf 97' lang='lat' dir='ltr'>l.</span> <span class='ocrx_word' id='word_1_279' title='bbox 282 1470 312 1497; x_wconf 78' lang='lat' dir='ltr'>fr.</span> <span class='ocrx_word' id='word_1_280' title='bbox 332 1472 373 1497; x_wconf 81' lang='lat'>60.</span> <span class='ocrx_word' id='word_1_281' title='bbox 394 1470 411 1497; x_wconf 84' lang='lat' dir='ltr'>l.</span> <span class='ocrx_word' id='word_1_282' title='bbox 431 1473 470 1497; x_wconf 70' lang='lat'>42.</span> <span class='ocrx_word' id='word_1_283' title='bbox 493 1473 514 1497; x_wconf 92' lang='lat'>1.</span> <span class='ocrx_word' id='word_1_284' title='bbox 1060 1467 1061 1497; x_wconf 45' lang='lat' dir='ltr'>i</span> 
     </span>
    </p>

    <p class='ocr_par' dir='ltr' id='par_1_13' title="bbox 195 1514 1062 1637">
     <span class='ocr_line' id='line_1_33' title="bbox 228 1514 1062 1549; baseline 0.004 -10"><span class='ocrx_word' id='word_1_285' title='bbox 228 1514 361 1540; x_wconf 78' lang='lat' dir='ltr'>Sonus.</span> <span class='ocrx_word' id='word_1_286' title='bbox 401 1516 490 1546; x_wconf 77' lang='lat' dir='ltr'>Quod</span> <span class='ocrx_word' id='word_1_287' title='bbox 510 1516 645 1541; x_wconf 75' lang='lat' dir='ltr'>auribus</span> <span class='ocrx_word' id='word_1_288' title='bbox 669 1517 865 1549; x_wconf 73' lang='lat' dir='ltr'>percipitur.</span> <span class='ocrx_word' id='word_1_289' title='bbox 902 1515 945 1542; x_wconf 86' lang='lat' dir='ltr'><em>Ill.</em></span> <span class='ocrx_word' id='word_1_290' title='bbox 972 1516 1062 1543; x_wconf 72' lang='lat' dir='ltr'>Ort-¹</span> 
     </span>
     <span class='ocr_line' id='line_1_34' title="bbox 195 1555 1062 1611; baseline 0.005 -29"><span class='ocrx_word' id='word_1_291' title='bbox 195 1555 307 1582; x_wconf 85' lang='lat' dir='ltr'>Tantum</span> <span class='ocrx_word' id='word_1_292' title='bbox 332 1557 446 1582; x_wconf 87' lang='lat' dir='ltr'>nominis</span> <span class='ocrx_word' id='word_1_293' title='bbox 471 1566 552 1583; x_wconf 89' lang='lat' dir='ltr'>sonus</span> <span class='ocrx_word' id='word_1_294' title='bbox 577 1557 665 1583; x_wconf 76' lang='lat' dir='ltr'>differt</span> <span class='ocrx_word' id='word_1_295' title='bbox 689 1559 774 1590; x_wconf 70' lang='lat' dir='ltr'>(iuter</span> <span class='ocrx_word' id='word_1_296' title='bbox 798 1559 891 1595; x_wconf 75' lang='lat' dir='ltr'>pignus</span> <span class='ocrx_word' id='word_1_297' title='bbox 912 1564 937 1585; x_wconf 86' lang='lat' dir='ltr'>et</span> <span class='ocrx_word' id='word_1_298' title='bbox 956 1559 1039 1596; x_wconf 64' lang='lat' dir='ltr'>hypo·</span> <span class='ocrx_word' id='word_1_299' title='bbox 1060 1555 1062 1611; x_wconf 46' lang='lat' dir='ltr'>&#39;J</span> 
     </span>
     <span class='ocr_line' id='line_1_35' title="bbox 195 1598 779 1637; baseline 0.003 -12"><span class='ocrx_word' id='word_1_300' title='bbox 195 1598 319 1632; x_wconf 80' lang='lat' dir='ltr'>thecam.)</span> <span class='ocrx_word' id='word_1_301' title='bbox 340 1599 370 1625; x_wconf 80' lang='lat' dir='ltr'>fr.</span> <span class='ocrx_word' id='word_1_302' title='bbox 390 1600 414 1624; x_wconf 89' lang='lat'>5.</span> <span class='ocrx_word' id='word_1_303' title='bbox 434 1599 499 1632; x_wconf 88' lang='lat'><em>5.1.</em></span> <span class='ocrx_word' id='word_1_304' title='bbox 521 1599 552 1625; x_wconf 80' lang='lat' dir='ltr'>de</span> <span class='ocrx_word' id='word_1_305' title='bbox 572 1601 673 1637; x_wconf 71' lang='lat' dir='ltr'>pignor.</span> <span class='ocrx_word' id='word_1_306' title='bbox 693 1603 735 1626; x_wconf 78' lang='lat'>20.</span> <span class='ocrx_word' id='word_1_307' title='bbox 757 1603 779 1627; x_wconf 85' lang='lat'>1.</span> 
     </span>
    </p>

    <p class='ocr_par' dir='ltr' id='par_1_14' title="bbox 195 1643 1061 1892">
     <span class='ocr_line' id='line_1_36' title="bbox 230 1643 1061 1677; baseline 0.005 -10"><span class='ocrx_word' id='word_1_308' title='bbox 230 1643 492 1675; x_wconf 71' lang='lat' dir='ltr'>Sophanenus.</span> <span class='ocrx_word' id='word_1_309' title='bbox 510 1643 720 1675; x_wconf 78' lang='lat' dir='ltr'>Sophanus.</span> <span class='ocrx_word' id='word_1_310' title='bbox 748 1643 885 1677; x_wconf 78' lang='lat' dir='ltr'>(Adiect.)</span> <span class='ocrx_word' id='word_1_311' title='bbox 910 1647 956 1671; x_wconf 81' lang='lat' dir='ltr'>Ad</span> <span class='ocrx_word' id='word_1_312' title='bbox 973 1655 1037 1671; x_wconf 79' lang='lat' dir='ltr'>cer·</span> <span class='ocrx_word' id='word_1_313' title='bbox 1060 1647 1061 1657; x_wconf 67' lang='lat'>¹</span> 
     </span>
     <span class='ocr_line' id='line_1_37' title="bbox 195 1676 1061 1721; baseline 0.006 -12"><span class='ocrx_word' id='word_1_314' title='bbox 195 1689 248 1710; x_wconf 68' lang='lat' dir='ltr'>tas</span> <span class='ocrx_word' id='word_1_315' title='bbox 268 1687 435 1718; x_wconf 71' lang='lat' dir='ltr'>pertinens</span> <span class='ocrx_word' id='word_1_316' title='bbox 455 1687 626 1712; x_wconf 74' lang='lat' dir='ltr'>Armeniae</span> <span class='ocrx_word' id='word_1_317' title='bbox 644 1688 802 1721; x_wconf 79' lang='lat' dir='ltr'>regiones.</span> <span class='ocrx_word' id='word_1_318' title='bbox 839 1687 882 1713; x_wconf 89' lang='lat'><em>111.</em></span> <span class='ocrx_word' id='word_1_319' title='bbox 902 1689 968 1715; x_wconf 80' lang='lat' dir='ltr'>Cn.</span> <span class='ocrx_word' id='word_1_320' title='bbox 988 1676 1061 1714; x_wconf 44' lang='lat' dir='ltr'>Ma-¹</span> 
     </span>
     <span class='ocr_line' id='line_1_38' title="bbox 196 1727 1037 1766; baseline 0.006 -15"><span class='ocrx_word' id='word_1_321' title='bbox 196 1736 270 1762; x_wconf 74' lang='lat' dir='ltr'>guam</span> <span class='ocrx_word' id='word_1_322' title='bbox 289 1727 452 1758; x_wconf 73' lang='lat' dir='ltr'>Armeniam.</span> <span class='ocrx_word' id='word_1_323' title='bbox 483 1737 548 1763; x_wconf 81' lang='lat' dir='ltr'>quae</span> <span class='ocrx_word' id='word_1_324' title='bbox 571 1729 682 1754; x_wconf 84' lang='lat' dir='ltr'>interior</span> <span class='ocrx_word' id='word_1_325' title='bbox 706 1729 854 1761; x_wconf 77' lang='lat' dir='ltr'>dicebatur,</span> <span class='ocrx_word' id='word_1_326' title='bbox 885 1735 911 1756; x_wconf 84' lang='lat' dir='ltr'>et</span> <span class='ocrx_word' id='word_1_327' title='bbox 934 1736 1037 1766; x_wconf 75' lang='lat' dir='ltr'>gentes:</span> 
     </span>
     <span class='ocr_line' id='line_1_39' title="bbox 196 1769 1037 1809; baseline 0.005 -14"><span class='ocrx_word' id='word_1_328' title='bbox 196 1769 350 1796; x_wconf 86' lang='lat' dir='ltr'>Anziteuam</span> <span class='ocrx_word' id='word_1_329' title='bbox 371 1769 506 1801; x_wconf 73' lang='lat' dir='ltr'>videlicet,</span> <span class='ocrx_word' id='word_1_330' title='bbox 527 1785 559 1788; x_wconf 79' lang='lat'>—</span> <span class='ocrx_word' id='word_1_331' title='bbox 583 1771 746 1808; x_wconf 73' lang='lat' dir='ltr'>Sophanam.</span> <span class='ocrx_word' id='word_1_332' title='bbox 772 1772 969 1809; x_wconf 79' lang='lat' dir='ltr'>Sopbauenam,</span> <span class='ocrx_word' id='word_1_333' title='bbox 991 1772 1037 1807; x_wconf 79' lang='lat' dir='ltr'>[al.</span> 
     </span>
     <span class='ocr_line' id='line_1_40' title="bbox 196 1811 1037 1852; baseline 0.005 -14"><span class='ocrx_word' id='word_1_334' title='bbox 196 1811 355 1848; x_wconf 73' lang='lat' dir='ltr'>Sophenam,</span> <span class='ocrx_word' id='word_1_335' title='bbox 370 1812 581 1848; x_wconf 81' lang='lat' dir='ltr'>Sopbonenam.]</span> <span class='ocrx_word' id='word_1_336' title='bbox 603 1815 628 1839; x_wconf 84' lang='lat' dir='ltr'>iu</span> <span class='ocrx_word' id='word_1_337' title='bbox 642 1825 691 1850; x_wconf 84' lang='lat' dir='ltr'>qua</span> <span class='ocrx_word' id='word_1_338' title='bbox 706 1820 746 1841; x_wconf 86' lang='lat' dir='ltr'>est</span> <span class='ocrx_word' id='word_1_339' title='bbox 759 1815 956 1852; x_wconf 73' lang='lat' dir='ltr'>Martyropolis.</span> <span class='ocrx_word' id='word_1_340' title='bbox 978 1826 999 1842; x_wconf 91' lang='lat' dir='ltr'>c.</span> <span class='ocrx_word' id='word_1_341' title='bbox 1014 1818 1037 1842; x_wconf 80' lang='lat'>5.</span> 
     </span>
     <span class='ocr_line' id='line_1_41' title="bbox 196 1854 889 1892; baseline 0.007 -12"><span class='ocrx_word' id='word_1_342' title='bbox 196 1854 228 1881; x_wconf 84' lang='lat' dir='ltr'>de</span> <span class='ocrx_word' id='word_1_343' title='bbox 248 1855 290 1881; x_wconf 75' lang='lat' dir='ltr'>oss.</span> <span class='ocrx_word' id='word_1_344' title='bbox 311 1865 375 1890; x_wconf 70' lang='lat' dir='ltr'>mag.</span> <span class='ocrx_word' id='word_1_345' title='bbox 395 1855 469 1881; x_wconf 82' lang='lat' dir='ltr'>milit.</span> <span class='ocrx_word' id='word_1_346' title='bbox 492 1858 513 1881; x_wconf 93' lang='lat'>1.</span> <span class='ocrx_word' id='word_1_347' title='bbox 533 1857 574 1881; x_wconf 80' lang='lat'>29.</span> <span class='ocrx_word' id='word_1_348' title='bbox 595 1856 661 1883; x_wconf 67' lang='lat' dir='ltr'>Nov.</span> <span class='ocrx_word' id='word_1_349' title='bbox 681 1859 723 1884; x_wconf 85' lang='lat'>31.</span> <span class='ocrx_word' id='word_1_350' title='bbox 744 1868 764 1883; x_wconf 85' lang='lat' dir='ltr'>c.</span> <span class='ocrx_word' id='word_1_351' title='bbox 781 1861 802 1884; x_wconf 93' lang='lat'>1.</span> <span class='ocrx_word' id='word_1_352' title='bbox 824 1859 845 1892; x_wconf 92' lang='grc'>9.</span> <span class='ocrx_word' id='word_1_353' title='bbox 865 1860 889 1884; x_wconf 85' lang='lat'>3.</span> 
     </span>
    </p>

    <p class='ocr_par' dir='ltr' id='par_1_15' title="bbox 194 1899 1038 1979">
     <span class='ocr_line' id='line_1_42' title="bbox 231 1899 1038 1935; baseline 0.006 -12"><span class='ocrx_word' id='word_1_354' title='bbox 231 1899 418 1931; x_wconf 69' lang='lat' dir='ltr'>Sophista.</span> <span class='ocrx_word' id='word_1_355' title='bbox 458 1900 520 1930; x_wconf 79' lang='lat' dir='ltr'>Qui</span> <span class='ocrx_word' id='word_1_356' title='bbox 543 1901 761 1933; x_wconf 75' lang='lat' dir='ltr'>eloquentiam</span> <span class='ocrx_word' id='word_1_357' title='bbox 785 1908 813 1927; x_wconf 82' lang='lat' dir='ltr'>et</span> <span class='ocrx_word' id='word_1_358' title='bbox 841 1904 1038 1935; x_wconf 75' lang='lat' dir='ltr'>sapientiam</span> 
     </span>
     <span class='ocr_line' id='line_1_43' title="bbox 194 1940 889 1979; baseline 0.006 -13"><span class='ocrx_word' id='word_1_359' title='bbox 194 1943 390 1977; x_wconf 75' lang='lat' dir='ltr'>profitetur.</span> <span class='ocrx_word' id='word_1_360' title='bbox 429 1940 446 1967; x_wconf 93' lang='lat' dir='ltr'>l.</span> <span class='ocrx_word' id='word_1_361' title='bbox 465 1944 526 1974; x_wconf 63' lang='lat' dir='ltr'>Sy.</span> <span class='ocrx_word' id='word_1_362' title='bbox 548 1940 735 1979; x_wconf 80' lang='lat' dir='ltr'>Philosophus.</span> <span class='ocrx_word' id='word_1_363' title='bbox 759 1943 800 1969; x_wconf 82' lang='lat' dir='ltr'>Cf.</span> <span class='ocrx_word' id='word_1_364' title='bbox 821 1943 843 1970; x_wconf 84' lang='lat' dir='ltr'>h.</span> <span class='ocrx_word' id='word_1_365' title='bbox 866 1954 889 1969; x_wconf 90' lang='lat' dir='ltr'>v.</span> 
     </span>
    </p>

    <p class='ocr_par' dir='ltr' id='par_1_16' title="bbox 197 1984 1061 2320">
     <span class='ocr_line' id='line_1_44' title="bbox 230 1984 1039 2020; baseline 0.002 -10"><span class='ocrx_word' id='word_1_366' title='bbox 230 1984 375 2016; x_wconf 71' lang='lat' dir='ltr'>sopire.</span> <span class='ocrx_word' id='word_1_367' title='bbox 408 1985 614 2017; x_wconf 73' lang='lat' dir='ltr'>Componere,</span> <span class='ocrx_word' id='word_1_368' title='bbox 628 1987 822 2020; x_wconf 78' lang='lat' dir='ltr'>Reprimere.</span> <span class='ocrx_word' id='word_1_369' title='bbox 845 1986 886 2012; x_wconf 89' lang='lat' dir='ltr'><em>Ill.</em></span> <span class='ocrx_word' id='word_1_370' title='bbox 902 1987 968 2013; x_wconf 70' lang='lat' dir='ltr'>Cn.</span> <span class='ocrx_word' id='word_1_371' title='bbox 989 1986 1039 2012; x_wconf 79' lang='lat' dir='ltr'>Vel</span> 
     </span>
     <span class='ocr_line' id='line_1_45' title="bbox 197 2025 1037 2064; baseline 0.004 -12"><span class='ocrx_word' id='word_1_372' title='bbox 197 2036 337 2058; x_wconf 80' lang='lat' dir='ltr'>consensu,</span> <span class='ocrx_word' id='word_1_373' title='bbox 357 2026 399 2052; x_wconf 69' lang='lat' dir='ltr'>vel</span> <span class='ocrx_word' id='word_1_374' title='bbox 413 2025 491 2061; x_wconf 64' lang='lat' dir='ltr'>longo</span> <span class='ocrx_word' id='word_1_375' title='bbox 505 2026 611 2052; x_wconf 76' lang='lat' dir='ltr'>silentio</span> <span class='ocrx_word' id='word_1_376' title='bbox 626 2030 720 2064; x_wconf 84' lang='lat' dir='ltr'>sopita.</span> <span class='ocrx_word' id='word_1_377' title='bbox 739 2029 768 2056; x_wconf 78' lang='lat' dir='ltr'>fr.</span> <span class='ocrx_word' id='word_1_378' title='bbox 786 2032 808 2056; x_wconf 95' lang='lat'>1.</span> <span class='ocrx_word' id='word_1_379' title='bbox 828 2030 904 2063; x_wconf 80' lang='lat'><em>5.12.</em></span> <span class='ocrx_word' id='word_1_380' title='bbox 925 2029 956 2055; x_wconf 84' lang='lat' dir='ltr'>ad</span> <span class='ocrx_word' id='word_1_381' title='bbox 971 2029 1037 2056; x_wconf 78' lang='lat' dir='ltr'>SC.</span> 
     </span>
     <span class='ocr_line' id='line_1_46' title="bbox 197 2068 1037 2102; baseline 0.004 -7"><span class='ocrx_word' id='word_1_382' title='bbox 197 2068 268 2096; x_wconf 79' lang='lat' dir='ltr'>Tert.</span> <span class='ocrx_word' id='word_1_383' title='bbox 288 2072 330 2095; x_wconf 57' lang='lat'><em>3³5.</em></span> <span class='ocrx_word' id='word_1_384' title='bbox 352 2071 391 2095; x_wconf 83' lang='lat'>17.</span> <span class='ocrx_word' id='word_1_385' title='bbox 417 2070 447 2095; x_wconf 79' lang='lat' dir='ltr'>l&#39;r.</span> <span class='ocrx_word' id='word_1_386' title='bbox 467 2070 507 2094; x_wconf 75' lang='lat'>29.</span> <span class='ocrx_word' id='word_1_387' title='bbox 533 2070 554 2102; x_wconf 92' lang='grc'>9.</span> <span class='ocrx_word' id='word_1_388' title='bbox 575 2072 598 2096; x_wconf 82' lang='lat'>5.</span> <span class='ocrx_word' id='word_1_389' title='bbox 624 2070 655 2097; x_wconf 88' lang='lat' dir='ltr'>ad</span> <span class='ocrx_word' id='word_1_390' title='bbox 675 2071 704 2097; x_wconf 91' lang='lat' dir='ltr'>L.</span> <span class='ocrx_word' id='word_1_391' title='bbox 724 2072 772 2098; x_wconf 94' lang='lat' dir='ltr'>Iul.</span> <span class='ocrx_word' id='word_1_392' title='bbox 796 2072 828 2098; x_wconf 87' lang='lat' dir='ltr'>de</span> <span class='ocrx_word' id='word_1_393' title='bbox 852 2072 932 2098; x_wconf 87' lang='lat' dir='ltr'>adult.</span> <span class='ocrx_word' id='word_1_394' title='bbox 953 2075 994 2098; x_wconf 65' lang='lat'>45.</span> <span class='ocrx_word' id='word_1_395' title='bbox 1013 2075 1037 2098; x_wconf 81' lang='lat'>5.</span> 
     </span>
     <span class='ocr_line' id='line_1_47' title="bbox 197 2112 1061 2148; baseline 0.002 -10"><span class='ocrx_word' id='word_1_396' title='bbox 197 2112 349 2138; x_wconf 71' lang='lat' dir='ltr'>Abolitione</span> <span class='ocrx_word' id='word_1_397' title='bbox 369 2113 484 2148; x_wconf 77' lang='lat' dir='ltr'>sopitum</span> <span class='ocrx_word' id='word_1_398' title='bbox 504 2113 608 2139; x_wconf 75' lang='lat' dir='ltr'>crimen.</span> <span class='ocrx_word' id='word_1_399' title='bbox 629 2116 685 2140; x_wconf 88' lang='lat' dir='ltr'><em>c.1.</em></span> <span class='ocrx_word' id='word_1_400' title='bbox 706 2114 738 2141; x_wconf 75' lang='lat' dir='ltr'>de</span> <span class='ocrx_word' id='word_1_401' title='bbox 757 2115 846 2141; x_wconf 84' lang='lat' dir='ltr'>abolit.</span> <span class='ocrx_word' id='word_1_402' title='bbox 862 2117 884 2141; x_wconf 80' lang='lat'>9.</span> <span class='ocrx_word' id='word_1_403' title='bbox 900 2118 940 2141; x_wconf 81' lang='lat'>42.</span> <span class='ocrx_word' id='word_1_404' title='bbox 970 2115 1039 2142; x_wconf 79' lang='lat' dir='ltr'>Con·</span> <span class='ocrx_word' id='word_1_405' title='bbox 1060 2123 1061 2140; x_wconf 66' lang='lat' dir='ltr'>t</span> 
     </span>
     <span class='ocr_line' id='line_1_48' title="bbox 198 2154 1061 2192; baseline 0.006 -13"><span class='ocrx_word' id='word_1_406' title='bbox 198 2156 324 2181; x_wconf 75' lang='lat' dir='ltr'>troversia</span> <span class='ocrx_word' id='word_1_407' title='bbox 345 2161 399 2180; x_wconf 73' lang='lat' dir='ltr'>orta</span> <span class='ocrx_word' id='word_1_408' title='bbox 421 2154 507 2180; x_wconf 68' lang='lat' dir='ltr'>tlt-cisa</span> <span class='ocrx_word' id='word_1_409' title='bbox 528 2157 653 2192; x_wconf 75' lang='lat' dir='ltr'>sopiatur.</span> <span class='ocrx_word' id='word_1_410' title='bbox 679 2167 698 2183; x_wconf 88' lang='lat' dir='ltr'>c.</span> <span class='ocrx_word' id='word_1_411' title='bbox 720 2160 760 2183; x_wconf 79' lang='lat'>42.</span> <span class='ocrx_word' id='word_1_412' title='bbox 782 2157 814 2183; x_wconf 74' lang='lat' dir='ltr'>de</span> <span class='ocrx_word' id='word_1_413' title='bbox 833 2163 955 2184; x_wconf 83' lang='lat' dir='ltr'>trausact.</span> <span class='ocrx_word' id='word_1_414' title='bbox 975 2161 998 2184; x_wconf 76' lang='lat'>2.</span> <span class='ocrx_word' id='word_1_415' title='bbox 1013 2161 1037 2185; x_wconf 69' lang='lat'>4.</span> <span class='ocrx_word' id='word_1_416' title='bbox 1059 2173 1061 2187; x_wconf 68' lang='lat' dir='ltr'>t</span> 
     </span>
     <span class='ocr_line' id='line_1_49' title="bbox 199 2195 1036 2239; baseline 0.008 -18"><span class='ocrx_word' id='word_1_417' title='bbox 199 2195 289 2232; x_wconf 82' lang='lat' dir='ltr'>Sopita</span> <span class='ocrx_word' id='word_1_418' title='bbox 309 2198 359 2228; x_wconf 81' lang='lat' dir='ltr'>ira,</span> <span class='ocrx_word' id='word_1_419' title='bbox 385 2202 410 2223; x_wconf 85' lang='lat' dir='ltr'>et</span> <span class='ocrx_word' id='word_1_420' title='bbox 430 2213 461 2216; x_wconf 48' lang='grc' dir='ltr'>«ν</span> <span class='ocrx_word' id='word_1_421' title='bbox 481 2200 575 2224; x_wconf 79' lang='lat' dir='ltr'>mentis</span> <span class='ocrx_word' id='word_1_422' title='bbox 596 2200 783 2236; x_wconf 75' lang='lat' dir='ltr'>tranquillitate</span> <span class='ocrx_word' id='word_1_423' title='bbox 803 2207 916 2239; x_wconf 75' lang='lat' dir='ltr'>recepta.</span> <span class='ocrx_word' id='word_1_424' title='bbox 936 2201 985 2228; x_wconf 76' lang='lat' dir='ltr'>Tb.</span> <span class='ocrx_word' id='word_1_425' title='bbox 1006 2202 1036 2228; x_wconf 85' lang='lat' dir='ltr'>C.</span> 
     </span>
     <span class='ocr_line' id='line_1_50' title="bbox 199 2238 1037 2282; baseline 0.008 -18"><span class='ocrx_word' id='word_1_426' title='bbox 199 2238 243 2264; x_wconf 75' lang='lat' dir='ltr'>IX.</span> <span class='ocrx_word' id='word_1_427' title='bbox 265 2240 287 2264; x_wconf 94' lang='lat'>1.</span> <span class='ocrx_word' id='word_1_428' title='bbox 311 2250 332 2265; x_wconf 89' lang='lat' dir='ltr'>e.</span> <span class='ocrx_word' id='word_1_429' title='bbox 353 2243 375 2266; x_wconf 77' lang='lat'>5.</span> <span class='ocrx_word' id='word_1_430' title='bbox 403 2240 434 2266; x_wconf 75' lang='grc'>(1(’</span> <span class='ocrx_word' id='word_1_431' title='bbox 459 2250 544 2267; x_wconf 65' lang='lat' dir='ltr'>accus</span> <span class='ocrx_word' id='word_1_432' title='bbox 582 2241 737 2270; x_wconf 81' lang='lat' dir='ltr'>Patronatus</span> <span class='ocrx_word' id='word_1_433' title='bbox 761 2245 817 2271; x_wconf 80' lang='lat' dir='ltr'>iure</span> <span class='ocrx_word' id='word_1_434' title='bbox 842 2246 866 2271; x_wconf 89' lang='lat' dir='ltr'>in</span> <span class='ocrx_word' id='word_1_435' title='bbox 891 2244 939 2270; x_wconf 81' lang='lat' dir='ltr'>hac</span> <span class='ocrx_word' id='word_1_436' title='bbox 964 2250 1037 2282; x_wconf 78' lang='lat' dir='ltr'>parte</span> 
     </span>
     <span class='ocr_line' id='line_1_51' title="bbox 200 2281 1061 2320; baseline 0.014 -15"><span class='ocrx_word' id='word_1_437' title='bbox 200 2282 297 2317; x_wconf 83' lang='lat' dir='ltr'>sopito.</span> <span class='ocrx_word' id='word_1_438' title='bbox 316 2281 358 2308; x_wconf 80' lang='lat' dir='ltr'>Pr.</span> <span class='ocrx_word' id='word_1_439' title='bbox 378 2282 396 2308; x_wconf 93' lang='lat'>1.</span> <span class='ocrx_word' id='word_1_440' title='bbox 417 2282 449 2309; x_wconf 74' lang='lat' dir='ltr'>(le</span> <span class='ocrx_word' id='word_1_441' title='bbox 468 2284 558 2310; x_wconf 72' lang='lat' dir='ltr'>servili</span> <span class='ocrx_word' id='word_1_442' title='bbox 579 2295 652 2320; x_wconf 72' lang='lat' dir='ltr'>cogn.</span> <span class='ocrx_word' id='word_1_443' title='bbox 671 2287 695 2312; x_wconf 94' lang='lat'>3.</span> <span class='ocrx_word' id='word_1_444' title='bbox 716 2288 739 2312; x_wconf 74' lang='grc' dir='ltr'>Τ,</span> <span class='ocrx_word' id='word_1_445' title='bbox 1059 2283 1061 2311; x_wconf 71' lang='lat' dir='ltr'>l</span> 
     </span>
    </p>

    <p class='ocr_par' dir='ltr' id='par_1_17' title="bbox 199 2325 1038 2531">
     <span class='ocr_line' id='line_1_52' title="bbox 233 2325 1036 2363; baseline 0.01 -14"><span class='ocrx_word' id='word_1_446' title='bbox 233 2325 406 2351; x_wconf 73' lang='lat' dir='ltr'>sordere.</span> <span class='ocrx_word' id='word_1_447' title='bbox 445 2328 703 2360; x_wconf 72' lang='lat' dir='ltr'>Commaculari,</span> <span class='ocrx_word' id='word_1_448' title='bbox 728 2331 881 2363; x_wconf 75' lang='lat' dir='ltr'>anpari.</span> <span class='ocrx_word' id='word_1_449' title='bbox 914 2330 1036 2358; x_wconf 61' lang='lat' dir='ltr'>Ilion.</span> 
     </span>
     <span class='ocr_line' id='line_1_53' title="bbox 200 2366 1038 2407; baseline 0.012 -17"><span class='ocrx_word' id='word_1_450' title='bbox 200 2366 273 2401; x_wconf 80' lang='lat' dir='ltr'>Quas</span> <span class='ocrx_word' id='word_1_451' title='bbox 292 2382 323 2385; x_wconf 88' lang='lat'><strong>—</strong></span> <span class='ocrx_word' id='word_1_452' title='bbox 344 2367 404 2398; x_wconf 76' lang='lat' dir='ltr'>vita,</span> <span class='ocrx_word' id='word_1_453' title='bbox 424 2369 560 2403; x_wconf 81' lang='lat' dir='ltr'>probrosis</span> <span class='ocrx_word' id='word_1_454' title='bbox 580 2372 732 2407; x_wconf 68' lang='lat' dir='ltr'>quaestibus</span> <span class='ocrx_word' id='word_1_455' title='bbox 752 2371 848 2401; x_wconf 73' lang='lat' dir='ltr'>dedita.</span> <span class='ocrx_word' id='word_1_456' title='bbox 867 2373 1038 2400; x_wconf 82' lang='lat' dir='ltr'>sordentibus</span> 
     </span>
     <span class='ocr_line' id='line_1_54' title="bbox 199 2408 1036 2446; baseline 0.011 -13"><span class='ocrx_word' id='word_1_457' title='bbox 199 2410 269 2434; x_wconf 87' lang='lat' dir='ltr'>notis</span> <span class='ocrx_word' id='word_1_458' title='bbox 289 2408 392 2446; x_wconf 80' lang='lat' dir='ltr'>polluit.</span> <span class='ocrx_word' id='word_1_459' title='bbox 412 2409 478 2436; x_wconf 57' lang='grc' dir='ltr'>Νῦν.</span> <span class='ocrx_word' id='word_1_460' title='bbox 498 2412 574 2439; x_wconf 80' lang='lat' dir='ltr'>Marc.</span> <span class='ocrx_word' id='word_1_461' title='bbox 595 2414 627 2439; x_wconf 80' lang='lat' dir='ltr'>de</span> <span class='ocrx_word' id='word_1_462' title='bbox 646 2416 755 2440; x_wconf 84' lang='lat' dir='ltr'>matrim.</span> <span class='ocrx_word' id='word_1_463' title='bbox 777 2414 864 2441; x_wconf 59' lang='lat' dir='ltr'>Sonat.</span> <span class='ocrx_word' id='word_1_464' title='bbox 880 2415 920 2441; x_wconf 80' lang='lat' dir='ltr'><em>Ill.</em></span> <span class='ocrx_word' id='word_1_465' title='bbox 934 2419 957 2442; x_wconf 85' lang='lat'>4.</span> <span class='ocrx_word' id='word_1_466' title='bbox 978 2427 999 2443; x_wconf 91' lang='lat' dir='ltr'>c.</span> <span class='ocrx_word' id='word_1_467' title='bbox 1014 2419 1036 2443; x_wconf 92' lang='grc'>1.</span> 
     </span>
     <span class='ocr_line' id='line_1_55' title="bbox 199 2451 1036 2488; baseline 0.01 -11"><span class='ocrx_word' id='word_1_468' title='bbox 199 2452 220 2485; x_wconf 89' lang='lat'>5.</span> <span class='ocrx_word' id='word_1_469' title='bbox 240 2453 263 2477; x_wconf 80' lang='lat'>2.</span> <span class='ocrx_word' id='word_1_470' title='bbox 301 2451 429 2488; x_wconf 70' lang='lat' dir='ltr'>Perpetua</span> <span class='ocrx_word' id='word_1_471' title='bbox 449 2459 562 2487; x_wconf 67' lang='lat' dir='ltr'>egestate</span> <span class='ocrx_word' id='word_1_472' title='bbox 581 2457 728 2483; x_wconf 71' lang='lat' dir='ltr'>sordentes.</span> <span class='ocrx_word' id='word_1_473' title='bbox 750 2456 798 2483; x_wconf 83' lang='lat' dir='ltr'>Th.</span> <span class='ocrx_word' id='word_1_474' title='bbox 813 2458 843 2484; x_wconf 88' lang='lat' dir='ltr'>C.</span> <span class='ocrx_word' id='word_1_475' title='bbox 858 2458 902 2484; x_wconf 77' lang='lat' dir='ltr'>IX.</span> <span class='ocrx_word' id='word_1_476' title='bbox 918 2461 958 2484; x_wconf 86' lang='lat'>14.</span> <span class='ocrx_word' id='word_1_477' title='bbox 979 2469 1000 2485; x_wconf 92' lang='lat' dir='ltr'>c.</span> <span class='ocrx_word' id='word_1_478' title='bbox 1013 2462 1036 2485; x_wconf 88' lang='lat'>3.</span> 
     </span>
     <span class='ocr_line' id='line_1_56' title="bbox 200 2493 586 2531; baseline 0.008 -11"><span class='ocrx_word' id='word_1_479' title='bbox 200 2504 238 2531; x_wconf 86' lang='lat' dir='ltr'>pr.</span> <span class='ocrx_word' id='word_1_480' title='bbox 258 2493 290 2520; x_wconf 77' lang='lat' dir='ltr'>ad</span> <span class='ocrx_word' id='word_1_481' title='bbox 310 2494 338 2520; x_wconf 93' lang='lat' dir='ltr'>L.</span> <span class='ocrx_word' id='word_1_482' title='bbox 361 2495 440 2520; x_wconf 80' lang='lat' dir='ltr'>Corn.</span> <span class='ocrx_word' id='word_1_483' title='bbox 461 2495 493 2521; x_wconf 80' lang='lat' dir='ltr'>de</span> <span class='ocrx_word' id='word_1_484' title='bbox 513 2497 586 2523; x_wconf 79' lang='lat' dir='ltr'>sicar.</span> 
     </span>
    </p>

    <p class='ocr_par' dir='ltr' id='par_1_18' title="bbox 200 2538 1061 2831">
     <span class='ocr_line' id='line_1_57' title="bbox 235 2538 1036 2573; baseline 0.01 -11"><span class='ocrx_word' id='word_1_485' title='bbox 235 2538 383 2564; x_wconf 79' lang='lat' dir='ltr'>Sordes.</span> <span class='ocrx_word' id='word_1_486' title='bbox 421 2538 451 2570; x_wconf 76' lang='lat'>§-</span> <span class='ocrx_word' id='word_1_487' title='bbox 475 2539 509 2564; x_wconf 86' lang='grc'>1.</span> <span class='ocrx_word' id='word_1_488' title='bbox 534 2540 758 2573; x_wconf 72' lang='lat' dir='ltr'>immunditia,</span> <span class='ocrx_word' id='word_1_489' title='bbox 778 2544 873 2569; x_wconf 61' lang='lat' dir='ltr'><em>Fam.</em></span> <span class='ocrx_word' id='word_1_490' title='bbox 911 2543 954 2569; x_wconf 69' lang='lat' dir='ltr'><em>III.</em></span> <span class='ocrx_word' id='word_1_491' title='bbox 970 2545 1036 2571; x_wconf 77' lang='lat' dir='ltr'>Cn.</span> 
     </span>
     <span class='ocr_line' id='line_1_58' title="bbox 200 2575 1060 2620; baseline 0.01 -16"><span class='ocrx_word' id='word_1_492' title='bbox 200 2580 334 2615; x_wconf 81' lang='lat' dir='ltr'>Aquarum</span> <span class='ocrx_word' id='word_1_493' title='bbox 359 2580 453 2606; x_wconf 77' lang='lat' dir='ltr'>ductus</span> <span class='ocrx_word' id='word_1_494' title='bbox 477 2580 600 2607; x_wconf 82' lang='lat' dir='ltr'>sordibus</span> <span class='ocrx_word' id='word_1_495' title='bbox 625 2585 725 2620; x_wconf 81' lang='lat' dir='ltr'>oppleti</span> <span class='ocrx_word' id='word_1_496' title='bbox 744 2586 909 2612; x_wconf 69' lang='lat' dir='ltr'>mundentur.</span> <span class='ocrx_word' id='word_1_497' title='bbox 937 2585 984 2612; x_wconf 84' lang='lat' dir='ltr'>Th.</span> <span class='ocrx_word' id='word_1_498' title='bbox 1006 2587 1038 2614; x_wconf 89' lang='lat' dir='ltr'>C.</span> <span class='ocrx_word' id='word_1_499' title='bbox 1059 2575 1060 2603; x_wconf 61' lang='lat' dir='ltr'>l</span> 
     </span>
     <span class='ocr_line' id='line_1_59' title="bbox 200 2622 1036 2660; baseline 0.01 -12"><span class='ocrx_word' id='word_1_500' title='bbox 200 2622 258 2649; x_wconf 73' lang='lat' dir='ltr'>XV.</span> <span class='ocrx_word' id='word_1_501' title='bbox 278 2625 302 2649; x_wconf 86' lang='lat'>2.</span> <span class='ocrx_word' id='word_1_502' title='bbox 322 2633 342 2649; x_wconf 85' lang='lat' dir='ltr'>c.</span> <span class='ocrx_word' id='word_1_503' title='bbox 364 2625 385 2648; x_wconf 95' lang='lat'>1.</span> <span class='ocrx_word' id='word_1_504' title='bbox 407 2623 438 2649; x_wconf 82' lang='lat' dir='ltr'>de</span> <span class='ocrx_word' id='word_1_505' title='bbox 458 2624 564 2659; x_wconf 74' lang='lat' dir='ltr'>aquaed.</span> <span class='ocrx_word' id='word_1_506' title='bbox 586 2641 616 2644; x_wconf 97' lang='lat'><strong>—</strong></span> <span class='ocrx_word' id='word_1_507' title='bbox 643 2627 673 2658; x_wconf 63' lang='grc' dir='ltr'>ἓ.</span> <span class='ocrx_word' id='word_1_508' title='bbox 690 2629 724 2654; x_wconf 67' lang='grc'>2.</span> <span class='ocrx_word' id='word_1_509' title='bbox 750 2631 917 2660; x_wconf 79' lang='lat' dir='ltr'>I&#39;robrnm,</span> <span class='ocrx_word' id='word_1_510' title='bbox 939 2630 1036 2656; x_wconf 76' lang='lat' dir='ltr'>Dede-</span> 
     </span>
     <span class='ocr_line' id='line_1_60' title="bbox 201 2665 1061 2699; baseline 0.008 -8"><span class='ocrx_word' id='word_1_511' title='bbox 201 2675 261 2692; x_wconf 83' lang='lat' dir='ltr'>cus.</span> <span class='ocrx_word' id='word_1_512' title='bbox 299 2665 341 2691; x_wconf 83' lang='lat' dir='ltr'><em>Ill.</em></span> <span class='ocrx_word' id='word_1_513' title='bbox 357 2667 422 2693; x_wconf 77' lang='lat' dir='ltr'>Gn.</span> <span class='ocrx_word' id='word_1_514' title='bbox 443 2666 590 2693; x_wconf 80' lang='lat' dir='ltr'>Consulatu</span> <span class='ocrx_word' id='word_1_515' title='bbox 609 2678 622 2692; x_wconf 86' lang='lat' dir='ltr'>a</span> <span class='ocrx_word' id='word_1_516' title='bbox 642 2672 721 2695; x_wconf 79' lang='lat' dir='ltr'>taetra</span> <span class='ocrx_word' id='word_1_517' title='bbox 741 2671 831 2697; x_wconf 86' lang='lat' dir='ltr'>illuvie</span> <span class='ocrx_word' id='word_1_518' title='bbox 852 2687 882 2690; x_wconf 84' lang='lat'>—-</span> <span class='ocrx_word' id='word_1_519' title='bbox 904 2676 929 2697; x_wconf 72' lang='lat' dir='ltr'>et</span> <span class='ocrx_word' id='word_1_520' title='bbox 949 2683 960 2697; x_wconf 86' lang='lat' dir='ltr'>a</span> <span class='ocrx_word' id='word_1_521' title='bbox 981 2682 1038 2698; x_wconf 86' lang='lat' dir='ltr'>coe·</span> <span class='ocrx_word' id='word_1_522' title='bbox 1059 2684 1061 2699; x_wconf 89' lang='grc' dir='ltr'>ι</span> 
     </span>
     <span class='ocr_line' id='line_1_61' title="bbox 201 2708 1036 2751; baseline 0.01 -18"><span class='ocrx_word' id='word_1_523' title='bbox 201 2709 274 2734; x_wconf 87' lang='lat' dir='ltr'>nosis</span> <span class='ocrx_word' id='word_1_524' title='bbox 294 2708 416 2734; x_wconf 90' lang='lat' dir='ltr'>sordibus</span> <span class='ocrx_word' id='word_1_525' title='bbox 436 2709 576 2735; x_wconf 80' lang='lat' dir='ltr'>vindicato.</span> <span class='ocrx_word' id='word_1_526' title='bbox 597 2710 632 2735; x_wconf 92' lang='lat' dir='ltr'>lb.</span> <span class='ocrx_word' id='word_1_527' title='bbox 651 2710 696 2736; x_wconf 75' lang='lat' dir='ltr'>lx.</span> <span class='ocrx_word' id='word_1_528' title='bbox 710 2714 750 2738; x_wconf 72' lang='grc'>40.</span> <span class='ocrx_word' id='word_1_529' title='bbox 771 2724 791 2740; x_wconf 87' lang='lat' dir='ltr'>c.</span> <span class='ocrx_word' id='word_1_530' title='bbox 808 2716 847 2740; x_wconf 89' lang='lat'>17.</span> <span class='ocrx_word' id='word_1_531' title='bbox 867 2714 899 2739; x_wconf 79' lang='lat' dir='ltr'>de</span> <span class='ocrx_word' id='word_1_532' title='bbox 918 2724 994 2751; x_wconf 85' lang='lat' dir='ltr'>poen.</span> <span class='ocrx_word' id='word_1_533' title='bbox 1007 2731 1036 2735; x_wconf 97' lang='lat'>—</span> 
     </span>
     <span class='ocr_line' id='line_1_62' title="bbox 202 2752 1038 2791; baseline 0.006 -15"><span class='ocrx_word' id='word_1_534' title='bbox 202 2752 232 2784; x_wconf 85' lang='lat'>§.</span> <span class='ocrx_word' id='word_1_535' title='bbox 245 2753 281 2778; x_wconf 79' lang='grc'>3.</span> <span class='ocrx_word' id='word_1_536' title='bbox 296 2753 397 2777; x_wconf 78' lang='lat' dir='ltr'>Lucri</span> <span class='ocrx_word' id='word_1_537' title='bbox 416 2754 557 2778; x_wconf 67' lang='lat' dir='ltr'>:studium</span> <span class='ocrx_word' id='word_1_538' title='bbox 578 2754 751 2785; x_wconf 76' lang='lat' dir='ltr'>illicitum,</span> <span class='ocrx_word' id='word_1_539' title='bbox 767 2758 931 2783; x_wconf 74' lang='lat' dir='ltr'>Avaritia,</span> <span class='ocrx_word' id='word_1_540' title='bbox 950 2757 1038 2791; x_wconf 60' lang='grc' dir='ltr'>ιδῃ.</span> 
     </span>
     <span class='ocr_line' id='line_1_63' title="bbox 202 2792 1038 2831; baseline 0.008 -12"><span class='ocrx_word' id='word_1_541' title='bbox 202 2792 313 2820; x_wconf 78' lang='lat' dir='ltr'>Pecunia</span> <span class='ocrx_word' id='word_1_542' title='bbox 333 2799 446 2831; x_wconf 78' lang='lat' dir='ltr'>accepta.</span> <span class='ocrx_word' id='word_1_543' title='bbox 466 2794 517 2821; x_wconf 87' lang='lat' dir='ltr'>Per</span> <span class='ocrx_word' id='word_1_544' title='bbox 535 2794 637 2821; x_wconf 86' lang='lat' dir='ltr'>sordes.</span> <span class='ocrx_word' id='word_1_545' title='bbox 657 2794 730 2822; x_wconf 58' lang='lat' dir='ltr'><em>sr..8.</em></span> <span class='ocrx_word' id='word_1_546' title='bbox 750 2797 772 2830; x_wconf 88' lang='lat'>5.</span> <span class='ocrx_word' id='word_1_547' title='bbox 793 2800 832 2824; x_wconf 91' lang='lat' dir='ltr'>lo.</span> <span class='ocrx_word' id='word_1_548' title='bbox 851 2799 936 2826; x_wconf 80' lang='lat' dir='ltr'>mand.</span> <span class='ocrx_word' id='word_1_549' title='bbox 960 2801 996 2825; x_wconf 90' lang='lat'>17.</span> <span class='ocrx_word' id='word_1_550' title='bbox 1017 2801 1038 2825; x_wconf 95' lang='lat' dir='ltr'>l.</span> 
     </span>
    </p>
   </div>
   <div class='ocr_carea' id='block_1_5' title="bbox 1060 1859 1062 2868">
    <p class='ocr_par' dir='ltr' id='par_1_19' title="bbox 1060 1859 1062 2868">
     <span class='ocr_line' id='line_1_64' title="bbox 1060 1859 1062 2868; baseline 0 0"><span class='ocrx_word' id='word_1_551' title='bbox 1060 1859 1062 2868; x_wconf 95' lang='lat' dir='ltr'> </span> 
     </span>
    </p>
   </div>
   <div class='ocr_carea' id='block_1_6' title="bbox 1083 158 1922 272">
    <p class='ocr_par' dir='ltr' id='par_1_20' title="bbox 1083 158 1922 272">
     <span class='ocr_line' id='line_1_65' title="bbox 1859 158 1922 188; baseline 0.016 -1"><span class='ocrx_word' id='word_1_552' title='bbox 1859 158 1922 188; x_wconf 81' lang='grc'>899</span> 
     </span>
     <span class='ocr_line' id='line_1_66' title="bbox 1083 233 1921 272; baseline 0.007 -13"><span class='ocrx_word' id='word_1_553' title='bbox 1083 233 1112 260; x_wconf 88' lang='lat' dir='ltr'>fr.</span> <span class='ocrx_word' id='word_1_554' title='bbox 1133 235 1156 260; x_wconf 91' lang='lat'>7.</span> <span class='ocrx_word' id='word_1_555' title='bbox 1176 234 1198 267; x_wconf 95' lang='lat'>5.</span> <span class='ocrx_word' id='word_1_556' title='bbox 1217 236 1242 260; x_wconf 82' lang='lat'>2.</span> <span class='ocrx_word' id='word_1_557' title='bbox 1263 234 1295 260; x_wconf 84' lang='lat' dir='ltr'>de</span> <span class='ocrx_word' id='word_1_558' title='bbox 1314 234 1379 261; x_wconf 74' lang='lat' dir='ltr'>adm.</span> <span class='ocrx_word' id='word_1_559' title='bbox 1401 239 1426 261; x_wconf 83' lang='lat' dir='ltr'>et</span> <span class='ocrx_word' id='word_1_560' title='bbox 1445 236 1525 272; x_wconf 82' lang='lat' dir='ltr'>peric.</span> <span class='ocrx_word' id='word_1_561' title='bbox 1545 237 1587 262; x_wconf 83' lang='lat'>26.</span> <span class='ocrx_word' id='word_1_562' title='bbox 1607 237 1630 262; x_wconf 85' lang='lat'>7.</span> <span class='ocrx_word' id='word_1_563' title='bbox 1667 235 1709 262; x_wconf 78' lang='lat'><em>111.</em></span> <span class='ocrx_word' id='word_1_564' title='bbox 1731 238 1796 264; x_wconf 77' lang='lat' dir='ltr'>Cn.</span> <span class='ocrx_word' id='word_1_565' title='bbox 1821 238 1850 264; x_wconf 83' lang='lat' dir='ltr'>Si</span> <span class='ocrx_word' id='word_1_566' title='bbox 1870 240 1921 265; x_wconf 77' lang='lat' dir='ltr'>evi-</span> 
     </span>
    </p>
   </div>
   <div class='ocr_carea' id='block_1_7' title="bbox 1082 276 1922 402">
    <p class='ocr_par' dir='ltr' id='par_1_21' title="bbox 1082 276 1922 402">
     <span class='ocr_line' id='line_1_67' title="bbox 1083 276 1921 314; baseline 0.006 -12"><span class='ocrx_word' id='word_1_567' title='bbox 1083 276 1147 303; x_wconf 85' lang='lat' dir='ltr'>dens</span> <span class='ocrx_word' id='word_1_568' title='bbox 1168 281 1288 313; x_wconf 79' lang='lat' dir='ltr'>arguatur</span> <span class='ocrx_word' id='word_1_569' title='bbox 1308 278 1363 303; x_wconf 82' lang='lat' dir='ltr'>eius</span> <span class='ocrx_word' id='word_1_570' title='bbox 1383 277 1425 303; x_wconf 82' lang='lat' dir='ltr'>vel</span> <span class='ocrx_word' id='word_1_571' title='bbox 1444 279 1534 314; x_wconf 73' lang='lat' dir='ltr'>gratia,</span> <span class='ocrx_word' id='word_1_572' title='bbox 1553 278 1596 305; x_wconf 83' lang='lat' dir='ltr'>vel</span> <span class='ocrx_word' id='word_1_573' title='bbox 1615 280 1763 311; x_wconf 76' lang='lat' dir='ltr'>inimicitia.</span> <span class='ocrx_word' id='word_1_574' title='bbox 1783 280 1824 306; x_wconf 73' lang='lat' dir='ltr'>vel</span> <span class='ocrx_word' id='word_1_575' title='bbox 1845 282 1921 308; x_wconf 82' lang='lat' dir='ltr'>etiam</span> 
     </span>
     <span class='ocr_line' id='line_1_68' title="bbox 1082 319 1922 360; baseline 0.006 -15"><span class='ocrx_word' id='word_1_576' title='bbox 1082 319 1183 346; x_wconf 87' lang='lat' dir='ltr'>sordes.</span> <span class='ocrx_word' id='word_1_577' title='bbox 1203 319 1233 346; x_wconf 86' lang='lat' dir='ltr'>fr.</span> <span class='ocrx_word' id='word_1_578' title='bbox 1256 321 1294 345; x_wconf 85' lang='lat'>15.</span> <span class='ocrx_word' id='word_1_579' title='bbox 1315 320 1336 353; x_wconf 95' lang='lat'>5.</span> <span class='ocrx_word' id='word_1_580' title='bbox 1357 322 1378 346; x_wconf 92' lang='lat' dir='ltr'>l.</span> <span class='ocrx_word' id='word_1_581' title='bbox 1400 320 1432 346; x_wconf 81' lang='lat' dir='ltr'>de</span> <span class='ocrx_word' id='word_1_582' title='bbox 1451 321 1528 347; x_wconf 85' lang='lat' dir='ltr'>iudic.</span> <span class='ocrx_word' id='word_1_583' title='bbox 1548 323 1571 347; x_wconf 88' lang='lat'>5.</span> <span class='ocrx_word' id='word_1_584' title='bbox 1594 323 1617 348; x_wconf 87' lang='lat'>1.</span> <span class='ocrx_word' id='word_1_585' title='bbox 1652 322 1788 348; x_wconf 85' lang='lat' dir='ltr'>Arbitrum</span> <span class='ocrx_word' id='word_1_586' title='bbox 1807 323 1848 349; x_wconf 77' lang='lat' dir='ltr'>vel</span> <span class='ocrx_word' id='word_1_587' title='bbox 1867 334 1922 360; x_wconf 74' lang='lat' dir='ltr'>gra—</span> 
     </span>
     <span class='ocr_line' id='line_1_69' title="bbox 1082 362 1920 402; baseline 0.006 -15"><span class='ocrx_word' id='word_1_588' title='bbox 1082 363 1133 388; x_wconf 76' lang='lat' dir='ltr'>tiae</span> <span class='ocrx_word' id='word_1_589' title='bbox 1153 362 1264 393; x_wconf 84' lang='lat' dir='ltr'>dantem,</span> <span class='ocrx_word' id='word_1_590' title='bbox 1284 362 1327 388; x_wconf 87' lang='lat' dir='ltr'>vel</span> <span class='ocrx_word' id='word_1_591' title='bbox 1347 363 1470 389; x_wconf 88' lang='lat' dir='ltr'>sordibus</span> <span class='ocrx_word' id='word_1_592' title='bbox 1492 370 1652 402; x_wconf 76' lang='lat' dir='ltr'>corruptum,</span> <span class='ocrx_word' id='word_1_593' title='bbox 1671 365 1713 391; x_wconf 73' lang='lat' dir='ltr'>vel</span> <span class='ocrx_word' id='word_1_594' title='bbox 1727 365 1774 391; x_wconf 87' lang='lat' dir='ltr'>alia</span> <span class='ocrx_word' id='word_1_595' title='bbox 1790 376 1820 392; x_wconf 80' lang='lat' dir='ltr'>ex</span> <span class='ocrx_word' id='word_1_596' title='bbox 1835 377 1920 399; x_wconf 80' lang='lat' dir='ltr'>causa,</span> 
     </span>
    </p>
   </div>
   <div class='ocr_carea' id='block_1_8' title="bbox 1082 404 1920 484">
    <p class='ocr_par' dir='ltr' id='par_1_22' title="bbox 1082 404 1920 484">
     <span class='ocr_line' id='line_1_70' title="bbox 1082 404 1920 444; baseline 0.006 -14"><span class='ocrx_word' id='word_1_597' title='bbox 1082 404 1154 431; x_wconf 83' lang='lat' dir='ltr'>nolle</span> <span class='ocrx_word' id='word_1_598' title='bbox 1173 410 1221 432; x_wconf 80' lang='lat' dir='ltr'>etc.</span> <span class='ocrx_word' id='word_1_599' title='bbox 1241 404 1270 431; x_wconf 80' lang='lat' dir='ltr'>fr.</span> <span class='ocrx_word' id='word_1_600' title='bbox 1290 407 1314 432; x_wconf 88' lang='lat'>3.</span> <span class='ocrx_word' id='word_1_601' title='bbox 1335 406 1399 439; x_wconf 90' lang='lat'><em>5.1.</em></span> <span class='ocrx_word' id='word_1_602' title='bbox 1421 406 1451 432; x_wconf 76' lang='lat' dir='ltr'>fr.</span> <span class='ocrx_word' id='word_1_603' title='bbox 1470 408 1493 433; x_wconf 97' lang='lat'>9.</span> <span class='ocrx_word' id='word_1_604' title='bbox 1515 407 1536 441; x_wconf 98' lang='lat'>5.</span> <span class='ocrx_word' id='word_1_605' title='bbox 1556 410 1579 433; x_wconf 87' lang='lat'>3.</span> <span class='ocrx_word' id='word_1_606' title='bbox 1601 407 1632 434; x_wconf 86' lang='lat' dir='ltr'>de</span> <span class='ocrx_word' id='word_1_607' title='bbox 1651 418 1703 434; x_wconf 83' lang='lat' dir='ltr'>rcc.</span> <span class='ocrx_word' id='word_1_608' title='bbox 1724 418 1765 444; x_wconf 79' lang='lat' dir='ltr'>qu.</span> <span class='ocrx_word' id='word_1_609' title='bbox 1785 408 1838 434; x_wconf 77' lang='lat' dir='ltr'>arb.</span> <span class='ocrx_word' id='word_1_610' title='bbox 1858 410 1881 435; x_wconf 83' lang='grc'>4.</span> <span class='ocrx_word' id='word_1_611' title='bbox 1896 410 1920 435; x_wconf 79' lang='grc'>8.</span> 
     </span>
     <span class='ocr_line' id='line_1_71' title="bbox 1083 447 1920 484; baseline 0.006 -11"><span class='ocrx_word' id='word_1_612' title='bbox 1083 447 1182 474; x_wconf 80' lang='lat' dir='ltr'>Vrbani</span> <span class='ocrx_word' id='word_1_613' title='bbox 1201 449 1368 484; x_wconf 80' lang='lat' dir='ltr'>magistratus</span> <span class='ocrx_word' id='word_1_614' title='bbox 1388 448 1419 473; x_wconf 87' lang='lat' dir='ltr'>ab</span> <span class='ocrx_word' id='word_1_615' title='bbox 1439 450 1509 475; x_wconf 87' lang='lat' dir='ltr'>omni</span> <span class='ocrx_word' id='word_1_616' title='bbox 1529 450 1609 476; x_wconf 78' lang='lat' dir='ltr'>sorde</span> <span class='ocrx_word' id='word_1_617' title='bbox 1626 460 1655 477; x_wconf 87' lang='lat' dir='ltr'>se</span> <span class='ocrx_word' id='word_1_618' title='bbox 1674 451 1826 477; x_wconf 79' lang='lat' dir='ltr'>abstineant.</span> <span class='ocrx_word' id='word_1_619' title='bbox 1848 451 1876 477; x_wconf 87' lang='lat' dir='ltr'>sr.</span> <span class='ocrx_word' id='word_1_620' title='bbox 1896 453 1920 478; x_wconf 88' lang='lat'>6.</span> 
     </span>
    </p>
   </div>
   <div class='ocr_carea' id='block_1_9' title="bbox 1059 483 1538 527">
    <p class='ocr_par' dir='ltr' id='par_1_23' title="bbox 1059 483 1538 527">
     <span class='ocr_line' id='line_1_72' title="bbox 1059 483 1538 527; baseline 0.004 -11"><span class='ocrx_word' id='word_1_621' title='bbox 1059 483 1060 489; x_wconf 32' lang='lat'>¹</span> <span class='ocrx_word' id='word_1_622' title='bbox 1082 491 1104 524; x_wconf 87' lang='lat'>5.</span> <span class='ocrx_word' id='word_1_623' title='bbox 1123 493 1147 516; x_wconf 86' lang='lat'>2.</span> <span class='ocrx_word' id='word_1_624' title='bbox 1167 490 1198 517; x_wconf 87' lang='lat' dir='ltr'>ad</span> <span class='ocrx_word' id='word_1_625' title='bbox 1218 490 1247 517; x_wconf 92' lang='lat' dir='ltr'>L.</span> <span class='ocrx_word' id='word_1_626' title='bbox 1268 490 1315 517; x_wconf 90' lang='lat' dir='ltr'>Iul.</span> <span class='ocrx_word' id='word_1_627' title='bbox 1334 495 1415 527; x_wconf 84' lang='lat' dir='ltr'>repet.</span> <span class='ocrx_word' id='word_1_628' title='bbox 1436 493 1477 518; x_wconf 82' lang='lat'>48.</span> <span class='ocrx_word' id='word_1_629' title='bbox 1499 494 1538 518; x_wconf 90' lang='lat' dir='ltr'>ll.</span> 
     </span>
    </p>
   </div>
   <div class='ocr_carea' id='block_1_10' title="bbox 1082 533 1921 701">
    <p class='ocr_par' dir='ltr' id='par_1_24' title="bbox 1082 533 1921 701">
     <span class='ocr_line' id='line_1_73' title="bbox 1116 533 1921 570; baseline 0.006 -11"><span class='ocrx_word' id='word_1_630' title='bbox 1116 534 1351 560; x_wconf 50' lang='lat' dir='ltr'>Sordidatus</span> <span class='ocrx_word' id='word_1_631' title='bbox 1384 533 1515 567; x_wconf 77' lang='lat' dir='ltr'>(partic.)</span> <span class='ocrx_word' id='word_1_632' title='bbox 1546 537 1755 570; x_wconf 78' lang='lat' dir='ltr'>Inquinatns.</span> <span class='ocrx_word' id='word_1_633' title='bbox 1791 537 1834 563; x_wconf 88' lang='lat' dir='ltr'><em>III.</em></span> <span class='ocrx_word' id='word_1_634' title='bbox 1855 539 1921 565; x_wconf 73' lang='lat' dir='ltr'>Gn.</span> 
     </span>
     <span class='ocr_line' id='line_1_74' title="bbox 1082 575 1920 606; baseline 0.006 -5"><span class='ocrx_word' id='word_1_635' title='bbox 1082 575 1218 602; x_wconf 84' lang='lat' dir='ltr'>Immundo</span> <span class='ocrx_word' id='word_1_636' title='bbox 1237 576 1298 602; x_wconf 74' lang='lat' dir='ltr'>finio</span> <span class='ocrx_word' id='word_1_637' title='bbox 1319 576 1462 603; x_wconf 84' lang='lat' dir='ltr'>sordidatis</span> <span class='ocrx_word' id='word_1_638' title='bbox 1481 577 1595 604; x_wconf 85' lang='lat' dir='ltr'>fluentis.</span> <span class='ocrx_word' id='word_1_639' title='bbox 1616 577 1663 604; x_wconf 83' lang='lat' dir='ltr'>Th.</span> <span class='ocrx_word' id='word_1_640' title='bbox 1679 578 1709 605; x_wconf 77' lang='lat' dir='ltr'>C,</span> <span class='ocrx_word' id='word_1_641' title='bbox 1726 579 1780 605; x_wconf 78' lang='lat' dir='ltr'><em>Vll.</em></span> <span class='ocrx_word' id='word_1_642' title='bbox 1802 581 1823 605; x_wconf 94' lang='lat' dir='ltr'>l.</span> <span class='ocrx_word' id='word_1_643' title='bbox 1844 590 1865 606; x_wconf 91' lang='lat' dir='ltr'>c.</span> <span class='ocrx_word' id='word_1_644' title='bbox 1881 581 1920 606; x_wconf 90' lang='lat'>13.</span> 
     </span>
     <span class='ocr_line' id='line_1_75' title="bbox 1083 618 1921 701; baseline 0.006 -14"><span class='ocrx_word' id='word_1_645' title='bbox 1083 618 1285 688; x_wconf 46' lang='lat' dir='ltr'>desliirlgide.</span> <span class='ocrx_word' id='word_1_646' title='bbox 1315 661 1427 694; x_wconf 81' lang='lat' dir='ltr'><em>(Advb.)</em></span> <span class='ocrx_word' id='word_1_647' title='bbox 1456 664 1567 689; x_wconf 81' lang='lat' dir='ltr'>Avare.</span> <span class='ocrx_word' id='word_1_648' title='bbox 1604 663 1645 689; x_wconf 91' lang='lat' dir='ltr'><em>llI.</em></span> <span class='ocrx_word' id='word_1_649' title='bbox 1667 665 1732 692; x_wconf 76' lang='lat' dir='ltr'>Gn.</span> <span class='ocrx_word' id='word_1_650' title='bbox 1755 664 1847 701; x_wconf 69' lang='lat' dir='ltr'>Neque</span> <span class='ocrx_word' id='word_1_651' title='bbox 1866 676 1921 692; x_wconf 87' lang='lat' dir='ltr'>sor-</span> 
     </span>
    </p>
   </div>
   <div class='ocr_carea' id='block_1_11' title="bbox 1059 703 1922 744">
    <p class='ocr_par' dir='ltr' id='par_1_25' title="bbox 1059 703 1922 744">
     <span class='ocr_line' id='line_1_76' title="bbox 1059 703 1922 744; baseline 0.007 -15"><span class='ocrx_word' id='word_1_652' title='bbox 1059 731 1060 738; x_wconf 25' lang='lat'>}</span> <span class='ocrx_word' id='word_1_653' title='bbox 1083 703 1156 735; x_wconf 81' lang='lat' dir='ltr'>dide,</span> <span class='ocrx_word' id='word_1_654' title='bbox 1177 714 1261 740; x_wconf 84' lang='lat' dir='ltr'>neque</span> <span class='ocrx_word' id='word_1_655' title='bbox 1280 706 1408 740; x_wconf 74' lang='lat' dir='ltr'>gratiose,</span> <span class='ocrx_word' id='word_1_656' title='bbox 1428 721 1460 724; x_wconf 97' lang='lat'><strong>—</strong></span> <span class='ocrx_word' id='word_1_657' title='bbox 1485 705 1611 732; x_wconf 76' lang='lat' dir='ltr'>Sordide.</span> <span class='ocrx_word' id='word_1_658' title='bbox 1632 706 1673 732; x_wconf 86' lang='lat' dir='ltr'>vel</span> <span class='ocrx_word' id='word_1_659' title='bbox 1692 709 1840 744; x_wconf 77' lang='lat' dir='ltr'>perniciose</span> <span class='ocrx_word' id='word_1_660' title='bbox 1859 709 1922 741; x_wconf 83' lang='lat' dir='ltr'>(eli-</span> 
     </span>
    </p>
   </div>
   <div class='ocr_carea' id='block_1_12' title="bbox 1082 747 1922 999">
    <p class='ocr_par' dir='ltr' id='par_1_26' title="bbox 1082 747 1920 826">
     <span class='ocr_line' id='line_1_77' title="bbox 1082 747 1920 787; baseline 0.007 -15"><span class='ocrx_word' id='word_1_661' title='bbox 1082 756 1155 782; x_wconf 73' lang='lat' dir='ltr'>gere,</span> <span class='ocrx_word' id='word_1_662' title='bbox 1179 756 1202 772; x_wconf 89' lang='lat' dir='ltr'>v.</span> <span class='ocrx_word' id='word_1_663' title='bbox 1228 748 1329 783; x_wconf 72' lang='lat' dir='ltr'>agere.)</span> <span class='ocrx_word' id='word_1_664' title='bbox 1358 748 1388 774; x_wconf 88' lang='lat' dir='ltr'>fr.</span> <span class='ocrx_word' id='word_1_665' title='bbox 1409 749 1432 774; x_wconf 89' lang='lat'>7.</span> <span class='ocrx_word' id='word_1_666' title='bbox 1456 748 1477 781; x_wconf 96' lang='lat'>5.</span> <span class='ocrx_word' id='word_1_667' title='bbox 1496 750 1521 774; x_wconf 87' lang='lat'>2.</span> <span class='ocrx_word' id='word_1_668' title='bbox 1547 747 1579 774; x_wconf 84' lang='lat' dir='ltr'>de</span> <span class='ocrx_word' id='word_1_669' title='bbox 1603 748 1668 775; x_wconf 84' lang='lat' dir='ltr'>adm.</span> <span class='ocrx_word' id='word_1_670' title='bbox 1689 755 1714 775; x_wconf 87' lang='lat' dir='ltr'>et</span> <span class='ocrx_word' id='word_1_671' title='bbox 1738 752 1817 787; x_wconf 78' lang='lat' dir='ltr'>peric.</span> <span class='ocrx_word' id='word_1_672' title='bbox 1835 753 1876 777; x_wconf 87' lang='lat'>26.</span> <span class='ocrx_word' id='word_1_673' title='bbox 1897 753 1920 778; x_wconf 85' lang='lat'>7.</span> 
     </span>
     <span class='ocr_line' id='line_1_78' title="bbox 1083 789 1576 826; baseline 0.002 -10"><span class='ocrx_word' id='word_1_674' title='bbox 1083 790 1113 816; x_wconf 86' lang='lat' dir='ltr'>sr.</span> <span class='ocrx_word' id='word_1_675' title='bbox 1132 791 1156 816; x_wconf 88' lang='lat'>3.</span> <span class='ocrx_word' id='word_1_676' title='bbox 1179 790 1199 823; x_wconf 91' lang='lat'>5.</span> <span class='ocrx_word' id='word_1_677' title='bbox 1219 792 1243 816; x_wconf 89' lang='lat'>2.</span> <span class='ocrx_word' id='word_1_678' title='bbox 1263 789 1295 816; x_wconf 90' lang='lat' dir='ltr'>de</span> <span class='ocrx_word' id='word_1_679' title='bbox 1315 800 1387 826; x_wconf 88' lang='lat' dir='ltr'>susp.</span> <span class='ocrx_word' id='word_1_680' title='bbox 1408 795 1454 816; x_wconf 84' lang='lat' dir='ltr'>tut.</span> <span class='ocrx_word' id='word_1_681' title='bbox 1474 792 1514 817; x_wconf 86' lang='lat'>26.</span> <span class='ocrx_word' id='word_1_682' title='bbox 1537 793 1576 817; x_wconf 90' lang='grc'>10.</span> 
     </span>
    </p>

    <p class='ocr_par' dir='ltr' id='par_1_27' title="bbox 1083 833 1922 999">
     <span class='ocr_line' id='line_1_79' title="bbox 1117 833 1920 868; baseline 0.007 -10"><span class='ocrx_word' id='word_1_683' title='bbox 1117 833 1309 859; x_wconf 73' lang='lat' dir='ltr'>Sordidus.</span> <span class='ocrx_word' id='word_1_684' title='bbox 1330 833 1458 865; x_wconf 84' lang='lat' dir='ltr'>(Adiect.)</span> <span class='ocrx_word' id='word_1_685' title='bbox 1483 835 1513 867; x_wconf 66' lang='grc' dir='ltr'>ξ.</span> <span class='ocrx_word' id='word_1_686' title='bbox 1529 835 1563 860; x_wconf 90' lang='lat' dir='ltr'>l.</span> <span class='ocrx_word' id='word_1_687' title='bbox 1583 835 1754 868; x_wconf 58' lang='lat' dir='ltr'>Lug‘ubris.</span> <span class='ocrx_word' id='word_1_688' title='bbox 1793 835 1834 862; x_wconf 89' lang='lat' dir='ltr'><em>Ill.</em></span> <span class='ocrx_word' id='word_1_689' title='bbox 1854 838 1920 864; x_wconf 77' lang='lat' dir='ltr'>Cn.</span> 
     </span>
     <span class='ocr_line' id='line_1_80' title="bbox 1083 874 1922 913; baseline 0.007 -12"><span class='ocrx_word' id='word_1_690' title='bbox 1083 874 1190 901; x_wconf 71' lang='lat' dir='ltr'>Vestem</span> <span class='ocrx_word' id='word_1_691' title='bbox 1210 875 1344 901; x_wconf 84' lang='lat' dir='ltr'>sordidam</span> <span class='ocrx_word' id='word_1_692' title='bbox 1363 877 1400 902; x_wconf 79' lang='lat' dir='ltr'>rei</span> <span class='ocrx_word' id='word_1_693' title='bbox 1419 878 1523 903; x_wconf 86' lang='lat' dir='ltr'>nomine</span> <span class='ocrx_word' id='word_1_694' title='bbox 1543 878 1568 903; x_wconf 87' lang='lat' dir='ltr'>in</span> <span class='ocrx_word' id='word_1_695' title='bbox 1587 876 1695 913; x_wconf 85' lang='lat' dir='ltr'>publico</span> <span class='ocrx_word' id='word_1_696' title='bbox 1712 877 1814 906; x_wconf 83' lang='lat' dir='ltr'>habere.</span> <span class='ocrx_word' id='word_1_697' title='bbox 1836 879 1865 906; x_wconf 89' lang='lat' dir='ltr'>sr.</span> <span class='ocrx_word' id='word_1_698' title='bbox 1879 882 1922 907; x_wconf 87' lang='lat'>39.</span> 
     </span>
     <span class='ocr_line' id='line_1_81' title="bbox 1084 917 1921 957; baseline 0.008 -15"><span class='ocrx_word' id='word_1_699' title='bbox 1084 917 1114 943; x_wconf 88' lang='lat' dir='ltr'>de</span> <span class='ocrx_word' id='word_1_700' title='bbox 1134 919 1209 943; x_wconf 69' lang='lat' dir='ltr'>iniur.</span> <span class='ocrx_word' id='word_1_701' title='bbox 1230 920 1271 944; x_wconf 81' lang='lat'>47.</span> <span class='ocrx_word' id='word_1_702' title='bbox 1292 920 1329 944; x_wconf 90' lang='grc'>10.</span> <span class='ocrx_word' id='word_1_703' title='bbox 1356 935 1384 939; x_wconf 77' lang='lat'>—</span> <span class='ocrx_word' id='word_1_704' title='bbox 1411 920 1442 952; x_wconf 83' lang='lat'>§.</span> <span class='ocrx_word' id='word_1_705' title='bbox 1463 921 1498 946; x_wconf 69' lang='grc'>2.</span> <span class='ocrx_word' id='word_1_706' title='bbox 1528 921 1627 951; x_wconf 67' lang='lat' dir='ltr'>Vilis,</span> <span class='ocrx_word' id='word_1_707' title='bbox 1655 922 1781 955; x_wconf 80' lang='lat' dir='ltr'>Turpis.</span> <span class='ocrx_word' id='word_1_708' title='bbox 1819 922 1837 948; x_wconf 93' lang='lat'>1.</span> <span class='ocrx_word' id='word_1_709' title='bbox 1859 924 1921 957; x_wconf 73' lang='lat' dir='ltr'>Sy.</span> 
     </span>
     <span class='ocr_line' id='line_1_82' title="bbox 1083 959 1922 999; baseline 0.008 -14"><span class='ocrx_word' id='word_1_710' title='bbox 1083 959 1159 986; x_wconf 68' lang='lat' dir='ltr'>Vilis.</span> <span class='ocrx_word' id='word_1_711' title='bbox 1181 960 1230 986; x_wconf 58' lang='lat' dir='ltr'>Th.</span> <span class='ocrx_word' id='word_1_712' title='bbox 1251 960 1282 987; x_wconf 75' lang='lat' dir='ltr'>C.</span> <span class='ocrx_word' id='word_1_713' title='bbox 1301 961 1346 987; x_wconf 79' lang='lat' dir='ltr'>XI.</span> <span class='ocrx_word' id='word_1_714' title='bbox 1362 963 1401 988; x_wconf 82' lang='lat'>16.</span> <span class='ocrx_word' id='word_1_715' title='bbox 1423 972 1443 988; x_wconf 92' lang='lat' dir='ltr'>c.</span> <span class='ocrx_word' id='word_1_716' title='bbox 1457 964 1481 988; x_wconf 94' lang='lat'>5.</span> <span class='ocrx_word' id='word_1_717' title='bbox 1502 972 1521 988; x_wconf 92' lang='lat' dir='ltr'>c.</span> <span class='ocrx_word' id='word_1_718' title='bbox 1538 964 1577 988; x_wconf 90' lang='lat'>14.</span> <span class='ocrx_word' id='word_1_719' title='bbox 1597 972 1654 999; x_wconf 85' lang='lat' dir='ltr'><em>sqq.</em></span> <span class='ocrx_word' id='word_1_720' title='bbox 1675 963 1707 989; x_wconf 83' lang='lat' dir='ltr'>de</span> <span class='ocrx_word' id='word_1_721' title='bbox 1726 969 1790 990; x_wconf 79' lang='lat' dir='ltr'>extr.</span> <span class='ocrx_word' id='word_1_722' title='bbox 1810 975 1830 990; x_wconf 80' lang='lat' dir='ltr'>S.</span> <span class='ocrx_word' id='word_1_723' title='bbox 1850 965 1922 992; x_wconf 88' lang='lat' dir='ltr'>sord.</span> 
     </span>
    </p>
   </div>
   <div class='ocr_carea' id='block_1_13' title="bbox 1059 1002 1922 1042">
    <p class='ocr_par' dir='ltr' id='par_1_28' title="bbox 1059 1002 1922 1042">
     <span class='ocr_line' id='line_1_83' title="bbox 1059 1002 1922 1042; baseline 0.008 -15"><span class='ocrx_word' id='word_1_724' title='bbox 1059 1026 1060 1032; x_wconf 67' lang='lat'>.</span> <span class='ocrx_word' id='word_1_725' title='bbox 1082 1002 1111 1029; x_wconf 83' lang='lat'>11.</span> <span class='ocrx_word' id='word_1_726' title='bbox 1127 1004 1193 1035; x_wconf 76' lang='lat' dir='ltr'>Op.</span> <span class='ocrx_word' id='word_1_727' title='bbox 1215 1002 1385 1039; x_wconf 79' lang='lat' dir='ltr'>Splendidus.</span> <span class='ocrx_word' id='word_1_728' title='bbox 1406 1015 1427 1031; x_wconf 87' lang='lat' dir='ltr'>c.</span> <span class='ocrx_word' id='word_1_729' title='bbox 1441 1007 1464 1031; x_wconf 91' lang='lat'>9.</span> <span class='ocrx_word' id='word_1_730' title='bbox 1486 1005 1518 1031; x_wconf 90' lang='lat' dir='ltr'>de</span> <span class='ocrx_word' id='word_1_731' title='bbox 1537 1007 1681 1042; x_wconf 80' lang='lat' dir='ltr'>quaestion.</span> <span class='ocrx_word' id='word_1_732' title='bbox 1696 1008 1719 1032; x_wconf 90' lang='lat'>9.</span> <span class='ocrx_word' id='word_1_733' title='bbox 1733 1009 1774 1033; x_wconf 84' lang='grc'>41.</span> <span class='ocrx_word' id='word_1_734' title='bbox 1798 1007 1839 1034; x_wconf 88' lang='lat' dir='ltr'><em>Ill.</em></span> <span class='ocrx_word' id='word_1_735' title='bbox 1856 1010 1922 1036; x_wconf 78' lang='lat' dir='ltr'>Cn.</span> 
     </span>
    </p>
   </div>
   <div class='ocr_carea' id='block_1_14' title="bbox 1059 1045 1920 1086">
    <p class='ocr_par' dir='ltr' id='par_1_29' title="bbox 1059 1045 1920 1086">
     <span class='ocr_line' id='line_1_84' title="bbox 1059 1045 1920 1086; baseline 0.008 -16"><span class='ocrx_word' id='word_1_736' title='bbox 1059 1046 1061 1079; x_wconf 60' lang='lat' dir='ltr'>J</span> <span class='ocrx_word' id='word_1_737' title='bbox 1083 1045 1111 1072; x_wconf 92' lang='lat' dir='ltr'>Si</span> <span class='ocrx_word' id='word_1_738' title='bbox 1131 1045 1294 1072; x_wconf 78' lang='lat' dir='ltr'>sordidiores</span> <span class='ocrx_word' id='word_1_739' title='bbox 1315 1052 1398 1077; x_wconf 69' lang='lat' dir='ltr'>erunt,</span> <span class='ocrx_word' id='word_1_740' title='bbox 1418 1049 1442 1073; x_wconf 92' lang='lat' dir='ltr'>iu</span> <span class='ocrx_word' id='word_1_741' title='bbox 1463 1058 1529 1084; x_wconf 84' lang='lat' dir='ltr'>opus</span> <span class='ocrx_word' id='word_1_742' title='bbox 1549 1048 1683 1085; x_wconf 86' lang='lat' dir='ltr'>publicum</span> <span class='ocrx_word' id='word_1_743' title='bbox 1697 1049 1833 1086; x_wconf 79' lang='lat' dir='ltr'>relegabis.</span> <span class='ocrx_word' id='word_1_744' title='bbox 1853 1051 1883 1077; x_wconf 84' lang='lat' dir='ltr'>sr.</span> <span class='ocrx_word' id='word_1_745' title='bbox 1897 1054 1920 1078; x_wconf 88' lang='lat'>4.</span> 
     </span>
    </p>
   </div>
   <div class='ocr_carea' id='block_1_15' title="bbox 1082 1088 1925 1595">
    <p class='ocr_par' dir='ltr' id='par_1_30' title="bbox 1082 1088 1923 1373">
     <span class='ocr_line' id='line_1_85' title="bbox 1082 1088 1922 1130; baseline 0.01 -17"><span class='ocrx_word' id='word_1_746' title='bbox 1082 1089 1103 1122; x_wconf 82' lang='lat'>5.</span> <span class='ocrx_word' id='word_1_747' title='bbox 1126 1090 1147 1114; x_wconf 92' lang='lat'>1.</span> <span class='ocrx_word' id='word_1_748' title='bbox 1173 1088 1205 1114; x_wconf 87' lang='lat' dir='ltr'>de</span> <span class='ocrx_word' id='word_1_749' title='bbox 1224 1088 1327 1115; x_wconf 79' lang='lat' dir='ltr'>incend.</span> <span class='ocrx_word' id='word_1_750' title='bbox 1347 1091 1427 1115; x_wconf 78' lang='lat' dir='ltr'>ruma.</span> <span class='ocrx_word' id='word_1_751' title='bbox 1448 1092 1487 1116; x_wconf 61' lang='lat'>47.</span> <span class='ocrx_word' id='word_1_752' title='bbox 1508 1092 1531 1117; x_wconf 91' lang='lat'>9.</span> <span class='ocrx_word' id='word_1_753' title='bbox 1569 1090 1783 1124; x_wconf 71' lang='lat' dir='ltr'>Proxeueticum,</span> <span class='ocrx_word' id='word_1_754' title='bbox 1808 1094 1877 1130; x_wconf 86' lang='lat' dir='ltr'>quod</span> <span class='ocrx_word' id='word_1_755' title='bbox 1897 1100 1922 1121; x_wconf 83' lang='lat' dir='ltr'>et</span> 
     </span>
     <span class='ocr_line' id='line_1_86' title="bbox 1083 1131 1923 1169; baseline 0.008 -12"><span class='ocrx_word' id='word_1_756' title='bbox 1083 1131 1225 1158; x_wconf 87' lang='lat' dir='ltr'>sordidum.</span> <span class='ocrx_word' id='word_1_757' title='bbox 1246 1131 1276 1158; x_wconf 79' lang='lat' dir='ltr'>l&#39;r.</span> <span class='ocrx_word' id='word_1_758' title='bbox 1290 1133 1314 1158; x_wconf 83' lang='lat'>3.</span> <span class='ocrx_word' id='word_1_759' title='bbox 1335 1132 1367 1158; x_wconf 83' lang='lat' dir='ltr'>de</span> <span class='ocrx_word' id='word_1_760' title='bbox 1386 1142 1494 1169; x_wconf 86' lang='lat' dir='ltr'>proxen.</span> <span class='ocrx_word' id='word_1_761' title='bbox 1512 1135 1553 1158; x_wconf 86' lang='lat'>50.</span> <span class='ocrx_word' id='word_1_762' title='bbox 1574 1136 1613 1160; x_wconf 83' lang='grc'>14.</span> <span class='ocrx_word' id='word_1_763' title='bbox 1652 1134 1769 1166; x_wconf 80' lang='lat' dir='ltr'>Tutelas.</span> <span class='ocrx_word' id='word_1_764' title='bbox 1788 1137 1849 1163; x_wconf 73' lang='lat' dir='ltr'>item</span> <span class='ocrx_word' id='word_1_765' title='bbox 1869 1147 1923 1163; x_wconf 92' lang='lat' dir='ltr'>mu-</span> 
     </span>
     <span class='ocr_line' id='line_1_87' title="bbox 1082 1173 1923 1211; baseline 0.006 -10"><span class='ocrx_word' id='word_1_766' title='bbox 1082 1185 1143 1201; x_wconf 80' lang='lat' dir='ltr'>nera</span> <span class='ocrx_word' id='word_1_767' title='bbox 1163 1173 1268 1200; x_wconf 83' lang='lat' dir='ltr'>sordida</span> <span class='ocrx_word' id='word_1_768' title='bbox 1289 1174 1444 1211; x_wconf 84' lang='lat' dir='ltr'>corporalia,</span> <span class='ocrx_word' id='word_1_769' title='bbox 1463 1177 1568 1202; x_wconf 80' lang='lat' dir='ltr'>remitti.</span> <span class='ocrx_word' id='word_1_770' title='bbox 1592 1177 1621 1202; x_wconf 84' lang='lat' dir='ltr'>fr.</span> <span class='ocrx_word' id='word_1_771' title='bbox 1642 1178 1666 1203; x_wconf 83' lang='lat'>8.</span> <span class='ocrx_word' id='word_1_772' title='bbox 1686 1178 1707 1211; x_wconf 91' lang='grc'>9.</span> <span class='ocrx_word' id='word_1_773' title='bbox 1728 1180 1751 1204; x_wconf 87' lang='grc'>4.</span> <span class='ocrx_word' id='word_1_774' title='bbox 1772 1178 1804 1205; x_wconf 83' lang='lat' dir='ltr'>de</span> <span class='ocrx_word' id='word_1_775' title='bbox 1823 1189 1876 1206; x_wconf 76' lang='lat' dir='ltr'>vac.</span> <span class='ocrx_word' id='word_1_776' title='bbox 1898 1185 1923 1206; x_wconf 80' lang='lat' dir='ltr'>et</span> 
     </span>
     <span class='ocr_line' id='line_1_88' title="bbox 1083 1216 1922 1252; baseline 0.006 -8"><span class='ocrx_word' id='word_1_777' title='bbox 1083 1227 1170 1244; x_wconf 73' lang='lat' dir='ltr'>exous.</span> <span class='ocrx_word' id='word_1_778' title='bbox 1192 1220 1232 1243; x_wconf 84' lang='lat'>50.</span> <span class='ocrx_word' id='word_1_779' title='bbox 1253 1219 1276 1242; x_wconf 84' lang='lat'>5.</span> <span class='ocrx_word' id='word_1_780' title='bbox 1297 1217 1328 1243; x_wconf 77' lang='lat' dir='ltr'>cf.</span> <span class='ocrx_word' id='word_1_781' title='bbox 1349 1216 1379 1244; x_wconf 88' lang='lat' dir='ltr'>sr.</span> <span class='ocrx_word' id='word_1_782' title='bbox 1401 1220 1440 1244; x_wconf 87' lang='lat'>17.</span> <span class='ocrx_word' id='word_1_783' title='bbox 1460 1219 1481 1252; x_wconf 92' lang='lat'>5.</span> <span class='ocrx_word' id='word_1_784' title='bbox 1502 1220 1524 1244; x_wconf 92' lang='lat'>7.</span> <span class='ocrx_word' id='word_1_785' title='bbox 1545 1218 1575 1244; x_wconf 85' lang='lat' dir='ltr'>ad</span> <span class='ocrx_word' id='word_1_786' title='bbox 1596 1221 1689 1246; x_wconf 89' lang='lat' dir='ltr'>munic.</span> <span class='ocrx_word' id='word_1_787' title='bbox 1710 1223 1750 1247; x_wconf 89' lang='lat'>50.</span> <span class='ocrx_word' id='word_1_788' title='bbox 1772 1223 1794 1247; x_wconf 96' lang='lat'>1.</span> <span class='ocrx_word' id='word_1_789' title='bbox 1821 1221 1869 1248; x_wconf 88' lang='lat' dir='ltr'>Th.</span> <span class='ocrx_word' id='word_1_790' title='bbox 1891 1222 1922 1249; x_wconf 89' lang='lat' dir='ltr'>C.</span> 
     </span>
     <span class='ocr_line' id='line_1_89' title="bbox 1083 1259 1922 1298; baseline 0.008 -13"><span class='ocrx_word' id='word_1_791' title='bbox 1083 1260 1098 1286; x_wconf 95' lang='lat' dir='ltr'>l.</span> <span class='ocrx_word' id='word_1_792' title='bbox 1119 1260 1135 1286; x_wconf 94' lang='lat' dir='ltr'>l.</span> <span class='ocrx_word' id='word_1_793' title='bbox 1162 1270 1182 1286; x_wconf 88' lang='lat' dir='ltr'>c.</span> <span class='ocrx_word' id='word_1_794' title='bbox 1202 1261 1243 1286; x_wconf 89' lang='lat'>23.</span> <span class='ocrx_word' id='word_1_795' title='bbox 1269 1259 1300 1286; x_wconf 81' lang='lat' dir='ltr'>cs.</span> <span class='ocrx_word' id='word_1_796' title='bbox 1325 1270 1346 1287; x_wconf 81' lang='lat' dir='ltr'>c.</span> <span class='ocrx_word' id='word_1_797' title='bbox 1366 1262 1389 1287; x_wconf 87' lang='lat'>5.</span> <span class='ocrx_word' id='word_1_798' title='bbox 1415 1271 1435 1287; x_wconf 90' lang='lat' dir='ltr'>c.</span> <span class='ocrx_word' id='word_1_799' title='bbox 1458 1263 1497 1288; x_wconf 82' lang='lat'>18.</span> <span class='ocrx_word' id='word_1_800' title='bbox 1523 1271 1562 1298; x_wconf 88' lang='lat' dir='ltr'>sq.</span> <span class='ocrx_word' id='word_1_801' title='bbox 1590 1279 1619 1282; x_wconf 97' lang='lat'><strong>—</strong></span> <span class='ocrx_word' id='word_1_802' title='bbox 1649 1264 1679 1296; x_wconf 75' lang='lat'>§0</span> <span class='ocrx_word' id='word_1_803' title='bbox 1699 1265 1736 1290; x_wconf 77' lang='lat'>³.</span> <span class='ocrx_word' id='word_1_804' title='bbox 1766 1266 1922 1292; x_wconf 80' lang='lat' dir='ltr'>Plebeius.</span> 
     </span>
     <span class='ocr_line' id='line_1_90' title="bbox 1082 1302 1921 1340; baseline 0.006 -11"><span class='ocrx_word' id='word_1_805' title='bbox 1082 1303 1124 1329; x_wconf 90' lang='lat' dir='ltr'><em>III.</em></span> <span class='ocrx_word' id='word_1_806' title='bbox 1140 1304 1205 1330; x_wconf 79' lang='lat' dir='ltr'>Gn.</span> <span class='ocrx_word' id='word_1_807' title='bbox 1225 1302 1309 1328; x_wconf 84' lang='lat' dir='ltr'>Panes</span> <span class='ocrx_word' id='word_1_808' title='bbox 1328 1303 1438 1336; x_wconf 78' lang='lat' dir='ltr'>sordidi,</span> <span class='ocrx_word' id='word_1_809' title='bbox 1459 1306 1502 1340; x_wconf 90' lang='lat' dir='ltr'>qni</span> <span class='ocrx_word' id='word_1_810' title='bbox 1522 1314 1590 1331; x_wconf 87' lang='lat' dir='ltr'>nunc</span> <span class='ocrx_word' id='word_1_811' title='bbox 1610 1305 1732 1332; x_wconf 88' lang='lat' dir='ltr'>dicuntur</span> <span class='ocrx_word' id='word_1_812' title='bbox 1751 1307 1921 1334; x_wconf 82' lang='lat' dir='ltr'>ardinienses.</span> 
     </span>
     <span class='ocr_line' id='line_1_91' title="bbox 1084 1345 1364 1373; baseline 0.004 -1"><span class='ocrx_word' id='word_1_813' title='bbox 1084 1345 1124 1372; x_wconf 82' lang='lat' dir='ltr'>Cf.</span> <span class='ocrx_word' id='word_1_814' title='bbox 1145 1356 1166 1372; x_wconf 75' lang='lat' dir='ltr'>v.</span> <span class='ocrx_word' id='word_1_815' title='bbox 1188 1346 1364 1373; x_wconf 71' lang='lat' dir='ltr'>Ardiniensis.</span> 
     </span>
    </p>

    <p class='ocr_par' dir='ltr' id='par_1_31' title="bbox 1082 1390 1925 1595">
     <span class='ocr_line' id='line_1_92' title="bbox 1117 1390 1923 1428; baseline 0.006 -13"><span class='ocrx_word' id='word_1_816' title='bbox 1117 1390 1242 1416; x_wconf 83' lang='lat' dir='ltr'>Soror·</span> <span class='ocrx_word' id='word_1_817' title='bbox 1273 1392 1400 1421; x_wconf 74' lang='lat' dir='ltr'>Patris,</span> <span class='ocrx_word' id='word_1_818' title='bbox 1420 1393 1587 1423; x_wconf 75' lang='lat' dir='ltr'>lllalrisve‚</span> <span class='ocrx_word' id='word_1_819' title='bbox 1602 1393 1698 1428; x_wconf 84' lang='lat' dir='ltr'>filia.</span> <span class='ocrx_word' id='word_1_820' title='bbox 1722 1391 1843 1420; x_wconf 64' lang='lat' dir='ltr'>Ilien.</span> <span class='ocrx_word' id='word_1_821' title='bbox 1863 1393 1923 1420; x_wconf 84' lang='lat' dir='ltr'>Fra-</span> 
     </span>
     <span class='ocr_line' id='line_1_93' title="bbox 1083 1437 1925 1473; baseline 0.006 -16"><span class='ocrx_word' id='word_1_822' title='bbox 1083 1437 1135 1462; x_wconf 68' lang='lat' dir='ltr'>ter,</span> <span class='ocrx_word' id='word_1_823' title='bbox 1160 1442 1248 1463; x_wconf 84' lang='lat' dir='ltr'>soror,</span> <span class='ocrx_word' id='word_1_824' title='bbox 1275 1437 1324 1458; x_wconf 86' lang='lat' dir='ltr'>tam</span> <span class='ocrx_word' id='word_1_825' title='bbox 1349 1443 1381 1459; x_wconf 79' lang='lat' dir='ltr'>ex</span> <span class='ocrx_word' id='word_1_826' title='bbox 1405 1438 1479 1470; x_wconf 83' lang='lat' dir='ltr'>patre</span> <span class='ocrx_word' id='word_1_827' title='bbox 1502 1444 1578 1470; x_wconf 84' lang='lat' dir='ltr'>quam</span> <span class='ocrx_word' id='word_1_828' title='bbox 1602 1444 1633 1460; x_wconf 85' lang='lat' dir='ltr'>ex</span> <span class='ocrx_word' id='word_1_829' title='bbox 1653 1439 1734 1461; x_wconf 79' lang='lat' dir='ltr'>matre</span> <span class='ocrx_word' id='word_1_830' title='bbox 1753 1437 1925 1473; x_wconf 71' lang='lat' dir='ltr'>accipiuntur²</span> 
     </span>
     <span class='ocr_line' id='line_1_94' title="bbox 1082 1475 1924 1515; baseline 0.007 -15"><span class='ocrx_word' id='word_1_831' title='bbox 1082 1475 1153 1501; x_wconf 89' lang='lat' dir='ltr'>Paul.</span> <span class='ocrx_word' id='word_1_832' title='bbox 1169 1475 1211 1501; x_wconf 54' lang='lat' dir='ltr'>IV.</span> <span class='ocrx_word' id='word_1_833' title='bbox 1229 1477 1267 1501; x_wconf 91' lang='lat'>11.</span> <span class='ocrx_word' id='word_1_834' title='bbox 1288 1476 1308 1509; x_wconf 92' lang='lat'>5.</span> <span class='ocrx_word' id='word_1_835' title='bbox 1326 1477 1347 1501; x_wconf 96' lang='lat' dir='ltr'>l.</span> <span class='ocrx_word' id='word_1_836' title='bbox 1379 1475 1451 1502; x_wconf 72' lang='lat' dir='ltr'>Inter</span> <span class='ocrx_word' id='word_1_837' title='bbox 1470 1476 1575 1502; x_wconf 78' lang='lat' dir='ltr'>fratrem</span> <span class='ocrx_word' id='word_1_838' title='bbox 1595 1481 1620 1502; x_wconf 85' lang='lat' dir='ltr'>et</span> <span class='ocrx_word' id='word_1_839' title='bbox 1639 1486 1756 1504; x_wconf 80' lang='lat' dir='ltr'>sororem</span> <span class='ocrx_word' id='word_1_840' title='bbox 1776 1479 1924 1515; x_wconf 78' lang='lat' dir='ltr'>prohibitae</span> 
     </span>
     <span class='ocr_line' id='line_1_95' title="bbox 1083 1518 1923 1556; baseline 0.007 -13"><span class='ocrx_word' id='word_1_841' title='bbox 1083 1523 1144 1543; x_wconf 89' lang='lat' dir='ltr'>sunt</span> <span class='ocrx_word' id='word_1_842' title='bbox 1168 1519 1288 1554; x_wconf 79' lang='lat' dir='ltr'>nuptiae,</span> <span class='ocrx_word' id='word_1_843' title='bbox 1314 1519 1370 1544; x_wconf 86' lang='lat' dir='ltr'>sive</span> <span class='ocrx_word' id='word_1_844' title='bbox 1394 1518 1485 1544; x_wconf 76' lang='lat' dir='ltr'>eodem</span> <span class='ocrx_word' id='word_1_845' title='bbox 1510 1524 1583 1556; x_wconf 78' lang='lat' dir='ltr'>patre</span> <span class='ocrx_word' id='word_1_846' title='bbox 1609 1519 1751 1556; x_wconf 74' lang='lat' dir='ltr'>eademque</span> <span class='ocrx_word' id='word_1_847' title='bbox 1770 1527 1851 1548; x_wconf 81' lang='lat' dir='ltr'>matre</span> <span class='ocrx_word' id='word_1_848' title='bbox 1870 1524 1923 1549; x_wconf 84' lang='lat' dir='ltr'>nati</span> 
     </span>
     <span class='ocr_line' id='line_1_96' title="bbox 1083 1561 1922 1595; baseline 0.006 -9"><span class='ocrx_word' id='word_1_849' title='bbox 1083 1561 1187 1588; x_wconf 76' lang='lat' dir='ltr'>suerint.</span> <span class='ocrx_word' id='word_1_850' title='bbox 1207 1562 1263 1586; x_wconf 83' lang='lat' dir='ltr'>sive</span> <span class='ocrx_word' id='word_1_851' title='bbox 1283 1561 1408 1587; x_wconf 77' lang='lat' dir='ltr'>alterutro</span> <span class='ocrx_word' id='word_1_852' title='bbox 1429 1571 1526 1587; x_wconf 86' lang='lat' dir='ltr'>eorum.</span> <span class='ocrx_word' id='word_1_853' title='bbox 1547 1561 1603 1587; x_wconf 75' lang='lat' dir='ltr'>Gai.</span> <span class='ocrx_word' id='word_1_854' title='bbox 1617 1561 1635 1587; x_wconf 90' lang='lat' dir='ltr'>I.</span> <span class='ocrx_word' id='word_1_855' title='bbox 1649 1563 1690 1588; x_wconf 89' lang='lat'>61.</span> <span class='ocrx_word' id='word_1_856' title='bbox 1715 1562 1814 1590; x_wconf 80' lang='lat' dir='ltr'>Fratris</span> <span class='ocrx_word' id='word_1_857' title='bbox 1834 1564 1922 1595; x_wconf 74' lang='lat' dir='ltr'>filiam,</span> 
     </span>
    </p>
   </div>
   <div class='ocr_carea' id='block_1_16' title="bbox 1060 1603 1921 1643">
    <p class='ocr_par' dir='ltr' id='par_1_32' title="bbox 1060 1603 1921 1643">
     <span class='ocr_line' id='line_1_97' title="bbox 1060 1603 1921 1643; baseline 0.003 -12"><span class='ocrx_word' id='word_1_858' title='bbox 1060 1616 1061 1631; x_wconf 61' lang='grc' dir='ltr'>ι</span> <span class='ocrx_word' id='word_1_859' title='bbox 1085 1621 1111 1624; x_wconf 87' lang='grc'>-</span> <span class='ocrx_word' id='word_1_860' title='bbox 1136 1604 1242 1630; x_wconf 59' lang='lat' dir='ltr'>Soa-oris</span> <span class='ocrx_word' id='word_1_861' title='bbox 1262 1604 1341 1630; x_wconf 81' lang='lat' dir='ltr'>liliam</span> <span class='ocrx_word' id='word_1_862' title='bbox 1362 1607 1488 1637; x_wconf 78' lang='lat' dir='ltr'>(uxorem</span> <span class='ocrx_word' id='word_1_863' title='bbox 1508 1603 1630 1637; x_wconf 80' lang='lat' dir='ltr'>ducere.)</span> <span class='ocrx_word' id='word_1_864' title='bbox 1652 1604 1689 1631; x_wconf 90' lang='lat' dir='ltr'>ld.</span> <span class='ocrx_word' id='word_1_865' title='bbox 1709 1605 1727 1631; x_wconf 91' lang='lat'>1.</span> <span class='ocrx_word' id='word_1_866' title='bbox 1747 1607 1786 1632; x_wconf 87' lang='lat'>62.</span> <span class='ocrx_word' id='word_1_867' title='bbox 1808 1606 1868 1643; x_wconf 72' lang='grc' dir='ltr'>ΠΡ.</span> <span class='ocrx_word' id='word_1_868' title='bbox 1890 1607 1921 1634; x_wconf 95' lang='lat' dir='ltr'>V.</span> 
     </span>
    </p>
   </div>
   <div class='ocr_carea' id='block_1_17' title="bbox 1083 1646 1921 1683">
    <p class='ocr_par' dir='ltr' id='par_1_33' title="bbox 1083 1646 1921 1683">
     <span class='ocr_line' id='line_1_98' title="bbox 1083 1646 1921 1683; baseline 0.002 -10"><span class='ocrx_word' id='word_1_869' title='bbox 1083 1648 1107 1673; x_wconf 76' lang='lat'>[5.</span> <span class='ocrx_word' id='word_1_870' title='bbox 1145 1648 1227 1673; x_wconf 87' lang='lat' dir='ltr'>Soror</span> <span class='ocrx_word' id='word_1_871' title='bbox 1246 1646 1332 1677; x_wconf 77' lang='lat' dir='ltr'>fratri,</span> <span class='ocrx_word' id='word_1_872' title='bbox 1352 1648 1484 1677; x_wconf 84' lang='lat' dir='ltr'>sororive,</span> <span class='ocrx_word' id='word_1_873' title='bbox 1503 1646 1616 1683; x_wconf 75' lang='lat' dir='ltr'>legitima</span> <span class='ocrx_word' id='word_1_874' title='bbox 1636 1647 1712 1674; x_wconf 79' lang='lat' dir='ltr'>lieres</span> <span class='ocrx_word' id='word_1_875' title='bbox 1733 1654 1779 1674; x_wconf 80' lang='lat' dir='ltr'>est.</span> <span class='ocrx_word' id='word_1_876' title='bbox 1804 1649 1859 1675; x_wconf 87' lang='lat' dir='ltr'>Gai.</span> <span class='ocrx_word' id='word_1_877' title='bbox 1881 1649 1921 1676; x_wconf 90' lang='lat' dir='ltr'><em>Ill.</em></span> 
     </span>
    </p>
   </div>
   <div class='ocr_carea' id='block_1_18' title="bbox 1060 1689 1923 1812">
    <p class='ocr_par' dir='ltr' id='par_1_34' title="bbox 1060 1689 1923 1812">
     <span class='ocr_line' id='line_1_99' title="bbox 1060 1689 1923 1726; baseline 0.003 -11"><span class='ocrx_word' id='word_1_878' title='bbox 1060 1716 1061 1726; x_wconf 18' lang='grc' dir='ltr'>ἵ</span> <span class='ocrx_word' id='word_1_879' title='bbox 1085 1691 1123 1715; x_wconf 79' lang='grc'>14.</span> <span class='ocrx_word' id='word_1_880' title='bbox 1144 1689 1204 1726; x_wconf 64' lang='lat' dir='ltr'>le.</span> <span class='ocrx_word' id='word_1_881' title='bbox 1224 1689 1320 1715; x_wconf 73' lang='lat' dir='ltr'><em>XXVI.</em></span> <span class='ocrx_word' id='word_1_882' title='bbox 1344 1692 1364 1715; x_wconf 96' lang='lat'>1.</span> <span class='ocrx_word' id='word_1_883' title='bbox 1385 1692 1408 1716; x_wconf 91' lang='grc'>6.</span> <span class='ocrx_word' id='word_1_884' title='bbox 1447 1690 1572 1724; x_wconf 77' lang='lat' dir='ltr'>Quinimo</span> <span class='ocrx_word' id='word_1_885' title='bbox 1596 1695 1621 1715; x_wconf 87' lang='lat' dir='ltr'>et</span> <span class='ocrx_word' id='word_1_886' title='bbox 1639 1690 1761 1717; x_wconf 68' lang='lat' dir='ltr'>mulieres</span> <span class='ocrx_word' id='word_1_887' title='bbox 1785 1691 1923 1719; x_wconf 85' lang='lat' dir='ltr'>admittun-</span> 
     </span>
     <span class='ocr_line' id='line_1_100' title="bbox 1060 1733 1923 1769; baseline 0.005 -12"><span class='ocrx_word' id='word_1_888' title='bbox 1060 1734 1061 1755; x_wconf 65' lang='lat' dir='ltr'>l</span> <span class='ocrx_word' id='word_1_889' title='bbox 1084 1738 1140 1764; x_wconf 76' lang='lat' dir='ltr'>tur⁷</span> <span class='ocrx_word' id='word_1_890' title='bbox 1161 1748 1188 1751; x_wconf 89' lang='lat'><strong>—</strong></span> <span class='ocrx_word' id='word_1_891' title='bbox 1212 1737 1302 1768; x_wconf 86' lang='lat' dir='ltr'>utputa</span> <span class='ocrx_word' id='word_1_892' title='bbox 1323 1738 1417 1764; x_wconf 80' lang='lat' dir='ltr'>mater,</span> <span class='ocrx_word' id='word_1_893' title='bbox 1442 1733 1529 1759; x_wconf 80' lang='lat' dir='ltr'>nutrix</span> <span class='ocrx_word' id='word_1_894' title='bbox 1554 1743 1659 1769; x_wconf 83' lang='lat' dir='ltr'>quoque</span> <span class='ocrx_word' id='word_1_895' title='bbox 1684 1738 1708 1759; x_wconf 88' lang='lat' dir='ltr'>et</span> <span class='ocrx_word' id='word_1_896' title='bbox 1731 1735 1794 1760; x_wconf 80' lang='lat' dir='ltr'>avia.</span> <span class='ocrx_word' id='word_1_897' title='bbox 1831 1734 1923 1761; x_wconf 84' lang='lat' dir='ltr'>Potest</span> 
     </span>
     <span class='ocr_line' id='line_1_101' title="bbox 1060 1774 1725 1812; baseline 0.002 -12"><span class='ocrx_word' id='word_1_898' title='bbox 1060 1792 1061 1810; x_wconf 33' lang='grc' dir='ltr'><strong>ἶ</strong></span> <span class='ocrx_word' id='word_1_899' title='bbox 1084 1780 1108 1801; x_wconf 82' lang='lat' dir='ltr'>et</span> <span class='ocrx_word' id='word_1_900' title='bbox 1128 1785 1211 1800; x_wconf 83' lang='lat' dir='ltr'>soror.</span> <span class='ocrx_word' id='word_1_901' title='bbox 1232 1774 1262 1800; x_wconf 81' lang='lat' dir='ltr'>sr.</span> <span class='ocrx_word' id='word_1_902' title='bbox 1285 1776 1305 1800; x_wconf 91' lang='lat'>1.</span> <span class='ocrx_word' id='word_1_903' title='bbox 1325 1775 1346 1808; x_wconf 84' lang='lat'>5</span> <span class='ocrx_word' id='word_1_904' title='bbox 1367 1777 1390 1801; x_wconf 90' lang='lat'>7.</span> <span class='ocrx_word' id='word_1_905' title='bbox 1412 1775 1443 1801; x_wconf 83' lang='lat' dir='ltr'>dc</span> <span class='ocrx_word' id='word_1_906' title='bbox 1462 1785 1535 1812; x_wconf 79' lang='lat' dir='ltr'>susp.</span> <span class='ocrx_word' id='word_1_907' title='bbox 1557 1780 1603 1802; x_wconf 77' lang='lat' dir='ltr'>tut.</span> <span class='ocrx_word' id='word_1_908' title='bbox 1622 1777 1664 1802; x_wconf 82' lang='lat'>26.</span> <span class='ocrx_word' id='word_1_909' title='bbox 1686 1778 1725 1802; x_wconf 86' lang='lat' dir='ltr'>lo.</span> 
     </span>
    </p>
   </div>
   <div class='ocr_carea' id='block_1_19' title="bbox 1083 1817 1923 2019">
    <p class='ocr_par' dir='ltr' id='par_1_35' title="bbox 1083 1817 1923 1940">
     <span class='ocr_line' id='line_1_102' title="bbox 1118 1817 1922 1854; baseline 0.005 -11"><span class='ocrx_word' id='word_1_910' title='bbox 1118 1818 1302 1844; x_wconf 76' lang='lat' dir='ltr'>Soron-ius.</span> <span class='ocrx_word' id='word_1_911' title='bbox 1341 1817 1477 1850; x_wconf 73' lang='lat' dir='ltr'>(Adiect.)</span> <span class='ocrx_word' id='word_1_912' title='bbox 1516 1820 1562 1844; x_wconf 69' lang='lat' dir='ltr'>Aa</span> <span class='ocrx_word' id='word_1_913' title='bbox 1586 1828 1725 1846; x_wconf 82' lang='lat' dir='ltr'>sororem</span> <span class='ocrx_word' id='word_1_914' title='bbox 1747 1823 1922 1854; x_wconf 67' lang='lat' dir='ltr'>pertinens.</span> 
     </span>
     <span class='ocr_line' id='line_1_103' title="bbox 1083 1859 1923 1894; baseline 0.004 -8"><span class='ocrx_word' id='word_1_915' title='bbox 1083 1860 1125 1887; x_wconf 60' lang='lat' dir='ltr'><em>Ill.</em></span> <span class='ocrx_word' id='word_1_916' title='bbox 1139 1861 1204 1888; x_wconf 77' lang='lat' dir='ltr'>Gn.</span> <span class='ocrx_word' id='word_1_917' title='bbox 1225 1859 1396 1886; x_wconf 84' lang='lat' dir='ltr'>Consortium</span> <span class='ocrx_word' id='word_1_918' title='bbox 1410 1862 1526 1887; x_wconf 79' lang='lat' dir='ltr'>sororiae</span> <span class='ocrx_word' id='word_1_919' title='bbox 1540 1861 1731 1894; x_wconf 74' lang='lat' dir='ltr'>adpellationis.</span> <span class='ocrx_word' id='word_1_920' title='bbox 1747 1863 1795 1889; x_wconf 83' lang='lat' dir='ltr'>Th.</span> <span class='ocrx_word' id='word_1_921' title='bbox 1811 1862 1841 1889; x_wconf 91' lang='lat' dir='ltr'>C.</span> <span class='ocrx_word' id='word_1_922' title='bbox 1852 1863 1923 1890; x_wconf 75' lang='lat' dir='ltr'><em>XVI.</em></span> 
     </span>
     <span class='ocr_line' id='line_1_104' title="bbox 1083 1903 1505 1940; baseline 0.002 -11"><span class='ocrx_word' id='word_1_923' title='bbox 1083 1906 1107 1929; x_wconf 87' lang='lat'>2.</span> <span class='ocrx_word' id='word_1_924' title='bbox 1127 1913 1147 1929; x_wconf 82' lang='lat' dir='ltr'>c.</span> <span class='ocrx_word' id='word_1_925' title='bbox 1169 1905 1209 1928; x_wconf 83' lang='lat'><em>4-1.</em></span> <span class='ocrx_word' id='word_1_926' title='bbox 1229 1913 1267 1940; x_wconf 86' lang='lat' dir='ltr'>pr.</span> <span class='ocrx_word' id='word_1_927' title='bbox 1289 1903 1321 1929; x_wconf 74' lang='lat' dir='ltr'>de</span> <span class='ocrx_word' id='word_1_928' title='bbox 1342 1905 1421 1940; x_wconf 85' lang='lat' dir='ltr'>episc.</span> <span class='ocrx_word' id='word_1_929' title='bbox 1443 1904 1505 1930; x_wconf 76' lang='lat' dir='ltr'>eccl.</span> 
     </span>
    </p>

    <p class='ocr_par' dir='ltr' id='par_1_36' title="bbox 1085 1946 1922 2019">
     <span class='ocr_line' id='line_1_105' title="bbox 1118 1946 1922 1985; baseline 0.004 -13"><span class='ocrx_word' id='word_1_930' title='bbox 1118 1947 1217 1972; x_wconf 81' lang='lat' dir='ltr'>Sors.</span> <span class='ocrx_word' id='word_1_931' title='bbox 1255 1946 1285 1979; x_wconf 83' lang='lat'>§.</span> <span class='ocrx_word' id='word_1_932' title='bbox 1304 1947 1338 1972; x_wconf 88' lang='lat'>1.</span> <span class='ocrx_word' id='word_1_933' title='bbox 1364 1949 1516 1974; x_wconf 75' lang='lat' dir='ltr'>Sortieio.</span> <span class='ocrx_word' id='word_1_934' title='bbox 1555 1947 1585 1973; x_wconf 92' lang='lat' dir='ltr'>Il.</span> <span class='ocrx_word' id='word_1_935' title='bbox 1608 1949 1674 1982; x_wconf 75' lang='lat' dir='ltr'>Op.</span> <span class='ocrx_word' id='word_1_936' title='bbox 1699 1948 1800 1985; x_wconf 80' lang='lat' dir='ltr'>Sponte</span> <span class='ocrx_word' id='word_1_937' title='bbox 1820 1949 1922 1975; x_wconf 68' lang='lat' dir='ltr'>delecti.</span> 
     </span>
     <span class='ocr_line' id='line_1_106' title="bbox 1085 1988 1922 2019; baseline 0.005 -5"><span class='ocrx_word' id='word_1_938' title='bbox 1085 2006 1114 2009; x_wconf 97' lang='lat'><strong>—</strong></span> <span class='ocrx_word' id='word_1_939' title='bbox 1136 1989 1214 2015; x_wconf 81' lang='lat' dir='ltr'>Sorte</span> <span class='ocrx_word' id='word_1_940' title='bbox 1233 1988 1311 2015; x_wconf 84' lang='lat' dir='ltr'>ducti.</span> <span class='ocrx_word' id='word_1_941' title='bbox 1333 1988 1382 2015; x_wconf 85' lang='lat' dir='ltr'>Tb.</span> <span class='ocrx_word' id='word_1_942' title='bbox 1398 1989 1428 2015; x_wconf 84' lang='lat' dir='ltr'>C.</span> <span class='ocrx_word' id='word_1_943' title='bbox 1444 1989 1486 2015; x_wconf 76' lang='lat' dir='ltr'>IX.</span> <span class='ocrx_word' id='word_1_944' title='bbox 1504 1991 1524 2016; x_wconf 93' lang='lat'>1.</span> <span class='ocrx_word' id='word_1_945' title='bbox 1545 2000 1565 2016; x_wconf 86' lang='lat' dir='ltr'>c.</span> <span class='ocrx_word' id='word_1_946' title='bbox 1581 1992 1620 2017; x_wconf 77' lang='lat'><em>153.</em></span> <span class='ocrx_word' id='word_1_947' title='bbox 1641 1991 1672 2017; x_wconf 71' lang='lat' dir='ltr'>d«-</span> <span class='ocrx_word' id='word_1_948' title='bbox 1692 2001 1776 2017; x_wconf 80' lang='lat' dir='ltr'>accus.</span> <span class='ocrx_word' id='word_1_949' title='bbox 1801 1991 1843 2017; x_wconf 90' lang='lat' dir='ltr'><em>III.</em></span> <span class='ocrx_word' id='word_1_950' title='bbox 1856 1993 1922 2019; x_wconf 75' lang='lat' dir='ltr'>Cn.</span> 
     </span>
    </p>
   </div>
   <div class='ocr_carea' id='block_1_20' title="bbox 1060 2032 1922 2070">
    <p class='ocr_par' dir='ltr' id='par_1_37' title="bbox 1060 2032 1922 2070">
     <span class='ocr_line' id='line_1_107' title="bbox 1060 2032 1922 2070; baseline 0.005 -14"><span class='ocrx_word' id='word_1_951' title='bbox 1060 2052 1061 2056; x_wconf 69' lang='grc'>,</span> <span class='ocrx_word' id='word_1_952' title='bbox 1083 2032 1107 2058; x_wconf 85' lang='lat' dir='ltr'>Is</span> <span class='ocrx_word' id='word_1_953' title='bbox 1127 2032 1243 2058; x_wconf 72' lang='lat' dir='ltr'>Praetor.</span> <span class='ocrx_word' id='word_1_954' title='bbox 1266 2048 1295 2051; x_wconf 89' lang='lat'>—</span> <span class='ocrx_word' id='word_1_955' title='bbox 1316 2033 1356 2058; x_wconf 84' lang='lat' dir='ltr'>cui</span> <span class='ocrx_word' id='word_1_956' title='bbox 1377 2038 1449 2058; x_wconf 83' lang='lat' dir='ltr'>sorte</span> <span class='ocrx_word' id='word_1_957' title='bbox 1469 2032 1605 2059; x_wconf 71' lang='lat' dir='ltr'>obvenerit</span> <span class='ocrx_word' id='word_1_958' title='bbox 1625 2036 1742 2070; x_wconf 79' lang='lat' dir='ltr'>quaestio</span> <span class='ocrx_word' id='word_1_959' title='bbox 1763 2034 1794 2060; x_wconf 75' lang='lat' dir='ltr'>de</span> <span class='ocrx_word' id='word_1_960' title='bbox 1813 2036 1922 2061; x_wconf 80' lang='lat' dir='ltr'>sicariis.</span> 
     </span>
    </p>
   </div>
   <div class='ocr_carea' id='block_1_21' title="bbox 1082 2074 1923 2454">
    <p class='ocr_par' dir='ltr' id='par_1_38' title="bbox 1082 2074 1923 2454">
     <span class='ocr_line' id='line_1_108' title="bbox 1083 2074 1923 2103; baseline 0.002 -2"><span class='ocrx_word' id='word_1_961' title='bbox 1083 2075 1153 2102; x_wconf 81' lang='lat' dir='ltr'>Coll.</span> <span class='ocrx_word' id='word_1_962' title='bbox 1173 2074 1225 2101; x_wconf 91' lang='lat' dir='ltr'>LL.</span> <span class='ocrx_word' id='word_1_963' title='bbox 1246 2074 1278 2101; x_wconf 82' lang='grc' dir='ltr'>Μ.</span> <span class='ocrx_word' id='word_1_964' title='bbox 1296 2074 1313 2101; x_wconf 90' lang='lat'>1.</span> <span class='ocrx_word' id='word_1_965' title='bbox 1334 2077 1357 2101; x_wconf 97' lang='lat'>3.</span> <span class='ocrx_word' id='word_1_966' title='bbox 1395 2075 1474 2101; x_wconf 82' lang='lat' dir='ltr'>Sorte</span> <span class='ocrx_word' id='word_1_967' title='bbox 1493 2086 1535 2101; x_wconf 69' lang='lat' dir='ltr'>res</span> <span class='ocrx_word' id='word_1_968' title='bbox 1556 2076 1670 2102; x_wconf 74' lang='lat' dir='ltr'>discerni</span> <span class='ocrx_word' id='word_1_969' title='bbox 1690 2076 1764 2102; x_wconf 74' lang='lat' dir='ltr'>solet.</span> <span class='ocrx_word' id='word_1_970' title='bbox 1786 2076 1814 2102; x_wconf 76' lang='lat' dir='ltr'>l&#39;r.</span> <span class='ocrx_word' id='word_1_971' title='bbox 1832 2079 1869 2103; x_wconf 88' lang='lat'>14.</span> <span class='ocrx_word' id='word_1_972' title='bbox 1891 2077 1923 2103; x_wconf 81' lang='lat' dir='ltr'>de</span> 
     </span>
     <span class='ocr_line' id='line_1_109' title="bbox 1083 2117 1922 2150; baseline 0.002 -6"><span class='ocrx_word' id='word_1_973' title='bbox 1083 2117 1160 2144; x_wconf 72' lang='lat' dir='ltr'>iudic.</span> <span class='ocrx_word' id='word_1_974' title='bbox 1175 2120 1197 2143; x_wconf 84' lang='lat'>5.</span> <span class='ocrx_word' id='word_1_975' title='bbox 1216 2119 1236 2143; x_wconf 97' lang='lat'>1.</span> <span class='ocrx_word' id='word_1_976' title='bbox 1252 2133 1281 2136; x_wconf 93' lang='lat'><strong>—</strong></span> <span class='ocrx_word' id='word_1_977' title='bbox 1304 2118 1334 2150; x_wconf 76' lang='lat'>§-</span> <span class='ocrx_word' id='word_1_978' title='bbox 1347 2120 1382 2144; x_wconf 69' lang='grc'>2.</span> <span class='ocrx_word' id='word_1_979' title='bbox 1397 2120 1552 2145; x_wconf 69' lang='lat' dir='ltr'>Fortuna.</span> <span class='ocrx_word' id='word_1_980' title='bbox 1577 2121 1785 2145; x_wconf 59' lang='lat' dir='ltr'>l&#39;icissiludo.</span> <span class='ocrx_word' id='word_1_981' title='bbox 1806 2119 1922 2147; x_wconf 67' lang='grc' dir='ltr'>111οη.</span> 
     </span>
     <span class='ocr_line' id='line_1_110' title="bbox 1083 2160 1921 2196; baseline 0.004 -11"><span class='ocrx_word' id='word_1_982' title='bbox 1083 2163 1159 2196; x_wconf 72' lang='lat' dir='ltr'>Quos</span> <span class='ocrx_word' id='word_1_983' title='bbox 1179 2160 1309 2186; x_wconf 73' lang='lat' dir='ltr'>bellorum</span> <span class='ocrx_word' id='word_1_984' title='bbox 1329 2166 1400 2187; x_wconf 76' lang='lat' dir='ltr'>sorte</span> <span class='ocrx_word' id='word_1_985' title='bbox 1419 2161 1544 2187; x_wconf 71' lang='lat' dir='ltr'>defendit.</span> <span class='ocrx_word' id='word_1_986' title='bbox 1565 2161 1645 2187; x_wconf 76' lang='lat' dir='ltr'>Gesta</span> <span class='ocrx_word' id='word_1_987' title='bbox 1660 2163 1685 2187; x_wconf 92' lang='lat' dir='ltr'>in</span> <span class='ocrx_word' id='word_1_988' title='bbox 1700 2161 1760 2187; x_wconf 84' lang='lat' dir='ltr'>Sen.</span> <span class='ocrx_word' id='word_1_989' title='bbox 1781 2161 1813 2188; x_wconf 70' lang='lat' dir='ltr'>de</span> <span class='ocrx_word' id='word_1_990' title='bbox 1828 2162 1876 2188; x_wconf 89' lang='lat' dir='ltr'>Th.</span> <span class='ocrx_word' id='word_1_991' title='bbox 1891 2163 1921 2188; x_wconf 86' lang='lat' dir='ltr'>C.</span> 
     </span>
     <span class='ocr_line' id='line_1_111' title="bbox 1083 2203 1921 2241; baseline 0.001 -12"><span class='ocrx_word' id='word_1_992' title='bbox 1083 2205 1162 2241; x_wconf 77' lang='lat' dir='ltr'>recip.</span> <span class='ocrx_word' id='word_1_993' title='bbox 1200 2203 1291 2229; x_wconf 78' lang='lat' dir='ltr'>Fatum</span> <span class='ocrx_word' id='word_1_994' title='bbox 1311 2203 1436 2229; x_wconf 81' lang='lat' dir='ltr'>humanae</span> <span class='ocrx_word' id='word_1_995' title='bbox 1456 2205 1543 2229; x_wconf 85' lang='lat' dir='ltr'>sortis.</span> <span class='ocrx_word' id='word_1_996' title='bbox 1568 2203 1597 2230; x_wconf 74' lang='lat' dir='ltr'>fr,</span> <span class='ocrx_word' id='word_1_997' title='bbox 1616 2206 1657 2229; x_wconf 83' lang='lat'>21.</span> <span class='ocrx_word' id='word_1_998' title='bbox 1678 2214 1716 2241; x_wconf 85' lang='lat' dir='ltr'>pr.</span> <span class='ocrx_word' id='word_1_999' title='bbox 1737 2204 1769 2230; x_wconf 85' lang='lat' dir='ltr'>de</span> <span class='ocrx_word' id='word_1_1000' title='bbox 1788 2207 1860 2231; x_wconf 70' lang='lat' dir='ltr'>evici.</span> <span class='ocrx_word' id='word_1_1001' title='bbox 1880 2207 1921 2231; x_wconf 89' lang='lat'>21.</span> 
     </span>
     <span class='ocr_line' id='line_1_112' title="bbox 1082 2245 1920 2282; baseline 0.001 -10"><span class='ocrx_word' id='word_1_1002' title='bbox 1082 2249 1105 2272; x_wconf 80' lang='lat'>2.</span> <span class='ocrx_word' id='word_1_1003' title='bbox 1128 2257 1147 2273; x_wconf 89' lang='lat' dir='ltr'>c.</span> <span class='ocrx_word' id='word_1_1004' title='bbox 1168 2247 1192 2272; x_wconf 92' lang='lat'>9.</span> <span class='ocrx_word' id='word_1_1005' title='bbox 1217 2246 1249 2272; x_wconf 84' lang='lat' dir='ltr'>de</span> <span class='ocrx_word' id='word_1_1006' title='bbox 1272 2256 1387 2282; x_wconf 78' lang='lat' dir='ltr'>praescr.</span> <span class='ocrx_word' id='word_1_1007' title='bbox 1408 2246 1492 2272; x_wconf 66' lang='lat' dir='ltr'><em>XXX.</em></span> <span class='ocrx_word' id='word_1_1008' title='bbox 1514 2248 1535 2271; x_wconf 91' lang='lat'>7.</span> <span class='ocrx_word' id='word_1_1009' title='bbox 1556 2247 1597 2272; x_wconf 81' lang='lat'>39.</span> <span class='ocrx_word' id='word_1_1010' title='bbox 1627 2245 1675 2273; x_wconf 88' lang='lat' dir='ltr'>Th.</span> <span class='ocrx_word' id='word_1_1011' title='bbox 1697 2246 1727 2273; x_wconf 89' lang='lat' dir='ltr'>C.</span> <span class='ocrx_word' id='word_1_1012' title='bbox 1748 2247 1788 2274; x_wconf 86' lang='lat' dir='ltr'><em>Ill.</em></span> <span class='ocrx_word' id='word_1_1013' title='bbox 1809 2249 1832 2273; x_wconf 83' lang='lat'>5.</span> <span class='ocrx_word' id='word_1_1014' title='bbox 1857 2258 1876 2274; x_wconf 88' lang='lat' dir='ltr'>e.</span> <span class='ocrx_word' id='word_1_1015' title='bbox 1899 2249 1920 2273; x_wconf 91' lang='lat'>7.</span> 
     </span>
     <span class='ocr_line' id='line_1_113' title="bbox 1083 2289 1921 2325; baseline 0.004 -11"><span class='ocrx_word' id='word_1_1016' title='bbox 1083 2289 1115 2314; x_wconf 78' lang='lat' dir='ltr'>de</span> <span class='ocrx_word' id='word_1_1017' title='bbox 1135 2289 1251 2325; x_wconf 82' lang='lat' dir='ltr'>sponsal.</span> <span class='ocrx_word' id='word_1_1018' title='bbox 1272 2289 1395 2315; x_wconf 75' lang='lat' dir='ltr'><em>.x‘111.10.</em></span> <span class='ocrx_word' id='word_1_1019' title='bbox 1417 2299 1438 2314; x_wconf 92' lang='lat' dir='ltr'>c.</span> <span class='ocrx_word' id='word_1_1020' title='bbox 1456 2291 1478 2314; x_wconf 90' lang='lat'>7.</span> <span class='ocrx_word' id='word_1_1021' title='bbox 1499 2289 1531 2315; x_wconf 84' lang='lat' dir='ltr'>de</span> <span class='ocrx_word' id='word_1_1022' title='bbox 1552 2299 1631 2315; x_wconf 84' lang='lat' dir='ltr'>censu</span> <span class='ocrx_word' id='word_1_1023' title='bbox 1651 2299 1671 2315; x_wconf 89' lang='lat' dir='ltr'>s.</span> <span class='ocrx_word' id='word_1_1024' title='bbox 1692 2290 1775 2316; x_wconf 82' lang='lat' dir='ltr'>adscr.</span> <span class='ocrx_word' id='word_1_1025' title='bbox 1791 2306 1816 2310; x_wconf 90' lang='lat'><em>-</em></span> <span class='ocrx_word' id='word_1_1026' title='bbox 1842 2291 1921 2324; x_wconf 76' lang='lat'><em>§.3.</em></span> 
     </span>
     <span class='ocr_line' id='line_1_114' title="bbox 1083 2330 1921 2368; baseline 0.001 -10"><span class='ocrx_word' id='word_1_1027' title='bbox 1083 2333 1217 2358; x_wconf 79' lang='lat' dir='ltr'>Decisio</span> <span class='ocrx_word' id='word_1_1028' title='bbox 1241 2334 1375 2357; x_wconf 77' lang='lat' dir='ltr'>incerta.</span> <span class='ocrx_word' id='word_1_1029' title='bbox 1414 2330 1456 2356; x_wconf 69' lang='lat' dir='ltr'>lll.</span> <span class='ocrx_word' id='word_1_1030' title='bbox 1476 2333 1541 2358; x_wconf 64' lang='lat'><em>(711.</em></span> <span class='ocrx_word' id='word_1_1031' title='bbox 1561 2331 1648 2368; x_wconf 86' lang='lat' dir='ltr'>Super</span> <span class='ocrx_word' id='word_1_1032' title='bbox 1667 2337 1735 2358; x_wconf 82' lang='lat' dir='ltr'>statu</span> <span class='ocrx_word' id='word_1_1033' title='bbox 1755 2342 1842 2358; x_wconf 87' lang='lat' dir='ltr'>eorum</span> <span class='ocrx_word' id='word_1_1034' title='bbox 1863 2343 1921 2359; x_wconf 87' lang='lat' dir='ltr'>sors</span> 
     </span>
     <span class='ocr_line' id='line_1_115' title="bbox 1083 2373 1921 2411; baseline 0.002 -11"><span class='ocrx_word' id='word_1_1035' title='bbox 1083 2378 1109 2400; x_wconf 80' lang='lat' dir='ltr'>et</span> <span class='ocrx_word' id='word_1_1036' title='bbox 1133 2373 1235 2399; x_wconf 74' lang='lat' dir='ltr'>fortuna</span> <span class='ocrx_word' id='word_1_1037' title='bbox 1259 2383 1395 2410; x_wconf 67' lang='lat' dir='ltr'>suspensa.</span> <span class='ocrx_word' id='word_1_1038' title='bbox 1421 2373 1458 2400; x_wconf 89' lang='lat' dir='ltr'>lb.</span> <span class='ocrx_word' id='word_1_1039' title='bbox 1478 2374 1522 2400; x_wconf 77' lang='lat' dir='ltr'>IX.</span> <span class='ocrx_word' id='word_1_1040' title='bbox 1547 2377 1588 2400; x_wconf 80' lang='lat'>40.</span> <span class='ocrx_word' id='word_1_1041' title='bbox 1613 2385 1633 2400; x_wconf 91' lang='lat' dir='ltr'>c.</span> <span class='ocrx_word' id='word_1_1042' title='bbox 1656 2377 1694 2400; x_wconf 78' lang='lat'>13.</span> <span class='ocrx_word' id='word_1_1043' title='bbox 1719 2374 1751 2401; x_wconf 82' lang='lat' dir='ltr'>de</span> <span class='ocrx_word' id='word_1_1044' title='bbox 1770 2385 1844 2411; x_wconf 78' lang='lat' dir='ltr'>poen.</span> <span class='ocrx_word' id='word_1_1045' title='bbox 1881 2375 1921 2402; x_wconf 86' lang='lat' dir='ltr'>Ex</span> 
     </span>
     <span class='ocr_line' id='line_1_116' title="bbox 1082 2415 1920 2454; baseline 0.004 -12"><span class='ocrx_word' id='word_1_1046' title='bbox 1082 2426 1130 2442; x_wconf 87' lang='lat' dir='ltr'>suo</span> <span class='ocrx_word' id='word_1_1047' title='bbox 1156 2415 1270 2441; x_wconf 83' lang='lat' dir='ltr'>admisso</span> <span class='ocrx_word' id='word_1_1048' title='bbox 1295 2417 1359 2442; x_wconf 78' lang='lat' dir='ltr'>sorti</span> <span class='ocrx_word' id='word_1_1049' title='bbox 1386 2416 1533 2443; x_wconf 87' lang='lat' dir='ltr'>subiicitur.</span> <span class='ocrx_word' id='word_1_1050' title='bbox 1562 2417 1590 2443; x_wconf 78' lang='lat' dir='ltr'>fr.</span> <span class='ocrx_word' id='word_1_1051' title='bbox 1611 2418 1651 2442; x_wconf 80' lang='lat'>26.</span> <span class='ocrx_word' id='word_1_1052' title='bbox 1672 2417 1703 2443; x_wconf 87' lang='lat' dir='ltr'>de</span> <span class='ocrx_word' id='word_1_1053' title='bbox 1722 2428 1798 2454; x_wconf 89' lang='lat' dir='ltr'>poen.</span> <span class='ocrx_word' id='word_1_1054' title='bbox 1820 2420 1861 2444; x_wconf 72' lang='lat'>48.</span> <span class='ocrx_word' id='word_1_1055' title='bbox 1882 2420 1920 2445; x_wconf 89' lang='lat'>19.</span> 
     </span>
    </p>
   </div>
   <div class='ocr_carea' id='block_1_22' title="bbox 1082 2459 1920 2530">
    <p class='ocr_par' dir='ltr' id='par_1_39' title="bbox 1082 2459 1920 2530">
     <span class='ocr_line' id='line_1_117' title="bbox 1082 2459 1920 2496; baseline 0.004 -11"><span class='ocrx_word' id='word_1_1056' title='bbox 1082 2459 1291 2495; x_wconf 70' lang='lat' dir='ltr'>Deportationis.</span> <span class='ocrx_word' id='word_1_1057' title='bbox 1311 2469 1331 2484; x_wconf 72' lang='lat' dir='ltr'>s.</span> <span class='ocrx_word' id='word_1_1058' title='bbox 1347 2459 1551 2496; x_wconf 79' lang='lat' dir='ltr'>Proscriptiouis</span> <span class='ocrx_word' id='word_1_1059' title='bbox 1566 2464 1662 2485; x_wconf 80' lang='lat' dir='ltr'>sortem</span> <span class='ocrx_word' id='word_1_1060' title='bbox 1679 2461 1806 2496; x_wconf 80' lang='lat' dir='ltr'>excipere.</span> <span class='ocrx_word' id='word_1_1061' title='bbox 1827 2459 1874 2487; x_wconf 88' lang='lat' dir='ltr'>Tb.</span> <span class='ocrx_word' id='word_1_1062' title='bbox 1890 2460 1920 2488; x_wconf 87' lang='lat' dir='ltr'>C.</span> 
     </span>
     <span class='ocr_line' id='line_1_118' title="bbox 1083 2501 1919 2530; baseline 0.005 -4"><span class='ocrx_word' id='word_1_1063' title='bbox 1083 2501 1112 2527; x_wconf 88' lang='lat' dir='ltr'>II.</span> <span class='ocrx_word' id='word_1_1064' title='bbox 1134 2504 1155 2527; x_wconf 93' lang='lat'>1.</span> <span class='ocrx_word' id='word_1_1065' title='bbox 1177 2511 1196 2526; x_wconf 86' lang='lat' dir='ltr'>e.</span> <span class='ocrx_word' id='word_1_1066' title='bbox 1217 2502 1240 2526; x_wconf 81' lang='lat'>9.</span> <span class='ocrx_word' id='word_1_1067' title='bbox 1262 2501 1293 2527; x_wconf 80' lang='lat' dir='ltr'>de</span> <span class='ocrx_word' id='word_1_1068' title='bbox 1317 2502 1407 2528; x_wconf 89' lang='lat' dir='ltr'>iurisd.</span> <span class='ocrx_word' id='word_1_1069' title='bbox 1427 2502 1472 2528; x_wconf 75' lang='lat' dir='ltr'>XI.</span> <span class='ocrx_word' id='word_1_1070' title='bbox 1491 2504 1532 2528; x_wconf 83' lang='lat'>20.</span> <span class='ocrx_word' id='word_1_1071' title='bbox 1558 2512 1578 2527; x_wconf 92' lang='lat' dir='ltr'>c.</span> <span class='ocrx_word' id='word_1_1072' title='bbox 1598 2504 1621 2529; x_wconf 91' lang='lat'>1.</span> <span class='ocrx_word' id='word_1_1073' title='bbox 1646 2502 1678 2528; x_wconf 91' lang='lat' dir='ltr'>de</span> <span class='ocrx_word' id='word_1_1074' title='bbox 1702 2502 1761 2528; x_wconf 91' lang='lat' dir='ltr'>coll.</span> <span class='ocrx_word' id='word_1_1075' title='bbox 1782 2502 1869 2530; x_wconf 71' lang='lat' dir='ltr'>donat.</span> <span class='ocrx_word' id='word_1_1076' title='bbox 1891 2520 1919 2524; x_wconf 91' lang='lat'><strong>—</strong></span> 
     </span>
    </p>
   </div>
   <div class='ocr_carea' id='block_1_23' title="bbox 1083 2544 1920 2615">
    <p class='ocr_par' dir='ltr' id='par_1_40' title="bbox 1083 2544 1920 2615">
     <span class='ocr_line' id='line_1_119' title="bbox 1083 2544 1920 2582; baseline 0.004 -12"><span class='ocrx_word' id='word_1_1077' title='bbox 1083 2545 1114 2577; x_wconf 78' lang='lat'>§-</span> <span class='ocrx_word' id='word_1_1078' title='bbox 1132 2545 1170 2570; x_wconf 69' lang='lat'>4.</span> <span class='ocrx_word' id='word_1_1079' title='bbox 1198 2545 1366 2576; x_wconf 73' lang='lat' dir='ltr'>Conditi&#39;o,</span> <span class='ocrx_word' id='word_1_1080' title='bbox 1387 2547 1499 2576; x_wconf 77' lang='lat' dir='ltr'>Ratio,</span> <span class='ocrx_word' id='word_1_1081' title='bbox 1522 2546 1640 2571; x_wconf 68' lang='lat' dir='ltr'>Modus.</span> <span class='ocrx_word' id='word_1_1082' title='bbox 1678 2544 1719 2571; x_wconf 71' lang='lat' dir='ltr'><em>Ill.</em></span> <span class='ocrx_word' id='word_1_1083' title='bbox 1741 2546 1807 2572; x_wconf 73' lang='lat'><em>011.</em></span> <span class='ocrx_word' id='word_1_1084' title='bbox 1830 2546 1920 2582; x_wconf 78' lang='lat' dir='ltr'>Aequa</span> 
     </span>
     <span class='ocr_line' id='line_1_120' title="bbox 1083 2585 1919 2615; baseline 0.004 -2"><span class='ocrx_word' id='word_1_1085' title='bbox 1083 2592 1154 2613; x_wconf 82' lang='lat' dir='ltr'>sorte</span> <span class='ocrx_word' id='word_1_1086' title='bbox 1183 2585 1333 2612; x_wconf 84' lang='lat' dir='ltr'>succedere.</span> <span class='ocrx_word' id='word_1_1087' title='bbox 1374 2587 1432 2613; x_wconf 79' lang='lat' dir='ltr'>Pari</span> <span class='ocrx_word' id='word_1_1088' title='bbox 1462 2597 1519 2613; x_wconf 85' lang='lat' dir='ltr'>cum</span> <span class='ocrx_word' id='word_1_1089' title='bbox 1549 2588 1658 2613; x_wconf 81' lang='lat' dir='ltr'>caeteris</span> <span class='ocrx_word' id='word_1_1090' title='bbox 1687 2589 1818 2615; x_wconf 80' lang='lat' dir='ltr'>aestimari</span> <span class='ocrx_word' id='word_1_1091' title='bbox 1841 2594 1919 2615; x_wconf 84' lang='lat' dir='ltr'>sorte.</span> 
     </span>
    </p>
   </div>
   <div class='ocr_carea' id='block_1_24' title="bbox 1059 2628 1919 2663">
    <p class='ocr_par' dir='ltr' id='par_1_41' title="bbox 1059 2628 1919 2663">
     <span class='ocr_line' id='line_1_121' title="bbox 1059 2628 1919 2663; baseline 0.005 -8"><span class='ocrx_word' id='word_1_1092' title='bbox 1059 2651 1061 2655; x_wconf 79' lang='grc'>,</span> <span class='ocrx_word' id='word_1_1093' title='bbox 1084 2629 1154 2655; x_wconf 87' lang='lat' dir='ltr'>Paul.</span> <span class='ocrx_word' id='word_1_1094' title='bbox 1175 2628 1218 2654; x_wconf 85' lang='lat' dir='ltr'>lV.</span> <span class='ocrx_word' id='word_1_1095' title='bbox 1239 2631 1261 2655; x_wconf 87' lang='lat'>9.</span> <span class='ocrx_word' id='word_1_1096' title='bbox 1287 2630 1308 2663; x_wconf 90' lang='lat'>5.</span> <span class='ocrx_word' id='word_1_1097' title='bbox 1328 2632 1351 2656; x_wconf 86' lang='lat'>9.</span> <span class='ocrx_word' id='word_1_1098' title='bbox 1363 2641 1383 2656; x_wconf 87' lang='lat' dir='ltr'>a.</span> <span class='ocrx_word' id='word_1_1099' title='bbox 1409 2629 1457 2656; x_wconf 59' lang='lat' dir='ltr'>Th.</span> <span class='ocrx_word' id='word_1_1100' title='bbox 1480 2629 1509 2655; x_wconf 91' lang='lat' dir='ltr'>C.</span> <span class='ocrx_word' id='word_1_1101' title='bbox 1529 2629 1573 2655; x_wconf 70' lang='lat' dir='ltr'>XI.</span> <span class='ocrx_word' id='word_1_1102' title='bbox 1595 2630 1634 2655; x_wconf 87' lang='lat'>16.</span> <span class='ocrx_word' id='word_1_1103' title='bbox 1662 2639 1683 2656; x_wconf 87' lang='lat' dir='ltr'>c.</span> <span class='ocrx_word' id='word_1_1104' title='bbox 1704 2632 1743 2656; x_wconf 88' lang='lat'>13.</span> <span class='ocrx_word' id='word_1_1105' title='bbox 1763 2631 1796 2657; x_wconf 91' lang='lat' dir='ltr'>de</span> <span class='ocrx_word' id='word_1_1106' title='bbox 1815 2637 1879 2659; x_wconf 82' lang='lat' dir='ltr'>extr.</span> <span class='ocrx_word' id='word_1_1107' title='bbox 1899 2642 1919 2658; x_wconf 88' lang='lat' dir='ltr'>s.</span> 
     </span>
    </p>
   </div>
   <div class='ocr_carea' id='block_1_25' title="bbox 1083 2671 1920 2868">
    <p class='ocr_par' dir='ltr' id='par_1_42' title="bbox 1083 2671 1919 2707">
     <span class='ocr_line' id='line_1_122' title="bbox 1083 2671 1919 2707; baseline 0.005 -10"><span class='ocrx_word' id='word_1_1108' title='bbox 1083 2671 1153 2697; x_wconf 86' lang='lat' dir='ltr'>sord.</span> <span class='ocrx_word' id='word_1_1109' title='bbox 1183 2671 1248 2697; x_wconf 88' lang='lat' dir='ltr'>Sors</span> <span class='ocrx_word' id='word_1_1110' title='bbox 1268 2672 1400 2701; x_wconf 71' lang='lat' dir='ltr'>nascendi.</span> <span class='ocrx_word' id='word_1_1111' title='bbox 1421 2682 1440 2698; x_wconf 89' lang='lat' dir='ltr'>s.</span> <span class='ocrx_word' id='word_1_1112' title='bbox 1462 2673 1578 2707; x_wconf 71' lang='lat' dir='ltr'>originis.</span> <span class='ocrx_word' id='word_1_1113' title='bbox 1598 2671 1705 2699; x_wconf 83' lang='lat' dir='ltr'><em>1b.XlI.</em></span> <span class='ocrx_word' id='word_1_1114' title='bbox 1722 2675 1744 2699; x_wconf 89' lang='lat' dir='ltr'>l.</span> <span class='ocrx_word' id='word_1_1115' title='bbox 1765 2683 1786 2700; x_wconf 88' lang='lat' dir='ltr'>c.</span> <span class='ocrx_word' id='word_1_1116' title='bbox 1799 2675 1840 2701; x_wconf 78' lang='grc'>58.</span> <span class='ocrx_word' id='word_1_1117' title='bbox 1861 2675 1882 2707; x_wconf 88' lang='lat'>5.</span> <span class='ocrx_word' id='word_1_1118' title='bbox 1896 2677 1919 2700; x_wconf 79' lang='lat'>2.</span> 
     </span>
    </p>

    <p class='ocr_par' dir='ltr' id='par_1_43' title="bbox 1083 2714 1920 2750">
     <span class='ocr_line' id='line_1_123' title="bbox 1083 2714 1920 2750; baseline 0.004 -11"><span class='ocrx_word' id='word_1_1119' title='bbox 1083 2715 1176 2740; x_wconf 73' lang='lat' dir='ltr'><em>c.172.</em></span> <span class='ocrx_word' id='word_1_1120' title='bbox 1197 2724 1235 2750; x_wconf 84' lang='lat' dir='ltr'>pr.</span> <span class='ocrx_word' id='word_1_1121' title='bbox 1261 2714 1292 2740; x_wconf 79' lang='lat' dir='ltr'>de</span> <span class='ocrx_word' id='word_1_1122' title='bbox 1316 2714 1448 2740; x_wconf 75' lang='lat' dir='ltr'>decuriou.</span> <span class='ocrx_word' id='word_1_1123' title='bbox 1469 2714 1527 2740; x_wconf 82' lang='lat' dir='ltr'>XV.</span> <span class='ocrx_word' id='word_1_1124' title='bbox 1548 2715 1571 2740; x_wconf 84' lang='grc'>8.</span> <span class='ocrx_word' id='word_1_1125' title='bbox 1597 2725 1618 2741; x_wconf 88' lang='lat' dir='ltr'>c.</span> <span class='ocrx_word' id='word_1_1126' title='bbox 1637 2716 1661 2741; x_wconf 84' lang='lat'>2.</span> <span class='ocrx_word' id='word_1_1127' title='bbox 1686 2715 1718 2741; x_wconf 84' lang='lat' dir='ltr'>de</span> <span class='ocrx_word' id='word_1_1128' title='bbox 1736 2715 1822 2742; x_wconf 88' lang='lat' dir='ltr'>lenon.</span> <span class='ocrx_word' id='word_1_1129' title='bbox 1860 2717 1920 2742; x_wconf 73' lang='lat' dir='ltr'>Sive</span> 
     </span>
    </p>

    <p class='ocr_par' dir='ltr' id='par_1_44' title="bbox 1083 2756 1918 2795">
     <span class='ocr_line' id='line_1_124' title="bbox 1083 2756 1918 2795; baseline 0.004 -13"><span class='ocrx_word' id='word_1_1130' title='bbox 1083 2756 1151 2793; x_wconf 85' lang='lat' dir='ltr'>apud</span> <span class='ocrx_word' id='word_1_1131' title='bbox 1171 2762 1267 2793; x_wconf 79' lang='lat' dir='ltr'>patreS.</span> <span class='ocrx_word' id='word_1_1132' title='bbox 1283 2773 1312 2777; x_wconf 88' lang='lat'>—</span> <span class='ocrx_word' id='word_1_1133' title='bbox 1334 2758 1388 2783; x_wconf 68' lang='lat' dir='ltr'>sive</span> <span class='ocrx_word' id='word_1_1134' title='bbox 1408 2762 1433 2783; x_wconf 82' lang='lat' dir='ltr'>et</span> <span class='ocrx_word' id='word_1_1135' title='bbox 1452 2758 1492 2783; x_wconf 93' lang='lat' dir='ltr'>sui</span> <span class='ocrx_word' id='word_1_1136' title='bbox 1511 2758 1584 2789; x_wconf 82' lang='lat' dir='ltr'>iuris,</span> <span class='ocrx_word' id='word_1_1137' title='bbox 1603 2773 1635 2777; x_wconf 77' lang='lat'><em>-</em></span> <span class='ocrx_word' id='word_1_1138' title='bbox 1654 2758 1767 2795; x_wconf 82' lang='lat' dir='ltr'>denique</span> <span class='ocrx_word' id='word_1_1139' title='bbox 1786 2760 1918 2785; x_wconf 85' lang='lat' dir='ltr'>cuiuscun-</span> 
     </span>
    </p>

    <p class='ocr_par' dir='ltr' id='par_1_45' title="bbox 1084 2799 1918 2868">
     <span class='ocr_line' id='line_1_125' title="bbox 1084 2799 1918 2839; baseline 0 -13"><span class='ocrx_word' id='word_1_1140' title='bbox 1084 2809 1134 2836; x_wconf 87' lang='lat' dir='ltr'>que</span> <span class='ocrx_word' id='word_1_1141' title='bbox 1153 2800 1241 2826; x_wconf 88' lang='lat' dir='ltr'>sortis.</span> <span class='ocrx_word' id='word_1_1142' title='bbox 1261 2799 1298 2826; x_wconf 87' lang='lat' dir='ltr'>lb.</span> <span class='ocrx_word' id='word_1_1143' title='bbox 1318 2799 1359 2827; x_wconf 89' lang='grc' dir='ltr'>ΠΙ.</span> <span class='ocrx_word' id='word_1_1144' title='bbox 1381 2802 1420 2826; x_wconf 85' lang='grc'>11.</span> <span class='ocrx_word' id='word_1_1145' title='bbox 1442 2809 1462 2826; x_wconf 92' lang='lat' dir='ltr'>c.</span> <span class='ocrx_word' id='word_1_1146' title='bbox 1478 2801 1500 2826; x_wconf 92' lang='lat' dir='ltr'>l.</span> <span class='ocrx_word' id='word_1_1147' title='bbox 1520 2809 1557 2837; x_wconf 90' lang='lat' dir='ltr'>pr.</span> <span class='ocrx_word' id='word_1_1148' title='bbox 1578 2801 1600 2827; x_wconf 92' lang='lat' dir='ltr'>si</span> <span class='ocrx_word' id='word_1_1149' title='bbox 1620 2811 1692 2838; x_wconf 84' lang='lat' dir='ltr'>quac.</span> <span class='ocrx_word' id='word_1_1150' title='bbox 1712 2801 1800 2839; x_wconf 81' lang='lat' dir='ltr'>praed.</span> <span class='ocrx_word' id='word_1_1151' title='bbox 1820 2805 1872 2837; x_wconf 78' lang='lat' dir='ltr'>pot.</span> <span class='ocrx_word' id='word_1_1152' title='bbox 1887 2816 1918 2820; x_wconf 89' lang='lat'>—</span> 
     </span>
     <span class='ocr_line' id='line_1_126' title="bbox 1404 2843 1477 2868; baseline 0 0"><span class='ocrx_word' id='word_1_1153' title='bbox 1404 2843 1477 2868; x_wconf 54' lang='lat'><em>113*</em></span> 
     </span>
    </p>
   </div>
  </div>
 </body>
</html>
