2197 3121
946 155 1027 185 FEL
1054 173 1092 178 —
1116 155 1210 185 FER.

210 247 259 269 tor.
297 242 336 268 Ex
361 240 451 267 multis
475 240 596 277 gentibus
626 243 767 275 sequentes
791 247 924 264 romanam
947 237 1055 264 felicita-

210 290 263 311 tem
282 289 331 310 cte.
351 284 388 310 lb.
409 284 477 310 Xlll.
500 285 539 309 ll.
560 294 580 309 c.
601 284 624 308 9.
645 280 677 307 de
697 282 820 307 censitor.

246 327 441 354 Feliciter.
479 325 600 359 (Advb.)
639 326 837 355 Fortunate,
867 324 1054 357 Anspicate.

210 370 229 397 I.
250 371 311 404 Sy.
333 370 462 406 Prospere
487 370 592 404 (gestae
611 368 679 398 res.)
704 367 733 393 fr.
757 368 799 392 26.
824 367 845 400 3.
871 367 894 391 7.
920 376 950 391 ex
970 375 1012 401 qu.
1033 375 1054 391 c.

210 414 268 439 mai.
294 415 318 439 4.
343 415 366 439 (i.
392 423 412 438 c.
441 414 462 438 1.
488 411 520 438 de
544 410 624 437 feriis.
648 412 734 436 3.12.
772 408 814 435 Ill.
841 410 906 436 Gn.
932 407 1056 434 Feliciter

210 456 283 482 futua
303 454 419 489 (Xlea
439 454 570 487 indictio.)
591 453 640 479 Th.
662 452 693 479 C.
713 452 758 479 XI.
782 454 824 478 ’.10.
850 462 871 477 c.
891 452 915 477 6.
938 451 959 484 3.
981 452 1003 477 1.
1024 450 1056 477 dc

211 498 272 525 coll.
294 497 380 524 donat.

248 541 368 568 Felix.
407 539 536 572 (Adieet.)
573 539 604 572 δ.
632 541 666 565 l.

211 583 255 610 III.
271 585 336 611 011.
357 581 439 608 Felici
458 582 623 617 navigatione
643 591 720 612 usus,
744 580 870 606 maturius
891 589 967 615 quam
987 580 1057 615 quis-

212 636 264 663 que
284 626 423 663 pervenire
443 624 620 661 (Ephesum.)
643 624 671 650 fr.
694 625 750 649 1:37.
770 623 792 656 3.
811 625 836 648 2.
857 621 889 647 de
909 621 940 648 V.
961 622 994 648 Ο,
1014 624 1055 648 45.

213 671 235 695 1.
275 668 388 703 Quando
407 668 478 693 votis
493 667 674 693 communibus
694 665 755 692 felix
768 675 851 691 annus
866 665 990 702 aperitur.
1007 664 1055 691 Th.

212 711 244 738 C.
264 711 320 737 VII.
339 712 381 736 24.
402 720 423 736 c.
445 712 466 736 1.
487 709 519 736 de
539 710 618 737 oblat.
639 714 724 735 votor.
755 707 848 734 Latum
862 707 927 734 adeo
942 707 1057 744 felixque

211 755 405 791 patrimonium.
426 753 462 779 Ib.
484 753 539 779 VII.
559 755 600 779 22.
622 763 642 779 c.
666 754 703 777 11.
728 752 749 784 3.
773 753 794 777 1.
820 750 852 777 de
871 750 908 777 fil.
928 750 1003 777 milit.
1024 767 1055 770 —

212 797 243 830 ᾖ.
269 798 304 823 2.
343 798 537 831 Cognomem
570 797 651 830 qnod
681 801 747 821 tam
779 795 938 828 Principi
970 795 1055 827 ipsi,

213 849 305 874 qnam
329 841 478 874 singulis
507 840 584 872 reip.
613 847 684 863 ram.
707 839 861 871 partibus
887 838 1055 863 adtribui-

213 889 275 909 tur.
312 881 355 908 111.
373 883 439 909 Cn.
457 880 568 907 Romani
588 881 768 917 imperatores.
789 884 814 906 et
832 881 869 917 pii
890 879 979 905 felices
993 878 1057 905 mul-

212 926 247 951 tis
278 926 352 950 annis
377 925 519 961 imperetis.
567 922 647 949 Gesta
677 924 703 949 in
729 921 790 948 Seu.
820 922 852 948 de
877 932 928 948 rec.
954 921 1004 948 Th.
1025 921 1055 948 C.

705 540 860 571 Prosper,
881 538 1054 563 Secundus.

214 967 310 1000 (ch.
330 978 355 1004 p.
375 968 416 1000 5.)
454 965 643 1003 Amplectenda
670 965 756 991 felicis
780 965 872 1002 populi
892 965 986 991 studia.
1007 964 1056 991 Th.
1079 973 1080 977 ¹

213 1010 245 1036 C.
265 1009 323 1036 XV.
345 1011 366 1035 7.
389 1020 410 1036 c.
429 1011 453 1035 3.
474 1008 506 1035 de
525 1010 637 1035 scaenic.
666 1008 801 1034 Felicibus
820 1018 868 1044 pro
888 1008 973 1035 salute
991 1009 1056 1044 reip.

214 1052 432 1089 occupationibus
457 1053 586 1088 occupati.
610 1051 647 1077 lb.
673 1050 728 1077 Vll.
755 1055 778 1076 ὅ.
805 1060 825 1076 c.
853 1052 892 1076 14.
919 1050 951 1077 de
970 1055 1057 1077 metat.

213 1096 290 1131 Quos
310 1096 432 1121 emeritos
453 1094 573 1121 felicibus
599 1095 692 1121 castris
718 1099 766 1120 etc.
797 1093 834 1119 lb.
854 1092 910 1119 VII.
930 1095 972 1120 21.
992 1104 1013 1120 c.
1033 1094 1057 1119 3.

213 1139 235 1172 3.
255 1140 278 1164 2.
299 1137 331 1164 de
350 1138 483 1164 testimon.
504 1137 645 1163 ex-tribun.

248 1180 420 1207 FemIna.
460 1181 588 1206 Mulier.
625 1179 644 1206 1.
667 1181 728 1214 Sy.
754 1179 856 1206 Mulier.
884 1178 940 1205 Gai.
961 1178 978 1205 1.
1000 1180 1057 1205 110.

213 1232 272 1259 sqq.
294 1225 342 1248 115
362 1233 383 1248 a.
405 1223 462 1249 144.
489 1224 546 1249 169.
570 1232 629 1259 sqq.
660 1224 714 1249 173.
738 1224 794 1249 190.
833 1222 914 1248 onr.
952 1221 1058 1248 Femina

213 1270 302 1302 nupta.
327 1265 357 1291 sr.
380 1267 402 1292 l.
427 1266 449 1299 3.
472 1267 493 1291 Ι.
518 1265 548 1292 sr.
573 1269 596 1292 ὅ.
624 1265 656 1291 de
676 1265 796 1291 Senator.
823 1267 845 1291 1.
866 1266 890 1291 9.
927 1264 970 1291 III.
992 1266 1057 1292 (771.

213 1307 279 1335 Tam
298 1307 419 1340 masculi.
445 1318 521 1344 quam
548 1307 666 1334 feminac.
692 1307 753 1345 le.
779 1307 847 1335 VIII.
872 1310 895 1334 5.
915 1308 948 1334 X.
971 1307 1058 1334 1.X1.

214 1353 237 1377 1.
274 1350 368 1387 Neque
387 1351 517 1382 seminam,
537 1361 622 1387 neque
641 1350 784 1388 pupillum,
811 1351 886 1384 (sine
911 1356 998 1377 tutore
1017 1361 1060 1377 au-

214 1397 286 1419 ctore
304 1403 358 1419 rem
377 1394 491 1430 mancipi
510 1393 623 1420 alienare
642 1395 744 1431 posse.)
764 1393 821 1420 Gai.
842 1394 872 1420 11.
887 1395 928 1420 80.
950 1394 981 1420 cl'.
996 1393 1059 1431 le.

212 1436 272 1463 XX.
293 1437 316 1462 7.
354 1436 489 1467 Feminae,
516 1436 558 1463 vel
578 1436 685 1474 pupilli,
705 1436 747 1463 vel
767 1436 831 1463 alias
851 1437 961 1463 debiles.
983 1437 1013 1463 fr.
1034 1439 1057 1463 9.

213 1479 235 1513 3.
256 1481 279 1505 5.
301 1479 334 1505 de
353 1479 396 1505 off.
417 1479 492 1506 Proc.
513 1484 539 1506 et
562 1479 624 1515 Leg.
652 1481 674 1505 l.
700 1481 739 1506 16.
778 1479 870 1516 Neque
890 1480 997 1512 semina,
1017 1490 1059 1506 ne-

214 1532 266 1558 que
284 1522 374 1551 miles.
400 1532 485 1559 neque
505 1524 550 1559 qui
575 1524 640 1560 reip.
661 1533 681 1549 c.
703 1522 841 1549 abluturus
862 1528 902 1549 est
922 1528 970 1549 etc.
991 1523 1059 1555 (ido-

214 1575 279 1591 neus
299 1565 424 1591 defensor
443 1565 619 1601 intelligitur.)
640 1565 670 1592 l'r.
691 1567 731 1591 54.
753 1575 792 1602 pr.
813 1565 845 1591 de
864 1576 969 1602 procur.
989 1568 1013 1592 3.
1034 1568 1058 1592 3.

215 1607 330 1634 Feminis
350 1622 382 1626 —-
403 1613 428 1634 et
452 1613 562 1646 propter
586 1618 664 1635 sexus
689 1608 879 1641 infirmitatem.
906 1614 931 1634 et
950 1613 1060 1646 propter

215 1650 359 1677 forensium
383 1661 469 1677 rerum
494 1652 682 1687 ignorantiam,
706 1652 820 1684 (tutores
841 1652 1058 1684 constituuntur.)

218 1692 277 1730 le.
297 1693 342 1720 XI.
364 1696 386 1720 l.
411 1694 468 1720 Gai.
493 1694 511 1720 I.
539 1697 595 1720 144.
643 1693 764 1720 Feminae
784 1699 904 1721 recentes
925 1705 956 1721 ex
975 1699 1059 1732 partu.

217 1735 247 1761 fr.
269 1737 326 1763 163.
345 1737 366 1770 3.
388 1739 410 1763 l.
431 1737 463 1763 de
483 1736 515 1763 V.
535 1736 562 1763 S.
583 1739 624 1763 50.
649 1738 685 1763 16.
724 1736 896 1769 Consularis,
916 1747 940 1763 v.
961 1737 1060 1763 Claris-

216 1779 290 1807 sima.
310 1779 410 1805 femina.
431 1779 461 1805 fr.
484 1781 505 1805 l.
524 1790 564 1816 pr.
587 1780 608 1813 3.
631 1781 652 1805 l.
673 1779 703 1805 fr.
723 1783 746 1806 8.
768 1780 800 1806 de
821 1780 909 1806 Senat.
931 1782 952 1805 l.
973 1782 996 1805 9.

252 1822 469 1848 Femineus.
507 1822 645 1855 (Adiect.)
688 1824 836 1848 Feminiu
847 1833 861 1848 ιι
871 1833 891 1849 s.
935 1822 965 1848 II.
992 1824 1058 1855 Op.

216 1862 318 1893 Virilis.
338 1880 370 1883 -—
391 1864 513 1890 Feminea
532 1865 678 1902 (persona.)
700 1864 766 1891 Nov.
789 1864 843 1891 Val.
864 1865 905 1891 111.
927 1864 959 1890 de
972 1864 1058 1890 XXX.

217 1916 275 1932 ann.
295 1917 410 1943 praescr.
430 1907 460 1933 [1.
479 1909 521 1933 27.
546 1918 566 1934 c.
589 1909 611 1933 1.
635 1908 657 1941 3.
677 1908 700 1933 6,
739 1907 781 1933 111.
807 1909 872 1935 Gn.
897 1907 1005 1933 Erudita
1025 1907 1060 1933 se-

216 1950 301 1976 minea
319 1951 435 1976 musicae
459 1951 522 1976 artis
546 1950 634 1976 studio
655 1965 686 1967 —
706 1951 844 1987 mancipia.
870 1949 919 1976 Th.
945 1950 975 1976 C.
999 1948 1058 1976 XV.

218 1994 240 2018 7.
261 2003 282 2018 c.
304 1994 343 2018 10.
365 1992 397 2018 de
416 1994 527 2018 scaenic.

252 2035 489 2062 Feminiuus.
527 2035 656 2069 (Adiect.)
696 2038 875 2063 Muliebris.
896 2036 926 2062 ΙΙ.
938 2037 1001 2069 Op.
1016 2035 1060 2062 Vi-

218 2077 288 2109 rilis.
313 2077 474 2104 masculinus
494 2079 616 2112 (sexus.)
649 2079 705 2105 Gai.
725 2079 755 2105 II.
776 2081 833 2105 124.
856 2081 912 2105 128.
934 2089 973 2115 sq.
1002 2080 1059 2104 131.

220 2121 277 2146 134.
298 2130 337 2157 sq.
375 2121 417 2147 111.
439 2123 505 2148 Gn.
531 2122 606 2157 Quae
626 2123 679 2155 (sc.
698 2123 828 2159 persona)
848 2123 981 2158 ignorare,
1002 2132 1060 2159 pro-

219 2167 278 2199 pter
301 2165 488 2196 rusticitatem,
512 2164 555 2190 vel
579 2170 688 2202 propter
714 2172 804 2191 Sexum
828 2164 993 2197 femiuinum‚
1019 2166 1059 2191 ius

220 2215 295 2231 suum
313 2208 407 2243 possit.
428 2206 457 2233 sr.
477 2210 502 2233 2.
523 2208 544 2241 3.
566 2210 588 2234 7.
609 2208 641 2234 de
661 2209 717 2234 iure
735 2208 801 2234 fisci.
822 2210 863 2234 49.
886 2210 925 2234 14.
962 2207 1012 2234 Per
1026 2208 1061 2234 se-

220 2249 312 2274 minini
335 2259 413 2275 sexus
438 2260 577 2287 personam
604 2252 707 2287 cognati
730 2255 778 2277 etc.
804 2250 864 2288 le.
889 2250 1010 2277 XXVIII.
1035 2253 1059 2278 9.

221 2290 278 2317 Gai.
298 2290 316 2316 Ι.
338 2293 393 2318 150.
413 2292 454 2319 111.
474 2295 515 2320 24.
535 2296 577 2320 3⁰.
1081 2308 1083 2327 ι

256 2335 455 2362 Fenestra.
493 2338 650 2363 Foramen
673 2338 831 2370 parietis,
864 2338 984 2363 Valrae
1005 2338 1060 2372 f⁰·

222 2378 373 2407 raminis,
393 2387 450 2410 quo
474 2382 563 2406 aedes
588 2382 822 2406 illustrantur.
860 2378 902 2404 Ill.
926 2381 991 2406 011.
1011 2379 1060 2405 Ha-

221 2419 319 2445 bitator
342 2419 369 2444 iu
393 2419 475 2446 aliena
499 2422 616 2449 aedificia
641 2422 769 2449 fenestras
794 2426 820 2447 et
839 2423 905 2447 ostia
925 2423 1059 2459 imposuit.

222 2463 252 2488 fr.
272 2463 313 2488 59.
333 2462 365 2488 de
384 2462 415 2488 R.
425 2462 459 2490 U.
479 2464 502 2490 6.
523 2466 546 2490 1.
565 2465 597 2492 cf.
616 2465 646 2492 sr.
660 2467 702 2491 25.
722 2466 743 2499 3.
757 2467 781 2491 2.
801 2464 878 2491 locat.
894 2466 933 2491 19.
947 2467 971 2491 2.
996 2465 1059 2498 Eos,

223 2506 267 2541 qui
287 2506 326 2531 ius
346 2505 451 2531 luminis
477 2506 632 2534 immittendi
656 2518 707 2534 non
726 2508 886 2539 habuerunt,
906 2513 997 2545 aperto
1016 2518 1060 2545 pa-

222 2549 288 2574 riete
301 2549 431 2574 communi
445 2548 517 2574 nullo
532 2550 586 2576 iure
605 2550 732 2577 fenestras
751 2552 899 2577 immisisse.
921 2550 951 2577 fr.
965 2553 1006 2577 40.
1027 2551 1059 2578 cf.

221 2591 253 2617 fr.
273 2593 297 2617 (5.
317 2590 349 2616 dc
369 2590 396 2617 S.
416 2591 444 2618 P.
464 2591 497 2618 U.
517 2593 541 2618 8.
565 2595 589 2618 2.
631 2594 684 2628 Qui
702 2604 749 2631 per
774 2594 913 2620 fenestram
932 2599 1060 2620 monstra-

223 2639 296 2660 verat
316 2639 363 2660 ete.
385 2634 415 2660 fr.
429 2636 452 2661 9.
472 2636 498 2661 ἰιι
518 2645 560 2672 qu.
581 2645 602 2661 c.
621 2637 691 2672 pign.
709 2639 752 2663 20.
765 2639 789 2663 2.
811 2636 842 2663 ct.
856 2636 885 2663 fr.
899 2638 923 2663 3.
944 2637 976 2663 de
989 2638 1059 2674 pign.

223 2681 271 2702 act.
294 2678 332 2702 13.
353 2678 375 2702 7.

258 2720 396 2746 Fenus.
435 2719 466 2746 cf.
487 2730 510 2746 V.
529 2719 642 2747 Focnus.

258 2763 370 2788 Fera-
409 2764 540 2795 Bestia,
565 2765 690 2790 Bellica.
729 2764 747 2790 1.
771 2766 832 2800 Sy.
867 2767 969 2799 Bestia.
994 2767 1060 2794 Pera

225 2803 310 2830 bestia
338 2804 402 2831 Fera
424 2808 465 2842 (p.
485 2816 514 2831 se
533 2807 607 2842 poS.)
633 2807 688 2833 Gai.
715 2806 745 2832 11.
771 2809 809 2835 16.
836 2809 878 2835 111.
902 2812 961 2837 ⁶217.
999 2810 1059 2847 le.
1082 2820 1083 2834 ¹

1877 156 1939 186 371

1100 237 1171 264 XIX.
1197 239 1220 263 l.
1245 237 1276 263 fr.
1299 239 1323 262 2.
1350 237 1371 270 3.
1396 239 1420 263 2.
1448 237 1478 263 ad
1503 236 1531 263 L.
1552 237 1620 273 Aqu.
1641 238 1664 263 9.
1685 238 1708 262 2.
1729 236 1758 262 sr.
1781 238 1803 262 1.
1823 237 1844 270 ξ.
1865 238 1888 263 6.
1909 237 1941 263 de

1100 280 1198 317 postul.
1217 281 1241 306 3.
1263 281 1284 305 l.
1323 279 1364 305 111.
1388 282 1453 307 Ρη.
1485 279 1631 306 Humanum
1650 290 1739 315 genus.
1769 295 1800 299 —-
1830 278 1941 306 Caetera

1100 333 1205 359 quoque
1225 322 1352 349 animalia.
1373 322 1441 349 serae
1461 324 1546 349 etiam.
1566 322 1595 348 fr.
1618 324 1639 348 l.
1659 323 1680 356 ξ.
1700 325 1723 349 3.
1745 322 1778 349 de
1796 322 1813 348 I.
1834 326 1859 348 et
1878 322 1896 348 I.
1918 324 1940 348 l.

1102 368 1123 392 l.
1162 365 1295 392 Pecudum
1315 376 1343 391 ac
1363 365 1474 391 serarum
1494 367 1645 402 promiscuo
1665 367 1724 392 ritu.
1745 365 1814 391 Coll.
1835 365 1887 391 LL.
1907 365 1940 391 M.

1100 409 1144 435 Vl.
1165 410 1187 435 4.
1224 408 1340 435 Vivat-iis
1364 408 1481 435 inclusae
1505 409 1581 435 serae.
1604 408 1634 435 fr.
1659 410 1699 435 62.
1726 409 1746 442 3
1774 410 1795 434 l.
1821 408 1853 434 (1(-
1872 407 1939 434 usuf.

1101 454 1124 478 7.
1146 454 1167 478 1.
1205 451 1242 478 Vt
1261 451 1328 478 seras
1347 456 1465 479 venetur.
1485 451 1527 477 vel
1546 456 1574 477 ut.
1587 452 1748 489 depugnaret
1767 450 1855 481 seram.
1876 461 1942 487 quae.

1101 496 1200 531 regioni
1221 500 1306 526 nocet.
1328 495 1434 531 (operas
1449 503 1510 520 suas
1530 494 1638 527 locare.)
1666 494 1696 521 sr.
1718 496 1740 520 l.
1760 495 1781 528 3.
1801 495 1824 520 6.
1845 494 1878 520 (1(ι
1896 504 1941 531 po-

1101 538 1163 564 stul.
1183 540 1250 564 3.1.

1138 581 1297 607 Feralis.
1335 579 1464 613 (Adiect)
1503 580 1533 612 §.
1553 581 1587 606 l.
1608 581 1762 615 Adferas
1781 586 1940 614 spectans.

1102 623 1144 650 III.
1165 625 1231 651 Gn.
1256 623 1361 649 Insutus
1382 622 1466 653 culeo,
1486 627 1511 649 et
1530 624 1598 648 inter
1622 624 1678 649 eius
1698 622 1790 649 ferales
1810 623 1942 659 angustias

1103 666 1310 703 comprehensus
1336 670 1384 692 etc.
1410 665 1459 692 Th.
1486 665 1516 692 C.
1542 665 1586 691 IX.
1614 667 1652 692 15.
1678 676 1698 692 c.
1722 668 1742 692 l.
1768 666 1800 692 de
1819 665 1941 703 parricid.

1101 709 1183 735 Antra
1209 709 1307 735 feralia.
1346 708 1387 734 Cf.
1411 719 1436 735 V.
1459 709 1579 735 Antrum.
1617 708 1672 734 Hos
1692 725 1724 728 -—
1744 708 1832 735 feralis
1857 710 1942 746 pestis

1101 752 1227 777 absumat.
1248 752 1284 778 lb.
1305 751 1349 777 IX.
1374 753 1412 777 16.
1433 762 1454 778 c.
1474 754 1497 778 5.
1518 751 1550 778 de
1573 750 1658 777 malel'.
1681 768 1710 771 —
1732 752 1762 784 ξ.
1783 753 1818 778 2.
1839 754 1942 778 Fane-

1101 801 1176 820 stus.
1198 794 1239 820 HI.
1261 796 1326 822 Cn.
1346 794 1471 830 Mysteria
1491 794 1588 821 feralia.
1608 794 1645 820 11).
1663 793 1733 820 XVI.
1753 796 1776 820 5.
1797 804 1818 820 c.
1839 796 1862 820 7.
1882 795 1903 828 ξ.
1917 796 1941 820 3.

1102 837 1134 863 de
1158 837 1254 863 haeret.
1297 838 1349 872 Qui
1373 847 1463 863 eorum
1488 837 1594 864 feralem
1619 837 1715 873 sugerit
1740 841 1846 865 sectam.
1867 842 1891 863 et
1911 836 1942 863 ad

1102 879 1144 906 dei
1164 879 1264 906 cultum
1283 881 1436 916 respexerit.
1456 880 1494 907 lh.
1514 879 1585 906 XVI.
1605 881 1629 907 8.
1650 890 1671 906 c.
1694 882 1716 906 l.
1737 880 1769 906 de
1789 879 1844 906 lud.

1137 925 1275 950 Ferax.
1313 922 1449 955 (Adit-ct.)
1488 925 1648 955 Fertilis,
1681 925 1767 950 Vber.
1805 922 1848 949 III.
1877 924 1942 950 (711.

1103 966 1235 1001 Sacrilega
1255 967 1334 991 vitem
1354 965 1419 991 l'alce
1438 965 1589 997 succidere,
1609 971 1652 991 aut
1671 965 1795 992 feracium
1814 976 1944 992 ramorum

1102 1009 1189 1035 foetus
1209 1008 1342 1035 hebetare.
1363 1008 1400 1034 11).
1420 1008 1488 1034 XIII.
1510 1010 1550 1034 ll.
1570 1019 1591 1035 c.
1613 1010 1634 1035 1.
1655 1008 1687 1035 dc
1707 1010 1830 1035 censitor.

1138 1065 1248 1090 Fere.
1286 1062 1400 1097 (Advb.)
1439 1063 1469 1096 §0
1492 1064 1527 1089 1.
1566 1065 1688 1091 Ferme.
1709 1065 1822 1097 Prope.
1842 1062 1860 1089 I.
1882 1064 1943 1097 Sy.

1103 1106 1196 1133 Paene.
1217 1105 1246 1132 fr.
1266 1108 1290 1132 2.
1310 1106 1332 1140 3.
1353 1107 1376 1132 6.
1397 1106 1430 1132 de
1454 1106 1487 1132 O.
1511 1105 1529 1132 I.
1557 1108 1578 1131 1.
1602 1108 1626 1132 2.
1663 1105 1704 1132 III.
1729 1107 1795 1133 Un-
1831 1106 1866 1132 Et
1891 1106 1945 1132 fere

1104 1149 1219 1187 populus
1239 1150 1313 1175 annis
1333 1159 1416 1187 prope
1431 1148 1461 1175 C.
1482 1148 1529 1175 hac
1551 1148 1741 1175 consuetudine
1760 1159 1823 1175 usus
1844 1153 1892 1175 est.
1913 1148 1942 1175 l'r.

1103 1197 1126 1220 ·.›.
1148 1194 1170 1227 ς.
1190 1194 1213 1219 6.
1234 1192 1266 1219 <10
1287 1192 1319 1218 o.
1339 1192 1357 1219 1v
1381 1194 1445 1218 1.2.

1482 1191 1534 1217 Iam
1559 1191 1664 1228 grandis
1684 1197 1758 1223 natu.
1784 1196 1810 1217 et
1828 1191 1883 1217 fere
1902 1201 1944 1217 an-

1103 1246 1197 1262 norum
1216 1235 1245 1261 L.
1266 1235 1296 1261 fr.
1316 1237 1340 1261 2.
1360 1236 1381 1269 3.
1403 1236 1444 1261 47.
1465 1235 1498 1261 ib.
1521 1236 1543 1261 1.
1566 1236 1590 1260 2.
1637 1234 1703 1260 Fere
1722 1234 1794 1265 haec,
1815 1250 1846 1253 —
1867 1239 1892 1260 ct
1911 1235 1944 1260 si-

1104 1279 1180 1305 milia.
1202 1278 1264 1315 le.
1284 1277 1368 1304 XXV.
1393 1280 1417 1304 2.
1461 1277 1531 1304 Ilaec
1555 1276 1609 1303 fere
1632 1282 1706 1305 snut.
1727 1293 1759 1296 —
1779 1282 1871 1314 utputa
1895 1282 1944 1303 cte.

1103 1322 1134 1348 fr.
1161 1324 1200 1348 15.
1225 1321 1247 1355 3.
1272 1323 1313 1347 27.
1339 1320 1371 1347 de
1394 1321 1471 1347 iniur.
1497 1322 1537 1347 47.
1564 1322 1604 1346 10.
1646 1319 1712 1346 Fere
1736 1319 1801 1346 nulli
1821 1319 1865 1346 alii
1884 1324 1946 1346 sunt

1104 1365 1232 1395 homines,
1253 1364 1296 1400 qui
1316 1368 1364 1390 etc.
1386 1363 1442 1389 Gai.
1457 1362 1474 1390 I.
1495 1365 1536 1390 55.
1575 1363 1641 1389 Fere
1660 1363 1754 1395 omnia.
1775 1378 1807 1382 -
1828 1363 1946 1399 exceptis

1104 1413 1152 1435 otc.
1173 1408 1209 1434 lb.
1229 1407 1259 1433 11.
1283 1408 1320 1432 17.
1346 1422 1377 1426 —
1403 1406 1434 1439 §.
1461 1407 1497 1432 2.
1517 1408 1725 1441 Plerumque,
1754 1407 1864 1441 Vulgo.
1902 1405 1944 1432 III.

1105 1453 1170 1479 ίίι.
1202 1450 1353 1486 Fugitivum
1378 1449 1431 1475 fere.
1458 1449 1488 1475 ab
1518 1449 1612 1475 effectu
1641 1450 1719 1475 animi
1747 1448 1946 1484 intelligendum

1105 1504 1172 1526 csse,
1192 1503 1243 1519 non
1264 1493 1354 1529 utique
1374 1503 1386 1518 a
1407 1492 1472 1528 suga.
1498 1491 1528 1518 fr.
1551 1493 1589 1518 17.
1615 1492 1636 1525 ξ.
1661 1493 1685 1517 3.
1710 1491 1743 1517 (le
1761 1490 1847 1517 Aedil.
1869 1490 1946 1517 edict.

1103 1539 1145 1563 21.
1168 1539 1188 1562 1.
1227 1535 1292 1562 Fero
1313 1535 1392 1571 aliqui
1412 1535 1500 1561 solent
1520 1534 1596 1566 (haec
1610 1534 1689 1560 verba
1703 1534 1837 1565 adiicere.)
1857 1532 1887 1560 fr.
1903 1534 1945 1560 68.

1104 1581 1125 1614 3.
1148 1582 1169 1606 1.
1189 1579 1221 1605 de
1242 1583 1325 1605 contr.
1346 1583 1404 1604 emt.
1432 1580 1471 1603 18.
1494 1579 1515 1603 l.
1542 1577 1572 1603 cf.
1598 1577 1628 1603 fr.
1648 1579 1694 1602 54.
1713 1586 1752 1613 pr.
1774 1576 1806 1602 de
1825 1576 1901 1603 cond.
1922 1581 1947 1602 et

1105 1624 1170 1650 dem.
1196 1625 1238 1649 35.
1265 1624 1286 1648 l.
1325 1620 1427 1647 Causae
1452 1620 1505 1646 scre
1529 1619 1679 1646 huiusmodi
1709 1619 1796 1645 solent
1824 1618 1946 1654 adlegari.

1105 1667 1135 1693 sr.
1155 1668 1178 1692 S.
1199 1667 1220 1700 3.
1241 1667 1264 1691 9.
1290 1664 1322 1691 de
1347 1668 1470 1690 transact.
1494 1666 1518 1689 2.
1545 1665 1585 1689 15.
1629 1662 1708 1698 Quod
1729 1662 1782 1688 sere
1801 1663 1888 1688 evenit
1908 1662 1947 1695 (in

1104 1710 1226 1747 personis
1246 1708 1442 1738 mercatorum.)
1468 1706 1498 1731 sr.
1519 1707 1542 1731 4.
1568 1706 1588 1739 3.
1608 1707 1632 1731 2.
1653 1704 1685 1731 (lc
1705 1715 1773 1741 penu
1792 1704 1841 1741 leg.
1861 1706 1902 1731 33.
1922 1706 1946 1731 9.

1106 1767 1137 1770 -
1158 1753 1188 1785 §0
1203 1753 1240 1777 3.
1273 1751 1482 1777 Praesertim.
1521 1747 1563 1773 111.
1588 1748 1653 1775 οη.
1673 1746 1806 1784 Peregrini
1824 1753 1947 1784 poterant

1105 1794 1307 1821 fideicommissa
1327 1802 1433 1829 capere.
1454 1795 1479 1817 et
1499 1790 1552 1816 sere
1571 1790 1635 1816 haec
1655 1790 1704 1816 fuit
1723 1791 1795 1826 origo
1814 1789 1947 1816 fideicom-

1104 1839 1254 1864 missorum.
1274 1836 1331 1861 Gai.
1351 1834 1381 1860 II.
1401 1835 1460 1860 285.
1498 1833 1584 1859 Omne
1608 1832 1723 1859 officium
1747 1832 1894 1859 adsessoris
1914 1849 1946 1852 —

1104 1882 1130 1907 iu
1150 1880 1191 1906 his
1212 1879 1266 1906 fere
1287 1879 1372 1905 causis
1393 1881 1503 1903 constat.
1525 1876 1554 1902 fr.
1577 1878 1598 1901 l.
1619 1875 1651 1902 de
1671 1876 1713 1902 off.
1734 1875 1834 1902 adsess.
1856 1879 1934 1902 122.

1139 1929 1348 1959 FeretrIus.
1386 1930 1474 1954 [ovis
1493 1937 1673 1962 cognomen.
1711 1926 1754 1952 III.
1775 1927 1840 1954 Gn.
1862 1926 1946 1953 Cuius

1105 1975 1222 2011 auspicio
1242 1972 1327 1999 classe
1346 1972 1481 2008 procincta
1507 1971 1593 2007 opima
1618 1969 1702 2007 spolia
1725 1971 1870 2006 capiuntur,
1890 1969 1946 1996 Iovi

1104 2017 1224 2043 Feretrio
1244 2015 1330 2041 darier
1349 2019 1479 2052 oporteat.
1500 2013 1551 2039 LL.
1572 2012 1672 2039 Numae
1692 2012 1802 2050 Pmnpil.
1823 2023 1843 2038 c.
1864 2014 1889 2038 4.

1140 2067 1274 2097 Festa,
1301 2076 1321 2092 S.
1347 2065 1498 2093 Feriae.
1544 2066 1618 2091 Dies
1647 2065 1864 2090 cenationum
1893 2064 1946 2096 (ab

1105 2121 1197 2145 opere
1216 2117 1244 2136 et
1264 2108 1431 2140 iudiciis.)
1468 2107 1486 2133 I.
1507 2108 1568 2141 Sy.
1589 2106 1693 2138 Festus,
1713 2106 1841 2138 Feriatus,
1861 2105 1947 2132 Feria-

1105 2164 1161 2180 rum
1182 2153 1273 2186 (dies.)
1294 2151 1394 2178 Fcriae.
1414 2150 1444 2176 sr.
1465 2152 1488 2176 9.
1509 2150 1542 2176 de
1562 2149 1642 2176 feriis.
1661 2151 1685 2175 2.
1702 2151 1741 2175 12.
1762 2160 1783 2175 c.
1794 2151 1818 2175 5.
1833 2159 1872 2186 pr.
1888 2148 1944 2175 eod.

1082 2209 1083 2217 .
1104 2199 1189 2223 3.1·.¹.
1210 2195 1260 2222 Th.
1286 2195 1317 2221 C.
1344 2194 1373 2220 ll.
1401 2194 1424 2219 8.
1451 2203 1471 2219 c.
1499 2195 1520 2219 1.
1544 2203 1584 2228 sq.
1610 2192 1667 2219 eod.
1704 2191 1748 2218 III.
1770 2193 1835 2220 Gn.
1855 2191 1944 2218 Perias

1106 2239 1249 2266 secundum
1269 2247 1354 2264 mores
1375 2241 1401 2263 et
1420 2235 1637 2263 consuetudinem
1656 2235 1751 2268 (dare.)
1772 2234 1801 2261 sr.
1818 2237 1840 2261 7.
1860 2244 1897 2271 pr.
1914 2233 1945 2259 de

1105 2282 1148 2308 oi's.
1170 2281 1245 2307 Proc.
1267 2286 1292 2307 et
1311 2279 1373 2316 Leg.
1397 2281 1418 2305 l.
1442 2281 1480 2305 16.
1518 2278 1546 2304 Si
1567 2278 1645 2304 seriae
1665 2283 1737 2305 extra
1757 2277 1872 2304 ordinem
1892 2277 1946 2301 sint

1105 2325 1226 2351 indictae.
1246 2323 1276 2350 fr.
1296 2324 1338 2349 26.
1358 2323 1379 2356 3.
1401 2324 1423 2348 7.
1444 2332 1475 2347 cx
1495 2331 1537 2357 qu.
1557 2331 1578 2347 c.
1599 2321 1656 2347 mai,
1671 2323 1694 2347 4.
1709 2322 1733 2347 6.
1771 2320 1858 2346 Ferias
1878 2329 1890 2343 a
1908 2318 1945 2344 so-

1105 2367 1227 2394 rensihus
1247 2371 1347 2392 tantum
1367 2365 1479 2400 negotiis
1500 2363 1561 2390 dare
1580 2365 1750 2390 vacationem.
1771 2362 1799 2388 fr.
1814 2362 1837 2387 9.
1857 2360 1889 2387 de
1910 2360 1944 2387 se-

1104 2412 1159 2437 rIis.
1178 2412 1202 2436 2.
1224 2411 1263 2435 12.
1300 2409 1323 2434 A
1344 2407 1386 2434 die
1406 2406 1472 2433 VIII.
1494 2406 1550 2432 Cal.
1570 2406 1618 2432 Iul.
1638 2420 1670 2424 -—
1689 2405 1782 2432 messis
1802 2404 1864 2430 seria
1885 2413 1944 2430 con-

1105 2453 1220 2480 cedatur.
1242 2462 1263 2478 c.
1283 2454 1307 2478 2.
1328 2450 1386 2477 eod.
1405 2452 1430 2476 3.
1451 2451 1491 2475 12.

1141 2502 1368 2531 Feriaticus.
1406 2500 1448 2527 Cf.
1467 2510 1492 2527 v.
1512 2499 1638 2526 Feriatus.

1140 2553 1329 2581 Fen-iatiu-
1368 2551 1497 2585 (Adiect.)
1538 2551 1615 2577 Orio
1634 2549 1792 2574 addictus.
1831 2549 1943 2573 Feriis

1104 2598 1298 2623 destinatus.
1336 2594 1355 2621 I.
1375 2596 1436 2628 Sy.
1468 2593 1608 2622 Feriarum⁷
1629 2590 1747 2616 Feriatus
1762 2589 1851 2622 (dies)
1873 2590 1904 2616 cf.
1918 2600 1942 2616 v.

1104 2639 1203 2665 Feriae.
1240 2638 1283 2664 III.
1311 2639 1377 2665 021.
1396 2637 1438 2663 Dc
1463 2636 1519 2662 aliis
1543 2633 1682 2670 speciebus
1706 2633 1855 2659 Praetorem
1878 2633 1942 2659 adiri

1081 2684 1082 2695 ¹
1105 2683 1182 2708 etiam
1202 2680 1295 2707 diebus
1315 2680 1439 2707 feriaticis
1459 2678 1502 2711 [al.
1527 2676 1647 2709 seriatis]
1672 2676 1702 2702 fr.
1721 2678 1746 2702 2.
1766 2675 1797 2702 cl'.
1817 2675 1847 2702 fr.
1867 2676 1891 2701 6.
1912 2675 1941 2701 fr.

1104 2726 1128 2751 9.
1149 2724 1181 2750 de
1201 2723 1280 2750 feriis.
1304 2725 1328 2749 2.
1354 2725 1394 2748 12.
1440 2720 1550 2747 Feriatis
1577 2729 1682 2756 quoque
1701 2718 1801 2750 diebus,
1821 2720 1844 2745 si
1863 2718 1941 2745 modo

1082 2784 1083 2792 η
1105 2766 1254 2793 facultatem
1273 2765 1405 2792 praesidis
1426 2763 1538 2789 adeundi
1561 2767 1698 2789 accusator
1722 2761 1821 2793 habuit.
1842 2766 1888 2788 etc.
1910 2760 1938 2786 sr.

1110 2812 1149 2836 ll.
1176 2811 1197 2843 3.
1217 2811 1240 2836 6.
1270 2808 1301 2835 ad
1325 2808 1353 2834 L.
1375 2806 1421 2833 lul.
1447 2805 1478 2832 de
1499 2805 1578 2832 adult.
1602 2806 1644 2832 48.
1664 2807 1687 2831 5.
1708 2804 1738 2831 cf.
1759 2804 1830 2830 Paul.
1850 2803 1879 2829 11.
1898 2804 1937 2828 25.

1438 2850 1470 2874 47
1483 2849 1495 2861 '¹¹'
