2197 3121
908 165 997 196 ABO
1022 183 1060 189 —
1086 165 1174 196 Ans.

184 252 202 278 1.
223 253 284 286 Sy.
320 250 438 280 Deletio.
468 249 581 281 oblivio,
605 247 647 274 vel
671 247 812 274 exstinctio
837 248 1020 273 accusationis.

183 294 254 321 Paul.
279 293 310 320 V.
333 296 371 320 17.
392 304 412 319 c.
433 294 455 319 l.
490 291 652 327 Indulgentia
671 292 814 320 criminum.
851 289 1019 316 Benelieium.
1042 312 1043 318 ,

183 337 233 364 Th.
248 337 279 363 C.
299 337 343 363 IX.
361 338 403 363 37.
423 346 444 362 c.
463 337 487 362 3.
516 335 548 361 de
568 334 657 360 abolit.
681 333 725 360 IX.
743 335 785 359 38.
810 343 832 359 c.
851 335 874 358 5.
895 343 915 358 c.
935 334 959 358 6.
989 332 1021 358 ὀρ

182 379 350 416 indulgentiis
369 380 440 405 erim.
469 378 510 405 Cf.
526 377 578 404 Tit.
592 377 655 403 lust.
669 376 735 403 Cod.
755 376 788 402 de
806 386 863 412 gen.
883 375 972 401 abolit.
993 377 1016 402 9.

182 424 224 448 43.
261 422 303 449 III.
323 424 388 450 (¹11.
417 422 524 448 Crimen
543 420 686 446 abolitione
705 429 879 456 compescere.
917 418 966 444 Tb.
987 417 1017 445 C.
1040 416 1042 439 l

182 465 227 492 IX.
247 467 270 491 6.
291 476 311 491 c.
326 467 350 491 2.
370 464 401 491 ad
420 464 449 490 L.
463 464 509 490 Iul.
530 463 562 489 de
581 463 620 489 ad.
650 462 812 489 Criminibus
831 462 958 498 praestari
977 461 1019 487 ab-

182 508 325 534 olitionem.
362 507 399 533 Ib.
420 507 464 534 IX.
483 508 524 533 37.
546 517 567 532 c.
586 508 611 532 2.
636 505 668 532 de
687 504 776 531 abolit.
804 504 919 531 Reorum
939 504 1018 530 aboli-

182 551 228 576 tio.
257 549 287 576 fr.
308 552 330 576 7.
350 560 388 587 pr.
413 550 444 576 fr.
466 551 504 575 12.
529 548 559 575 fr.
580 551 619 575 17.
646 547 678 574 ad
702 547 729 573 S.
755 546 786 574 C.
807 546 888 584 Turp.
914 549 956 573 48.
977 548 1016 573 16.

181 593 336 619 Accusatori
354 593 453 629 petenti
473 592 642 617 abolitionem
662 590 730 622 dari,
750 600 774 616 v.
795 590 882 617 tribui.
921 590 970 616 Th.
985 589 1016 616 C.

180 635 226 667 Di,
244 637 286 662 37.
306 646 327 662 c.
346 637 370 661 4.
395 635 427 661 de
446 634 535 660 abolit.
572 634 709 660 Desistere
734 632 764 658 ab
789 634 966 659 accusatione.
992 642 1016 659 v.

180 678 311 705 Deserere
335 679 543 709 accusationem,
569 678 632 703 citra
652 675 828 702 abolitionem.
854 675 884 701 fr.
906 677 927 702 l.
952 675 973 709 5.
993 677 1016 701 7.

181 720 211 747 fr.
233 723 273 747 15.
291 731 331 758 pr.
351 721 368 747 1.
387 720 404 747 l.
425 723 465 746 48.
487 722 527 746 16.
553 719 583 745 fr.
602 721 644 745 39.
664 719 686 753 5.
705 720 730 745 6.
754 718 786 745 ad
804 718 833 745 L.
853 718 900 744 Iul.
925 718 957 744 (le
976 718 1016 744 ad.

180 764 223 789 48.
242 765 266 789 5.
284 774 305 790 c.
326 765 366 790 16.
387 763 444 790 eod.
465 764 488 789 9.
507 764 531 789 9.
551 762 581 788 fr.
601 763 624 788 6.
644 762 666 795 5.
684 763 709 788 3.
730 761 762 788 de
781 761 868 788 decur.
888 763 930 787 50.
949 763 972 787 2.

215 806 500 833 AbominabiliS.
538 806 786 831 Aborniuandua.
818 804 859 830 ΙΙΙ.
881 805 945 831 011.
965 804 1017 830 Ab·

180 848 329 874 ominabilis
350 848 475 875 tumultus
494 848 590 873 invasit
609 846 775 880 (ecclesias).
810 846 878 873 Nov.
898 846 955 873 val.
974 847 1016 873 III.

180 891 213 918 de
233 892 313 928 episc.
334 891 417 918 ordin.
437 890 467 917 Π.
488 892 528 916 17.
548 900 569 916 c.
591 891 612 916 l.
633 890 655 923 5.
676 891 698 916 l.

215 934 509 961 Abominandus.
558 934 782 959 Detestandus
796 953 802 964 ,
840 934 1017 969 Infaustae

179 983 281 1004 notae.
318 976 359 1002 III.
380 977 444 1003 (7η.
476 975 535 1001 Non
554 975 628 1007 lieet,
654 985 711 1001 cum
729 975 796 1002 illud
814 975 911 1002 hostile
931 981 956 1002 et
975 976 1017 1002 ab·

180 1019 347 1045 ominandum
370 1020 412 1045 sit.
445 1018 475 1044 fr.
496 1020 535 1044 ll.
561 1018 593 1044 de
616 1017 646 1044 R.
666 1018 699 1044 D.
722 1020 743 1044 l.
763 1022 786 1045 8.
828 1019 957 1045 Auctores
987 1029 1015 1045 ac

179 1063 322 1099 principes.
342 1072 391 1088 una
405 1071 463 1087 eum
477 1061 656 1087 abominandis
671 1061 809 1098 seripturis
828 1072 924 1088 eorum.
945 1061 1014 1088 Coll.

178 1104 232 1132 LL.
251 1105 283 1131 M.
298 1103 356 1131 XV.
375 1106 399 1131 3.
427 1104 550 1130 llaeresis
571 1109 596 1130 et
615 1103 734 1139 dogmata
753 1104 930 1131 abominanda.
956 1115 977 1131 c.
991 1106 1015 1131 6.
1037 1110 1038 1114 ¹

179 1147 212 1174 de
230 1152 340 1184 apostat.
362 1149 384 1173 l.
405 1148 428 1173 7.
448 1146 480 1173 cf.
501 1146 551 1173 Th.
571 1145 602 1172 C.
621 1146 691 1173 XVI.
711 1147 735 1173 8.
756 1157 777 1173 c.
796 1148 837 1173 26.
857 1147 889 1173 de
908 1147 963 1174 Iud.

213 1190 487 1219 Abonlinanter
510 1188 622 1222 (Acin).
660 1190 847 1216 Damnandi
869 1193 1014 1225 exempli.
1036 1193 1038 1222 ξ

178 1231 196 1258 1.
217 1234 278 1267 Sy.
314 1232 424 1259 Incestis
448 1242 507 1258 sese
530 1233 629 1268 nuptiis
649 1231 788 1258 funestare.
825 1233 1015 1260 Abominanter
1035 1233 1038 1265 l

179 1285 286 1302 uxorem
306 1275 449 1301 faciendam
468 1274 583 1301 credere.
620 1274 670 1301 Tb.
691 1274 721 1301 C.
741 1275 782 1301 111.
804 1277 843 1302 12.
864 1286 885 1303 c.
906 1278 929 1303 l.
949 1287 970 1303 c.
989 1278 1013 1303 3.
1035 1278 1037 1291 ¹

178 1317 211 1344 de
230 1319 321 1345 incest.
341 1323 413 1355 nupt.
1035 1311 1036 1314 ¹

212 1361 444 1388 Abominari.
477 1363 666 1393 Ableorrere,
688 1362 867 1388 Deteslari.
896 1362 1013 1390 Ilien.

178 1404 250 1440 quod
273 1404 409 1430 abominor
432 1408 480 1430 etc.
513 1404 544 1430 fr.
563 1406 604 1430 85.
629 1404 661 1430 de
680 1403 768 1430 hered.
789 1405 848 1431 inst.
872 1408 914 1432 28.
934 1408 958 1432 5.
982 1405 1012 1432 fr.
1035 1411 1037 1431 J

178 1448 219 1473 41.
240 1447 261 1480 5
281 1448 304 1473 8.
330 1446 362 1473 de
381 1446 449 1483 vulg.
470 1452 495 1473 et
513 1458 576 1484 pup.
595 1449 637 1473 2³.
657 1448 680 1473 6.
704 1447 734 1473 l'r.
754 1450 794 1474 88.
819 1448 840 1481 5.
861 1450 884 1475 9.
909 1449 941 1475 (le
964 1448 1012 1485 leg.

178 1488 209 1515 II.
229 1490 303 1523 (31.)
340 1489 369 1516 In
388 1489 453 1516 loeis
473 1490 526 1516 his.
547 1491 573 1516 in
593 1490 688 1526 quibus
708 1490 770 1522 hoc,
794 1491 865 1527 quod
884 1492 1014 1518 abomina-
1035 1481 1036 1489 l

177 1542 247 1560 mur.
268 1534 412 1569 contigerit.
434 1543 454 1559 e.
473 1534 515 1558 21.
535 1532 567 1558 de
587 1533 635 1559 SS.
656 1532 719 1559 eccl.
741 1535 762 1560 1.
782 1536 806 1560 2.

211 1576 376 1602 ‚aborsus
408 1576 471 1608 (a,
498 1578 593 1608 um).
642 1578 871 1610 Intempestive
898 1584 1014 1611 partu-

177 1620 276 1645 riens.
314 1618 355 1644 lll.
376 1620 440 1646 (711.
469 1618 600 1651 Aborsus,
619 1618 660 1645 vel
680 1618 799 1651 abactus,
818 1625 916 1646 venter.
942 1620 1013 1647 Paul.
1035 1625 1037 1647 ἰ

177 1660 222 1687 IV.
241 1663 264 1687 9.
285 1661 306 1694 5.
326 1662 350 1687 G.

212 1704 384 1734 Αϋοῑῐίο,
405 1711 434 1730 s.
454 1706 653 1735 Abel-tum,
674 1712 703 1731 s.
723 1706 896 1732 Alton-tus.
934 1708 1014 1733 Par·
1035 1702 1037 1741 ζ

178 1752 229 1772 tus
253 1749 512 1780 intempestivux.
550 1747 580 1773 II.
602 1749 668 1781 ΟΡ.
700 1747 802 1774 Parere.
827 1764 859 1767 —
884 1748 1014 1775 Aban-tum
1035 1744 1037 1755 ἱ

179 1788 270 1815 facere.
290 1789 321 1815 sr.
343 1791 364 1814 l.
384 1789 405 1822 5.
424 1792 466 1815 27.
491 1790 523 1816 tle
546 1794 629 1816 ventr.
649 1791 675 1816 in
694 1801 766 1827 poss.
789 1793 831 1817 37.
852 1792 875 1817 9.
904 1791 1014 1818 Medica-
1035 1791 1036 1795 ¹

178 1836 293 1857 mentum
313 1831 374 1857 dare
393 1842 425 1858 ne
444 1834 603 1869 conciperet.
631 1848 663 1851 —-
688 1834 772 1868 Agere
796 1838 824 1859 ut.
842 1834 962 1860 abortum
981 1834 1014 1860 sa·
1035 1833 1037 1858 ἓ

179 1879 256 1900 neret.
291 1874 321 1900 fr.
346 1876 370 1900 3.
395 1875 417 1908 ς.
439 1876 477 1901 16.
503 1875 534 1901 de
558 1875 673 1901 statuta).
697 1877 738 1901 40.
760 1877 782 1902 7.
823 1876 865 1902 ΠΙ.
886 1878 947 1904 (vn.
985 1877 1014 1904 si
1035 1867 1036 1876 ¹

177 1927 322 1954 praegnans
342 1916 403 1945 suit.
423 1933 455 1936 —-
475 1927 535 1944 mox
555 1918 674 1943 abortum
693 1917 788 1944 factum
808 1924 855 1944 est.
880 1919 910 1945 fr.
929 1922 970 1946 30.
991 1921 1012 1954 5.
1035 1916 1036 1927 ¹

177 1962 201 1987 4.
221 1959 253 1986 de
272 1960 303 1986 Α,
317 1970 340 1985 v.
356 1959 388 1986 Ο.
403 1959 433 1986 Η.
453 1962 494 1986 29.
508 1962 531 1985 2.
558 1960 611 1995 Qui
626 1960 779 1992 abortionis.
799 1966 843 1987 aut
861 1964 1013 1989 amatorium

177 2002 301 2040 poculum
321 2002 390 2029 dant.
426 2002 499 2029 Paul.
518 2002 550 2028 Y.
569 2005 610 2029 23.
631 2003 652 2036 5.
673 2005 713 2029 14.
1034 2013 1036 2028 A

211 2047 440 2079 Abpatruus.
481 2047 586 2072 ..lbani
603 2048 726 2082 frater.
768 2046 809 2073 111.
830 2048 895 2074 Cn.
930 2048 1012 2075 Sexto

177 2087 258 2124 gradu
277 2103 309 2107 -
328 2087 483 2124 abpatruus.
504 2088 626 2121 abamita7
647 2102 680 2107 —
699 2088 876 2116 abavunculus
896 2096 944 2117 etc.
975 2092 1012 2118 lb.

177 2130 222 2156 IV.
243 2131 282 2156 ll.
306 2130 328 2164 5.
348 2132 372 2156 6.
396 2130 426 2157 fr.
444 2132 468 2157 3.
487 2141 527 2168 pr.
551 2130 581 2157 fr.
602 2133 641 2157 10.
661 2132 744 2165 5.17.
773 2132 805 2158 de
828 2133 898 2169 grad.
919 2139 944 2161 et
962 2135 1012 2161 ads.
1035 2135 1036 2152 l

176 2174 219 2199 38.
239 2175 279 2199 10.

212 2217 420 2243 Abu-adero.
458 2216 500 2243 Cf.
520 2226 544 2243 v.
564 2218 734 2244 Adradere.
1034 2212 1036 2256 ζ

212 2259 513 2286 Ala-enunciare.
557 2261 733 2295 Abnegare.
782 2260 824 2288 111.
850 2263 911 2289 οη.
954 2263 1013 2290 Nisi
1034 2264 1036 2283 ’ί

178 2300 246 2327 sorte
265 2306 348 2334 actor,
372 2302 572 2339 probationibus
599 2302 802 2336 abrenuncians,
826 2304 857 2330 ab
882 2306 955 2332 initio
975 2317 1013 2333 sa-

179 2349 338 2371 cramentum
368 2353 414 2371 reo
447 2344 577 2372 detulerit.
622 2345 713 2372 Iulian.
743 2348 804 2384 epit.
833 2358 892 2375 nov.
926 2360 946 2376 c.
969 2352 1012 2376 34.

177 2387 201 2420 ᾗ.
221 2388 278 2413 121.

213 2429 411 2463 Abripere.
447 2431 478 2464 §0
498 2431 533 2458 l.
566 2433 702 2465 Rapere,
726 2434 876 2469 Auferre.
913 2434 931 2461 1.
951 2437 1011 2470 sy.

179 2471 295 2509 Rapere.
316 2472 445 2509 Diripere.
474 2473 503 2499 sr.
524 2475 546 2500 1.
565 2474 603 2508 55.
623 2476 647 2501 2.
667 2485 706 2511 sq.
726 2477 750 2501 5.
770 2476 802 2502 de
821 2477 951 2513 publican.
969 2480 1011 2505 39.

178 2516 203 2540 4.
229 2524 252 2540 c.
271 2516 294 2541 7.
319 2514 351 2540 de.
375 2515 430 2541 ord.
455 2526 528 2552 cogn.
554 2518 576 2543 7.
598 2519 637 2544 19.
674 2517 707 2544 ti
731 2524 812 2556 rapta.
849 2519 881 2546 Vi
906 2520 1011 2558 abrepta

180 2556 279 2589 (bona,
297 2567 321 2583 v.
341 2558 408 2591 res).
436 2558 466 2584 fr.
486 2561 509 2585 l.
529 2560 550 2593 5.
572 2562 594 2586 1.
614 2560 646 2587 de
660 2560 734 2587 cond.
755 2563 807 2588 trit.
829 2564 868 2589 13.
887 2564 911 2589 3.
937 2564 966 2590 fr.
987 2566 1010 2590 1.
1032 2575 1033 2585 π

179 2599 210 2626 fr.
229 2601 254 2625 2.
277 2600 304 2625 vi
321 2600 381 2627 bon.
401 2605 467 2637 rapt.
489 2604 531 2628 47.
550 2604 574 2629 8.
615 2603 657 2629 HI.
678 2605 739 2631 Cn.
767 2604 854 2641 Super
872 2606 950 2632 rebus
969 2607 1011 2633 ab·

179 2643 276 2679 reptiS.
295 2642 337 2668 vel
356 2644 467 2675 invasis.
486 2644 528 2670 vel
547 2645 640 2672 damno
660 2646 728 2673 dato.
753 2657 774 2673 c.
794 2650 817 2674 9.
846 2649 915 2675 unde
933 2650 966 2676 vi.
986 2651 1010 2676 8.

179 2687 205 2711 4.
242 2684 382 2711 Subtracto
401 2686 483 2718 furto.
508 2687 552 2713 vel
573 2689 599 2714 vi
618 2689 726 2726 abrepto
747 2691 918 2728 (mancipio).
946 2703 966 2719 c.
986 2695 1010 2720 9.

180 2727 214 2754 de
232 2727 292 2754 furt.
317 2730 341 2754 6.
359 2730 384 2755 2.
422 2729 473 2756 Per
495 2730 645 2758 violentiam
668 2733 811 2770 abreptum.
841 2744 862 2760 c.
884 2736 906 2761 l.
930 2735 962 2761 ad
981 2735 1010 2762 L.

181 2769 244 2796 fab.
263 2770 296 2797 de
313 2770 381 2808 plag.
400 2773 424 2798 9.
442 2774 484 2799 20.
521 2789 553 2793 —
587 2775 620 2808 ξ.
640 2777 675 2802 2.
712 2778 879 2804 Αόιίιιοενε.
915 2777 934 2804 Ι.
953 2779 1011 2812 Sy.

181 2812 304 2840 Avellere
327 2818 353 2840 et.
376 2813 533 2844 abstrahere.
571 2816 621 2844 Th.
645 2817 676 2845 C.
698 2818 743 2846 XI.
767 2821 790 2846 7.
816 2830 837 2847 c.
861 2822 885 2847 5.
914 2820 946 2847 de
970 2831 1012 2848 ex-

1035 1667 1037 1695 ᾖ
1057 1664 1235 1691 Periculosam
1255 1665 1306 1690 sibi
1324 1664 1436 1690 futuram
1459 1673 1517 1689 esse

1885 165 1905 195 5

1065 248 1159 273 action.
1195 246 1237 273 III.
1257 247 1322 274 Cn.
1351 246 1529 273 Abstrabentli
1548 246 1747 283 abripientlique
1767 255 1837 273 eum.
1857 246 1901 272 (Ιο-

1065 291 1134 316 mino
1155 290 1319 316 concedatur.
1347 290 1384 316 lb.
1405 290 1448 316 lx.
1468 293 1509 317 45.
1530 300 1550 316 c.
1565 292 1589 316 5.
1609 289 1641 316 (le
1661 290 1686 315 li.
1706 299 1748 325 qu.
1769 289 1799 315 ad
1819 288 1883 315 eccl.

1098 335 1304 367 Abu-ngare.
1346 334 1376 366 §0
1397 335 1431 360 l.
1464 335 1547 367 Legi
1574 335 1605 359 in
1635 334 1822 358 universum
1850 334 1900 358 de-

1064 378 1195 403 trahere
1224 377 1283 402 vim
1310 382 1337 402 et
1366 378 1608 402 auctoritatem.
1654 374 1673 401 Ι.
1693 376 1754 409 Sy.
1787 373 1900 400 Prorsus

1064 418 1166 445 tollitur
1189 418 1249 451 (lex
1267 419 1373 455 prior.).
1411 419 1559 453 Abrogatur
1583 418 1654 450 (lex,
1679 428 1703 444 v.
1724 417 1794 453 legi).
1837 416 1898 454 x'lp.

1039 454 1041 503 4¹
1062 461 1080 487 I.
1100 463 1124 487 3.
1154 461 1183 488 fr.
1205 463 1261 488 102.
1287 461 1320 487 de
1338 461 1370 487 V.
1390 460 1417 487 S.
1442 463 1482 487 50.
1504 463 1542 487 16.
1584 461 1726 487 Rem-mre.
1754 460 1900 495 Antiquare

1039 511 1041 522 ’
1063 504 1174 540 (legem,
1194 514 1218 530 v.
1239 504 1478 537 constitutionem).
1517 503 1566 530 Th.
1587 503 1617 530 C.
1636 502 1707 530 XVI.
1726 505 1750 529 2.
1775 513 1796 528 c.
1815 504 1857 528 25.
1876 512 1898 528 c.

1062 549 1103 574 47.
1123 558 1162 584 pr.
1187 547 1219 573 de
1238 548 1354 584 episcop.
1392 546 1458 572 Nov.
1479 545 1528 572 Tb.
1548 546 1578 572 ll.
1603 546 1636 572 (le.
1659 545 1756 583 postul.
1776 545 1794 571 I.
1816 547 1854 571 10.
1875 555 1897 574 c,

1038 594 1039 599 ¹
1061 592 1084 616 2.
1104 600 1144 627 pr.
1164 590 1196 616 de
1216 595 1294 616 tutor.
1314 590 1332 616 l.
1354 591 1393 616 ll.
1419 600 1440 615 c.
1461 591 1483 615 1.
1503 599 1542 626 pr.
1579 588 1609 615 II.
1631 590 1697 622 ΟΡ.
1725 588 1827 624 Rogare
1846 587 1898 620 (le-

1039 631 1040 634 '
1061 634 1144 669 gem).
1180 633 1322 669 Dei-ngare.
1359 632 1514 668 Snbrogare.
1552 632 1687 666 Obrogare
1707 631 1799 667 (legi).
1836 630 1898 668 le.

1062 676 1078 702 l.
1098 676 1115 702 l.
1135 675 1165 702 fr.
1180 678 1237 702 102.
1258 676 1273 702 l.
1293 675 1309 702 l.
1329 678 1370 701 50.
1392 677 1431 701 16.
1472 674 1513 701 ΙΙΙ.
1535 676 1600 702 (Ἶι.
1634 674 1716 710 Leges
1741 674 1899 709 abrogantur

1062 735 1094 739 —
1112 729 1160 756 per
1179 718 1385 745 desuetudinem.
1416 718 1446 744 fr.
1465 719 1506 744 32.
1527 718 1548 751 5.
1570 719 1592 743 l.
1616 717 1648 743 de
1667 717 1718 743 LL.
1739 719 1762 743 l.
1781 718 1805 743 3.
1844 716 1898 742 Pri-

1061 772 1131 789 mum
1155 767 1231 799 caput
1257 762 1321 798 legis
1346 761 1425 788 Iuliae.
1444 760 1628 797 -prioribus
1652 760 1753 796 legibus
1777 759 1898 796 pluribus

1061 805 1176 841 abrogat.
1214 805 1284 831 Coll.
1304 804 1356 831 LL.
1376 804 1408 831 M.
1429 803 1472 830 IV.
1492 806 1516 829 2.
1548 819 1580 823 ——-
1611 804 1641 837 §.
1662 805 1697 829 2.
1734 804 1897 834 Adimere,

1062 850 1211 884 Auferre.
1247 847 1266 874 I.
1286 849 1347 882 Sy.
1380 847 1520 873 Vindicate
1539 847 1613 879 (fisci
1632 845 1758 878 viribus).
1795 845 1844 872 Th.
1865 844 1897 871 C.

1061 891 1105 917 IX.
1128 893 1167 917 10.
1188 901 1209 917 c.
1228 892 1253 917 3.
1273 891 1305 916 ad
1323 890 1352 916 L.
1372 890 1419 916 Iul.
1439 889 1471 915 de
1490 890 1515 915 vi
1535 890 1597 926 pub.
1634 889 1664 915 ll.
1685 890 1751 922 ΟΡ.
1769 887 1898 914 Iti-sidere

1062 935 1156 971 (penes
1175 933 1309 970 aliquem).
1328 949 1360 952 —
1380 933 1515 968 Abrogari.
1544 932 1580 958 lb.
1600 931 1617 957 l.
1636 931 1653 957 l.
1673 942 1694 957 c.
1714 933 1738 958 3.
1775 931 1898 958 Hisn-

1062 978 1188 1012 Quamvis
1208 976 1316 1002 Praetor
1340 975 1382 1002 vel
1406 975 1514 1001 Praeses
1539 976 1585 1001 sit.
1610 985 1657 1000 nec
1681 973 1752 1000 furor
1776 975 1798 1000 ei
1821 973 1898 1009 magi-

1037 1017 1039 1035 ἶ
1061 1025 1171 1046 stratum
1190 1019 1304 1055 abroget.
1331 1018 1361 1045 fr.
1381 1022 1404 1044 ὅ.
1425 1018 1446 1051 5.
1468 1021 1490 1044 l.
1511 1018 1543 1044 tle
1562 1023 1609 1044 tut.
1629 1022 1654 1044 et
1674 1027 1726 1043 cur.
1747 1016 1798 1043 dat.
1816 1017 1858 1042 28.
1872 1017 1897 1041 5.

1060 1063 1215 1100 Deportari.
1235 1063 1312 1088 bonis
1333 1061 1453 1087 onmibus
1473 1061 1611 1095 abrogatis.
1649 1060 1699 1086 Th.
1713 1059 1744 1086 C.
1758 1059 1774 1086 l.
1789 1059 1805 1085 l.
1821 1070 1841 1085 c.
1854 1060 1879 1085 3.

1094 1107 1342 1139 Abrumpere.
1380 1106 1410 1138 ξ.
1431 1105 1464 1130 1.
1493 1106 1662 1137 Rumpere,
1687 1103 1896 1130 Intercidere.

1059 1148 1078 1175 I.
1098 1150 1160 1183 sy.
1196 1148 1328 1185 Rumpere
1353 1147 1477 1180 (linum).
1510 1146 1582 1173 Paul.
1602 1146 1645 1172 IV.
1665 1147 1688 1171 6.
1713 1146 1734 1179 5.
1757 1147 1779 1171 l.
1808 1143 1852 1170 IV.
1872 1146 1896 1169 8.

1060 1192 1081 1224 5.
1103 1193 1125 1217 l.
1163 1207 1195 1211 —
1233 1192 1263 1225 §.
1285 1193 1320 1217 2.
1353 1192 1529 1224 Separare,
1559 1190 1755 1215 DissoIz-ere.
1792 1187 1810 1213 I.
1835 1188 1896 1221 Sy.

1059 1234 1231 1261 Abscinderv.
1261 1234 1290 1260 l'r.
1304 1235 1328 1260 9.
1348 1234 1370 1267 5.
1384 1235 1408 1259 2.
1428 1232 1460 1259 de
1473 1232 1518 1258 lib.
1533 1237 1556 1258 et
1571 1237 1639 1269 post.
1658 1234 1700 1257 223.
1714 1225 1738 1257 2.
1763 1229 1794 1256 cf.
1809 1229 1838 1255 fr.
1853 1231 1896 1256 32.

1059 1278 1081 1311 5.
1102 1279 1125 1304 l.
1150 1277 1183 1304 de
1202 1277 1256 1303 ber.
1276 1278 1336 1303 inst.
1359 1278 1401 1302 28.
1420 1279 1443 1302 5.
1485 1275 1514 1301 lI.
1537 1277 1603 1308 Op.
1636 1274 1663 1300 In
1684 1283 1814 1310 suspenso
1837 1272 1897 1298 reti-

1059 1321 1123 1347 neri.
1142 1336 1175 1340 —-
1194 1320 1323 1356 Abrumpi
1343 1320 1410 1352 (inre
1428 1318 1607 1356 postliminii).
1627 1317 1656 1344 sr.
1670 1319 1712 1343 32.
1732 1317 1754 1350 5.
1775 1318 1798 1342 l.
1818 1315 1834 1342 l.
1853 1317 1896 1341 28.

1058 1366 1081 1390 5.
1118 1363 1161 1390 III.
1181 1364 1247 1391 011.
1279 1362 1359 1398 Quod
1378 1361 1457 1388 semel
1477 1361 1589 1387 alienum
1608 1360 1703 1386 factum
1722 1361 1770 1389 sit,
1795 1358 1896 1385 etiamsi

1058 1406 1118 1433 inde
1137 1407 1276 1443 abruptum
1304 1406 1352 1437 sit.
1381 1404 1466 1431 redire
1490 1404 1521 1430 ad
1545 1405 1660 1441 priorem
1685 1403 1819 1429 (lominum
1842 1410 1896 1427 non

1057 1460 1146 1487 posse.
1171 1449 1201 1476 fr.
1220 1451 1261 1476 23.
1281 1449 1305 1483 5.
1323 1451 1347 1475 5.
1367 1448 1399 1474 de
1418 1447 1449 1474 Γι.
1469 1447 1500 1474 V.
1520 1449 1543 1473 6.
1565 1449 1587 1474 1.

1092 1494 1285 1525 Abruptus
1321 1491 1450 1525 (Partic.)
1504 1493 1707 1525 Separattm,
1749 1490 1894 1515 Divisns.

1057 1535 1099 1562 Ill.
1120 1537 1185 1563 011.
1222 1536 1251 1561 Si
1274 1535 1374 1561 lucrum
1398 1534 1537 1570 abruptum
1561 1544 1592 1560 ex
1616 1544 1644 1559 rc
1668 1533 1770 1570 patroni
1789 1541 1842 1557 nou
1861 1529 1895 1556 fa-

1035 1580 1036 1616 ]
1058 1580 1117 1605 ciat.
1145 1578 1175 1604 sr.
1196 1580 1217 1604 l.
1238 1579 1259 1612 5.
1280 1580 1303 1604 4.
1335 1579 1416 1613 Quar.
1435 1588 1483 1603 rer.
1504 1581 1552 1603 aet.
1572 1587 1596 1603 n.
1617 1576 1668 1602 dat.
1687 1577 1729 1601 44.
1748 1577 1772 1601 5.

1093 1623 1285 1654 Abruptus
1299 1621 1392 1654 (Adi).
1413 1622 1560 1652 Subiens,
1580 1622 1622 1646 Im
1631 1630 1653 1645 m
1662 1621 1756 1645 inens.
1775 1616 1895 1644 HLCn.

1540 1663 1686 1689 victoriam.
1712 1663 1817 1687 iteratae
1836 1668 1895 1696 pro—

1058 1707 1165 1734 ditionis
1184 1708 1295 1744 abrupto
1314 1706 1441 1745 periculo,
1460 1710 1658 1741 rocognoscaut.
1686 1704 1735 1730 Tb.
1756 1702 1786 1729 C.
1805 1702 1838 1728 X.
1854 1703 1894 1727 10.

1058 1760 1078 1776 c.
1099 1752 1141 1776 25.
1162 1750 1194 1777 (le
1212 1751 1331 1787 petition.

1092 1794 1319 1819 Abscedere.
1370 1793 1400 1826 §-
1426 1793 1460 1818 l.
1503 1794 1675 1822 Recedere,
1711 1790 1894 1815 Discedere.

1057 1835 1100 1862 ΙΙΙ.
1120 1837 1185 1863 Cn.
1222 1835 1245 1861 A
1264 1834 1421 1872 templorum
1441 1834 1525 1861 cultu.
1546 1834 1729 1860 observatione
1749 1831 1895 1857 christiani-

1058 1879 1127 1913 tatis.
1147 1877 1296 1904 abscedere.
1321 1877 1370 1903 Th.
1386 1877 1416 1903 C.
1435 1877 1491 1903 ΧΠ.
1514 1879 1535 1903 l.
1556 1887 1576 1903 c.
1597 1878 1654 1902 112.
1675 1875 1706 1901 de
1725 1874 1812 1901 decur.
1841 1873 1895 1908 Qui

1059 1932 1090 1948 cx
1110 1931 1140 1947 eo
1159 1921 1240 1957 gradu
1259 1931 1273 1947 e
1291 1920 1387 1958 palatio
1407 1925 1498 1946 nostro
1517 1920 1702 1946 abscesserint.
1731 1917 1768 1944 Ib.
1787 1916 1833 1943 XI.
1854 1917 1893 1941 16.

1059 1975 1080 1991 c.
1102 1966 1141 1990 14.
1167 1963 1198 1990 de
1218 1969 1283 1990 extr.
1303 1974 1324 1990 s.
1339 1963 1410 1989 sord.
1438 1962 1497 1989 Lite
1516 1962 1617 1999 perdita
1636 1966 1741 1988 notatus
1761 1959 1893 1987 abscedet.

1058 2007 1094 2034 lb.
1113 2007 1158 2034 XI.
1178 2009 1219 2034 30.
1240 2017 1260 2033 c.
1282 2007 1322 2032 lG.
1341 2006 1374 2032 (le
1393 2016 1451 2043 app.
1472 2011 1497 2032 et
1515 2016 1593 2042 poen.
1616 2021 1649 2025 —-
1673 2005 1703 2037 ξ.
1725 2005 1759 2030 2.
1785 2003 1894 2029 Demi-

1059 2052 1128 2082 ηιιί,
1157 2051 1305 2076 Detrahi.
1342 2049 1371 2075 11.
1393 2051 1459 2083 ΟΡ.
1488 2048 1629 2074 Accedere.
1658 2047 1687 2074 fr.
1707 2049 1748 2073 35.
1773 2045 1806 2071 de
1823 2043 1893 2079 vulg.

1035 2108 1036 2114 ¹
1058 2098 1083 2119 ct
1101 2103 1164 2130 pup.
1183 2095 1225 2118 28.
1244 2093 1268 2118 6.
1309 2091 1351 2118 Ill.
1372 2093 1437 2119 Cn.
1469 2091 1616 2117 Novatione
1640 2090 1781 2116 abscedere
1805 2099 1818 2114 a
1843 2087 1893 2124 pri-

1058 2137 1126 2162 stina
1150 2135 1316 2171 obligatione.
1346 2134 1375 2161 fr.
1394 2137 1436 2161 21.
1456 2135 1478 2168 5.
1496 2136 1520 2161 3.
1545 2134 1577 2160 de
1597 2144 1654 2160 ann.
1675 2134 1722 2169 leg.
1747 2133 1832 2158 331.
1869 2129 1893 2155 Α

1057 2179 1134 2205 bonis
1154 2177 1295 2204 abscedere
1315 2178 1394 2211 (aeris
1414 2177 1491 2204 alieni
1510 2177 1594 2209 loeo).
1615 2177 1645 2203 sr.
1667 2178 1708 2202 11.
1727 2175 1748 2209 5.
1767 2176 1791 2201 3.
1811 2172 1843 2199 ad
1861 2171 1892 2198 L.

1058 2222 1127 2248 Falc.
1146 2223 1189 2248 35.
1207 2223 1232 2247 2.
1256 2220 1286 2246 fr.
1305 2222 1329 2247 9.
1359 2220 1391 2246 de.
1417 2220 1470 2246 dot.
1495 2220 1582 2246 collat.
1605 2222 1647 2246 37.
1667 2221 1690 2245 7.
1732 2217 1891 2253 Propi-letam,

1057 2264 1215 2291 abscedente
1234 2263 1315 2290 usufr.
1344 2263 1373 2289 fr.
1392 2265 1416 2289 3.
1437 2263 1459 2297 5.
1478 2265 1502 2289 2.
1522 2263 1552 2289 sr.
1572 2264 1613 2289 56.
1634 2262 1666 2288 dc
1685 2260 1765 2288 usul'r.
1785 2262 1808 2285 7.
1828 2260 1851 2284 l.

1091 2309 1294 2336 Abscessus
1324 2306 1459 2340 (Subst.).
1496 2307 1526 2340 §.
1547 2307 1582 2332 1.
1620 2305 1802 2334 Dim-essia,
1831 2302 1891 2327 De-

1056 2360 1170 2378 cessus.
1207 2349 1249 2375 III.
1270 2351 1334 2377 (ἠ.
1371 2349 1458 2376 Amati
1482 2349 1634 2375 abscessum
1658 2347 1752 2374 defleat
1775 2344 1890 2380 relegati.

1057 2393 1106 2420 Th.
1127 2393 1158 2420 C.
1177 2393 1222 2419 IX.
1242 2394 1266 2419 9.
1286 2403 1307 2419 c.
1328 2394 1350 2418 l.
1375 2393 1389 2426 5
1419 2394 1441 2418 l.
1466 2392 1498 2418 de
1517 2392 1618 2418 mulier.
1638 2401 1680 2427 qu.
1699 2400 1727 2415 se
1746 2398 1813 2414 serv.
1849 2386 1891 2413 Li-

1056 2437 1147 2463 berum
1166 2436 1217 2462 sibi
1235 2436 1412 2473 praecogitare
1431 2435 1591 2461 abscessum.
1622 2434 1658 2460 lb.
1678 2431 1744 2458 YIII.
1763 2433 1787 2457 4.
1808 2441 1828 2457 c.
1847 2432 1891 2456 20.

1057 2479 1089 2506 de
1108 2478 1234 2505 colzortal.
1272 2494 1304 2498 -
1340 2479 1370 2512 §.
1391 2480 1426 2505 2.
1463 2480 1599 2505 Abditas
1618 2480 1713 2503 Iocus.
1751 2474 1889 2501 Secessus.

1055 2522 1096 2548 III.
1112 2523 1178 2550 Cn.
1202 2521 1301 2548 Omnes
1315 2523 1442 2547 stationes
1455 2522 1566 2547 navium.
1580 2525 1681 2557 portuS.
1695 2518 1779 2545 litora.
1799 2526 1890 2543 omnes

1055 2566 1196 2592 abscessus
1225 2569 1272 2591 etc.
1319 2564 1357 2590 Ib.
1380 2563 1435 2591 Ul.
1461 2565 1501 2590 16.
1532 2574 1552 2589 c.
1576 2566 1601 2589 2.
1633 2562 1666 2588 de
1689 2561 1758 2588 litor.
1784 2565 1809 2587 et
1833 2561 1888 2586 itin.

1055 2613 1122 2635 cust.

1089 2651 1334 2678 Abseindere.
1391 2650 1422 2683 §.
1452 2651 1486 2676 1.
1527 2651 1660 2680 secare,

1055 2693 1097 2720 Ill.
1118 2695 1183 2721 Cn.
1213 2693 1347 2721 Feminae.
1368 2703 1433 2728 quae
1452 2693 1548 2718 crinem
1567 2702 1642 2718 suum
1661 2691 1827 2718 absciderint.
1850 2688 1888 2714 Ib.

1055 2736 1126 2763 XW.
1145 2738 1170 2762 ⁶2.
1190 2746 1211 2762 c.
1230 2737 1272 2761 27.
1293 2736 1358 2769 5.1.
1378 2735 1410 2760 (le
1430 2736 1546 2772 episcop.
1583 2751 1616 2754 —
1653 2735 1683 2768 §.
1704 2736 1739 2760 2.
1771 2735 1888 2759 Detra-

1055 2781 1134 2805 here.
1171 2778 1212 2805 111.
1228 2780 1292 2806 Cn.
1325 2777 1403 2813 Quod
1422 2777 1482 2804 inde
1500 2771 1612 2804 absc'idit
1631 2779 1730 2804 ratione
1749 2776 1888 2807 Falcidiae,

1056 2831 1210 2858 consequar.
1239 2821 1270 2848 fr.
1290 2823 1347 2847 108.
1371 2820 1393 2854 5.
1412 2823 1436 2848 5.
1460 2820 1493 2848 de
1511 2820 1560 2857 leg.
1579 2821 1597 2847 Ι.
1617 2821 1693 2854 (30.)
1731 2836 1763 2840 -
1798 2820 1830 2854 ξ.
1850 2821 1887 2846 3.

1701 2650 1888 2682 Amputare.
