2197 3121
934 151 1019 181 FER
1044 168 1082 175 -
1108 151 1195 182 FES.

208 237 232 261 3.
270 234 299 261 Si
323 233 350 260 id
373 234 466 260 aetatis
486 234 535 265 sit,
562 237 591 260 ut
614 231 746 269 stipendia
770 231 838 258 ferre
861 232 957 269 possit.
982 230 1050 258 Nov.

208 276 267 303 Val.
286 276 328 302 ΙΙΙ.
349 276 381 302 (18
401 277 478 302 tiron.
498 276 528 302 11.
550 277 574 302 6.
594 286 615 302 8.
637 277 659 302 1.
679 276 744 310 3.1.
782 273 818 300 Vt
836 276 950 310 regionis
970 274 1052 311 qnali-

208 325 249 346 tas
269 318 366 345 tulerit.
387 318 437 345 Th.
458 318 488 345 C.
509 318 553 345 IX.
570 320 610 345 15.
631 319 686 344 c.1.
707 317 740 344 (18
760 317 882 355 parricid.
914 316 969 343 'Nec
983 318 1051 343 enini

208 362 277 389 ferre
300 361 410 388 Praetor
436 360 515 387 debet
538 374 570 378 —
595 365 808 397 conquerentem.
834 360 864 386 fr.
885 362 908 386 7.
932 360 953 394 3.
973 362 998 385 2.
1018 359 1051 385 de.

208 405 285 431 iniur.
304 405 346 430 47.
368 405 407 430 10.
428 403 458 429 ef.
479 403 510 429 fr.
531 405 554 430 1.
574 404 596 438 3.
616 407 640 430 2.
660 403 692 430 de
712 408 759 430 tut.
780 408 806 429 et
824 407 871 429 rat.
886 404 928 429 27.
942 404 966 428 3.
990 401 1050 428 Non

208 452 250 474 est
269 448 292 473 ei
312 445 523 477 concedendum,
544 463 575 466 —
595 456 680 483 neque
701 447 769 472 enim
788 444 912 472 ferendus
932 449 985 476 est⁷
1005 445 1050 480 qui

208 495 257 517 818,
277 490 308 516 fr.
331 492 352 516 1.
372 489 455 523 315.
476 488 508 515 cf.
528 489 550 523 3.
572 490 611 515 12.
631 489 664 515 de
683 493 794 526 separat.
815 490 856 514 42.
873 489 897 514 6.
935 486 995 513 'Non
1009 491 1050 513 est

207 533 341 564 ferendus,
361 533 406 568 qui
425 531 495 558 dicat
514 536 563 559 etc.
584 532 614 558 fr.
637 534 676 557 15.
701 531 734 558 de
758 530 850 558 iurisd.
869 532 894 556 2.
916 531 938 556 1.
957 530 988 556 fr.
1007 531 1049 555 24.

207 576 230 609 3.
249 577 274 602 2.
293 574 342 601 sol.
366 575 476 600 matrim.
500 576 542 601 24.
569 576 593 601 3.
618 573 704 600 Vatic.
728 575 750 608 3.
769 575 829 600 207.
867 572 947 609 Quod
966 572 1050 599 feren-

207 618 268 645 dum
287 628 339 644 non
359 621 406 643 est.
425 616 456 643 fr.
475 619 517 643 33.
538 616 570 643 (18
589 618 645 643 11118
664 616 718 643 dot.
738 617 779 642 23.
799 617 823 642 3.

242 663 420 688 Fen-eus-
445 659 575 692 (Adieet.)
603 662 653 686 Ex
665 661 760 695 ferro
773 660 900 695 factus.
920 657 962 684 ΙΙΙ.
983 659 1049 685 Gn.

206 703 298 730 Nexus
318 702 403 729 ferrei.
441 701 552 728 Vincula
571 702 663 729 ferrea.
684 701 733 728 Th.
754 700 785 727 C.
805 700 874 728 VIII.
893 704 917 728 ὃ.
938 711 959 728 8.
979 702 1003 727 9.
1017 700 1049 726 (18

207 750 322 773 81588111.
342 750 368 771 81
387 750 469 772 exact.
495 744 566 771 XIV.
586 746 627 771 24.
653 755 674 771 c.
696 746 718 770 l.
744 744 777 770 de
795 754 878 770 mens.
899 744 979 770 olear.
998 742 1064 769 111(1-’

206 791 279 816 nicae
298 789 405 815 ferreae.
426 788 463 814 lb.
483 787 528 814 IX.
547 790 571 814 3.
591 798 612 814 8.
634 789 656 813 1.
676 797 717 824 pr.
737 787 770 814 (18
789 792 857 814 cust.
876 796 944 813 reor.

241 834 416 859 Ferrum.
455 831 486 864 §-
502 832 537 857 1.
558 832 730 857 Metallum
749 831 965 856 notissimum.
1004 828 1046 855 ΙΙΙ.

205 876 273 903 Gn·
292 875 358 901 Auri
378 878 404 900 et
423 875 536 908 argenti,
560 878 586 899 et
604 872 754 910 sulphuris,
783 877 809 899 et
827 874 909 905 aeris,
933 877 959 898 et
977 871 1048 903 ferri,

205 922 231 944 et
250 922 412 944 caeterorum
432 916 534 943 fodinas
559 925 689 942 exercere.
715 916 745 942 fr.
767 917 806 942 13.
833 916 855 950 3.
880 918 904 942 5.
929 915 962 941 (18
980 914 1048 941 usuf.

205 961 229 986 7.
251 962 273 986 l.
311 959 420 992 Cotem,
445 959 514 985 ferro
539 958 686 995 subigendo
714 960 902 991 necessariam,
926 958 1049 985 hostibus

203 1001 365 1029 venumdari.
385 1002 416 1028 fr.
437 1004 477 1028 11.
496 1012 536 1039 pr.
556 1001 589 1028 de
608 1002 740 1039 publican.
765 1004 807 1029 39.
831 1004 857 1029 4.
889 1018 922 1022 -—
953 1003 984 1036 ξ.
1013 1003 1048 1028 2.

203 1047 316 1077 Arma,
336 1047 384 1072 vel
401 1048 475 1072 tela.
512 1044 530 1071 1.
557 1046 620 1079 Sy.
652 1044 754 1072 Telum.
774 1044 804 1071 fr.
824 1047 848 1071 2.
869 1045 902 1072 de
921 1045 986 1081 abig.
1006 1046 1048 1071 47.

204 1089 244 1114 l4.
270 1088 300 1114 fr.
330 1090 352 1113 1.
376 1087 409 1113 de
433 1087 482 1114 fur.
506 1087 575 1114 baln.
601 1089 643 1114 47.
669 1089 712 1115 17.
748 1088 868 1115 Gladius.
888 1088 918 1115 fr.
938 1090 961 1114 8.
982 1088 1003 1121 3.
1024 1089 1047 1114 4.

203 1131 256 1166 Qu.
276 1135 379 1157 testam.
404 1130 451 1156 fac.
476 1140 501 1167 p.
521 1132 562 1156 28.
584 1132 606 1156 1.
626 1130 657 1157 fr.
679 1133 701 1157 1.
727 1132 747 1165 3.
767 1133 791 1158 3.
812 1131 845 1158 ad
862 1131 892 1158 L.
914 1131 995 1158 Corn.
1015 1130 1048 1157 (18

202 1175 277 1200 sicar.
298 1174 331 1199 48
359 1174 384 1199 8.
420 1173 463 1199 III.
484 1175 551 1200 Cn.
571 1172 639 1199 Cum
657 1184 706 1211 per
725 1174 877 1201 ebrietatem
896 1174 928 1200 ad
947 1184 1047 1203 manus.

202 1221 246 1242 aut
264 1215 297 1242 ad
314 1215 412 1242 ferrum
436 1217 549 1243 venitur.
574 1216 605 1243 fr.
627 1218 667 1243 11.
693 1217 714 1251 3.
738 1220 761 1244 2.
786 1217 819 1243 de
842 1227 919 1254 poen.
943 1219 985 1243 48.
1006 1218 1046 1243 19.

201 1258 232 1285 Si
259 1258 287 1285 id
310 1259 430 1295 saepius,
459 1264 503 1285 aut
531 1260 554 1286 si
579 1258 663 1291 ferro,
693 1259 821 1286 conducta
845 1270 922 1286 manu
941 1260 1047 1286 faciunt.

200 1301 272 1328 Paul.
294 1301 325 1328 V.
347 1303 387 1327 18.
407 1302 429 1335 3.
448 1304 472 1328 2.
510 1301 540 1328 Si
564 1312 622 1328 cum
646 1302 716 1329 ferro
740 1302 859 1339 adgredi,
885 1308 910 1329 et
932 1302 1048 1340 spoliare

200 1345 379 1371 instituerunt.
409 1345 439 1370 fr.
459 1345 501 1371 28.
530 1345 550 1378 3
573 1347 612 1370 10.
637 1345 670 1372 de
693 1356 771 1383 poen.
796 1348 837 1372 48.
859 1348 898 1372 19.
936 1345 979 1372 Ad
998 1346 1047 1372 fer·
1068 1363 1069 1368 .

200 1397 267 1419 rum,
287 1392 331 1413 aut
348 1386 381 1413 ad
400 1386 508 1420 bestias,
529 1392 573 1414 aut
593 1389 618 1414 in
637 1388 772 1415 metallum
791 1389 915 1415 damnari.
936 1388 967 1415 fr.
980 1390 1004 1415 S.
1025 1389 1046 1422 3.

200 1432 225 1457 4.
263 1430 315 1466 Qu.
336 1434 438 1456 testam.
464 1430 511 1457 fac.
536 1442 561 1468 p.
586 1433 628 1457 28.
650 1433 670 1457 l.
703 1431 760 1458 Gai.
780 1431 798 1458 I.
820 1434 860 1458 13.
886 1431 946 1468 le.
966 1431 983 1458 I.
1005 1434 1045 1458 11.

199 1473 285 1505 Ferri,
305 1477 349 1499 aut
367 1473 465 1508 ignium
484 1483 576 1510 poena.
597 1473 646 1500 Th.
667 1473 698 1500 C.
718 1474 762 1500 lx.
783 1477 806 1501 6.
827 1485 848 1501 c.
869 1477 891 1501 1.
912 1485 944 1501 ne
963 1480 1044 1512 praet.
1066 1475 1068 1516 j

200 1517 272 1543 crim.
291 1517 350 1542 mai.
370 1531 402 1534 —
423 1515 453 1548 ἓ.
481 1517 518 1542 3.
538 1518 692 1543 Ferreum
713 1519 883 1544 vinculum.
915 1518 958 1544 III.
979 1519 1044 1545 Gn.

199 1559 254 1595 Qui
273 1568 350 1595 quem
369 1558 439 1584 ferro
459 1559 551 1590 vinxit.
571 1563 600 1585 ut
624 1559 676 1585 sibi
700 1559 799 1596 aliquid
823 1560 944 1587 traderet.
971 1560 1043 1587 Paul.
1066 1595 1067 1600 1

198 1601 216 1628 l.
237 1603 260 1628 7.
280 1602 302 1635 3.
323 1603 346 1628 9.
384 1601 479 1632 Obrui,
499 1611 522 1628 v.
543 1601 639 1638 Ligari,
659 1601 737 1629 ferro.
758 1602 807 1630 Th.
828 1602 859 1630 C.
880 1603 897 1630 I.
918 1606 940 1629 5.
962 1614 983 1630 8.
1005 1606 1043 1630 13.
1065 1625 1066 1628 ,

199 1643 312 1677 (ch.)
337 1644 369 1670 de
394 1644 436 1670 off.
457 1643 510 1670 Prf.
534 1643 577 1671 Pr.
599 1644 629 1671 V.
650 1646 673 1671 9.
698 1656 718 1672 8.
741 1647 762 1672 l.
788 1646 858 1679 3.1.
884 1646 916 1672 de
942 1646 1043 1682 fugitiv.
1065 1666 1067 1678 r

201 1686 287 1714 colon.

235 1731 460 1757 Fen-umen.

199 1774 283 1798 talla
303 1774 468 1807 iungitur.
506 1772 525 1798 Ι.
540 1774 601 1807 Sy.
617 1773 693 1808 Quae
712 1775 760 1806 (58.
780 1775 881 1810 partes)
902 1774 1043 1800 ferrumine
1065 1793 1066 1811 ἶ

199 1814 363 1841 cohaereant.
384 1815 563 1842 Ferruminata
583 1818 702 1849 (massa.)
723 1816 752 1842 fr.
772 1819 814 1842 27.
835 1817 856 1850 3.
869 1819 894 1843 2.
914 1816 946 1843 de
965 1817 996 1843 A.
1012 1816 1042 1843 R.

200 1857 233 1883 D.
254 1859 295 1884 41.
318 1859 339 1883 1.

234 1913 520 1939 Ferrulninare.
542 1915 692 1945 Glutine,
713 1916 761 1939 vel
780 1915 950 1945 iunctura,
970 1916 1040 1940 iun-

196 1966 273 1991 gere
292 1958 436 1982 metalla.
475 1954 493 1981 1.
514 1956 576 1989 Sy.
596 1955 749 1981 Fen-rumine
769 1955 920 1982 cohaerens.
950 1956 1043 1983 Ferru-
1064 1951 1066 1995 ξ

198 1999 331 2025 minatum.
365 1998 402 2024 Cf
430 2009 454 2025 v.
474 1998 626 2025 Feri-umen.
663 1998 789 2026 111011.
818 1999 913 2025 Alieno
933 1999 1041 2036 plumbo
1064 1997 1065 2001 ¹

198 2041 351 2078 plumbare.
371 2041 490 2068 alienove
510 2046 616 2077 argento
637 2040 808 2068 ferruminare
827 2042 991 2079 (scyphum.)
1012 2042 1042 2068 fr.

198 2086 240 2110 27.
259 2095 298 2121 pr.
319 2085 340 2118 3.
359 2087 383 2111 2.
405 2084 421 2111 1.
441 2087 482 2111 41.
504 2087 526 2110 1.

235 2135 539 2162 Ferruminafio.
578 2137 678 2162 Actus
703 2137 962 2171 ferruminandi.
999 2136 1041 2163 III.

200 2177 266 2204 Cn.
286 2177 315 2203 Si
334 2183 435 2204 statuae
455 2188 517 2204 suae
536 2178 752 2204 ferruminatione
771 2179 888 2204 iunctum
907 2179 1042 2206 brachium

200 2221 245 2250 sit.
265 2235 296 2238 —
316 2220 494 2247 ferruininatio
519 2231 567 2258 per
593 2220 700 2247 eandem
720 2223 854 2248 materiam
873 2222 934 2248 facit
954 2222 1043 2249 confu-

201 2263 310 2288 sionem.
330 2262 359 2289 fr.
379 2265 421 2290 23.
441 2264 462 2297 3
483 2266 506 2290 5.
527 2263 559 2290 de
578 2263 608 2290 R.
624 2263 656 2290 V.
675 2265 698 2290 6.
720 2266 742 2291 1.

236 2313 401 2339 Fertilis,
425 2314 554 2347 (Adiect.)
582 2317 765 2347 Fet-undas,
787 2316 903 2342 Feras.
924 2315 954 2342 II.
975 2318 1042 2350 Op.

201 2355 313 2391 Opimae
333 2365 361 2380 ae
385 2355 497 2385 fertiles.
519 2373 550 2376 —
570 2357 696 2384 Defectae
723 2359 849 2390 (terrae.)
887 2358 928 2384 Cf.
948 2369 971 2385 v.
991 2359 1043 2385 De-

200 2397 292 2423 fectus.
314 2396 433 2429 (Panic.)
469 2399 511 2426 III.
528 2402 593 2428 (711.
614 2400 689 2436 Quae
707 2400 848 2437 paludibus
868 2406 942 2427 311183
962 2417 993 2421 -
1007 2403 1043 2428 vi-

201 2440 331 2466 debantur
351 2439 491 2477 adscripta.
510 2458 541 2461 —
562 2445 636 2480 quasi
656 2443 751 2470 fertilia
771 2444 911 2480 separatim
932 2446 1041 2471 censeri.

201 2494 222 2509 8,
244 2484 267 2509 3.
288 2482 320 2509 (18
339 2482 463 2509 alluvion.
484 2485 507 2509 7.
527 2486 567 2512 41.
603 2486 748 2517 Exercere,
768 2487 907 2517 iustruere.
928 2486 1041 2514 fertilem

199 2526 375 2562 idoneumque
399 2531 533 2561 praestare
556 2528 702 2560 (defectum
728 2528 862 2563 fundum.)
888 2529 937 2556 Th.
959 2529 989 2557 C.
1009 2530 1040 2557 V.

200 2570 240 2595 13.
262 2579 282 2594 8.
302 2571 344 2594 30.
366 2567 470 2601 (ch.)

235 2619 443 2646 Fertilstas.
480 2621 694 2654 Ferundizas,
723 2624 868 2650 Vbertas.
906 2622 950 2649 ΙΙΙ.
975 2624 1039 2651 Cn.

198 2662 242 2688 Ad
261 2662 362 2697 frugum
382 2661 543 2688 fertilitatem
570 2662 701 2690 translata.
728 2676 749 2691 8.
768 2667 792 2692 3.
819 2665 852 2692 de
872 2666 995 2692 alluvion.
1016 2668 1038 2693 7.

199 2706 241 2731 41.
279 2705 408 2740 Agrorum
428 2704 548 2731 fertilitas
564 2705 695 2732 destituta.
716 2717 736 2733 c.
750 2709 776 2734 5.
790 2708 822 2735 de
835 2709 907 2735 fund.
921 2710 957 2736 rei
971 2711 1038 2747 priv.

201 2749 240 2773 ll.
260 2749 301 2774 65.

235 2799 418 2826 Fervere.
457 2800 621 2825 Grassari.
659 2798 701 2825 III.
722 2800 787 2827 Gn.
822 2800 852 2827 In
871 2802 967 2838 quibus
987 2804 1035 2835 (sc.

504 1732 680 1762 Iunctnra,
706 1741 767 1765 qna
791 1734 957 1758 metallum
984 1742 1043 1758 me-

1873 154 1937 184 373

1094 232 1264 269 regionibus)
1288 232 1342 259 fera
1362 239 1387 260 et
1405 234 1516 271 periculi
1536 235 1577 261 sui
1596 235 1683 261 nescia
1703 234 1834 261 latronum
1852 234 1936 261 fervet

1096 276 1203 302 insania.
1224 275 1274 302 Th.
1295 275 1325 302 C.
1346 276 1363 302 Ι.
1386 279 1425 303 11.
1447 288 1467 304 c.
1487 279 1512 304 3.
1532 277 1564 303 de
1583 277 1683 303 defens.
1705 278 1776 303 civit.

1130 320 1284 346 Ferula-
1349 321 1608 347 lustramentum
1644 323 1684 347 ad
1719 322 1936 355 castigandos

1093 371 1220 394 pueros.
1260 361 1302 387 ΠΙ.
1329 362 1395 388 Cn.
1427 361 1463 388 Vt
1491 363 1642 400 impuberes
1670 373 1723 389 non
1753 366 1935 398 torqueantur3

1096 405 1187 430 terreri
1206 409 1315 430 tantum-
1325 404 1421 435 solent,
1441 410 1467 431 et
1486 406 1586 432 habena
1606 405 1648 432 vel
1667 404 1749 432 ferula
1769 405 1849 431 caedi.
1870 404 1899 431 fr.
1912 406 1935 431 l.

1094 446 1116 479 3.
1136 447 1177 472 33.
1199 446 1231 473 de
1251 446 1278 473 S.
1299 446 1330 474 C.
1351 446 1433 473 Silan.
1453 450 1494 474 29.
1514 451 1537 474 5.

1129 490 1289 516 Fen-nor.
1325 490 1356 523 §.
1381 491 1416 516 1.
1437 491 1538 517 Calor
1556 492 1724 517 vehemens.
1761 490 1804 516 III.
1821 491 1886 518 Cn.
1905 490 1936 516 Si

1095 531 1176 557 uredo
1196 531 1308 559 fructum
1332 532 1405 559 oleae
1429 534 1589 570 corruperit,
1609 538 1653 560 ant
1676 533 1741 559 solis
1761 532 1864 560 fervore
1883 542 1936 559 non

1094 573 1204 600 adsueto
1223 575 1250 601 id
1268 575 1401 602 acciderit.
1420 575 1451 602 fr.
1472 578 1512 602 15.
1533 576 1554 609 3.
1575 578 1599 601 2.
1620 575 1696 602 locat.
1718 577 1757 602 19.
1771 578 1794 602 2.
1831 575 1935 601 Aestivi

1094 616 1221 644 fervores.
1259 617 1310 644 Th.
1331 618 1361 645 C.
1381 618 1412 645 Π.
1432 620 1456 645 8.
1477 629 1497 645 8.
1517 620 1541 644 2.
1561 629 1600 655 pr.
1621 618 1653 644 (18
1672 618 1751 644 feriis.
1783 632 1816 636 —
1847 618 1878 651 §-
1899 619 1935 644 2.

1094 661 1208 686 Animi
1225 662 1369 695 impetus.
1404 661 1446 688 ΙΙΙ.
1466 662 1532 689 Cn.
1557 660 1668 687 Iuvenili
1687 661 1811 687 facilitate
1831 660 1935 692 (11181115,

1093 702 1137 728 vel
1155 704 1232 729 etiam
1251 703 1355 730 fervore
1379 705 1471 730 aetatis
1496 714 1630 730 accensus.
1655 703 1686 730 fr.
1708 706 1747 730 15.
1767 704 1789 737 3.
1810 705 1833 730 6.
1853 703 1886 730 ad
1904 702 1934 730 L.

1093 744 1140 771 Iul.
1163 745 1195 772 de
1214 745 1255 772 ad.
1274 748 1317 772 45.
1337 748 1362 773 5.

1128 789 1262 815 Ferus.
1300 788 1438 822 (Adiect.)
1476 790 1508 822 ξ.
1537 790 1571 816 1.
1591 791 1785 816 Indomitus.
1824 788 1842 814 1.
1872 789 1934 823 Sy.

1093 829 1167 857 Fera.
1203 831 1294 857 Bestia
1312 831 1373 859 fera.
1399 832 1440 858 Cf.
1460 843 1484 858 v.
1504 832 1577 859 Fera.
1614 832 1656 858 ΙΙΙ.
1684 833 1749 860 Cn.
1781 831 1935 868 Quadrupe-

1093 873 1161 905 dem,
1181 884 1248 910 quae
1265 874 1397 910 pecudum
1415 885 1526 901 numero
1542 885 1595 901 non
1615 880 1664 907 est,
1683 875 1756 901 velut
1775 884 1872 905 canem.
1892 879 1936 900 aut

1093 917 1174 942 feram
1193 916 1312 949 bestiam,
1333 933 1365 936 —
1384 917 1529 944 vulnerare.
1557 917 1614 944 Gai.
1634 917 1675 944 III.
1695 919 1755 943 217.
1792 917 1873 943 Ferae
1893 916 1935 943 be-

1093 960 1168 991 stiae,
1188 969 1253 995 quas
1271 960 1379 986 vivariis
1399 960 1591 987 incluseriinus.
1611 960 1641 987 fr.
1660 962 1684 987 3.
1705 961 1726 994 3.
1748 962 1788 986 14.
1808 960 1841 986 de
1859 960 1891 986 A.
1910 969 1934 985 v.

1093 1002 1125 1028 A.
1146 1001 1174 1028 P.
1193 1004 1235 1029 41.
1254 1004 1279 1029 2.
1316 1002 1390 1039 Apes
1414 1003 1492 1029 ferae.
1518 1003 1548 1030 fr.
1573 1004 1615 1030 26.
1639 1014 1678 1040 pr.
1703 1003 1735 1029 de
1759 1003 1820 1030 furt.
1844 1004 1885 1028 47.
1910 1004 1926 1019 2

1093 1044 1192 1072 Natura
1211 1045 1266 1072 fera
1285 1046 1433 1082 (pavonum
1454 1047 1522 1078 ete.)
1547 1046 1577 1072 fr.
1597 1048 1621 1072 5.
1645 1047 1682 1080 33
1702 1048 1726 1072 2.
1746 1048 1771 1073 5.
1791 1056 1831 1082 sq.
1852 1045 1884 1072 de
1902 1045 1934 1071 A.

1069 1087 1123 1115 ·R.
1143 1088 1178 1115 D.
1202 1090 1244 1115 41.
1270 1090 1293 1114 l.
1322 1104 1354 1108 -—-
1383 1089 1414 1122 §.
1439 1090 1475 1115 2.
1500 1091 1634 1121 Saevus,
1656 1091 1853 1116 Sceleratus.
1890 1087 1934 1114 III.

1094 1133 1159 1159 011.
1179 1131 1209 1158 In
1228 1131 1324 1168 quibus
1345 1133 1399 1165 (sc.
1419 1131 1590 1167 regionibus)
1614 1131 1680 1162 fera,
1706 1137 1734 1158 et
1756 1130 1867 1168 periculi
1893 1131 1935 1157 sui

1091 1175 1189 1205 nescia,
1209 1174 1340 1201 latronum
1360 1174 1443 1201 fervet
1462 1175 1570 1200 insania.
1597 1173 1646 1201 Th.
1667 1174 1696 1200 C.
1717 1174 1735 1201 l.
1757 1176 1796 1200 ll.
1817 1184 1838 1200 8.
1857 1175 1881 1200 3.
1902 1173 1934 1200 de

1093 1217 1193 1244 defens.
1215 1219 1286 1244 civit.

1911 1020 1934 1028 ι..

1127 1263 1277 1288 Fessus.
1315 1262 1514 1296 Fatigatns,
1536 1261 1705 1296 Defectus.
1743 1259 1864 1287 111οη.
1884 1259 1934 1285 Ae-

1091 1309 1144 1330 tate
1163 1303 1260 1330 fessus.
1280 1303 1310 1330 fr.
1330 1305 1354 1330 3.
1375 1303 1398 1329 fr
1425 1306 1449 1330 5.
1469 1303 1502 1329 (18
1520 1313 1553 1329 m.
1574 1313 1594 1329 8.
1615 1302 1702 1329 donat.
1722 1304 1766 1329 39.
1781 1304 1804 1328 6.
1841 1302 1934 1328 Diver-

1091 1349 1129 1373 sis
1148 1347 1214 1373 fessi
1232 1346 1414 1373 incommodis.
1438 1345 1505 1372 Νῦν.
1526 1344 1583 1372 Val.
1603 1345 1645 1371 ΙΙΙ.
1670 1345 1702 1372 de
1721 1345 1820 1381 indulg.
1840 1344 1933 1381 reliqu.

1091 1390 1120 1417 ΙΙ.
1148 1392 1170 1417 1.
1197 1400 1217 1416 8.
1241 1391 1265 1416 3.
1291 1389 1313 1423 3.
1338 1391 1360 1415 1.
1398 1388 1495 1415 Fessae
1519 1388 1720 1426 provincialium
1746 1404 1778 1408 -
1802 1388 1932 1414 fortunae.

1068 1439 1069 1443 ¹
1090 1432 1158 1459 Nov.
1178 1432 1312 1459 Maiorian.
1333 1431 1390 1458 eod.
1411 1433 1450 1458 tit.
1471 1431 1516 1458 IV.
1535 1434 1560 1458 3.
1581 1442 1602 1458 8.
1624 1433 1646 1458 1.
1667 1441 1706 1468 pr.

1125 1476 1340 1504 Festinato.
1377 1477 1578 1509 Pruperare,
1604 1476 1852 1508 Praecipitare.
1889 1473 1932 1499 111.

1067 1519 1068 1528 ¹
1090 1521 1159 1547 Gn.
1178 1518 1238 1545 Nou
1258 1519 1350 1555 utique
1369 1534 1401 1537 —
1421 1517 1546 1544 festinare
1571 1517 1663 1548 debet.
1684 1527 1732 1542 nec
1751 1526 1843 1543 rursus
1863 1521 1934 1543 utro-

1089 1573 1141 1599 que
1160 1567 1204 1588 aut
1223 1561 1306 1587 altero
1326 1566 1466 1587 contentus
1486 1570 1554 1586 esse.
1580 1560 1610 1586 fr.
1632 1562 1688 1586 1537.
1708 1560 1729 1593 3.
1749 1561 1773 1586 3,
1795 1559 1827 1586 (18
1846 1558 1877 1586 V.
1899 1559 1932 1585 Ο.

1089 1608 1130 1632 45.
1152 1607 1174 1631 1.
1211 1605 1304 1631 Emtor
1327 1604 1474 1636 festinavit,
1499 1608 1525 1629 et
1547 1604 1661 1640 pretium
1685 1603 1837 1629 numeravit.
1857 1601 1888 1628 fr.
1908 1603 1932 1628 4.

1089 1649 1110 1683 3.
1131 1650 1155 1675 4.
1176 1648 1208 1674 de
1228 1657 1340 1673 manum.
1364 1649 1406 1673 40.
1427 1649 1450 1673 1.
1496 1646 1625 1673 Heredem
1645 1651 1670 1672 te
1690 1656 1742 1671 non
1761 1646 1871 1682 scripsi,
1897 1644 1932 1671 fe-

1090 1692 1192 1718 stinans
1212 1701 1260 1727 per
1279 1690 1465 1716 infirmitatem.
1486 1689 1516 1715 fr.
1536 1690 1579 1715 61.
1601 1688 1633 1714 ad
1653 1688 1680 1714 S.
1701 1688 1732 1715 C.
1753 1688 1832 1714 Treb.
1851 1689 1931 1714 36.1.

1089 1734 1122 1760 cf.
1142 1734 1172 1760 fr.
1193 1735 1216 1759 6.
1237 1732 1270 1759 de
1289 1743 1348 1769 app.
1369 1737 1393 1757 et
1413 1731 1486 1758 relat.
1506 1733 1585 1758 49.1.
1624 1731 1759 1757 festinare
1779 1731 1811 1757 ad
1831 1730 1932 1763 (decer-

1088 1776 1216 1806 nendum,
1240 1785 1265 1802 v.
1290 1775 1472 1807 sententiam.)
1504 1774 1534 1800 fr.
1556 1776 1596 1800 15.
1621 1774 1642 1807 3.
1662 1776 1703 1800 22.
1729 1774 1761 1800 de
1781 1774 1865 1800 damn.
1885 1773 1931 1800 iuf.

1087 1820 1130 1845 39.
1149 1820 1174 1845 2.
1199 1818 1230 1844 fr.
1250 1820 1274 1844 5.
1301 1818 1323 1851 3
1343 1819 1385 1843 21.
1411 1822 1440 1843 ut
1462 1818 1489 1844 in
1513 1827 1586 1854 poss.
1606 1816 1682 1852 legat.
1702 1818 1744 1843 36.
1764 1819 1788 1843 4.
1827 1817 1880 1852 Qui
1901 1833 1932 1837 —

1088 1861 1120 1888 ad
1134 1866 1251 1888 nostram
1265 1860 1430 1887 clementiam
1442 1870 1584 1897 properare
1597 1859 1730 1886 festinant.
1752 1859 1801 1886 Th.
1817 1859 1848 1887 C.
1862 1858 1931 1886 VIII.

1064 1918 1066 1927 ι
1087 1907 1110 1930 5.
1132 1915 1153 1930 8.
1173 1905 1215 1930 57.
1236 1903 1268 1929 (18
1287 1913 1366 1929 cursu
1385 1903 1446 1940 pub.

1123 1946 1350 1974 Festinatio.
1386 1948 1596 1980 Properatio.
1616 1945 1646 1971 Il.
1659 1947 1727 1979 Op.
1746 1944 1877 1981 Praeceps
1897 1944 1931 1971 fe-

1087 1990 1202 2016 stinatio.
1224 2005 1256 2009 —-
1275 1989 1416 2015 Moratoria
1442 1989 1580 2014 cunctatio.
1606 1987 1636 2014 fr.
1662 1990 1685 2014 7.
1710 1988 1732 2021 3
1760 1990 1781 2014 1.
1807 1987 1839 2014 de
1864 1987 1930 2014 adm.

1091 2038 1116 2059 et
1134 2043 1190 2070 per.
1209 2033 1251 2058 26.
1272 2033 1295 2058 7.
1315 2031 1346 2058 fr.
1368 2033 1407 2057 13.
1428 2031 1449 2064 3
1470 2033 1493 2057 7.
1518 2031 1550 2057 de
1569 2032 1625 2057 iure
1644 2031 1710 2057 11581.
1730 2032 1771 2057 49.
1794 2032 1833 2056 14.
1870 2030 1931 2057 Xon

1087 2086 1189 2113 poenae
1208 2075 1385 2106 festinatione,
1406 2073 1454 2100 sed
1473 2073 1660 2111 praeveniendi
1675 2073 1786 2111 periculi
1801 2083 1885 2100 causa.
1900 2073 1929 2100 fr.

1087 2120 1110 2145 6.
1131 2119 1152 2152 3.
1173 2119 1197 2144 9.
1218 2117 1249 2144 de
1268 2119 1359 2144 iniust.
1379 2122 1448 2154 rupt.
1468 2119 1510 2143 28.
1529 2118 1553 2143 3.

1122 2161 1312 2188 Festinus.
1350 2159 1480 2193 (Adiect.)
1518 2162 1686 2193 Praeceps.
1723 2158 1765 2185 III.
1791 2161 1857 2187 Gn.
1881 2159 1929 2186 Fe-

1064 2216 1065 2228 1
1087 2205 1155 2230 511113
1177 2203 1321 2240 cupiditate
1340 2204 1453 2229 transire
1480 2202 1642 2235 (caeteros)
1667 2201 1716 2228 Th.
1737 2201 1767 2229 C.
1787 2201 1843 2228 Vll.
1865 2204 1886 2228 1.
1907 2212 1928 2228 8.

1088 2249 1110 2273 7.
1131 2247 1163 2273 de.
1182 2246 1213 2273 R.
1234 2246 1268 2273 M.
1288 2245 1395 2272 Festina
1420 2245 1552 2272 celeritate
1577 2244 1679 2271 deduci.
1716 2244 1754 2271 lb.
1773 2244 1843 2271 XVI.
1863 2247 1886 2271 5.
1907 2255 1927 2270 8.

1088 2291 1129 2316 53.
1150 2289 1182 2316 (18
1202 2289 1326 2315 haeretic.

1122 2332 1342 2360 Festivitas.
1365 2333 1478 2362 Actus,
1501 2341 1520 2357 υ.
1541 2331 1632 2362 Dies,
1653 2332 1812 2356 solemnis.
1833 2329 1851 2354 I.
1865 2329 1927 2362 Sy.

1087 2375 1256 2402 Solemnitas.
1276 2374 1313 2400 lh.
1324 2373 1382 2400 XV.
1393 2377 1416 2399 5.
1429 2384 1449 2399 c.
1462 2375 1485 2399 2.
1513 2395 1518 2398 .
1529 2375 1553 2399 2.
1564 2383 1584 2399 c.
1596 2374 1619 2399 3.
1634 2372 1666 2399 de
1677 2377 1789 2409 spectac.
1811 2370 1928 2397 Celebri-

1087 2423 1126 2444 tas
1140 2418 1323 2454 (nuptiarum.)
1344 2427 1365 2442 c.
1379 2418 1421 2442 22.
1442 2426 1462 2442 c.
1476 2417 1517 2442 24.
1539 2415 1570 2442 de
1583 2420 1656 2452 nupt.
1676 2417 1699 2441 5.
1710 2416 1733 2440 4.
1753 2414 1869 2441 111011.
1880 2413 1928 2440 So-

1088 2460 1188 2487 lemnes
1208 2460 1375 2489 festivitates.
1396 2464 1421 2485 et
1440 2463 1540 2490 coetus.
1559 2458 1601 2485 vel
1621 2458 1799 2484 salutationes.
1825 2455 1874 2482 Th.
1895 2456 1926 2483 C.

1086 2503 1130 2529 VI.
1150 2506 1174 2529 ὅ.
1195 2513 1216 2529 8.
1238 2504 1260 2528 1.
1287 2502 1320 2528 (18
1339 2502 1430 2538 Praep.
1456 2501 1483 2528 S.
1508 2501 1590 2528 cubic.
1632 2500 1756 2526 Intersint
1781 2498 1927 2531 festivitati,

1087 2550 1113 2572 et
1132 2545 1333 2571 oblectamentis
1358 2545 1473 2571 favorem
1497 2544 1601 2571 eliciant
1619 2541 1784 2579 populorum.
1809 2541 1846 2567 Ib.
1864 2541 1925 2568 XV.

1086 2590 1110 2615 9.
1132 2598 1153 2614 8.
1173 2590 1196 2614 2.
1224 2587 1256 2614 (18
1279 2597 1387 2624 expenS.
1412 2586 1466 2614 lud.
1506 2586 1598 2613 Votiva
1628 2584 1779 2610 festivitatis
1803 2584 1926 2611 solemni-

1085 2636 1132 2657 tas.
1170 2631 1207 2657 lb.
1229 2630 1246 2656 l.
1266 2630 1283 2657 l.
1303 2630 1391 2657 Iudaei
1415 2630 1528 2667 quodam
1551 2628 1702 2654 festivitatis
1725 2637 1794 2654 suae.
1812 2626 1924 2654 solemni

1083 2675 1174 2700 Anian.
1194 2673 1232 2699 lb.
1251 2673 1322 2700 XVI.
1342 2676 1366 2700 8.
1387 2683 1409 2699 8.
1429 2675 1469 2699 18.
1489 2671 1521 2697 (18
1540 2670 1594 2696 111(1.

1118 2718 1294 2744 Festuea.
1336 2718 1446 2751 Virga.
1484 2714 1502 2740 Ι.
1523 2715 1584 2747 Sy.
1604 2712 1733 2739 Vindicta.
1754 2712 1810 2739 Gai.
1822 2712 1866 2739 IV.
1883 2714 1922 2738 16.

1082 2758 1124 2785 III.
1149 2760 1215 2786 Cn.
1248 2759 1301 2794 Qui
1320 2757 1481 2788 vindicabat,
1506 2756 1632 2783 festucam
1652 2755 1765 2782 tenebat.
1786 2772 1818 2775 —
1837 2755 1920 2782 Simul

1086 2802 1189 2828 homini
1208 2802 1335 2828 festucam
1360 2799 1517 2837 imponebat.
1539 2816 1570 2819 —
1590 2798 1701 2825 Festuca
1721 2804 1805 2825 autem
1824 2798 1918 2824 uteban
