2197 3121
278 174 337 204 161

277 255 323 282 lite
342 256 439 291 gessit,
459 271 491 274 —
511 255 552 282 vel
572 255 638 282 salso
659 255 801 292 diplomate
822 256 876 281 vias
897 255 1058 281 commeavit.
1087 254 1118 280 fr.

277 300 318 324 27.
339 299 360 332 3.
381 301 405 324 2.
426 298 458 324 de
472 298 501 324 L.
514 299 576 325 (Tor.
592 298 623 325 de
638 298 694 324 sals.
715 300 755 325 48.
773 300 811 324 10.
832 314 864 317 -—
884 298 915 331 §.
930 299 965 324 2.
987 299 1118 332 Dirigi,
1140 313 1142 339 ξ

281 343 489 368 Trausmitei.
531 341 549 368 1.
577 342 636 376 Sy.
670 341 747 368 mitti.
777 340 826 367 Th.
846 340 877 367 C.
898 341 931 367 X.
951 344 975 366 ὅ.
996 351 1017 366 c.
1038 342 1062 366 2.
1087 339 1120 366 de
1140 348 1142 364 ι

277 384 338 410 bon.
364 394 418 410 vac.
466 384 508 410 111.
535 386 599 412 (ἠ.
636 385 736 411 ssrevcs
761 385 876 411 onmium
900 384 1063 419 negotiorum
1087 383 1118 409 ab

277 427 366 452 oflicio
391 432 436 453 tuo
461 426 587 464 descripti
612 432 757 454 commeent
782 427 814 454 ad
838 428 933 453 scrinia
958 431 1007 452 etc.
1038 425 1074 452 1b.
1100 425 1117 452 Ῑ.
1140 452 1141 463 ¹

278 471 317 495 16.
338 480 358 496 c.
378 471 402 496 3.
424 470 535 503 (uu-k.)
556 470 588 496 de
608 470 651 496 oss.
672 470 746 497 Rvet.
768 470 809 497 l'r.
847 470 897 496 Per
916 478 1028 506 quorum
1047 478 1119 505 prae·
1140 466 1141 473 ¹

276 512 317 538 dia
338 512 432 539 ductus
454 518 588 539 commeat.
618 513 654 539 11).
674 513 732 540 XV.
752 515 777 540 2.
798 525 818 540 c.
840 516 861 539 1.
883 513 915 539 de
935 511 1044 549 aquaed.

311 555 591 583 Comlueatnlis.
617 555 747 589 (Adiect.)
781 559 965 583 (Jonzmeatu
983 557 1118 590 praedi·

275 605 334 625 tus.
376 599 393 625 1.
418 600 479 632 Sy.
517 598 566 625 Per
589 605 748 626 conum-atus
773 600 882 626 dimissi.
926 597 1118 625 (Jonnneatales

275 643 346 675 (viri.
366 652 386 668 S.
407 642 525 672 milites).
546 652 567 668 c.
587 644 611 669 2.
632 642 653 676 3.
668 645 691 669 9.
713 642 744 669 d.-
764 643 807 669 off.
829 642 879 668 Prl'.
900 642 942 668 Pr.
962 641 1018 668 Asr.
1039 643 1061 668 l.
1076 643 1118 667 27.

275 695 296 711 c.
319 687 357 711 16.
378 685 415 718 33.
435 688 460 712 2.
481 695 539 722 sqq.
559 685 591 711 de
611 696 680 720 erog.
701 686 752 712 mil.
773 695 867 711 annon.
890 687 928 711 12.
948 686 990 711 38.

310 728 564 756 Couumeatus.
603 729 731 761 (Subst.)
779 729 809 762 §-
836 729 870 754 l.
908 729 1008 754 Actus
1039 738 1119 754 com-

274 773 415 803 meandi,
451 772 634 798 Transitus.
684 771 726 798 111.
753 773 818 800 (Ὶιι.
852 771 881 797 Si
911 772 969 797 viae
996 768 1141 807 publicae*

274 818 393 839 exemtus
413 819 572 840 commeatus
592 815 635 840 sit.
655 814 697 841 vel
717 816 758 841 via
778 819 916 841 coarctata.
941 814 971 840 sr.
990 816 1014 841 2.
1035 815 1056 848 3.
1076 816 1117 840 25.
1140 813 1141 843 J

274 866 305 881 ne
325 866 368 892 qu.
389 857 414 882 in
434 856 493 883 loco
514 857 575 894 pub.
596 859 636 884 43.
656 861 680 883 ὅ.
707 874 739 877 -—
766 859 797 890 §0
822 859 857 884 2.
889 860 958 889 Ius,
979 867 1000 884 v.
1023 858 1118 893 Offi-

272 901 371 931 cium,
391 902 528 926 abeundi
546 911 566 925 s.
585 903 836 936 proficiscendi,
857 901 875 927 1.
888 902 949 935 Sy.
970 900 1021 926 Ybi
1037 900 1118 926 velint
1140 912 1141 930 ς

274 943 463 970 commorandi.
493 943 641 971 arbitrium.
669 942 794 969 Liberum
823 949 993 970 commeatum
1022 945 1141 980 (impe-1

274 988 368 1017 trare).
402 986 431 1012 sr.
451 989 492 1012 22.
518 987 539 1020 3.
559 988 584 1013 6.
608 986 641 1013 ad
659 988 754 1013 munic.
775 989 816 1013 50,
838 989 860 1013 1.
897 986 939 1013 III.
962 988 1028 1014 (ἠ.
1057 986 1118 1013 Cui·
1140 984 1141 1006 l

273 1038 351 1064 quam
371 1028 403 1054 de
422 1028 551 1055 militibus
570 1040 584 1055 a
604 1031 697 1056 castris
722 1034 800 1066 atque
824 1041 837 1056 a
861 1031 943 1065 signis
963 1029 1117 1055 discedendi

273 1076 444 1101 commeatum
464 1071 533 1099 dare.
564 1072 614 1098 Th.
635 1073 666 1099 C.
687 1072 742 1099 VII.
769 1075 808 1099 12.
836 1083 856 1099 c.
878 1075 900 1099 1.
925 1072 958 1099 de
982 1077 1116 1099 commeat.
1139 1075 1141 1103 J

273 1114 304 1139 cl'.
325 1113 355 1140 sr.
378 1116 417 1140 12.
443 1114 508 1148 3.1.
534 1115 567 1141 de
585 1115 617 1142 R.
638 1115 671 1142 M.
692 1117 733 1142 49.
755 1118 794 1142 16.
831 1116 870 1148 Is,
898 1116 942 1152 qui
962 1114 1030 1141 ultra
1050 1125 1118 1141 com-
1139 1110 1140 1138 l

273 1161 386 1183 meatum
406 1157 489 1188 abest,
509 1158 551 1184 vel
572 1158 639 1185 ultra
659 1159 767 1185 sormam
786 1159 940 1185 commeatui
960 1158 1053 1184 datam.
1086 1158 1116 1184 fr.

270 1201 294 1226 2.
315 1201 336 1234 3.
357 1202 381 1227 6.
402 1200 434 1227 ad
453 1202 548 1227 munic.
569 1203 609 1228 50.
631 1204 653 1228 l.
683 1202 714 1228 cl'.
730 1202 779 1228 Th.
795 1201 826 1228 C.
846 1201 893 1228 1.1.
914 1212 935 1227 c.
949 1204 973 1227 2.
988 1212 1028 1238 sq.
1056 1201 1117 1228 Evi-
1139 1215 1140 1223 ι

272 1244 332 1269 tatis
357 1245 510 1280 provinciae
535 1255 597 1271 snae
620 1245 730 1277 linibus.
755 1261 788 1264 —
811 1246 965 1282 peregrinos
992 1250 1117 1282 expetere
1138 1256 1139 1274 l

272 1292 440 1313 commeatus.
469 1287 506 1314 lb.
526 1288 582 1314 XII.
605 1290 626 1314 1.
646 1299 667 1314 c.
690 1290 746 1315 161.
767 1288 799 1314 de
819 1288 953 1314 decurion.
974 1304 1006 1308 -—
1026 1289 1057 1322 ἕ.
1078 1290 1115 1315 3.
1138 1291 1139 1295 ’

272 1331 443 1361 Men-ium,
468 1333 516 1357 vel
539 1342 697 1359 annonae.
723 1334 877 1359 advectio.
915 1331 958 1357 111.
979 1332 1045 1359 Gn.
1076 1331 1116 1357 Ne
1138 1335 1139 1357 i

270 1373 354 1398 rarior
373 1374 407 1399 sit
427 1373 589 1400 diversarum
610 1375 734 1400 mercium
753 1379 922 1401 commeatus.
951 1374 988 1400 lb.
1003 1373 1059 1400 Vll.
1075 1376 1115 1401 16.

272 1426 292 1441 c..
316 1417 336 1441 l.
359 1415 390 1441 (1(-
410 1416 479 1443 litor.
500 1422 525 1443 et
549 1418 604 1443 itin.
625 1422 692 1443 cust.
731 1416 849 1444 Cuiusve
873 1428 953 1455 opera
973 1417 997 1444 d.
1016 1428 1050 1444 m.
1071 1417 1116 1444 ho-

271 1463 326 1484 stes
340 1458 367 1485 P.
383 1458 413 1485 R.
428 1465 581 1489 commeatu.
596 1461 683 1489 armis.
698 1460 767 1488 telis.
788 1462 872 1498 equis,
892 1461 1012 1498 pecunia⁷
1033 1460 1116 1487 aliave

271 1512 321 1538 qua
341 1512 368 1528 re
388 1502 470 1529 adiuti
490 1508 573 1529 erunt.
607 1502 636 1530 sr.
656 1506 680 1531 4.
706 1504 738 1530 ad
756 1503 786 1530 L.
807 1504 855 1530 lul.
874 1505 933 1530 mai.
954 1506 995 1530 45.
1015 1505 1039 1530 4.
1076 1504 1116 1530 In-
1137 1518 1138 1521 ¹

271 1544 360 1572 dictio.
381 1556 447 1582 quae
466 1556 563 1572 novun]
583 1546 669 1573 denuo
689 1557 807 1573 annonae
826 1547 1014 1574 commeatibus
1028 1549 1116 1584 poscit
1137 1561 1139 1576 t

271 1587 435 1624 obsequium.
465 1588 514 1615 Tb.
530 1589 560 1616 C.
580 1590 625 1616 XI.
648 1592 669 1616 1.
691 1601 712 1616 c.
735 1593 773 1616 ls.
804 1590 836 1617 de
855 1601 949 1616 annon.
975 1595 1000 1616 et
1021 1590 1111 1616 tribut.

270 1630 392 1657 Maritimi
412 1638 580 1659 connneatuS.
609 1633 685 1659 Onus
699 1634 862 1660 frumentarii
877 1643 968 1660 comm.
992 1633 1114 1659 Ib.X111.
1137 1658 1138 1662 ,

270 1675 293 1699 5.
315 1684 336 1700 e.
357 1676 380 1700 Τ.
401 1685 422 1701 c.
441 1676 483 1701 32.
504 1675 536 1701 de
555 1675 667 1702 navic-ui.

306 1717 626 1746 Commemorare.
665 1720 861 1751 Declarare,
893 1720 1059 1755 Definire.
1096 1720 1114 1747 Ι.
1137 1715 1138 1745 ἶ

270 1760 332 1794 Sy.
361 1760 512 1788 Memorare.
541 1761 625 1788 Vatic.
646 1762 683 1796 33.
698 1764 739 1788 35.
754 1764 795 1788 41.
833 1762 991 1795 Condicere,
1010 1763 1114 1790 Dicere.
1136 1761 1138 1795 ζ

271 1802 302 1828 fr.
323 1804 364 1829 66.
384 1814 423 1841 pr.
449 1805 515 1838 3.1.
542 1805 574 1831 de
598 1810 681 1831 contr.
703 1810 762 1831 emt.
788 1807 828 1832 13.
850 1807 873 1831 l.
905 1805 935 1831 fr.
956 1808 978 1832 l.
1004 1806 1034 1832 fr.
1056 1808 1113 1833 101.
1136 1822 1137 1832 l

271 1845 292 1878 3.
316 1848 336 1872 l.
357 1846 389 1872 de
409 1847 488 1874 solut.
513 1850 554 1874 46.
573 1850 597 1875 3.
640 1848 805 1885 Proponere.
830 1848 973 1885 Adlegare.
997 1849 1115 1876 Adseve-

459 1901 480 1917 c.
500 1893 523 1918 9.
548 1902 588 1928 sq.
614 1903 634 1918 c.
658 1894 696 1918 15.
726 1902 746 1918 e.
767 1894 808 1918 23.
835 1892 866 1918 de
891 1892 993 1929 probat.
1022 1894 1046 1919 4.
1072 1895 1112 1919 19.

271 1930 313 1957 111.
333 1933 399 1959 (711.
428 1933 549 1960 Breviter
568 1944 770 1961 commemorare
789 1945 899 1961 necesse
918 1940 959 1961 est
978 1940 1026 1961 etc.
1046 1935 1076 1962 fr.
1091 1938 1112 1962 1.

272 1984 310 2011 pr.
335 1974 367 2001 de
387 1976 430 2002 off.
452 1976 503 2003 1’1-1'.
524 1977 564 2003 Pr.
592 1979 612 2003 l.
635 1979 675 2003 ll.
717 1977 785 2003 Cum
812 1977 917 2004 debitor
936 1978 1017 2004 solvit
1036 1989 1113 2015 pecu-

272 2018 352 2049 niam,
378 2020 403 2045 in
428 2024 560 2056 potestate
584 2021 640 2046 eius
664 2030 724 2046 esse
747 2030 964 2053 commemorare,
989 2022 1016 2047 in
1036 2032 1112 2058 quam

272 2071 374 2087 eausam
394 2062 517 2089 solveret.
538 2062 568 2089 fr.
590 2064 647 2089 101.
667 2064 689 2097 3.
710 2065 732 2089 l.
753 2062 786 2089 de
805 2063 884 2090 solut.
904 2065 946 2089 46.
965 2065 990 2090 3.

308 2105 635 2133 Commemoratio.
673 2106 704 2139 §-
728 2107 762 2132 l.
792 2108 960 2139 Elocntio,
980 2109 1113 2143 Profes-
1134 2097 1136 2119 ¹*

371 2148 389 2174 1.
413 2150 476 2183 Sy.
505 2149 661 2185 ConceptiO.
693 2149 724 2175 sr.
743 2151 784 2175 56.
814 2149 863 2175 sol.
888 2150 998 2176 matrim.
1027 2152 1068 2176 24.
1088 2152 1112 2176 3.
1135 2162 1136 2187 j

272 2190 314 2216 111.
332 2191 397 2217 Cn.
425 2192 646 2218 Commemoratio
667 2193 692 2218 in
707 2192 881 2229 chirographo
895 2194 1067 2229 pecuniarum
1080 2209 1113 2213 -—
1134 2200 1136 2225 ξ

273 2233 347 2259 l'acta.
376 2234 467 2261 11:31.
493 2235 524 2261 de
548 2235 661 2272 probatt.
687 2238 729 2262 22.
753 2237 776 2261 3.
807 2236 838 2261 cl'.
864 2235 895 2261 t'r.
920 2238 961 2261 26.
986 2237 1008 2269 3.
1030 2238 1052 2262 1.
1081 2236 1113 2263 de

273 2277 374 2313 pignor.
394 2278 435 2303 20.
459 2279 478 2303 1.
516 2277 551 2304 U
576 2280 788 2305 commemoratio
813 2283 960 2315 temporum
980 2281 1114 2316 repetitio-

274 2320 313 2345 nis
333 2324 490 2356 potestatem
510 2321 610 2349 babeat,
641 2322 670 2348 sr.
690 2324 714 2348 2.
735 2322 756 2356 3.
779 2324 800 2348 l.
825 2322 876 2357 Qu.
897 2321 965 2348 mod.
987 2321 1069 2348 usust.
1090 2324 1113 2348 7.

279 2364 296 2389 1.
333 2362 452 2389 Eductus
476 2364 544 2400 apud
568 2369 623 2390 acta
647 2364 773 2392 audiatur.
811 2365 847 2391 Ita
873 2366 940 2391 enim
964 2366 1039 2401 quasi
1064 2365 1113 2391 sub
1135 2363 1137 2373 '

273 2405 380 2442 publico
401 2407 549 2432 testimonio
570 2409 781 2434 eoimnenioratio
801 2408 909 2434 admissi
929 2409 1045 2434 criminis
1060 2408 1113 2435 liet.

274 2448 324 2475 Tb.
339 2449 428 2475 C.1X.
448 2450 472 2475 3.
487 2460 508 2475 c.
522 2452 546 2476 2.
567 2450 599 2476 de
619 2455 683 2477 cust.
697 2461 765 2478 reor.
785 2467 818 2470 —
837 2451 868 2484 §.
883 2452 918 2477 2·
938 2452 1113 2485 Exceptio,
1134 2443 1136 2484 l

273 2493 467 2519 Excusatio.
505 2491 523 2519 l.
541 2494 602 2527 Sy.
632 2494 766 2520 Obtentus
785 2494 974 2531 (proximitatis
994 2494 1064 2527 eto).
1091 2504 1112 2520 c.

273 2536 314 2560 3-1.
335 2535 367 2561 ad
385 2534 414 2562 L.
435 2535 481 2562 lul.
502 2535 534 2562 de
553 2535 634 2562 adult.
653 2538 677 2563 9.
697 2538 720 2563 9.

311 2578 598 2606 Commendare.
640 2580 670 2611 §-
696 2580 730 2606 1.
766 2581 986 2611 communiere,
1021 2581 1112 2606 Man-

274 2622 351 2646 durc
372 2624 557 2650 (custodiae
576 2623 743 2651 alterins).
781 2622 798 2648 1.
813 2624 874 2656 Sy.
895 2622 1019 2649 Tradere.
1040 2622 1112 2649 Paul.

275 2663 293 2689 1.
312 2664 353 2688 21.
373 2664 410 2696 33.
432 2666 453 2689 1.
474 2666 497 2690 4.
517 2666 541 2690 9.
578 2664 719 2701 Deponerc
738 2665 834 2697 (rem).
865 2665 934 2691 Paul.
955 2665 971 2692 l.
992 2665 1008 2692 l.
1029 2666 1061 2692 cf.
1081 2665 1111 2692 11.

277 2708 316 2732 12.
335 2706 372 2739 33.
392 2709 416 2731 2.
437 2716 494 2742 sqq.
515 2707 544 2733 sr.
564 2710 605 2734 24.
627 2707 717 2745 depos.
741 2709 778 2734 16.
798 2709 822 2733 3.
850 2708 879 2733 l'r.
902 2710 959 2735 1⁸6.
980 2708 1012 2734 de
1032 2708 1063 2735 V.
1084 2709 1111 2735 S.
1134 2725 1135 2732 η

275 2751 316 2775 50.
337 2750 376 2775 16.
418 2748 459 2774 111.
482 2751 547 2776 (ln.
584 2750 612 2776 Si
637 2750 700 2787 quid
726 2750 758 2776 ad
781 2760 877 2786 corpus
902 2751 1112 2781 custodiendum.

276 2792 316 2817 vel
336 2792 413 2817 etiam
432 2792 673 2824 connnendandum,
692 2793 789 2819 factum
812 2794 854 2819 sit.
875 2793 904 2819 l'r.
927 2795 965 2819 14.
990 2795 1011 2827 3.
1031 2796 1054 2820 4.
1080 2794 1112 2821 dc

275 2835 347 2871 relig.
377 2835 416 2860 11.
441 2836 463 2860 7.
506 2835 573 2861 Cum
596 2837 822 2872 proficisceretur,
847 2852 878 2856 -—
903 2846 987 2862 arcam
1013 2836 1111 2863 elusam

271 1898 336 1914 rare.
369 1900 389 1915 c.
409 1892 433 1916 2.

272 2149 327 2173 sin.

1140 509 1141 513 Ἰ
1164 512 1196 538 de
1217 512 1281 538 Avd.
1303 512 1380 539 edict.
1406 515 1447 539 21.
1474 515 1496 539 1.

1140 1064 1141 1068 ’
1163 1073 1184 1106 55.
1206 1074 1230 1099 4.
1251 1072 1284 1099 de
1303 1072 1363 1098 furt.
1383 1074 1424 1098 47.
1444 1074 1468 1098 2.

1137 1592 1295 1616 Idaudum
1319 1597 1537 1624 comparatus.

1136 1834 1137 1849 l
1159 1852 1185 1874 et
1203 1847 1265 1884 Leg.
1291 1850 1314 1874 l.
1335 1849 1374 1874 16.

1085 171 1193 203 COM.

1164 264 1224 280 eum
1248 259 1322 280 veste
1347 259 1372 280 et
1396 255 1577 281 instrumentis
1603 256 1795 283 commendavit
1814 258 1844 284 C.
1859 257 1943 284 Seiae.
1976 258 2006 285 fr.

1163 299 1204 323 26.
1225 307 1264 334 pr.
1284 296 1316 323 cs.
1331 297 1361 323 t'r.
1375 299 1417 323 24.
1438 297 1529 335 depos.
1553 300 1591 325 16.
1605 300 1629 324 3.
1668 299 1700 331 1⁵.
1720 309 1802 336 penes
1822 311 1898 336 quem
1913 306 2007 328 utram-

1164 350 1214 376 que
1240 345 1340 376 partem
1366 343 1562 374 transactionis,
1586 342 1628 368 vel
1654 341 1717 368 alia.
1742 343 1914 370 iustrumenta
1939 355 2007 371 com-

1141 406 1142 413 .
1163 383 1302 409 mendasse
1322 383 1396 409 dicis.
1423 394 1444 410 c.
1464 386 1488 410 6.
1509 384 1566 411 eod.
1586 387 1609 411 4.
1629 386 1671 411 3-1.
1698 401 1730 404 -
1755 386 1785 419 §.
1808 387 1842 412 2.
1864 388 2006 414 Benevo-

1701 428 1719 454 Ι.
1746 430 1808 462 Sy.
1846 428 1888 455 Ad
1911 429 2007 456 nudam

1164 468 1281 501 laudem,
1314 469 1522 496 Commendandi
1551 480 1641 498 eausa.
1675 471 1804 503 (dicere).
1837 471 1866 498 fr.
1897 474 1937 498 19.
1965 482 2006 509 pr.

1543 513 1586 540 111.
1611 516 1676 542 Cn.
1709 514 1789 549 Quod
1812 514 1948 546 venditor,
1978 520 2006 542 ut

1164 555 1341 588 commendet⁷
1363 556 1433 582 dicit.
1454 571 1486 575 —
1506 555 1535 582 Si
1554 566 1617 583 vero
1635 556 1785 594 decipiendi
1804 559 1912 584 cmtoris
1929 567 2006 584 causa

1164 598 1261 625 dictum
1282 603 1330 625 est.
1359 598 1390 625 t'r.
1409 600 1451 624 37.
1472 598 1504 625 de
1525 598 1549 625 d.
1568 609 1601 625 m.
1622 601 1645 626 4.
1664 602 1688 626 3.
1709 600 1739 626 sr.
1754 602 1794 626 43.
1816 611 1855 637 pr.
1875 600 1908 627 de
1922 606 2006 628 contr.

1164 647 1224 668 emt.
1246 644 1285 668 18.
1307 643 1329 668 1.
1368 641 1448 677 Quod
1467 643 1489 668 si
1509 643 1568 678 quis
1587 652 1691 669 servum
1711 653 1786 669 suum
1806 659 1838 662 —
1859 654 1906 670 sua
1926 643 2005 670 domo

1163 685 1270 722 publice
1290 686 1404 715 eiecerit.
1424 695 1509 720 neque
1528 686 1586 722 ipse.
1605 696 1663 712 eum
1682 696 1837 723 procurans,
1857 697 1942 723 neque
1962 686 2007 714 alii

1164 739 1222 755 eum
1242 728 1435 755 commendans.
1457 738 1478 754 c.
1494 730 1516 754 l.
1537 728 1559 762 3.
1579 730 1603 754 3.
1624 728 1656 754 de.
1675 729 1730 755 Lat.
1752 729 1838 756 libert.
1860 731 1882 756 7.
1896 731 1920 756 6.
1948 728 2007 756 Pati

1164 772 1243 798 debet
1263 775 1312 805 (sc.
1332 770 1453 803 Procos.)
1473 771 1649 798 conuncudari
1669 772 1721 798 sibi
1740 773 1885 798 civitatem.
1905 771 2008 799 laudes·

1164 825 1215 851 que
1233 824 1294 840 suas
1315 825 1367 840 non
1386 819 1490 849 gravate
1510 814 1606 841 audire.
1626 814 1656 841 fr.
1673 817 1695 841 7.
1709 825 1749 852 pr.
1769 815 1801 842 de
1821 816 1864 842 off.
1885 814 1960 842 Proc.
1981 820 2008 842 et

1163 858 1224 894 Leg.
1247 860 1268 884 l.
1290 859 1329 884 16.
1368 857 1544 889 Commendo,
1570 863 1596 884 ut
1622 863 1647 884 et
1676 858 1813 884 vobiscum
1837 859 1903 886 sint.
1929 863 1955 884 et.
1973 874 2007 878 —

1163 906 1233 938 peto.
1263 900 1294 927 fr.
1314 903 1337 927 5.
1363 900 1395 927 de
1415 900 1483 926 alim.
1503 911 1527 927 v.
1549 901 1628 927 cibar.
1652 903 1694 927 34.
1718 903 1739 927 1.
1781 900 1855 937 Rogo
1875 906 1913 931 te.
1938 911 2007 928 com-

1163 943 1312 970 mendatum
1333 943 1429 969 habeas
1449 946 1498 969 etc.
1529 943 1559 970 fr.
1581 946 1621 971 12.
1648 945 1670 978 3.
1692 946 1732 970 12.
1757 944 1842 970 mand.
1864 946 1904 970 17.
1925 946 1948 970 l.
1974 944 2005 971 fr.

1162 989 1204 1013 41.
1230 987 1312 1020 315.
1344 986 1376 1013 de
1395 986 1480 1013 fidele.
1501 986 1565 1013 libb.
1593 989 1635 1013 40.
1655 989 1679 1013 5.
1722 986 1751 1013 Si
1778 992 1804 1013 tu
1825 986 2006 1014 Titium‘mihi

1163 1030 1402 1057 commendaveris.
1422 1031 1497 1066 qnasi
1516 1029 1652 1056 idoneum.
1676 1031 1718 1055 cui
1737 1029 1878 1056 crederem.
1910 1030 1942 1056 fr.
1962 1032 2004 1057 66.

1500 1089 1532 1092 —
1564 1073 1595 1106 ἓ.
1619 1074 1656 1099 3.
1684 1074 1840 1099 Probare.
1875 1073 1918 1100 111.
1939 1074 2006 1101 Gn·

1163 1115 1248 1142 Cuius
1277 1116 1426 1142 innocentia
1459 1115 1568 1152 liquidis
1598 1115 1800 1152 probationibus
1829 1116 2006 1143 commendari

1164 428 1300 453 lentiam
1327 433 1478 460 expetere
1505 429 1658 454 alicuius.

1139 1169 1140 1174 ¹
1162 1163 1251 1195 potest
1271 1170 1284 1185 a
1304 1163 1337 1185 te.
1372 1169 1393 1185 c.
1413 1160 1438 1184 2.
1463 1160 1514 1194 Qu.
1539 1163 1600 1185 test.
1619 1159 1666 1185 l'ac.
1686 1169 1712 1196 p.
1736 1160 1760 1185 6.
1785 1161 1826 1185 22.
1857 1170 1879 1186 c.
1904 1161 1927 1186 6.
1952 1160 2005 1195 Qu.

1162 1202 1237 1228 milit.
1258 1212 1331 1239 poss.
1358 1203 1398 1228 12.
1423 1203 1465 1228 34.
1506 1201 1549 1228 Ad
1573 1201 1804 1228 commendandam
1831 1202 1898 1229 banc
1922 1203 2005 1240 patris

1160 1245 1324 1271 voluntatem
1352 1261 1385 1264 —
1414 1244 1483 1281 apud
1506 1244 1657 1271 Praesidem
1685 1246 1799 1282 experiri
1823 1255 1876 1272 non
1898 1247 2004 1272 vetaris.

1162 1299 1183 1314 c.
1204 1289 1244 1314 16.
1269 1288 1302 1314 de
1321 1288 1477 1314 lidcicounu.
1503 1289 1527 1314 6.
1546 1290 1588 1314 42.
1632 1288 1660 1314 Si
1686 1288 1791 1324 quidem
1815 1293 1929 1315 tutorem
1952 1299 2005 1315 non

1162 1331 1315 1359 facultates.
1335 1347 1368 1351 —
1388 1331 1436 1357 sed
1460 1330 1553 1357 callida
1578 1332 1745 1357 conversatio
1765 1336 1918 1368 suspectum
1937 1342 2005 1359 com-

1161 1374 1275 1407 mendet.
1296 1374 1340 1408 [al.
1361 1374 1538 1407 condemnet}
1558 1373 1589 1400 fr.
1603 1375 1644 1400 31.
1664 1375 1686 1408 3.
1702 1376 1724 1401 l.
1745 1374 1777 1401 de
1796 1375 1850 1401 reb.
1870 1381 1937 1402 auct.
1951 1375 2004 1402 iud.

1138 1423 1139 1448 ζ
1161 1419 1202 1444 42.
1222 1420 1246 1444 5.

1285 1418 1338 1453 Qui
1358 1428 1462 1455 semper
1481 1417 1558 1443 nobis
1583 1427 1615 1443 ex
1634 1417 1703 1443 bona
1723 1419 1849 1455 opinione
1873 1423 1899 1445 et
1922 1418 2005 1455 gloria

1160 1470 1219 1487 sese
1239 1461 1439 1487 commendavit.
1460 1471 1481 1487 c.
1495 1463 1519 1487 2.
1539 1461 1561 1493 ξ’.
1575 1462 1599 1486 9.
1619 1459 1652 1487 de
1671 1465 1722 1487 vet.
1743 1462 1798 1487 iure
1819 1460 1903 1488 enucl.
1924 1463 1947 1488 l.
1963 1463 2004 1488 17.

1160 1503 1192 1530 cf.
1212 1515 1234 1530 c.
1254 1506 1278 1530 5.
1298 1503 1331 1530 de
1351 1504 1394 1530 011'.
1415 1514 1479 1540 mag.
1500 1503 1554 1530 mil.
1578 1505 1600 1529 l.
1620 1505 1662 1529 29.

1196 1547 1554 1574 sommendaticius.
1589 1546 1730 1579 (Adiect.)
1773 1548 1820 1573 Aa
1850 1557 2003 1574 commen-

1580 1589 1622 1616 111.
1649 1591 1714 1617 Gn.
1743 1589 1772 1616 Si
1792 1591 1901 1626 petieris
1921 1601 1934 1617 a
1953 1600 2003 1623 me.

1161 1634 1198 1659 uti
1218 1637 1243 1659 te
1263 1633 1340 1659 alicui
1360 1632 1578 1663 commendarem.
1599 1637 1624 1659 et
1644 1643 1686 1659 eas
1707 1632 1935 1660 commendaticias
1955 1633 2004 1660 tibi

1160 1677 1257 1702 misero
1276 1676 1386 1702 litteras.
1414 1676 1445 1703 fr.
1465 1678 1506 1702 65.
1526 1686 1565 1712 pr.
1586 1675 1618 1702 de
1636 1676 1667 1702 A.
1688 1675 1718 1701 R.
1739 1675 1773 1702 D.
1793 1677 1833 1701 41.
1856 1678 1878 1702 l.

1196 1719 1495 1746 Commendatio.
1524 1720 1697 1745 Laudatio.
1729 1718 1771 1744 ΙΙΙΔ
1793 1720 1858 1746 (7η.
1878 1719 2003 1746 Edictum

1159 1761 1239 1788 debet
1258 1764 1306 1795 (sc.
1327 1762 1448 1794 Procos.)
1474 1761 1506 1788 de
1532 1761 1646 1788 adventu
1666 1771 1714 1787 suo
1733 1762 1844 1793 mittere.
1865 1763 2003 1790 continens

1160 1805 1413 1832 commendationem
1432 1804 1545 1841 aliquam
1565 1805 1614 1831 sui.
1635 1804 1665 1831 fr.
1680 1806 1703 1830 4.
1724 1805 1746 1838 3.
1766 1806 1790 1831 3.
1811 1804 1844 1831 de
1863 1805 1907 1832 off.
1926 1805 2002 1832 Proc.

1417 1848 1590 1874 Necessitatis
1615 1847 1716 1884 laqueis
1743 1847 1879 1876 adstricti.
1901 1849 1928 1874 in
1952 1858 2002 1885 qua

1159 1891 1386 1918 commendatione
1414 1892 1520 1928 pietatis
1550 1891 1627 1917 etiam
1651 1891 1827 1917 detrectantes
1852 1890 2001 1917 adveniant.

1159 1933 1242 1960 Yatic.
1264 1934 1285 1968 3.
1305 1936 1364 1961 248.
1403 1934 1511 1961 Vtilitas
1531 1934 1608 1960 huius
1628 1933 1698 1960 tituli
1718 1944 1770 1960 non
1790 1939 1847 1969 eget
1873 1943 2002 1960 commen-

1158 1976 1275 2009 datione,
1295 1978 1353 2014 ipse
1373 1979 1441 2003 enim
1461 1988 1490 2004 sc
1509 1977 1633 2004 ostendit.
1654 1977 1684 2003 l'r.
1697 1979 1719 2003 1.
1739 1976 1772 2003 de
1790 1976 1807 2002 1.
1827 1976 1846 2002 Ι.
1864 1975 1896 2002 R.
1916 1977 1940 2003 4.
1961 1978 1983 2003 l.

1193 2021 1560 2047 Commendatorius.
1589 2019 1717 2053 (Adiect.)
1754 2018 1834 2045 Idem.
1871 2016 1920 2045 111?
1932 2021 2000 2047 cn.

1135 2084 1136 2092 .
1158 2062 1217 2089 Nisi
1239 2063 1340 2089 litteras
1359 2064 1490 2099 acceperit
1509 2064 1564 2095 (sc.
1585 2062 1744 2099 episcopus)
1764 2073 1776 2088 a
1796 2062 2000 2099 metropolitano

1158 2116 1206 2132 suo
1226 2105 1258 2132 ad
1276 2105 1475 2142 Imperatorem,
1502 2115 1566 2141 quas
1591 2104 1673 2131 divini
1698 2114 1812 2131 canones
1837 2105 2002 2132 connnenda-

1158 2150 1238 2175 turias
1258 2148 1399 2186 adpellant.
1429 2148 1520 2174 Iuliani
1541 2149 1602 2185 epit.
1623 2157 1682 2173 nov.
1703 2158 1724 2173 c.
1745 2149 1768 2173 6.
1789 2148 1810 2181 3.
1830 2150 1872 2174 26.

1193 2191 1569 2219 Colunlentariensis.
1607 2191 1637 2224 ᾗ.
1658 2192 1691 2217 l·
1721 2192 1873 2217 Actorum
1891 2194 2000 2225 publi-

1157 2246 1266 2262 corum
1285 2241 1444 2269 exa-emor.
1482 2234 1524 2260 Ill.
1541 2236 1606 2261 Cn.
1627 2234 1752 2259 Actorum
1772 2238 1890 2269 potestas
1910 2239 2001 2271 postu-

1159 2278 1235 2304 landa
1260 2282 1313 2309 est,
1339 2282 1367 2303 ut
1391 2278 1483 2303 merito
1508 2278 1540 2303 iis
1559 2278 1596 2303 uti
1620 2276 1710 2304 liceat.
1735 2286 1816 2312 eaque
1835 2287 1913 2303 manu
1932 2287 2000 2304 com-

1159 2321 1342 2347 mentariensis
1362 2320 1510 2347 adnotanda
1530 2324 1598 2346 sunt.
1620 2319 1649 2345 fr.
1664 2321 1705 2345 45.
1725 2319 1746 2352 3.
1762 2321 1785 2345 7.
1805 2319 1838 2345 de
1857 2321 1913 2346 iure
1932 2320 1999 2346 fisci.

1158 2366 1199 2390 49.
1221 2365 1260 2390 14.
1299 2364 1430 2389 Scrinium
1450 2363 1700 2389 commentariensis.
1731 2372 1751 2387 c.
1776 2364 1795 2387 1.
1816 2363 1838 2395 3.
1858 2364 1882 2388 8.
1903 2362 1935 2389 de
1954 2363 1998 2389 off.

1160 2407 1210 2433 Prt'.
1231 2406 1273 2433 Pr.
1293 2406 1349 2433 Afr.
1374 2408 1394 2432 1.
1408 2408 1449 2432 27.
1470 2421 1502 2425 -
1523 2406 1553 2438 §-
1569 2406 1604 2431 2.
1625 2406 1779 2431 Carceris
1796 2407 1864 2439 pub.
1883 2412 1998 2432 custos.

1158 2450 1176 2476 Ι.
1194 2452 1256 2484 Sy.
1286 2449 1457 2486 Praepositus
1476 2448 1582 2474 carceri.
1620 2447 1659 2478 Is.
1684 2457 1766 2484 penes
1787 2458 1863 2484 quem
1883 2447 2000 2475 osticium

1158 2492 1294 2519 custodiae
1313 2497 1361 2518 est.
1391 2491 1420 2518 fr.
1440 2492 1464 2517 6.
1485 2490 1517 2517 de
1537 2491 1597 2517 bon.
1618 2490 1730 2517 damnat.
1751 2492 1791 2517 48.
1811 2493 1853 2517 20.
1873 2490 1903 2517 fr.
1922 2492 1946 2517 8.
1967 2491 1999 2518 de

1158 2540 1224 2562 cust..
1244 2545 1311 2562 reor.
1331 2537 1372 2561 48.
1391 2536 1416 2560 3.
1446 2532 1495 2560 Tb.
1517 2534 1547 2560 C.
1568 2533 1612 2560 IX.
1632 2535 1656 2559 3.
1682 2544 1702 2559 c.
1725 2535 1746 2560 l.
1768 2534 1834 2567 3.1.
1855 2544 1876 2559 c.
1896 2535 1920 2560 5.
1941 2533 1997 2560 eod.

1158 2579 1199 2605 111.
1220 2580 1286 2606 Cn.
1314 2578 1455 2614 Optiones.
1475 2577 1531 2603 siv«.-
1550 2578 1805 2602 commentarienses.
1830 2575 1860 2602 l'r.
1875 2578 1899 2602 6.
1919 2576 1935 2602 l.
1955 2577 1996 2602 48.

1156 2625 1198 2648 2⁰.
1236 2621 1372 2648 Scriniarii
1392 2624 1418 2647 et
1437 2619 1551 2649 abactis,
1576 2624 1601 2645 et
1620 2629 1776 2656 praecone-S.
1798 2623 1823 2645 et
1843 2623 1997 2645 commenta-

1157 2666 1273 2697 rienses,
1293 2669 1319 2690 et.
1336 2662 1490 2700 lampadarii
1508 2667 1556 2689 etc.
1594 2662 1686 2689 Iuliani
1705 2663 1767 2699 epit.
1791 2672 1850 2688 nov.
1870 2672 1891 2687 c.
1911 2662 1952 2687 36.
1973 2661 1995 2694 3.

1158 2710 1215 2734 166.
1249 2708 1302 2743 Qui
1321 2707 1497 2743 principatum
1517 2704 1664 2731 officiorum
1683 2710 1789 2741 gerunt,
1814 2715 1861 2731 seu
1880 2704 1997 2730 cornicu-

1156 2750 1223 2777 1nm.
1252 2750 1350 2786 quique
1376 2749 1649 2775 cotmnentariensium
1668 2748 1773 2773 nomine
1792 2756 1871 2773 exosa
1890 2747 1996 2772 miseris

1157 2793 1269 2819 claustra
1290 2791 1450 2818 custodiunt.
1475 2791 1524 2818 Tb.
1541 2790 1571 2818 C.
1587 2790 1654 2817 1111.
1676 2792 1715 2816 15.
1736 2800 1756 2816 c.
1771 2792 1794 2816 5.
1808 2790 1829 2823 3.
1845 2790 1868 2814 l.
1889 2788 1919 2815 cf.
1935 2799 1956 2815 c.
1969 2790 1994 2815 3.

1133 2832 1134 2875 j
1156 2836 1188 2863 de
1208 2836 1240 2862 iis
1261 2845 1304 2871 qu.
1323 2834 1468 2861 administr.
1488 2834 1533 2861 IX.
1546 2835 1570 2860 3.
1591 2843 1611 2859 c.
1632 2835 1656 2859 5.
1677 2833 1710 2859 de
1728 2837 1793 2859 cust.
1813 2841 1879 2857 reor.
