2197 3121
948 153 1031 185 PAC
1042 173 1080 177 —

187 241 344 268 Conventio.
369 240 410 267 Cf.
435 240 460 266 h.
485 250 508 266 v.
534 240 556 273 3.
577 241 600 265 5.
638 237 735 264 Pactio.
763 236 792 263 fr.
814 238 836 262 1.
862 236 882 270 ξ.
903 238 925 262 1.
951 235 982 262 fr.
1003 238 1026 262 7.

186 285 223 317 ἐξ.
243 286 268 310 5.
287 294 326 320 sq.
349 285 389 310 12.
410 293 467 320 sqq.
493 283 524 309 fr.
545 284 585 308 12.
606 291 664 318 sqq.
685 280 716 307 de
739 285 806 317 pact.
826 282 850 305 2.
872 280 912 304 14.
936 278 966 305 sr.
986 280 1027 306 48.

187 327 209 360 ξ.
230 329 254 352 2.
275 326 307 352 de
326 327 418 353 minor.
438 328 462 352 4.
482 327 505 351 4.
543 324 677 351 Placitum.
699 323 728 350 l'r.
742 325 783 349 35.
804 322 888 348 11245.
908 321 940 348 (11·
959 327 1027 359 pact.

186 371 211 395 2.
233 370 272 395 14.
292 368 322 395 fr.
344 370 383 395 16.
404 368 437 395 de
455 372 577 394 transact.
596 369 620 392 2.
643 369 682 392 15.
709 366 738 392 fr.
757 367 798 392 26.
824 366 846 399 ξ.
865 366 888 390 4.
909 364 941 390 de
960 369 1027 401 pact.

188 411 241 438 dot.
261 414 302 438 23.
322 413 345 438 4.
384 411 496 438 Foedus.
521 410 551 436 fr.
573 412 612 435 12.
632 420 671 446 pr.
692 409 724 435 de.
744 409 838 446 captiv.
858 409 898 434 49.
920 409 959 433 15.
996 407 1027 433 11.

189 455 257 488 ⁰1²·
277 454 445 480 Pollicitatio.
466 453 495 479 fr.
510 454 534 479 3.
555 463 593 489 pr.
615 452 646 479 de
664 452 775 489 pollicit.
789 453 830 478 50.
846 453 884 476 12.
906 450 947 476 111.
962 451 1028 477 Cn.

188 496 217 523 Si
237 502 299 533 post
318 502 475 523 contractam
500 497 652 523 emtionem.
676 505 744 521 novo
767 491 881 520 *consilio
900 495 978 525 inito,
1003 492 1029 519 id

188 541 258 576 pacti
281 539 330 573 [al.
351 539 471 576 pactum]
496 538 591 565 fuisset
614 543 699 564 actum
724 537 771 571 [al.
792 536 912 569 sactum.]
938 536 967 562 fr.
987 537 1028 561 31.

189 583 210 616 ς.
231 585 254 609 4.
280 582 312 608 ae
336 582 395 608 aon.
417 583 461 608 int.
483 581 514 608 v.
534 583 575 607 24.
597 583 618 607 1.
639 580 669 607 cf.
695 580 724 606 fr.
746 582 769 606 τ.
793 580 815 613 ξ.
835 581 858 605 5.
886 579 916 605 fr.
936 581 976 604 55.
997 578 1029 604 de
1050 570 1052 612 j

188 630 256 662 pact.
276 627 299 651 2,
323 627 361 651 14.
398 624 426 650 In
451 623 628 651 contrahenda
650 623 802 649 venditione
821 622 968 658 ambiguum
987 632 1029 658 pa-

189 672 259 694 ctum
279 668 386 700 (contra
405 667 568 693 venditorem
588 664 811 703 interpretandum
831 668 897 697 est.)
920 665 949 691 sr.
971 666 1028 690 172.

190 720 228 747 pr.
249 710 281 736 de
299 710 330 736 R.
351 710 369 736 Ι.
384 712 425 736 50.
446 712 486 736 17.
523 710 564 736 De
584 720 612 735 ea
632 719 659 735 re
679 719 745 745 quae
764 707 904 734 voluerunt
923 708 988 737 fieri,
1004 708 1029 733 in
1051 718 1053 726 >

190 757 267 790 pacto
287 758 416 779 convento
436 754 570 779 societatis
587 753 808 789 proscripserunt.
829 751 858 777 fr.
874 752 914 777 71.
928 761 967 787 pr.
981 760 1029 787 pro
1051 766 1052 773 .

387 795 415 822 Si
435 797 502 833 patri
522 795 575 822 filia
594 795 670 821 heres
690 795 850 822 exstitisset.
875 798 899 819 et
919 795 1030 819 interve.-
1052 814 1053 822 .

189 805 244 822 soc.
266 797 304 822 17.
324 798 348 822 2.

190 839 278 864 niente
298 849 326 865 ea
346 843 449 875 pactum
465 843 620 865 conventum
635 837 719 864 suerit.
740 836 770 863 fr.
786 838 825 863 19.
846 836 878 862 de
894 841 961 873 pact.
976 835 1029 861 dot.

188 882 232 907 23.
252 882 274 907 4.
312 881 419 907 Pactum
439 881 586 908 divisionis.
604 880 634 906 fr.
654 882 695 906 35.
716 879 748 906 de
767 884 834 917 pact.
854 881 878 905 2.
901 881 939 904 14.
976 878 1031 904 Pri·
1052 869 1053 899 1

190 928 310 949 vatorum
330 925 413 960 pactis
434 925 487 957 (ius
502 923 633 961 publicum
648 924 742 949 mutari
755 932 807 948 non
823 922 925 959 posse.)
945 921 975 947 sr.
989 922 1029 947 38.

190 966 220 992 fr.
240 968 281 992 42.
302 966 336 992 ib.
356 969 379 992 2.
404 968 440 993 14.
463 984 493 987 —
514 967 544 999 §.
565 968 600 993 2.
626 968 742 993 Paetio
766 968 866 994 nuda.
891 966 1031 991 Conven-

190 1011 238 1035 lio
262 1011 330 1035 sine
353 1012 545 1036 solemnibus
568 1011 741 1035 celebrata.
783 1008 813 1034 II.
835 1010 902 1042 01).
922 1006 1032 1033 Contra-

191 1056 257 1077 ctus.
278 1051 319 1078 Cf.
341 1052 364 1078 h.
384 1062 407 1078 v.
428 1052 449 1085 3
462 1053 486 1077 3.
516 1050 667 1088 stipulatio.
688 1051 717 1077 fr.
731 1052 772 1077 59.
793 1051 809 1077 l.
830 1050 846 1076 l.
866 1053 889 1077 2,
912 1052 950 1076 14.
988 1049 1031 1075 III.

192 1095 259 1122 Gn.
289 1094 420 1120 Omnibus
444 1095 529 1131 pactis
554 1093 689 1130 stipulatio
715 1094 809 1120 subiici
833 1093 924 1125 debet,
948 1097 977 1119 ut
1001 1102 1032 1118 ex
1054 1102 1055 1126 1

952 1135 1033 1161 Inter·
1054 1143 1055 1150 ¹

191 1179 253 1206 dum
272 1190 304 1206 ex
322 1184 398 1216 pacto
419 1181 486 1205 actio
506 1181 637 1209 nascitur,
656 1179 698 1206 vel
719 1179 833 1209 totlitur.
854 1180 957 1215 quoties
976 1178 1033 1214 Iege
1054 1175 1055 1183 ¹

857 1136 872 1162 “.
892 1138 915 1161 2.

191 1136 319 1174 stipulatu
343 1138 409 1163 actio
434 1138 506 1163 nasci
530 1138 624 1173 possit.
650 1136 720 1163 Paul.
740 1137 770 1163 II.
790 1138 831 1162 22.

190 1222 233 1249 vel
253 1222 339 1249 S.Cto
359 1222 503 1248 adiuvatur.
524 1222 553 1248 fr.
574 1225 597 1249 6.
618 1223 649 1248 ct‘.
674 1222 703 1249 fr.
725 1225 764 1248 17.
789 1223 809 1256 3.
830 1224 854 1248 2.
874 1221 890 1247 1.
911 1221 927 1247 l.
947 1223 970 1247 2.
993 1222 1032 1247 14.

191 1265 229 1291 Ea
248 1266 315 1291 enim
340 1270 415 1302 pacta
442 1266 531 1291 insunt
551 1266 604 1297 (sc.
624 1265 650 1291 b.
671 1265 687 1291 f.
708 1265 842 1297 iudiciis‚)
866 1274 932 1300 quae
951 1264 1034 1300 legem

191 1309 337 1334 contractui
358 1307 427 1334 dant.
449 1307 479 1334 fr.
545 1338 550 1341 .

191 1360 257 1386 quae
277 1356 369 1388 postea
390 1351 455 1377 sacta
476 1350 615 1377 detrahunt
635 1350 735 1387 aliquid
758 1351 880 1381 emtioni.
906 1350 1034 1376 contineri

191 1398 328 1419 contractu
351 1393 481 1420 videntur.
511 1393 540 1420 l'r.
569 1395 608 1419 72.
633 1404 672 1430 pr.
697 1393 730 1419 de
754 1398 836 1419 contr.
861 1398 920 1419 emt.
946 1394 985 1420 18.
1012 1394 1033 1419 l.

190 1435 340 1462 Divisionis
360 1436 484 1473 placitum
501 1453 530 1456 -
549 1435 581 1461 ad
601 1437 737 1465 actionem.
758 1441 786 1462 ut
806 1436 902 1462 nudum
921 1441 1034 1473 pactum,
1056 1444 1057 1451 ¹

191 1478 257 1505 nulli
281 1479 410 1516 prodesse
434 1480 540 1516 poterit.
569 1478 598 1505 fr.
619 1481 661 1505 45.
682 1478 714 1504 de
733 1484 800 1516 pact.
819 1481 843 1505 2.
865 1480 905 1505 14.
943 1478 972 1505 Si
991 1489 1034 1515 pa-

192 1526 261 1547 ctum
291 1522 389 1548 nudum
413 1521 445 1547 de
473 1521 639 1559 praestandis
668 1523 754 1547 usuris
783 1523 968 1558 interpositum
991 1522 1033 1547 sit.

193 1563 265 1590 Paul.
286 1564 317 1590 11.
338 1566 377 1590 14.
398 1565 420 1597 3.
442 1566 464 1590 l.
480 1581 509 1584 —
532 1564 562 1597 ξ.
578 1565 614 1590 3.
637 1566 814 1591 Conventio
835 1566 917 1590 nuda
936 1567 968 1590 de
987 1566 1035 1590 de·
1056 1556 1058 1571 ³

191 1608 258 1632 bito
278 1617 338 1633 non
355 1610 501 1641 petendo.
538 1606 580 1632 111.
596 1607 662 1634 Cn.
678 1606 764 1637 Pacta.
777 1606 818 1633 vel
831 1608 1032 1633 transactiones.
1056 1603 1058 1624 ¹*

193 1647 244 1674 Th.
260 1648 335 1675 C.11.
355 1651 378 1675 9.
400 1660 421 1675 e.
443 1651 465 1675 l.
485 1649 517 1675 de.
537 1654 604 1686 pact.
625 1654 650 1675 ct
671 1654 792 1676 transact.
813 1649 854 1676 Cf.
873 1650 904 1676 l'r.
915 1651 938 1675 9.
958 1650 995 1683 33.
1009 1652 1033 1676 2.

194 1700 234 1726 sq.
254 1690 283 1717 sr.
305 1693 344 1718 16.
370 1692 402 1718 de
427 1697 546 1718 transaet.
566 1694 590 1718 2.
613 1694 652 1718 15.
690 1692 758 1718 Cum
783 1692 932 1719 adversario
957 1697 1034 1729 pacto
1056 1699 1057 1717 ἐ

194 1735 345 1770 transigere.
366 1734 395 1761 fr.
415 1736 439 1761 9.
459 1735 480 1767 ξ.
500 1736 524 1761 3.
544 1734 561 1761 l.
581 1737 605 1761 2.
626 1737 666 1761 15.
686 1735 717 1761 fr.
736 1737 776 1761 27.
796 1746 835 1772 pr.
856 1735 888 1761 de
906 1735 979 1761 inoff.
999 1740 1035 1761 te-

194 1781 268 1802 stam.
289 1778 313 1803 5.
332 1779 356 1803 2.
395 1777 502 1803 Pactum
527 1783 684 1804 conventum
704 1777 735 1803 de
755 1788 807 1804 non
826 1777 938 1815 petenda
958 1788 1035 1814 pecu-

194 1820 236 1845 nia
256 1818 359 1845 sactum.
380 1820 436 1846 Gai.
450 1819 494 1845 IV.
510 1821 567 1846 119.
584 1822 640 1846 121.
660 1830 699 1856 sq.
720 1820 748 1846 l'r.
770 1823 809 1847 ll.
829 1821 850 1854 ξ.
870 1823 894 1846 2.
915 1820 947 1847 de
966 1822 1035 1857 pign.
1057 1819 1058 1840 1

195 1866 244 1888 act.
264 1863 303 1888 13.
324 1864 346 1888 7.
383 1862 463 1888 Paeto
483 1868 613 1889 convento
627 1862 765 1899 Aquiliana
786 1863 922 1900 stipulatio
942 1863 1038 1890 subiici

194 1904 271 1930 solet.
293 1905 377 1931 11:15.
399 1905 430 1931 de
450 1910 571 1931 transact.
585 1907 608 1931 2.
625 1907 664 1931 15.
702 1905 809 1931 Pactum
828 1907 896 1931 iuter
913 1906 1037 1932 heredem

195 1952 221 1973 et
244 1946 395 1982 legatarium
425 1947 533 1973 sactum:
563 1947 626 1977 ..Ne
651 1947 682 1973 ab
711 1958 741 1974 eo
770 1949 834 1974 satis
863 1950 1036 1986 accipiatur.“

195 1990 226 2016 fr.
248 1992 288 2016 46.
310 1990 341 2016 de
361 1995 429 2027 pact.
449 1992 473 2016 2.
494 1992 533 2016 14.
572 1990 602 2016 Si
622 2000 653 2016 ex
673 1990 752 2017 altera
771 1995 846 2027 parte
865 1992 891 2017 in
910 2001 978 2021 rem.
1005 2002 1036 2018 cx

195 2032 276 2059 altera
290 2034 316 2059 iu
331 2043 470 2069 personam
485 2038 640 2070 conceptum
654 2033 732 2059 fuerit
746 2035 795 2065 (sc.
806 2034 931 2070 pactum.)
951 2034 980 2061 fr.
995 2036 1035 2061 57.

195 2076 217 2109 §—
238 2077 260 2101 1.
282 2076 313 2102 ef.
334 2076 363 2102 sr.
385 2078 407 2102 7.
428 2076 450 2109 ς.
469 2077 492 2102 s.
513 2075 542 2101 fr.
564 2078 603 2102 17.
624 2076 645 2109 ξ.
665 2077 689 2102 5.
709 2076 738 2102 fr.
758 2078 800 2102 21.
820 2077 841 2110 ᾗ.
864 2078 885 2102 1.
905 2076 939 2102 ib.
958 2078 1035 2103 214.

196 2117 237 2144 Ex
255 2117 297 2144 his
317 2121 365 2151 (sc.
383 2118 475 2149 rebus)
494 2119 564 2155 pacti
584 2118 708 2154 obligatio
728 2118 892 2145 solummodo
911 2121 1036 2146 nascitur.

200 2158 268 2186 Paul.
288 2160 307 2186 Ι.
328 2163 350 2187 1.
370 2161 391 2195 ξ.
414 2163 435 2187 1.
473 2161 608 2187 Beneficio
628 2162 697 2198 pacti
717 2161 748 2187 ad
766 2162 1038 2198 petitionem-utiliter

198 2201 355 2229 admittetur.
381 2203 411 2230 sr.
431 2205 473 2229 55.
498 2203 514 2230 l.
540 2204 557 2230 l.
581 2206 605 2230 2.
626 2206 666 2230 14.
708 2203 771 2230 Doti
795 2205 873 2234 mali.
901 2211 945 2232 aut
967 2207 1037 2243 pacti

199 2246 322 2271 conventi
341 2248 495 2281 exceptione
519 2247 616 2284 (posse
639 2247 816 2280 submoveri.)
840 2247 896 2274 Gai.
915 2248 958 2275 ΙΙΙ.
980 2250 1037 2275 179.

200 2287 231 2313 el'.
251 2286 280 2313 fr.
301 2289 324 2313 7.
349 2289 370 2321 3.
390 2291 429 2316 18.
454 2289 484 2316 fr.
507 2292 546 2316 10.
574 2290 595 2323 ξ,
614 2292 638 2316 2.
663 2289 679 2316 1.
699 2289 715 2316 l.
735 2292 758 2316 2.
780 2292 820 2316 14.
856 2291 986 2328 Exceptio
1006 2302 1037 2318 ex

200 2340 277 2356 causa
297 2331 374 2366 pacti.
395 2330 424 2357 fr.
445 2334 484 2358 10.
503 2333 541 2366 33.
563 2334 584 2358 1.
605 2342 645 2368 sq.
665 2332 699 2358 ib.
718 2334 743 2358 2.
763 2334 803 2359 14.

238 2374 493 2401 Pactumeius.
514 2376 545 2409 §.
559 2376 594 2402 1.
615 2377 730 2402 Nomen
747 2386 903 2410 personae
922 2384 1036 2404 certae.

200 2414 243 2441 111.
263 2416 329 2442 Cn.
354 2414 518 2443 Pactumeius
543 2418 591 2451 [³1.
614 2417 812 2452 Taetumeius.]
836 2418 1037 2446 Androsthenes

203 2457 376 2484 Pactumeiam
394 2457 523 2493 Magnam,
546 2460 625 2487 filiam
644 2461 786 2488 Pactumeii
805 2461 903 2497 Magni,
928 2472 959 2489 ex
978 2472 1037 2489 asse

202 2499 324 2526 heredem
349 2501 505 2527 instituerat.
532 2501 563 2527 fr.
581 2504 622 2529 92.
648 2503 680 2530 de
702 2503 790 2530 hered.
815 2505 876 2531 inst.
899 2506 941 2531 28.
961 2508 984 2532 5.
1004 2521 1036 2525 -—

201 2544 233 2577 ᾖ.
245 2544 281 2569 2.
296 2544 410 2569 Nomen
430 2544 520 2569 Leti.
550 2543 593 2570 ΙΙΙ.
607 2546 672 2572 Cn.
691 2545 856 2573 Pactumeius
877 2547 919 2580 [al.
933 2553 1038 2584 pactum

203 2587 269 2617 eius,
289 2595 314 2611 v.
333 2584 474 2619 Pacuvius]
494 2585 616 2613 Clemens
635 2589 725 2616 aiebat.
746 2589 776 2616 fr.
792 2591 833 2616 21.
854 2590 875 2623 3.
891 2592 915 2616 1.
936 2590 968 2617 de
987 2596 1038 2617 sta-

204 2627 280 2654 tulib.
300 2629 341 2653 40.
363 2629 385 2653 7.

241 2672 393 2697 Pactus.
418 2670 538 2703 (Partic.)
568 2673 761 2700 Solemniter
779 2685 957 2709 expressus.
994 2675 1037 2702 ῙΠ.

204 2714 270 2741 Gn.
289 2712 376 2739 Minus
395 2714 478 2749 pactis
499 2713 542 2747 [al.
563 2715 639 2751 aptis,
658 2724 682 2740 v.
702 2717 787 2749 iustis,
806 2728 826 2744 s.
839 2719 931 2751 rectis]
950 2718 1038 2745 verbis

205 2755 325 2790 legatum.
346 2755 404 2788 le.
424 2755 520 2793 KXIV.
542 2758 609 2783 ll.a.
630 2756 671 2783 Cf.
690 2767 714 2784 v.
733 2759 827 2795 Aptus.

242 2799 570 2833 Paedagogianus.
596 2801 711 2826 Coetui
727 2810 898 2834 puerorum
916 2806 1040 2831 adscri-

500 1310 521 1333 7.
543 1308 563 1339 ἦ.
584 1310 607 1333 5.
628 1308 662 1334 ib.
676 1310 700 1334 2.
722 1310 762 1334 l-l.
800 1307 877 1333 Pacta
897 1312 1033 1337 conventa,
1055 1327 1056 1338 .

1089 153 1183 185 PAG.
1849 155 1912 186 673

1070 243 1161 270 ptus,
1186 237 1240 270 qui
1263 238 1303 262 ael
1324 237 1535 262 honorarium
1560 238 1591 262 iu
1613 237 1745 270 palatio
1764 237 1909 262 ministe-

1049 281 1156 305 .rium
1183 281 1355 305 obeundum
1384 281 1653 306 instituebantur.
1698 277 1741 303 111.
1762 279 1828 305 Gn.
1858 279 1911 314 Qui

1073 321 1256 348 ministeriales
1276 325 1301 346 et
1320 321 1519 358 paedagogiani.
1541 321 1589 354 [al.
1609 320 1762 356 dagogiani]
1789 326 1814 347 et
1833 321 1911 347 silen-

1073 365 1149 395 tiarii,
1170 369 1195 390 et
1215 363 1369 390 decuriones
1390 366 1528 390 exsistunt.
1548 364 1597 390 Th.
1618 363 1648 390 C.
1663 363 1730 390 VIII.
1751 365 1773 389 7.
1794 374 1815 390 c.
1835 366 1858 390 5.
1879 364 1911 390 de

1050 411 1051 418 ³
1073 407 1125 433 div.
1146 406 1215 433 offic.

1110 449 1404 484 Paedagogium.
1435 451 1652 476 Seminarium
1673 459 1836 475 servorum
1853 460 1910 483 pu-

1073 495 1191 527 berum,
1213 494 1277 529 (qui
1295 493 1321 518 in
1341 492 1418 519 domo
1438 492 1533 528 singuli
1552 492 1694 528 patrissam.
1715 491 1913 525 educabantur.)

1073 535 1115 561 III.
1131 537 1195 563 Cn.
1215 535 1244 561 Si
1263 537 1419 561 instructum
1440 535 1547 561 fundum
1562 534 1683 570 legasset,
1704 545 1731 560 ea
1746 534 1912 571 paedagogia,

1074 589 1139 615 quae
1159 579 1194 604 ibi
1214 578 1334 610 habebat,
1347 583 1375 604 ut
1395 588 1452 604 cum
1472 578 1507 604 ibi
1526 578 1643 604 venisset
1662 582 1768 614 praesto
1783 583 1872 603 essent
1885 579 1912 604 111

1050 614 1052 649 l
1074 621 1196 651 triclinio.
1216 621 1300 657 legato
1321 622 1496 647 continentur.
1518 619 1547 646 fr.
1569 622 1608 646 12.
1630 620 1651 653 3.
1670 622 1711 646 32.
1732 620 1764 646 de
1783 621 1858 646 instr.
1877 620 1912 647 Ie-

1074 670 1122 701 gat.
1142 667 1183 691 33.
1204 666 1226 691 7.

1111 708 1371 741 Paedagogus.
1409 707 1439 739 ἓ.
1458 707 1492 733 1.
1522 708 1623 732 Pueri
1646 708 1832 732 institutor.
1869 706 1912 733 111,

1075 751 1140 777 Cn.
1170 749 1199 776 Si
1225 751 1283 786 quis
1308 749 1390 775 lilium
1414 749 1541 780 filiamve,
1567 753 1610 774 aut
1634 748 1739 774 fratrem
1762 759 1913 775 sororemve

1074 792 1224 823 naturalem,
1244 798 1287 818 ant
1307 792 1446 821 alumnum.
1469 796 1512 818 aut
1531 791 1708 828 paedagogum
1728 807 1759 810 ——
1777 793 1913 818 manumit-

1052 827 1053 837 1
1075 840 1119 862 tat.
1141 835 1196 861 Gai.
1217 835 1234 861 1.
1250 837 1289 861 19.
1302 836 1344 861 39.
1364 835 1394 861 fr.
1410 837 1448 861 13.
1469 834 1501 861 de
1521 844 1631 861 manum.
1650 834 1814 860 1111111402.
1842 834 1914 861 Vsus

1075 883 1127 904 tam
1151 879 1327 907 necessarius,
1348 893 1379 897 —·
1404 878 1486 904 veluti
1510 877 1715 914 dispensatoris,
1739 877 1915 914 paedagogive

1053 919 1054 943 ἶ
1076 921 1226 947 liberorum.
1248 920 1277 946 fr.
1297 922 1339 946 35.
1359 920 1391 946 de
1410 920 1496 947 fideic.
1517 920 1580 946 libb.
1601 922 1641 946 40.
1662 922 1685 945 5.
1702 936 1730 940 ·—
1752 920 1782 953 ᾖ.
1798 921 1833 946 2.
1856 922 1914 955 Of·

1070 965 1249 999 fieialium
1271 973 1379 998 genus.
1417 962 1460 988 111.
1481 964 1546 990 Cn.
1572 962 1636 988 Item
1656 963 1746 989 scrinii
1765 962 1792 989 S.
1813 962 1915 989 libello-

1053 1008 1054 1011 ’
1076 1017 1132 1032 rum
1152 1007 1202 1032 sic:
1226 1022 1258 1026 —
1282 1005 1483 1036 memorialium.
1508 1007 1675 1041 omniumque
1698 1005 1915 1042 paedagogorum,

1053 1056 1055 1080 ξ
1077 1049 1250 1077 cellariorum.
1269 1058 1418 1074 mensorum
1434 1053 1482 1074 ote.
1503 1059 1523 1074 c.
1540 1050 1579 1074 10.
1600 1048 1632 1074 de
1651 1048 1702 1074 div.
1717 1048 1786 1074 offic.
1802 1050 1841 1075 12.
1856 1050 1898 1074 60.

1115 1093 1257 1118 Paene.
1286 1090 1400 1123 (Advb.)
1429 1093 1521 1122 Fere,
1542 1093 1778 1124 Propemodum.
1814 1091 1833 1117 l.
1854 1093 1916 1125 Sy.

1077 1135 1150 1161 Fere.
1171 1134 1238 1161 1’1“,2.
1259 1134 1280 1167 3.
1294 1135 1317 1160 (i.
1339 1133 1370 1159 de
1391 1133 1423 1160 0.
1444 1133 1460 1159 I.
1480 1136 1501 1159 1.
1521 1136 1545 1159 2.
1582 1133 1624 1159 Ill.
1640 1135 1705 1161 Cn.
1725 1133 1916 1170 Antiquissima

1077 1183 1117 1204 est
1136 1180 1185 1210 (sc.
1205 1178 1299 1213 origo.)
1320 1182 1346 1203 et
1364 1187 1447 1213 paene
1466 1181 1525 1202 ante
1545 1186 1634 1202 omnes
1653 1177 1827 1212 magistratus.
1846 1176 1877 1203 fr.
1894 1179 1915 1202 1.

1077 1232 1116 1258 pr.
1141 1220 1173 1246 de
1198 1221 1241 1246 off.
1263 1220 1372 1255 Quaest.
1393 1221 1415 1246 1.
1437 1222 1476 1246 13.
1518 1219 1547 1244 In
1571 1223 1628 1244 toto
1652 1229 1733 1255 paene
1758 1220 1813 1245 iure
1837 1219 1917 1247 civili.

1054 1273 1055 1285 1
1078 1264 1107 1290 l'r.
1122 1265 1163 1290 26.
1183 1263 1215 1290 de
1236 1268 1305 1289 statu
1324 1262 1393 1289 hom.
1413 1264 1436 1288 1.
1456 1265 1479 1288 5.
1517 1261 1602 1288 Paene
1622 1261 1691 1287 nulla
1711 1263 1759 1287 erit.
1779 1262 1915 1288 dubitatio.

1079 1307 1108 1333 fr.
1129 1308 1151 1332 1.
1176 1307 1197 1340 ξ.
1220 1308 1259 1332 10.
1284 1305 1316 1332 ad
1335 1305 1362 1332 S.
1372 1305 1402 1332 C.
1422 1304 1505 1342 Turp.
1524 1306 1566 1331 48.
1588 1306 1627 1330 16.
1664 1304 1749 1330 Paene
1773 1306 1822 1330 iam
1841 1306 1917 1336 (cou-

1078 1350 1197 1380 fessum.)
1218 1360 1239 1375 c.
1252 1351 1293 1375 22.
1314 1359 1352 1385 pr.
1373 1348 1406 1374 de
1425 1348 1487 1374 furt.
1500 1349 1523 1373 6.
1543 1350 1568 1374 2.
1605 1347 1691 1374 Paene
1710 1347 1828 1374 dixerim.
1849 1347 1879 1373 fr.
1893 1350 1917 1373 5.

1056 1397 1057 1407 ¹
1078 1402 1117 1429 pr.
1139 1391 1170 1417 de
1189 1391 1221 1418 V.
1236 1391 1268 1417 Ο.
1289 1394 1330 1417 115.
1351 1393 1373 1417 l.

1116 1435 1343 1469 Pnganicus.
1379 1433 1508 1466 (Adiect.)
1546 1436 1715 1469 Paganus,
1734 1435 1842 1459 Extra
1862 1435 1917 1459 mi-

1078 1480 1187 1504 litiam
1208 1479 1385 1512 quaesitus.
1424 1476 1455 1502 ΙΙ.
1473 1478 1539 1510 Op.
1560 1476 1635 1511 Quae
1655 1476 1710 1507 (sc.
1730 1475 1815 1508 bona)
1835 1476 1861 1501 iu
1881 1486 1919 1501 ra-

1079 1522 1141 1547 stris
1162 1520 1285 1556 reliquit,
1311 1537 1340 1540 —
1367 1519 1442 1554 Quae
1466 1520 1492 1545 in
1515 1519 1640 1555 paganico
1664 1517 1777 1544 habebat
1801 1518 1918 1551 (miles.)

1056 1574 1058 1598 ξ
1080 1574 1100 1590 c.
1122 1565 1143 1589 1.
1164 1563 1196 1589 de
1216 1568 1316 1589 testam.
1337 1562 1411 1588 milit.
1432 1563 1455 1588 6.
1474 1563 1516 1587 21.

1117 1606 1338 1640 Paganitas.
1360 1606 1565 1638 Superstitio
1582 1605 1770 1639 gentilium.
1797 1602 1839 1629 111.
1852 1604 1918 1630 Cn.

1056 1667 1057 1672 .
1079 1648 1128 1675 Vel
1148 1649 1234 1675 Iudaei
1254 1648 1396 1685 impietatis
1416 1648 1539 1677 amentia.
1565 1646 1607 1672 vel
1632 1646 1743 1672 stolidae
1763 1646 1919 1682 paganitatis

1079 1701 1152 1717 error
1171 1696 1249 1727 atque
1268 1692 1376 1717 insania.
1397 1690 1446 1716 Th.
1467 1689 1498 1716 C.
1513 1688 1571 1715 XV.
1591 1691 1614 1715 5.
1635 1699 1655 1715 c.
1674 1691 1698 1715 5.
1719 1688 1751 1715 de
1770 1693 1883 1725 spectac.

1116 1736 1308 1767 Paganus.
1345 1734 1376 1766 §.
1394 1734 1428 1758 l.
1460 1734 1522 1765 Qui
1541 1742 1629 1766 pugo
1653 1733 1845 1765 adscriptux
1864 1738 1918 1757 est.

1057 1781 1058 1794 ¹
1079 1776 1121 1803 111.
1134 1778 1199 1804 Gn.
1219 1775 1328 1802 Praedia
1342 1775 1507 1805 Senatorum,
1526 1773 1569 1800 vel
1588 1784 1754 1810 paganorum.
1775 1773 1805 1799 fr.
1821 1775 1841 1800 ].
1862 1774 1919 1807 §.2

1079 1820 1109 1845 l'r.
1128 1821 1152 1845 3.
1173 1819 1205 1845 de
1224 1818 1324 1853 fugitiv.
1346 1821 1384 1844 ll.
1398 1820 1422 1843 4.
1454 1816 1556 1853 Pagani,
1575 1816 1619 1842 vet
1638 1816 1803 1842 decuriones.
1823 1815 1873 1842 Th.
1888 1815 1918 1842 C.

1057 1869 1059 1896 ζ
1080 1861 1135 1888 VII.
1155 1863 1196 1888 21.
1222 1872 1242 1888 c.
1262 1863 1286 1887 2.
1308 1861 1340 1888 de
1359 1861 1454 1887 testim.
1475 1859 1623 1886 ex-tribun.
1648 1875 1681 1879 ·-
1705 1859 1735 1892 ξ.
1757 1861 1792 1886 Β.
1811 1861 1919 1886 Extra

1058 1921 1059 1934 1
1080 1907 1237 1931 militiam
1259 1905 1477 1934 constitutus,
1506 1905 1555 1929 vel
1577 1904 1755 1936 quaesitus.
1797 1901 1827 1927 H.
1851 1903 1918 1935 ⁰1³·

1080 1947 1163 1974 Miles.
1184 1946 1214 1973 fr.
1234 1949 1275 1973 50.
1294 1946 1372 1973 locat.
1393 1947 1432 1972 19.
1452 1947 1476 1972 2.
1497 1945 1526 1972 fr.
1540 1946 1563 1971 3.
1583 1944 1613 1971 fr.
1629 1946 1668 1971 14.
1690 1944 1720 1971 fr.
1738 1945 1780 1970 38.
1800 1954 1838 1981 pr.
1859 1945 1880 1978 ξ.
1897 1945 1917 1969 1.

1083 1990 1115 2017 de
1135 1990 1210 2016 milit.
1230 1994 1331 2016 testam.
1350 1990 1392 2015 29.
1414 1990 1436 2014 l.
1460 1988 1490 2014 fr.
1508 1989 1550 2014 26.
1575 1987 1607 2014 de
1630 1987 1705 2014 liber.
1727 1992 1752 2013 et
1770 1987 1858 2024 posth.
1876 1987 1918 2012 28.

1081 2036 1104 2059 2.
1129 2032 1160 2059 fr.
1182 2034 1222 2059 14.
1246 2032 1279 2059 de
1301 2042 1378 2069 poen.
1402 2032 1443 2058 48.
1464 2032 1504 2058 19.
1546 2030 1701 2061 Casti-ense,
1722 2046 1753 2049 —-
1779 2030 1861 2065 Quasi
1880 2039 1919 2055 ca-

1081 2081 1197 2107 strense,
1218 2091 1249 2095 ·—-
1273 2074 1403 2111 Paganum
1422 2073 1598 2111 (peculium.)
1623 2084 1643 2099 c.
1663 2074 1705 2099 37.
1729 2083 1768 2110 pr.
1795 2072 1826 2098 de
1845 2072 1917 2098 inoff.

1057 2116 1059 2128 ¹
1081 2123 1183 2145 testam.
1203 2120 1227 2145 3.
1246 2120 1288 2144 28.
1308 2117 1340 2144 cs.
1359 2117 1390 2144 fr.
1411 2119 1434 2144 7.
1454 2118 1476 2150 §.
1496 2118 1519 2143 6.
1539 2116 1572 2143 de
1591 2115 1678 2142 donat.
1691 2117 1732 2141 39.
1746 2117 1770 2141 5.
1797 2115 1840 2141 III.
1853 2116 1918 2142 Cn.

1080 2161 1212 2198 Paganus‚
1236 2162 1281 2197 qui
1303 2161 1329 2187 in
1353 2160 1521 2197 expeditione
1545 2175 1577 2178 —
1601 2159 1751 2189 transierat,
1780 2158 1869 2194 ibique
1892 2158 1918 2183 in

1081 2206 1136 2231 acie
1164 2203 1301 2230 ceciderat.
1329 2202 1360 2229 fr.
1383 2205 1424 2229 35.
1453 2203 1474 2236 ξ.
1494 2204 1518 2229 6.
1543 2212 1574 2228 ex
1599 2211 1641 2237 qu.
1667 2211 1687 2227 c.
1711 2201 1768 2227 mai.
1793 2202 1817 2226 4.
1842 2201 1864 2225 6.
1886 2215 1916 2219 -

1081 2249 1112 2282 §.
1132 2249 1170 2274 3.
1191 2248 1342 2274 Gentilis.
1377 2245 1396 2272 1.
1411 2247 1474 2280 Sy.
1494 2244 1616 2271 Gentilis.
1636 2243 1677 2270 Cf.
1698 2243 1723 2269 h.
1743 2254 1767 2269 v.
1787 2244 1808 2276 ξ.
1822 2244 1845 2268 3.
1874 2241 1916 2267 III.

1082 2292 1148 2318 Cn.
1176 2290 1321 2317 Christiani
1341 2299 1371 2315 ac
1389 2288 1496 2319 fideles,
1522 2288 1566 2323 qui
1589 2286 1620 2312 ad
1644 2295 1759 2323 paganos
1778 2286 1844 2311 ritus
1864 2283 1916 2310 cul-

1081 2339 1177 2370 tusque
1194 2334 1344 2369 migrarunt.
1365 2331 1414 2358 Th.
1429 2330 1460 2357 C.
1474 2329 1544 2356 XVI.
1566 2331 1588 2356 7.
1609 2339 1630 2356 c.
1649 2331 1674 2355 2.
1695 2339 1732 2365 pr.
1754 2327 1784 2354 cf.
1805 2337 1826 2353 c.
1847 2328 1868 2352 l.
1885 2326 1917 2352 de

1081 2380 1193 2413 apostat.
1217 2375 1248 2402 cs.
1272 2374 1342 2401 XVI.
1366 2376 1389 2400 2.
1418 2383 1439 2400 c.
1461 2373 1500 2399 18.
1529 2372 1561 2399 de
1589 2372 1668 2409 episc.
1695 2370 1757 2397 eccl.
1780 2368 1851 2395 XVI.
1877 2370 1917 2395 10.

1082 2429 1103 2445 e.
1122 2420 1165 2444 24.
1190 2419 1211 2452 3.
1232 2420 1254 2444 l.
1278 2417 1310 2444 de
1332 2426 1423 2453 pagan.
1464 2415 1565 2447 Iudaei,
1585 2414 1739 2443 Samaritae,
1763 2412 1868 2448 pagani,
1892 2416 1918 2437 et

1082 2466 1183 2488 caetera
1202 2460 1391 2486 haereticorum
1409 2468 1503 2495 genera
1520 2462 1710 2495 portentorum.
1729 2453 1796 2480 Nov.
1816 2453 1866 2480 Th.
1885 2453 1916 2480 II.

1082 2504 1114 2531 de
1132 2503 1187 2530 Iud.
1207 2503 1225 2529 I.
1245 2504 1269 2529 6.
1289 2512 1310 2528 c.
1332 2503 1355 2528 l.
1373 2503 1395 2536 ᾗ.
1416 2503 1438 2528 1.
1459 2501 1490 2528 cf.
1510 2501 1560 2527 Th.
1580 2499 1610 2526 C.
1630 2498 1699 2525 XVI.
1721 2499 1761 2522 10.
1781 2506 1802 2522 e.
1824 2497 1864 2522 13.
1877 2506 1916 2533 pr.

1082 2545 1264 2573 sacerdotales
1283 2554 1397 2582 paganae
1415 2543 1619 2582 superstitionis.
1639 2541 1675 2567 lb.
1696 2550 1716 2566 c.
1735 2541 1777 2565 20.
1797 2549 1836 2575 pr.

1120 2589 1279 2622 Pagina.
1316 2588 1347 2621 ξ.
1361 2589 1396 2614 1.
1413 2589 1539 2614 Folium
1559 2586 1755 2617 scripturae.
1792 2581 1835 2608 III.
1850 2583 1916 2609 Gn.

1082 2632 1111 2659 In
1132 2641 1287 2668 quacunque
1310 2636 1385 2668 parte
1404 2630 1554 2667 paginarum
1578 2626 1700 2652 scribere.
1730 2635 1751 2651 c.
1771 2626 1794 2651 6.
1814 2624 1846 2651 de
1865 2624 1916 2651 div.

1084 2684 1162 2702 rescr.
1186 2675 1206 2699 1.
1226 2675 1267 2700 23.
1305 2674 1441 2700 Orationis
1460 2670 1561 2708 paginis
1580 2667 1692 2695 antelata
1711 2668 1806 2700 (series
1823 2668 1918 2694 cousti-

1084 2717 1234 2749 tutiouum.)
1259 2716 1308 2743 Th.
1329 2716 1359 2743 C.
1378 2714 1447 2742 XIII.
1467 2715 1490 2739 5.
1515 2722 1536 2738 c.
1556 2712 1596 2737 16.
1621 2711 1642 2744 3.
1663 2713 1685 2737 1.
1706 2710 1738 2737 de
1756 2709 1867 2736 navicul.
1886 2725 1917 2729 -

1085 2761 1115 2793 ξ.
1136 2761 1172 2786 Β.
1200 2761 1360 2790 Libellus,
1382 2759 1493 2784 Codex.
1530 2754 1548 2780 1.
1568 2755 1630 2788 sy.
1650 2753 1755 2780 Charta.
1774 2753 1841 2779 Nov.
1861 2751 1917 2778 Val.

1084 2803 1126 2831 111.
1147 2802 1180 2829 de
1198 2807 1299 2829 testam.
1314 2801 1343 2827 II.
1358 2802 1398 2827 21.
1419 2809 1439 2826 c.
1453 2800 1476 2824 2.
1490 2808 1529 2835 pr.
1547 2797 1569 2831 3
1580 2799 1604 2823 5.
1631 2795 1674 2822 ΙΙΙ.
1689 2797 1754 2824 Gn.
1774 2794 1918 2822 Censua1es

1446 2842 1479 2868 85
