2197 3121
1022 171 1119 202 POT.

210 255 343 283 scribendi
363 256 475 293 exempli
496 256 540 282 [iat
558 259 685 293 potestas.
710 253 782 280 Paul.
803 252 846 279 lV.
866 254 889 279 6.
909 254 931 287 Q.
953 254 974 279 l.
1012 252 1053 279 Ne.
1073 286 1074 290 Ἰ

210 301 237 326 in
249 304 381 336 potestate
395 299 554 325 calumniosa
568 298 710 324 adversarii
724 298 773 323 mei
788 297 830 326 sit.
851 306 881 322 an
897 301 944 321 ete.
967 295 996 322 sr.
1012 298 1052 322 11.
1073 296 1075 312 ⁸

211 343 233 377 Q.
254 344 276 368 l.
297 342 328 368 de
348 341 438 368 iurisd.
458 344 484 367 2.
506 343 526 367 l.
547 340 578 367 cf.
600 340 656 366 Gai.
671 339 714 366 lv.
729 342 770 365 38.
807 338 891 365 Ilomo
911 338 987 369 liber,
1008 339 1052 375 qui

212 390 309 411 statum
330 395 405 410 suum
425 385 450 410 in
470 388 600 421 potestate
619 383 706 409 habet.
730 382 802 409 Paul.
822 381 852 408 11.
874 383 913 407 18.
934 382 956 414 Q.
978 383 999 408 l.
1020 397 1052 400 —

211 428 243 461 ᾖ.
264 429 299 454 2.
325 429 531 458 Dominatio,
556 428 753 457 Arbitrium,
781 427 841 452 lus.
879 424 898 450 I.
919 426 980 458 Sy.
1001 424 1051 450 Ius.

213 470 254 497 Cf.
276 470 299 496 h.
320 481 343 496 V.
364 470 385 503 Q.
405 469 468 495 2.C.
506 469 535 495 11.
553 471 620 502 Op.
642 468 715 495 Nuda
735 469 892 505 proprietas.
918 483 949 486 —
973 467 1053 493 Plena
1075 462 1076 471 ¹

213 514 239 539 in
259 523 286 539 re
305 517 431 549 potestas.
456 512 477 545 Q.
498 513 521 538 4.
546 512 564 538 1.
589 511 620 537 de
645 511 725 538 usufr.
750 513 774 537 2.
794 512 817 536 4.
854 510 896 536 III.
918 511 983 537 (721.
1005 509 1053 535 Vis
1075 542 1076 545 Ἴ

213 566 242 582 ac
261 560 380 592 potestas
399 556 437 587 (in
457 556 542 592 capite
562 554 666 587 libero.)
688 555 717 581 fr.
739 556 759 580 l.
780 564 818 590 pr.
838 554 860 586 Q.
882 554 902 579 1.
928 553 960 579 de
980 553 1052 579 tutel.
1075 551 1076 570 I

212 600 254 625 26.
276 600 298 624 1.
319 597 350 624 cf.
376 597 430 624 I‘rr.
455 597 483 624 L.
503 597 552 624 XII
577 597 660 624 Tabh.
680 597 712 623 V.
733 599 755 623 7.
791 595 916 622 Eiusdem
940 601 1053 632 potesta-
1074 602 1076 628 ξ

213 642 247 667 tis
268 641 384 676 iurisque
404 650 471 672 esse,
491 641 584 674 (cuius
604 640 653 667 fuit
672 640 838 671 defunctus.)
859 639 888 664 fr.
909 641 949 665 59.
971 639 1002 665 de
1022 638 1051 665 lt.

214 684 232 710 I.
252 685 292 709 50.
314 685 353 709 17.
391 683 444 718 Qui
469 684 522 715 (sc.
548 683 680 720 populus)
705 682 803 709 nullius
829 681 936 708 alterius
961 681 1053 719 populi
1074 691 1075 694 ¹

212 727 339 764 potestati
363 731 403 752 est
422 726 565 752 subiectus.
591 726 621 752 fr.
642 728 664 752 7.
689 726 710 759 Q.
731 726 753 750 l.
779 724 811 751 de
831 726 925 761 captiv.
950 727 991 751 49,
1014 727 1052 750 15.
1075 749 1076 762 ¹

213 769 241 796 Iu
261 773 392 806 potestate
411 769 503 806 populi
523 769 553 795 R.
574 770 670 795 venire.
691 767 720 794 fr.
735 769 758 793 4.
778 777 818 804 pr.
838 767 869 793 ad
889 767 917 793 L.
935 767 979 793 1111.
996 768 1051 793 mai.
1075 789 1076 805 ¹

213 814 254 839 48.
274 814 297 838 4.
334 811 362 838 Iu
382 812 496 838 hostium
517 811 710 849 praedonumve.
728 815 861 847 potestate
881 820 946 837 esse.
967 810 997 836 fr.
1014 812 1053 836 19.

213 855 245 882 de
263 865 367 892 procur.
387 856 411 881 3.
430 856 454 881 3,
492 855 526 881 Et
545 855 610 881 civis
629 853 668 884 R..
692 858 717 879 et
736 864 798 879 suae
818 854 965 890 potestatis.
986 863 1052 879 csse.

213 897 274 935 le.
293 897 389 924 XXIII.
410 899 433 924 6.
459 897 514 924 Gai.
535 897 564 924 II.
586 898 642 922 147.
663 896 694 922 cs.
719 895 749 922 fr.
773 899 814 922 21.
839 896 871 922 ad
894 896 923 922 L.
948 895 994 922 IuI.
1021 896 1053 922 de

213 941 293 967 adult.
319 942 360 966 48.
384 943 407 967 5.
446 940 475 967 Si
499 942 533 972 is,
558 941 583 966 in
608 941 681 965 euius
705 944 836 976 potestate
860 949 919 965 esse
943 938 1053 970 dicetur,
1075 964 1076 969 ¹

212 985 316 1019 negavit
335 993 363 1009 se
383 984 409 1010 in
428 994 473 1010 sua
487 987 618 1020 potestate
631 992 734 1008 servum
749 982 852 1008 habere.
872 982 902 1008 fr.
915 984 956 1008 21.
978 982 1014 1015 QQ.
1028 984 1053 1008 2.
1075 995 1076 1008 ;

214 1037 254 1063 sq.
280 1026 312 1053 de.
334 1037 394 1053 nox.
420 1031 467 1052 act.
487 1028 510 1052 9.
530 1028 553 1052 4.
579 1025 609 1051 fr.
629 1028 654 1051 Ξ).
677 1025 709 1051 (Ie
729 1026 818 1051 interr.
840 1026 864 1051 iu
885 1026 948 1051 iure.
970 1027 1009 1050 11.
1032 1027 1052 1051 l.

212 1069 320 1096 Reverti
340 1066 369 1095 in*
385 1073 541 1106 potestatem
561 1069 630 1099 eius.
655 1069 696 1093 cui
715 1067 839 1104 subrepta
860 1072 900 1094 est
919 1069 968 1100 (sc.
990 1068 1053 1097 res)

213 1112 244 1139 fr.
263 1115 288 1138 4.
312 1113 349 1146 QQ.
369 1113 392 1137 6.
413 1121 471 1147 sqq.
497 1111 527 1137 fr.
547 1112 589 1137 41.
614 1110 646 1137 dc
666 1121 756 1147 usurp.
776 1112 816 1136 41.
837 1112 860 1136 ’3.
899 1110 993 1136 Omnia
1013 1111 1053 1136 sui
1075 1120 1076 1139 1

213 1156 278 1181 iuris
298 1156 323 1181 in
343 1159 500 1191 potestatem
514 1155 608 1191 recipit
627 1153 803 1190 (postliminio
817 1155 961 1186 reversus.)
981 1152 1053 1179 Paul.

214 1198 245 1224 II.
265 1199 306 1224 25.
329 1198 351 1231 Q.
373 1199 394 1223 l.
420 1213 450 1217 —-
476 1197 506 1229 ξ.
527 1198 564 1223 3.
589 1198 789 1223 Auctoritas
812 1207 945 1228 summa,
975 1195 1076 1231 quaet

212 1243 293 1275 reip.
313 1242 438 1267 nomine
457 1241 562 1266 alicui
580 1241 741 1273 competit.
779 1241 952 1273 Imperium
978 1243 1054 1270 (me-

212 1293 291 1314 rum,
311 1293 347 1310 ac.
369 1284 613 1318 magistratus.)
652 1282 670 1308 I.
687 1283 749 1316 Sy.
770 1281 820 1308 Ius.
842 1281 883 1308 Cf.
904 1282 928 1308 h.
949 1292 972 1308 v.
992 1283 1013 1316 Q.
1029 1283 1052 1307 2.

211 1326 244 1352 A.
281 1325 420 1363 Imperium
445 1325 589 1357 (merum.)
614 1324 656 1352 Cf.
680 1324 704 1351 h.
729 1335 752 1351 v.
795 1325 900 1351 Summa
926 1329 1053 1362 potestas.
1075 1342 1076 1351 ¹

210 1368 364 1405 Regimenta
388 1369 451 1404 reip.
476 1368 506 1394 fr.
526 1370 550 1394 2.
575 1368 596 1401 Q
618 1369 657 1394 18.
684 1367 716 1394 tic
735 1369 768 1394 O.
789 1367 807 1393 I.
830 1370 850 1394 1.
870 1370 894 1394 2.
920 1368 950 1394 fr.
972 1370 994 1394 l.
1014 1378 1052 1404 pr,
1075 1387 1076 1401 ¹

212 1411 245 1438 de
270 1412 313 1437 off.
338 1410 390 1437 Prs.
416 1410 457 1437 Pr.
485 1412 507 1437 1.
529 1413 568 1437 11.
606 1410 648 1437 III.
670 1412 736 1438 Cn.
761 1410 828 1437 Cum
852 1410 909 1447 lege
932 1411 1002 1447 regia
1022 1425 1053 1429 —
1075 1403 1077 1449 ξ

210 1453 327 1492 populus
348 1455 370 1480 ei
389 1454 438 1487 (sc.
459 1452 589 1490 principi)
613 1458 639 1480 ct
661 1455 687 1480 in
707 1464 765 1480 eum
785 1464 861 1480 omne
881 1464 956 1480 suum
975 1455 1054 1491 impe·
1075 1466 1077 1479 1

212 1498 279 1524 rium
300 1502 325 1523 et
345 1501 501 1533 potestatem
521 1496 645 1523 conferat.
666 1496 695 1523 fr.
718 1499 739 1523 l.
760 1507 797 1534 pr.
819 1497 851 1523 (Ie
871 1502 954 1523 const.
974 1497 1016 1523 Pr.
1033 1498 1053 1523 1.
1076 1519 1077 1522 ¹

211 1541 235 1566 4.
264 1540 317 1575 Qui
338 1541 474 1576 imperium
492 1545 705 1576 potestatemque
725 1539 768 1573 [ai.
789 1540 991 1577 potestatemve]
1012 1540 1054 1566 ha-
1076 1553 1077 1581 ¹

212 1582 285 1609 bent.
311 1581 382 1608 Paul.
407 1581 438 1608 V.
459 1585 482 1608 5.
492 1582 523 1609 A.
547 1583 568 1616 Q.
591 1585 612 1609 l.
633 1582 664 1608 cf.
686 1582 716 1608 V.
736 1584 777 1608 26.
802 1583 823 1616 Q.
846 1585 867 1610 l.
893 1583 922 1609 fr.
944 1585 966 1609 l.
988 1584 1009 1616 Q.
1032 1585 1053 1609 1.
1076 1594 1077 1622 ¹

213 1625 245 1652 ad
265 1624 293 1651 L.
314 1624 360 1651 lut.
381 1626 439 1651 ulai.
459 1626 499 1651 48.
514 1628 537 1652 4.
557 1625 587 1651 fr.
602 1627 625 1652 7.
646 1625 677 1651 ad
691 1625 719 1651 L.
734 1625 781 1651 Iul.
802 1625 833 1652 de
849 1627 873 1652 vi
894 1626 955 1663 pub.
975 1628 1016 1652 48.
1030 1627 1053 1651 6.

213 1667 363 1694 Iurisdictio
384 1672 409 1693 et
427 1673 554 1704 potestas.
577 1679 598 1695 c.
618 1670 642 1694 6.
667 1668 699 1694 de
720 1668 857 1695 l'abricens.
879 1671 918 1695 11.
939 1670 962 1695 9.
1001 1669 1053 1703 Qui
1076 1677 1077 1702 ¹

215 1710 330 1736 eiusdem
349 1712 489 1747 potestatis
509 1716 578 1737 sunt.
602 1711 632 1738 fr.
655 1713 711 1737 173.
736 1722 775 1748 pr.
797 1711 828 1738 de
848 1711 878 1738 V.
900 1712 927 1738 S.
952 1714 993 1738 50.
1015 1713 1052 1737 16.
1076 1705 1077 1727 Ῑ

213 1752 319 1779 Maioris
338 1755 478 1790 potestatis
498 1755 672 1790 magistratus.
692 1754 722 1780 fr.
735 1757 759 1780 2.
774 1755 796 1787 Q.
812 1757 851 1780 18.
867 1754 898 1780 de
912 1754 945 1781 Ο.
960 1754 977 1780 1.
994 1756 1016 1780 l.
1029 1757 1053 1780 2.

215 1795 290 1831 Quae
309 1797 365 1821 iure
384 1798 523 1833 potestatis
543 1808 555 1823 a
574 1798 726 1833 magistratu
742 1797 814 1823 fiunt.
837 1797 866 1823 fr.
882 1799 921 1823 13.
942 1798 963 1830 Q.
978 1799 1001 1822 G.
1023 1796 1055 1823 de
1076 1789 1078 1801 ἰ

214 1839 290 1864 iniur.
310 1840 351 1864 47.
373 1841 412 1864 1⁰.
433 1839 464 1865 ef.
485 1839 514 1866 sr.
537 1841 557 1866 l.
578 1850 617 1876 pr.
637 1841 659 1865 si
680 1850 721 1875 qu.
743 1841 783 1865 ius
804 1840 853 1866 dic.
872 1843 896 1865 2.
916 1841 940 1866 3.
980 1839 1055 1865 Pote-
1076 1859 1077 1864 ¹

214 1886 282 1907 state
301 1882 371 1911 eius.
396 1883 439 1917 qui
459 1892 515 1907 eum
536 1883 619 1912 misit,
644 1882 825 1915 (inducendus
846 1888 886 1908 est
905 1884 930 1908 in
950 1892 1055 1919 posses·
1076 1871 1077 1908 1

214 1924 337 1956 sionem.)
358 1923 387 1950 fr.
402 1926 426 1950 3.
446 1934 484 1960 pr.
505 1934 537 1950 uc
556 1925 596 1950 vis
616 1925 661 1951 fiat
680 1927 710 1951 ei.
731 1927 771 1951 43.
786 1927 810 1951 4.
835 1925 923 1951 Gladii
936 1930 1055 1962 potestas
1076 1925 1077 1955 ζ

214 1966 286 1997 data,
311 1966 353 1992 vel
373 1967 447 1992 cuius
472 1966 578 1993 alterius
599 1969 775 1994 coercitionis.
801 1968 830 1995 fr.
852 1970 874 1994 6.
900 1978 938 2005 pr.
959 1967 991 1994 de
1011 1968 1054 1993 off.
1076 1957 1077 2000 i

213 2009 289 2036 Proc.
308 2015 333 2035 et
347 2009 407 2045 Leg.
425 2011 445 2035 l.
463 2011 501 2035 16.
522 2009 578 2036 l’ot.
599 2010 715 2036 fascium.
736 2010 785 2037 ΤΙι.
801 2010 831 2037 C.
846 2011 902 2037 XII.
919 2013 940 2037 l.
961 2022 981 2037 e.
997 2012 1053 2037 174.

215 2052 247 2079 dc
261 2052 441 2078 decu1·ion.—
458 2053 488 2085 ᾗ.
503 2054 591 2079 3.A.
609 2055 724 2080 Munus
740 2056 808 2088 reip
824 2074 830 2086 ,
851 2056 1053 2084 ordinarium
1076 2064 1077 2067 ¹

215 2098 262 2122 vel
289 2097 606 2127 extraordinarium,
635 2107 699 2122 cum
728 2099 894 2132 dignitate
921 2099 1077 2136 cominu-¹

215 2144 306 2164 ctum.
343 2137 360 2164 I.
376 2139 437 2171 Sy.
457 2137 586 2173 Dignitas.
607 2138 647 2165 Cf.
663 2138 687 2165 h.
702 2150 725 2165 v.
740 2140 760 2173 Q.
774 2141 798 2165 »’3.
819 2139 917 2165 lIonor.
935 2139 975 2165 Cf.
991 2139 1014 2166 h.
1030 2150 1053 2166 v.

216 2180 260 2206 III.
281 2181 345 2207 Gn.
367 2182 440 2215 Quas
460 2181 514 2212 (sc.
535 2182 676 2217 pecunias)
696 2183 755 2218 quis
775 2184 800 2208 in
819 2184 984 2219 magistratu.¹
1010 2193 1055 2220 po-
1076 2193 1077 2208 1

218 2227 320 2258 testate,
340 2224 486 2254 curatione,
511 2222 652 2258 legatione,
676 2225 718 2251 vel
738 2235 790 2261 quo
810 2225 860 2251 alio
881 2226 982 2257 officio.
1003 2236 1055 2252 mu-

218 2275 288 2296 nere,
308 2266 487 2292 ministeriove
505 2266 612 2303 publico
633 2268 709 2304 cepit.
730 2268 759 2294 fr.
782 2270 802 2294 1.
824 2269 855 2294 ef.
881 2268 910 2294 fr.
929 2270 953 2294 3.
975 2268 1005 2294 ad
1026 2268 1054 2294 L.
1076 2286 1077 2290 ¹

218 2308 264 2334 lul.
289 2312 370 2344 repet.
395 2310 435 2334 48.
458 2311 496 2334 ll.
538 2309 718 2343 Magistratus,
741 2310 783 2336 vei
809 2316 935 2348 potestas.
965 2311 1005 2337 Cf.
1031 2322 1054 2337 ν.

218 2350 392 2386 Magistratus
419 2351 440 2383 Q.
462 2353 486 2377 2.
523 2351 678 2383 Ordinaria,
706 2353 748 2379 vel
778 2353 894 2389 qualibet
921 2354 1078 2391 praeditusy

218 2397 357 2430 potestate.
378 2391 426 2418 Th.
447 2392 477 2419 C.
496 2394 538 2420 III.
560 2397 598 2422 ll.
619 2406 640 2422 c.
656 2398 678 2422 l.
699 2406 737 2433 pr.
757 2397 779 2421 si
799 2406 872 2432 quac.
893 2397 980 2433 praed.
1001 2402 1054 2434 pot.
1076 2415 1077 2436 ¹

220 2435 252 2462 cf.
265 2435 307 2461 111.
321 2436 344 2460 6.
365 2445 386 2460 c.
402 2437 423 2460 1.
444 2435 465 2460 si
484 2446 557 2472 prov.
578 2443 640 2464 rect.
678 2438 728 2464 Vel
747 2440 773 2464 in
793 2444 924 2476 potestate
943 2441 1054 2477 positus,
1076 2449 1077 2464 1

219 2477 261 2504 vel
284 2477 385 2504 honore
408 2476 569 2513 perfunctus.
593 2480 630 2508 Ib.
648 2481 719 2508 XVI.
741 2484 779 2508 10.
801 2493 822 2508 c.
844 2484 882 2508 12.
903 2493 941 2519 pr.
962 2483 994 2509 de
1013 2494 1055 2520 pa-
1076 2503 1077 2530 ¹

219 2530 275 2557 gau.
302 2536 333 2539 —-
358 2521 389 2554 §.
408 2521 497 2546 3.B.
523 2523 662 2550 Persona
685 2527 770 2558 ipsa,
796 2536 874 2559 quae
890 2532 1055 2559 potestate
1076 2531 1077 2544 ¹

216 2565 351 2597 publica
368 2565 522 2596 praedita
541 2570 594 2590 est.
631 2565 650 2592 1.
670 2569 732 2601 Sy.
756 2567 872 2599 ludices.
896 2568 1054 2595 Potcstates.
1076 2545 1077 2593 1

220 2606 255 2632 lb.
270 2604 340 2631 XIV.
354 2608 378 2631 4.
399 2616 420 2631 c.
433 2607 457 2631 ”3.
478 2605 510 2631 de
529 2616 597 2632 suar.
616 2607 685 2635 XVI.
704 2612 728 2636 2.
749 2621 769 2637 c.
784 2613 825 2637 47.
845 2611 877 2637 de
897 2612 976 2648 episc.
991 2611 1053 2637 eccl.
1076 2628 1077 2659 ¹

220 2648 353 2675 Sublimes
372 2653 526 2684 potestates.
551 2648 685 2676 Praefecti.
704 2651 743 2678 lb.
763 2653 807 2680 XI.
827 2656 868 2680 28.
890 2665 910 2680 c.
930 2655 953 2680 3.
974 2664 1013 2691 pr.
1033 2665 1053 2680 c.

220 2693 244 2718 6.
269 2691 301 2717 de
326 2689 422 2726 indulg.
447 2691 526 2717 debit.
563 2691 605 2718 111.
623 2694 688 2719 Gn·
712 2694 788 2722 Iussu
810 2698 989 2732 magistratus,
1013 2697 1055 2723 vel
1076 2702 1077 2722 t

220 2733 366 2765 praesidis,
390 2732 432 2759 vel
456 2733 563 2760 alterius
588 2736 735 2771 potestatis.
758 2737 788 2764 fr.
808 2740 832 2765 3.
857 2740 878 2773 Q.
901 2741 922 2766 1.
947 2740 979 2766 de
1000 2740 1055 2767 reb.

222 2786 274 2803 eor.
295 2786 336 2812 qu.
357 2786 377 2802 s.
398 2780 445 2802 tut.
464 2778 506 2802 27.
525 2778 548 2803 9.
584 2777 752 2805 Gracchanus
772 2796 802 2800 —
821 2781 889 2808 libro
910 2798 941 2802 ——
961 2782 993 2809 de
1011 2793 1057 2820 po-

223 2819 371 2846 testatibus.
391 2818 421 2845 fr.
436 2820 457 2845 1.
472 2829 511 2856 pr.
525 2819 558 2846 de
571 2821 614 2847 off.
635 2821 744 2857 Quaest.
759 2823 781 2848 1.
796 2824 836 2850 13.
861 2824 1010 2862 Impetrare‚
1024 2842 1056 2846 —

1876 174 1936 204 737

1096 253 1220 279 Damnari
1244 252 1293 285 (ab
1314 253 1399 289 aliqua
1420 254 1578 290 potestate.)
1608 254 1636 280 fr.
1656 255 1697 280 26.
1725 264 1762 291 pr.
1783 254 1815 280 de
1835 256 1934 291 pignor.

1095 298 1136 322 20.
1159 298 1179 322 1.
1200 295 1230 322 fr.
1252 297 1291 321 17.
1312 295 1333 328 Q.
1357 297 1395 322 19.
1415 296 1447 322 (Ie
1466 296 1551 322 Aedit.
1573 297 1648 323 edict.
1669 299 1710 323 21.
1734 299 1753 323 1.
1791 297 1831 323 ΑΙ)
1852 298 1937 334 aliqua

1097 343 1236 375 potestate,
1255 337 1297 364 vel
1312 339 1387 364 etiam
1403 339 1434 364 ab
1450 339 1577 375 imperiali
1597 340 1714 365 iussione
1733 340 1824 372 (iudex
1840 341 1938 371 datus.)

1097 381 1143 407 Iul.
1165 392 1204 418 ep.
1225 391 1285 407 nov.
1306 391 1326 407 c.
1345 382 1385 407 47.
1406 382 1426 414 Q.
1444 384 1498 407 185,
1538 382 1578 407 Ad
1598 383 1733 408 scientiam
1752 388 1876 411 nostram.
1896 383 1938 409 vet

1074 436 1075 458 ¹
1097 424 1129 450 ad
1154 424 1267 460 inclytas
1291 428 1435 461 potestates
1461 424 1600 456 (referre.)
1623 425 1672 451 Ti..
1693 425 1723 451 C.
1744 425 1787 451 IX.
1810 428 1831 452 1.
1857 437 1877 452 c.
1899 428 1937 452 153.

1098 467 1129 493 (Ie
1143 477 1228 493 accus.
1243 472 1268 493 et
1282 467 1359 492 inscr.
1380 466 1495 493 Indicum
1516 472 1668 503 potestates.
1690 468 1726 494 lb.
1742 468 1808 495 VIII.
1823 471 1845 494 5.
1861 479 1882 495 c.
1897 471 1937 494 56.

1097 509 1129 535 de
1155 519 1233 535 cursu
1257 509 1318 546 pub.
1356 508 1465 535 Aulicae
1491 515 1643 546 potestates.
1670 510 1736 537 Nov.
1762 510 1819 537 Val.
1840 511 1880 537 III.
1907 511 1938 537 d<-

1098 552 1194 588 iudulg.
1215 552 1308 588 reliqu.
1329 551 1359 578 11.
1381 553 1404 578 l.
1424 562 1444 578 c.
1464 554 1488 578 3.
1508 553 1529 586 Q.
1550 554 1573 578 4.
1596 569 1624 573 —
1651 554 1681 586 ξ.
1704 556 1742 581 4.
1764 556 1938 588 Imperium

1094 597 1205 629 patris
1232 598 1277 621 rel
1300 596 1437 627 domini,
1463 597 1494 621 in
1520 597 1638 621 liberos
1663 606 1733 622 suos
1759 600 1805 623 vel
1823 608 1937 623 servus.

1098 638 1115 664 I.
1129 639 1190 672 Sy.
1212 637 1261 664 Ius.
1283 637 1323 664 Cf.
1344 637 1368 663 h.
1388 647 1411 663 v.
1432 637 1454 670 Q.
1474 637 1536 663 2.C.
1563 637 1662 664 Manus.
1684 639 1724 665 (If.
1746 639 1769 666 11.
1792 650 1814 665 v.
1835 640 1856 672 Q.
1876 640 1937 665 313.

1097 680 1138 706 111.
1155 682 1220 708 011.
1240 681 1334 707 Earum
1355 690 1534 717 personarum.
1555 690 1620 716 quac
1640 681 1724 707 alieno
1744 683 1792 708 iuri
1807 682 1939 708 subiectae

1098 728 1167 755 sunt.
1188 723 1253 749 aliae
1273 724 1297 749 in
1318 728 1458 760 potestate,
1478 722 1543 749 aliae
1563 724 1588 749 in
1609 734 1694 755 manu,
1717 724 1780 750 aliae
1800 726 1824 750 in
1846 725 1939 750 inanei-

1097 768 1141 803 pio
1167 771 1235 792 sunt.
1268 766 1324 792 Gai.
1344 765 1362 791 1.
1383 767 1423 792 49.
1446 767 1502 792 109.
1524 767 1581 792 142.
1613 765 1642 792 11.
1663 768 1702 792 86,
1724 777 1762 803 sq.
1790 766 1847 803 le.
1868 767 1938 793 XIX.

1099 810 1138 835 18.
1177 810 1230 844 Qui
1250 819 1295 835 eos
1315 808 1362 834 hac
1382 810 1537 845 cognatione
1556 809 1679 845 adtinget.
1700 819 1842 845 quorumve
1856 811 1881 835 in
1895 820 1940 846 po-

1075 859 1076 867 *
1100 857 1193 878 testate
1213 852 1411 878 matrimoniove
1432 853 1488 878 crit.
1510 852 1593 878 Vatic.
1614 853 1635 885 Q.
1650 854 1709 878 298.
1725 853 1755 878 cf.
1777 853 1813 886 QQ
1827 854 1885 878 21⁴3.
1900 863 1938 888 sq.

1098 895 1126 920 In
1146 896 1185 920 avi
1207 899 1346 931 potestate,
1366 894 1408 920 vel
1428 895 1519 931 proavi
1539 895 1633 921 familia
1654 896 1845 928 (remansisse.)
1869 895 1938 921 Paul.

1098 937 1253 971 1V.5.§.8.
1286 938 1339 972 Qui
1359 942 1516 973 potestatem
1536 937 1647 964 familiae
1667 939 1752 974 potuit
1766 938 1868 964 habere.
1890 938 1939 964 Th.

1099 981 1129 1007 C.
1144 980 1175 1007 V.
1192 983 1212 1006 l.
1234 990 1254 1005 r.
1275 981 1298 1006 6.
1320 980 1351 1005 de
1372 979 1441 1016 legit.
1462 980 1572 1007 hei-edit.
1607 983 1682 1016 Quos
1702 982 1728 1006 111
1748 986 1878 1017 potestate
1897 980 1940 1006 ha—

1099 1024 1203 1054 bemus,
1233 1024 1380 1058 caeterique
1407 1024 1450 1059 qui
1476 1024 1502 1049 in
1528 1023 1669 1050 liberorum
1695 1023 1753 1049 loco
1778 1029 1847 1049 sunt.
1880 1023 1939 1060 le.

1098 1066 1194 1093 XXVI.
1217 1068 1238 1092 1.
1259 1066 1290 1091 cf.
1310 1065 1393 1092 XXII.
1416 1067 1453 1091 14.
1473 1068 1514 1092 24.
1544 1066 1588 1097 Vt,
1608 1068 1630 1092 si
1651 1067 1718 1092 vivis
1739 1067 1815 1092 nobis
1835 1077 1940 1093 nascan-

1100 1115 1153 1141 tur.
1179 1110 1203 1135 iu
1231 1113 1362 1145 potestate
1388 1113 1476 1133 nostra
1497 1108 1567 1134 fiant.
1594 1109 1650 1135 (jai.
1671 1109 1689 1135 I.
1712 1111 1767 1135 147.
1789 1109 1819 1135 cf.
1841 1112 1880 1135 7b'.
1901 1120 1939 1146 sq.

1075 1152 1076 1164 ³
1100 1152 1158 1189 le.
1173 1151 1255 1178 XXII.
1272 1153 1311 1177 15.
1326 1153 1364 1177 19.
1394 1151 1447 1186 Qui
1462 1151 1493 1182 ei,
1513 1151 1539 1176 iu
1553 1153 1626 1177 cuius
1646 1157 1777 1188 potestate
1797 1158 1845 1183 est.
1865 1154 1941 1189 eique

1099 1197 1143 1232 qui
1163 1196 1189 1221 in
1209 1194 1299 1221 eaden)
1319 1198 1451 1230 potestate
1471 1198 1520 1225 est,
1540 1194 1718 1230 adscripserit.
1739 1195 1768 1221 fr.
1791 1198 1829 1221 10.
1850 1206 1887 1232 pr.
1908 1196 1941 1221 de

1098 1238 1127 1264 L.
1149 1238 1228 1264 Corn.
1250 1237 1281 1263 de
1302 1236 1358 1263 sals.
1379 1238 1420 1262 48.
1442 1238 1482 1262 10.
1503 1236 1533 1262 cf.
1554 1236 1610 1263 Gai.
1630 1237 1658 1263 II.
1682 1239 1737 1264 108.
1776 1237 1872 1267 Fitius.
1896 1239 1941 1274 qui

1099 1283 1124 1307 in
1144 1285 1276 1317 potestate
1296 1285 1345 1311 est,
1366 1289 1500 1306 servusve.
1521 1278 1582 1316 le.
1596 1279 1681 1306 XXV.
1700 1282 1739 1306 10.
1771 1281 1879 1309 Servus.
1898 1280 1941 1307 ch

1098 1323 1164 1350 alius
1184 1324 1228 1359 qui
1247 1324 1273 1349 in
1293 1322 1376 1349 aliena
1395 1327 1527 1360 potestate
1547 1326 1594 1348 est.
1616 1322 1645 1348 fr.
1666 1325 1687 1349 7.
1713 1324 1735 1349 si
1756 1333 1796 1359 qu.
1818 1328 1896 1349 cautt.
1915 1326 1940 1349 2.

1100 1369 1139 1392 11.
1177 1366 1307 1392 Desinant
1331 1366 1407 1392 liberi
1431 1367 1457 1392 in
1476 1370 1608 1402 potestate
1628 1366 1683 1391 eius
1707 1367 1759 1398 (sc.
1781 1366 1940 1402 patrisfanl.)

1099 1420 1166 1436 esse.
1191 1409 1247 1435 Gai.
1268 1408 1285 1434 I.
1307 1410 1363 1435 128.
1388 1419 1447 1445 sqq.
1474 1425 1505 1427 —
1530 1409 1561 1442 ξ.
1583 1409 1620 1435 5.
1646 1411 1856 1439 Auctoritas,
1881 1410 1940 1444 Ef-

1099 1455 1219 1487 fectus,
1252 1453 1358 1478 Γαῖον.
1405 1451 1447 1477 111.
1467 1452 1533 1478 Cn.
1563 1450 1698 1486 Quaedam
1724 1456 1857 1487 praeterea
1881 1456 1941 1477 sunt

1099 1496 1224 1524 actiones.
1245 1505 1310 1530 quae
1330 1494 1360 1520 ad
1382 1494 1446 1530 legis
1463 1495 1591 1520 actionem
1607 1495 1796 1530 exprimuntur.
1817 1494 1941 1530 quaedam

1099 1549 1144 1564 sua
1164 1539 1189 1564 vi
1209 1548 1237 1563 ac
1257 1542 1388 1574 potestate
1408 1541 1536 1563 constant.
1557 1536 1593 1562 Id.
1614 1536 1657 1562 IV.
1680 1538 1718 1561 10.
1756 1536 1815 1563 Non
1835 1548 1880 1563 sua
1900 1548 1941 1563 na-

1101 1587 1169 1613 tura.
1195 1580 1242 1606 sed
1262 1585 1391 1615 potestate
1412 1580 1595 1606 conventionis
1615 1579 1736 1613 (valere.)
1758 1579 1786 1606 fr.
1807 1583 1830 1606 5.
1851 1591 1889 1617 pr.
1910 1580 1941 1606 (11·

1099 1635 1165 1651 resc.
1186 1623 1262 1649 vend.
1286 1625 1323 1648 18.
1344 1624 1368 1648 5.
1407 1622 1474 1648 Cum
1501 1627 1610 1658 utraque
1635 1623 1702 1648 actio
1726 1622 1842 1648 eiusdem
1868 1627 1941 1659 pote-

1099 1669 1175 1694 statis
1197 1671 1249 1697 est,
1276 1665 1440 1701 eundemque
1459 1665 1538 1691 habet
1558 1665 1688 1691 effectum.
1714 1665 1743 1691 fr.
1763 1667 1804 1691 47.
1825 1666 1846 1698 Q.
1868 1667 1889 1691 1.
1909 1665 1941 1691 de

1100 1710 1130 1736 N.
1151 1711 1182 1736 G.
1202 1712 1225 1735 3.
1246 1711 1270 1735 5.
1290 1708 1320 1734 I'r.
1342 1710 1380 1733 155.
1402 1708 1433 1734 de
1453 1708 1531 1734 duob.
1552 1709 1611 1734 reis.
1632 1710 1672 1734 45.
1694 1710 1717 1733 ’3.
1756 1707 1803 1733 Vis
1824 1713 1849 1734 ct
1868 1713 1941 1744 pote-

1099 1758 1153 1779 stas
1173 1752 1371 1785 (uununorum.)
1397 1751 1453 1777 Gai.
1473 1750 1491 1776 1.
1513 1753 1568 1776 122.
1589 1750 1619 1776 fr.
1639 1752 1663 1776 -’3.
1684 1750 1716 1777 de
1736 1761 1766 1776 eo
1787 1761 1829 1787 qu.
1850 1762 1869 1777 (“.
1891 1750 1940 1777 loc.

1101 1798 1140 1822 13.
1161 1798 1184 1821 4.
1222 1794 1313 1830 Neque
1334 1793 1421 1819 ofiieio
1442 1793 1545 1823 iudicis.
1565 1803 1650 1829 neque
1670 1793 1801 1820 Praetoris
1822 1795 1941 1831 imperio,

1099 1849 1184 1875 neque
1203 1838 1268 1874 Iegis
1288 1841 1419 1874 potestate
1439 1837 1621 1869 (confirmari.)
1647 1835 1676 1862 fr.
1697 1838 1738 1862 27.
1759 1836 1791 1862 de
1811 1837 1842 1863 Ο.
1865 1842 1890 1863 et
1908 1837 1940 1863 A.

1099 1883 1140 1908 4-1.
1166 1883 1188 1907 7.

1100 1924 1213 1951 edictum
1234 1923 1365 1949 Praetoris
1390 1922 1523 1948 inducitur
1543 1926 1661 1958 potestas
1681 1922 1753 1958 legis.
1779 1922 1807 1948 fr.
1831 1924 1852 1948 1.
1877 1923 1896 1956 Q
1916 1925 1939 1949 2.

1099 1968 1130 1993 ad
1151 1967 1178 1993 L.
1200 1966 1269 1993 Faic.
1289 1968 1330 1992 35.
1349 1968 1373 1992 2.
1410 1965 1487 2001 Legis
1507 1969 1625 2001 potestas
1645 1965 1771 1991 adversus
1792 1976 1849 1991 eum
1868 1976 1940 1992 exer-

1099 2011 1208 2037 cebitur.
1233 2010 1262 2036 fr.
1285 2011 1306 2035 l.
1331 2010 1351 2042 Q
1372 2011 1395 2034 4.
1421 2008 1452 2034 ad
1476 2007 1542 2034 SC.
1568 2007 1650 2045 Turp.
1676 2009 1716 2034 48.
1740 2010 1777 2034 16.
1820 2008 1940 2034 Potestas

1100 2054 1247 2079 testamenti
1272 2052 1303 2077 ab
1328 2051 1432 2077 heredis
1458 2051 1622 2076 institutione
1642 2052 1741 2088 incipit.
1762 2050 1821 2088 le.
1841 2051 1937 2077 XXIV.

1226 1880 1268 1907 Ad
1293 1890 1337 1905 eos
1362 1896 1393 1899 —
1420 1889 1471 1905 nou
1491 1880 1604 1916 pertinet
1624 1878 1652 1904 L.
1674 1878 1802 1911 Falcidia,
1828 1879 1875 1906 sed
1894 1890 1941 1916 per

1101 2099 1139 2123 15.
1174 2096 1201 2122 ln
1221 2100 1377 2132 potestatem
1397 2095 1572 2120 iustitutionis
1592 2094 1717 2130 redIgere.
1738 2094 1768 2120 fr.
1790 2096 1828 2120 19.
1848 2104 1887 2131 pr.
1907 2094 1939 2120 dc

1076 2156 1077 2164 1
1099 2139 1172 2165 mitit.
1193 2144 1293 2164 testam.
1313 2140 1355 2164 29.
1376 2139 1398 2163 1.

1137 2182 1407 2209 Pon-stativas.
1423 2180 1551 2213 (Adiect)
1572 2182 1606 2206 In
1620 2186 1782 2214 potestate
1795 2182 1937 2206 alicuius

1076 2237 1077 2260 1
1098 2227 1235 2260 positus.
1271 2224 1301 2251 ll.
1324 2226 1391 2257 Op.
1412 2223 1542 2249 Casualis,
1563 2222 1603 2249 Cf.
1625 2223 1648 2249 11.
1670 2233 1692 2248 v.

1137 2269 1259 2295 Potio.
1297 2269 1405 2293 Fatus.
1444 2266 1485 2292 III.
1510 2268 1575 2293 Cn.
1603 2265 1695 2291 Victus
1720 2266 1872 2293 necessarii.
1896 2265 1935 2290 vel

1077 2305 1078 2310 ¹
1100 2312 1216 2349 potionis
1236 2310 1343 2336 oblatio.
1364 2320 1384 2335 c.
1405 2310 1446 2335 28.
1467 2319 1504 2345 pr.
1526 2308 1558 2334 de
1578 2313 1678 2334 testam.
1698 2310 1721 2334 6.
1741 2310 1781 2334 23.
1812 2308 1882 2333 Nihil
1902 2308 1937 2333 iu—

1100 2360 1140 2380 ter
1159 2353 1258 2383 dulcia.
1284 2354 1334 2378 nisi
1354 2352 1424 2388 quod
1445 2353 1560 2388 potionis
1580 2351 1686 2383 fuisset,
1709 2350 1827 2386 legatum.
1847 2350 1876 2375 fr.
1899 2351 1935 2375 113.

1099 2399 1120 2431 Q.
1141 2400 1164 2423 2.
1186 2397 1217 2422 de
1239 2397 1289 2421 trit.
1310 2396 1378 2421 vinu.
1398 2396 1439 2420 3-3.
1460 2396 1484 2420 6.

1138 2440 1279 2466 Potior.
1300 2438 1438 2470 (Adiect.)
1460 2439 1490 2471 §-
1512 2439 1545 2464 1.
1567 2438 1739 2470 Superior,
1760 2437 1935 2461 praestan.

1099 2485 1173 2509 tior.
1211 2482 1228 2507 1.
1250 2483 1311 2515 Sy.
1332 2480 1434 2506 Melior.
1455 2480 1495 2506 Cf.
1515 2480 1540 2506 h.
1560 2490 1583 2506 v.
1604 2480 1624 2512 Q.
1647 2480 1668 2504 l.
1706 2477 1826 2508 Vincere,
1847 2476 1937 2503 Potior

1100 2536 1158 2552 esse
1178 2524 1363 2557 (adversario.)
1383 2523 1438 2550 Gai.
1460 2523 1503 2550 IV.
1525 2524 1581 2548 150.
1601 2531 1659 2557 sqq.
1696 2520 1839 2551 Antet'erri.
1863 2519 1937 2546 Prae-

1099 2569 1168 2599 ferri,
1189 2566 1350 2598 Praevalere.
1371 2566 1462 2592 Potior
1476 2576 1534 2592 esse
1551 2564 1643 2597 (aliis.)
1662 2563 1698 2589 Id.
1712 2562 1753 2588 III.
1767 2564 1808 2589 64,
1823 2573 1881 2599 sqq.
1895 2565 1934 2589 71,

1099 2612 1128 2638 1“1·.
1149 2613 1172 2637 5.
1193 2610 1223 2636 sr.
1243 2611 1266 2635 9.
1286 2608 1316 2635 fr.
1338 2611 1377 2635 12.
1404 2611 1425 2643 Q.
1446 2611 1469 2635 8.
1495 2609 1546 2644 Qu.
1566 2608 1661 2644 potior.
1680 2608 1721 2632 20.
1741 2608 1765 2631 4,
1786 2616 1806 2632 c.
1826 2608 1849 2632 2.
1871 2616 1892 2632 c.
1911 2608 1934 2632 4.

1100 2654 1157 2680 eod.
1181 2656 1204 2679 8.
1232 2653 1270 2678 18.
1312 2651 1354 2678 111.
1378 2654 1445 2680 (711.
1474 2651 1533 2677 7Non
1557 2656 1607 2676 tam
1632 2649 1733 2686 potior.
1763 2659 1839 2685 quam
1862 2648 1935 2675 solus

1100 2695 1280 2729 (invenietur.)
1301 2694 1330 2721 fr.
1349 2697 1374 2721 2.
1394 2695 1410 2721 l.
1431 2694 1447 2720 1.
1467 2696 1507 2720 20.
1527 2696 1550 2719 4.
1585 2691 1719 2718 Interdum
1740 2693 1873 2729 posterior
1891 2702 1935 2728 po-

1100 2741 1151 2765 tior
1170 2743 1210 2764 est
1229 2739 1318 2775 priori.
1342 2738 1372 2764 sr.
1393 2740 1415 2763 5.
1437 2737 1468 2763 cf.
1494 2736 1523 2762 fr.
1543 2737 1566 2761 4.
1591 2735 1625 2761 ib.
1644 2737 1685 2760 ⁴20.
1705 2736 1728 2760 4.
1766 2734 1841 2761 Sicut
1863 2735 1935 2771 prior

1101 2792 1128 2808 es
1143 2787 1268 2818 tempore,
1288 2782 1322 2807 ita
1341 2781 1430 2817 potior
1449 2789 1477 2805 es
1497 2780 1559 2804 iure.
1580 2789 1601 2805 c.
1615 2780 1638 2804 4.
1658 2778 1674 2804 l.
1688 2779 1711 2805 8.
1728 2779 1767 2804 18.
1804 2777 1837 2803 Et
1850 2787 1934 2813 quam-

1101 2826 1140 2852 vis
1164 2826 1245 2862 prima
1272 2834 1348 2850 causa
1376 2824 1411 2849 sit
1438 2823 1464 2848 in
1491 2821 1596 2848 caducis
1619 2820 1783 2849 vindIcandis
1811 2819 1933 2846 heredum

1459 2866 1494 2892 93
