2197 3121
931 173 1020 203 DET
1047 191 1086 197 —
1110 172 1213 203 DEV.

210 261 247 289 Vt
265 261 449 288 detrimentum
468 269 516 297 pro
535 258 657 296 portione
676 256 890 282 connnunicetur.
915 254 946 281 fr.
964 256 989 281 2.
1008 264 1048 292 pr.

209 305 232 338 ξ.
253 306 276 330 l.
295 304 328 330 de
347 303 376 330 L.
395 303 482 330 Rhod.
504 303 544 328 14.
557 303 581 327 2.
619 300 694 336 Quae
713 300 770 325 sine
789 298 945 324 detrimento
966 298 1050 334 ipsius

210 348 248 374 rei
267 347 326 373 tolli
346 351 466 383 possunt.
492 344 519 371 t'r.
541 346 583 370 39.
602 344 624 377 ξ.
645 345 667 369 l.
688 342 720 369 de
738 341 826 368 hered.
846 345 899 378 pet.
919 342 943 367 5.
963 341 987 366 3.

246 390 429 417 Detritus.
458 387 578 421 (Partic.)
611 388 826 413 Extenuatus.
858 383 980 411 Iltc'n.
1000 382 1050 408 Ve-

211 437 275 464 stes,
296 443 361 469 quae
381 432 491 458 detritae
511 439 568 459 usu,
588 438 634 455 seu
654 432 799 465 corruptae.
829 437 849 453 c.
868 428 910 453 22.
930 426 962 452 de
982 425 1048 452 adm.

212 480 291 502 tutor.
312 478 335 502 5,
354 477 396 501 37.
422 474 453 501 et'.
474 484 495 500 c.
515 475 538 499 4.
560 472 611 507 Qu.
631 471 700 497 decr.
720 481 762 508 op.
782 480 806 496 ιι.
826 474 874 495 est.
894 470 918 495 5.
939 470 979 494 72.

246 519 473 545 lle-trudere.
511 516 717 550 Deprimere,
737 514 892 540 Deiicere.
924 511 1048 538 HLCn.

211 560 267 587 Nec
286 560 318 586 de
337 561 378 586 xia
399 561 458 596 quis
478 559 506 591 (i.
528 559 562 590 e.)
581 568 653 584 mero
672 558 727 584 iure
746 554 902 582 detruditur.
933 554 962 580 sr.
982 556 1006 580 4.
1026 554 1048 588 ξ.

211 605 253 629 27.
274 603 306 629 de
324 613 414 640 usurp.
434 604 474 628 41.
495 603 519 628 3.
557 600 610 636 Qui
630 602 656 627 in
675 608 804 626 carcerem
828 608 905 634 quem
928 597 1049 627 detrusit,

212 651 240 672 ut
259 645 359 682 aliquid
379 647 401 672 ei
421 648 598 680 extorqueret.
624 643 654 670 fr.
673 645 714 669 22.
735 641 786 676 Qu.
806 645 866 667 met.
887 651 908 667 c.
927 642 951 667 4.
965 643 989 667 2.
1020 640 1049 666 In

212 688 335 715 servilem
361 687 537 714 conditionem
561 686 668 713 detrusi.
706 695 727 711 c.
746 686 770 710 2.
795 683 827 710 de
852 683 968 721 postlim.
995 693 1050 709 rev.

211 733 235 758 8.
256 733 296 757 51.

246 775 498 801 Betruncare.
523 775 714 807 Amputare,
735 772 897 797 Resecare.
929 768 1050 796 men.

211 817 305 844 Aderit
324 820 419 842 armata
445 826 566 844 censura.
592 825 656 852 quae
680 812 839 839 nefariorum
862 812 946 849 capita
971 813 1051 838 cervi-

211 869 309 896 cesque
329 857 474 885 detruncet.
507 858 556 885 Th.
577 857 607 884 C.
627 857 645 883 Ι,
666 857 706 882 16.
733 866 753 882 c.
775 857 797 881 7.
818 855 932 888 (ch.)
953 855 985 881 de
1005 855 1049 881 off.

211 902 286 929 Rect.
307 901 348 928 Pr.
391 901 524 928 Maeniana
547 917 579 920 -
603 899 688 926 modis
714 898 835 925 omnibus
855 898 1051 925 detruncentur.

212 956 234 972 c.
256 947 295 972 11.
316 945 348 971 de
368 944 443 971 aedif.
462 946 529 982 priv.
549 944 573 969 8.
594 944 633 968 10.

246 987 451 1022 Devagari.
492 987 630 1021 sagari,
652 986 902 1012 Circumerrare.
931 983 1051 1011 Iltcn.

212 1031 267 1067 Qui
288 1032 345 1057 sine
365 1033 508 1057 commeatu
528 1044 560 1048 —-
579 1038 627 1065 per
650 1028 800 1064 provincias
820 1027 988 1063 devagantur.
1000 1026 1050 1053 Th.

212 1073 244 1101 C.
264 1073 282 1100 I.
303 1076 343 1100 10.
363 1083 384 1099 c.
404 1074 427 1098 5.
447 1071 551 1105 (ch.)
572 1071 604 1097 de
617 1070 661 1097 off.
675 1069 749 1096 Com.
765 1069 791 1096 S.
805 1070 884 1106 lar-gg.

246 1116 470 1144 Devastare.
507 1115 651 1140 l‘astare.
680 1113 698 1139 I.
713 1114 774 1147 Sy.
802 1113 924 1140 Mutilare
943 1113 1050 1150 (prata.)

211 1159 249 1186 Ib.
269 1158 325 1185 ΥΠ.
346 1160 369 1184 7.
390 1168 410 1184 c.
430 1158 454 1183 3.
475 1157 507 1183 de
526 1157 640 1194 pascuis.

246 1202 458 1229 „evehere-
500 1201 642 1226 Feltendo
662 1201 846 1233 adportare.
883 1199 901 1226 I.
922 1200 983 1234 Sy.
1001 1198 1052 1225 Ve-

210 1245 288 1277 here,
306 1244 467 1280 Deportare,
486 1241 596 1268 Portare
616 1243 760 1276 (merces)
789 1241 822 1268 fr.
842 1244 882 1268 10.
902 1253 942 1280 pr.
968 1242 1005 1276 ἐξ.
1028 1244 1050 1269 1.

211 1297 251 1325 sq.
271 1287 303 1314 de
322 1286 352 1313 L.
372 1285 458 1312 Rhod.
479 1286 519 1311 14.
538 1287 562 1311 2.
588 1284 617 1311 fr.
637 1286 679 1311 35.
699 1294 739 1322 pr.
763 1284 796 1311 de
814 1284 903 1311 hered.
923 1286 984 1312 inst.
1008 1286 1050 1311 28.

211 1333 236 1357 5.
273 1329 438 1357 convehere.
465 1328 496 1354 cf.
516 1328 541 1354 h.
561 1337 585 1354 v.

245 1372 450 1400 neve-nire.
487 1372 672 1402 pervenire,
697 1372 823 1406 Redigi.
861 1371 879 1397 I.
900 1373 961 1406 Sy.
991 1371 1052 1398 Per-

211 1416 314 1447 venire,
334 1414 498 1441 Transmitti.
530 1424 551 1439 c.
571 1415 595 1439 2.
616 1423 673 1450 sqq.
699 1413 732 1439 de
751 1413 812 1440 bon.
833 1424 875 1450 qu.
894 1414 941 1441 lib.
965 1416 989 1441 6.
1009 1416 1050 1441 61.

211 1458 254 1485 III.
269 1459 335 1486 Gn.
360 1457 483 1484 Discreta
502 1461 563 1482 sunt
582 1457 645 1488 iura.
666 1457 784 1493 quamvis
804 1456 879 1494 plura
898 1459 924 1484 in
943 1457 1052 1484 eandem

211 1509 353 1539 personam
373 1499 534 1526 devenerint..
565 1499 595 1526 fr.
615 1501 657 1525 22.
682 1499 714 1526 de
733 1500 757 1526 h.
778 1511 821 1537 qu.
841 1505 870 1526 ut
888 1500 985 1537 indign.
1009 1502 1050 1527 34.

211 1546 237 1571 9.
262 1543 293 1570 cs.
315 1543 345 1569 sr.
366 1544 424 1568 107.
445 1542 477 1568 de
497 1542 575 1568 solut.
599 1543 641 1568 46.
660 1544 685 1569 3.
726 1543 768 1569 Ad
793 1544 911 1579 quemvis
930 1554 1052 1581 persecu-

212 1588 249 1614 tio
274 1588 330 1613 eius
355 1585 499 1612 devenerit.
529 1584 559 1612 sr.
580 1586 620 1612 68.
645 1585 678 1612 de
701 1585 732 1612 R.
751 1586 770 1612 Ι,
795 1588 836 1612 50.
858 1588 897 1613 17.
943 1586 1052 1619 Servus,

213 1630 259 1666 qui
277 1645 310 1649 »-
329 1629 355 1655 in
374 1628 453 1654 fidem
473 1629 528 1654 eius
549 1627 662 1654 devenit.
686 1627 717 1655 fr.
731 1630 756 1655 3.
776 1628 808 1655 de
822 1628 931 1665 obsequ.
950 1634 1052 1666 parent.

212 1674 255 1698 37.
274 1674 314 1698 15.
352 1671 506 1698 Suariorum
525 1681 621 1708 corpus
641 1671 673 1697 ad
691 1682 790 1709 paucos
810 1671 923 1698 devenit.
956 1671 1006 1699 Th.
1021 1672 1053 1699 C.

213 1713 284 1742 XIV.
304 1715 328 1740 4.
348 1724 368 1740 c.
389 1716 411 1740 1.
432 1714 464 1740 de
484 1723 552 1740 suar.

254 1757 540 1788 ”eversor-ium,
580 1767 601 1783 s.
632 1757 907 1784 niven-sotium.
955 1758 987 1791 §.
1018 1759 1053 1784 1.

215 1801 413 1833 Hospitium.
455 1799 497 1825 III.
520 1800 586 1826 Cn.
616 1800 796 1837 Quaecunque
815 1802 842 1827 in
861 1810 991 1837 caupona,
1011 1800 1054 1826 vel

214 1844 241 1869 in
259 1843 410 1873 meritorio,
430 1841 547 1873 stabulo,
568 1842 750 1869 diversoriove
768 1844 902 1880 perierint.
934 1842 1007 1869 Paul.
1022 1843 1052 1869 II.

213 1887 256 1912 31.
277 1885 299 1919 ξ.
320 1886 359 1910 16.
380 1884 411 1910 cf.
431 1884 462 1910 fr.
483 1886 522 1910 13.
543 1885 565 1918 ᾗ.
585 1885 609 1911 S.
635 1884 667 1911 de
686 1885 753 1912 usuf.
779 1887 801 1912 7.
825 1887 847 1912 l.
884 1885 913 1912 Si
932 1885 1055 1912 horreum

215 1928 264 1955 suit
284 1927 451 1959 conductum,
470 1927 513 1953 vel
533 1926 716 1959 diversorium,
736 1928 778 1955 vel
792 1938 858 1954 arca.
882 1927 912 1954 fr.
926 1930 950 1954 3.
971 1929 997 1955 in
1011 1939 1053 1965 qu.

215 1982 236 1998 c.
256 1971 326 2008 pign.
346 1973 387 1996 20.
407 1972 431 1996 2.
452 1986 484 1989 ——
504 1971 534 2003 ξ.
550 1971 585 1996 2.
607 1973 754 1997 Secessus
773 1981 932 1998 amoenus.
962 1971 1054 2006 [Sy.

214 2012 421 2040 Deverticulum.
450 2012 481 2039 ct'.
502 2012 526 2039 h.
546 2023 570 2038 v.
608 2012 649 2039 III.
671 2015 736 2040 Cn.
767 2013 850 2050 Ager,
875 2024 952 2050 quem
971 2014 1056 2040 diver-

214 2057 314 2083 sorium
334 2055 462 2081 habuerit.
493 2054 543 2081 Th.
565 2055 596 2081 C.
616 2055 634 2081 I.
655 2057 678 2082 7.
699 2066 720 2082 c.
740 2058 763 2083 5.
784 2056 817 2083 de
837 2057 880 2083 off.
900 2057 974 2083 Rect.
994 2056 1036 2083 Pr.

249 2099 473 2126 „everterem
511 2098 541 2131 ξ.
561 2099 596 2125 l.
626 2099 811 2135 Deflet-tere
829 2109 846 2126 a
865 2101 926 2126 via.
955 2100 973 2126 I.
993 2101 1055 2139 Sy.

215 2141 337 2167 Deviare.
366 2140 408 2167 Cf,
428 2140 453 2167 h.
473 2151 497 2167 v.
518 2157 550 2160 —
570 2142 601 2174 §.
620 2142 655 2168 2.
684 2143 875 2176 Hospitium
895 2153 1054 2177 quaerere.

217 2183 259 2209 111.
274 2185 339 2211 Cn.
357 2183 433 2210 Licet
451 2185 531 2220 gratis
552 2185 724 2220 navigaveris,
743 2184 786 2210 vel
805 2185 831 2210 in
846 2195 963 2222 caupona
976 2186 1055 2222 gratis

218 2225 362 2252 deverteris
383 2226 426 2259 [al.
441 2226 600 2260 diverteris]
621 2226 651 2252 sr.
665 2228 689 2252 6.
702 2237 742 2263 pr.
762 2232 831 2253 naut.
847 2238 956 2265 caupon.
976 2230 999 2254 4.
1014 2230 1037 2255 9.

254 2269 558 2300 nevel-ticulum,
580 2279 601 2295 s.
621 2269 913 2297 nivel-ticulum.
952 2274 1055 2298 Seces-

218 2320 278 2337 sus
320 2310 337 2336 Ι.
359 2313 418 2345 Sy.
446 2312 637 2338 Diversorium.
670 2311 718 2338 Th.
739 2311 770 2338 C.
790 2312 808 2338 Ι.
829 2314 852 2339 7.
873 2323 893 2339 c.
913 2315 937 2340 5.
961 2314 993 2340 dc
1013 2314 1056 2340 off.

219 2353 293 2379 Rect.
312 2353 355 2379 Pr.
392 2353 433 2380 111.
448 2356 513 2382 Cn.
532 2355 561 2381 In
576 2355 690 2381 fluminis
710 2354 810 2391 publici
830 2355 992 2383 deverticulo
1013 2356 1056 2390 [al.

219 2395 392 2428 diverticulo]
418 2396 490 2423 solus
514 2397 635 2434 pluribus
654 2399 729 2423 annis
748 2398 874 2434 piscatus.
905 2398 936 2425 fr.
956 2401 997 2426 45.
1018 2410 1056 2436 pr.

219 2438 253 2464 de
272 2447 361 2474 usurp.
381 2439 422 2464 41.
435 2440 459 2465 3.
495 2439 587 2477 Neque
606 2442 674 2467 enim
692 2440 781 2477 paullo
801 2440 958 2468 diverticulo
978 2442 1057 2468 abdu-
1079 2435 1080 2448 ¹

220 2480 296 2507 cendi
316 2485 377 2507 sunt
395 2494 428 2499 —
448 2481 479 2507 ab
498 2483 624 2510 excubiis.
653 2483 702 2510 Th.
718 2483 748 2510 C.
768 2483 835 2510 YIII.
855 2486 879 2510 5.
900 2494 921 2510 c.
935 2486 976 2511 33.
997 2486 1018 2519 ς’.
1034 2487 1057 2511 1.
1079 2495 1080 2517 ς

223 2523 255 2550 de
274 2534 352 2549 cursu
371 2523 432 2559 pub.

256 2566 435 2593 Deviare.
456 2567 639 2602 Deflet-tere
657 2579 673 2596 a
693 2571 760 2601 via,
780 2571 946 2595 Aberrare.
966 2569 984 2595 1.
996 2570 1057 2604 Sy.

222 2609 366 2635 Devertere
386 2608 433 2641 (ab
453 2609 571 2642 itinere.)
600 2610 649 2637 Th.
669 2611 700 2638 C.
720 2611 736 2638 l.
756 2611 772 2638 l.
798 2622 818 2638 c.
838 2613 863 2638 3.
889 2622 909 2638 c.
928 2614 970 2638 25.
1014 2612 1057 2638 III.

222 2653 288 2679 Gn.
319 2650 394 2677 Viam
413 2652 517 2688 impiam
536 2652 717 2686 obstruentes,
741 2659 769 2680 ut
792 2664 824 2681 ne
849 2655 908 2691 quis
928 2655 994 2681 alius
1014 2655 1057 2681 de-

222 2695 275 2720 viet
295 2698 343 2720 etc.
372 2704 393 2720 c.
413 2695 436 2720 6.
457 2694 489 2720 de
508 2695 568 2721 inst.
590 2700 615 2721 et
633 2695 717 2722 subst.
736 2698 760 2723 6.
779 2699 821 2723 25.
857 2698 881 2724 A
900 2698 997 2724 iudicio
1019 2708 1058 2724 ca-

222 2736 335 2763 tholicae
354 2736 488 2772 religionis
508 2741 533 2762 et
551 2738 654 2763 tramite
672 2753 705 2757 —
724 2738 836 2766 deviare.
864 2739 914 2767 Th.
935 2740 966 2767 C.
985 2740 1057 2768 XVI.

223 2781 246 2805 5.
266 2790 287 2806 c.
306 2781 348 2806 28.
369 2779 401 2805 de
421 2779 542 2805 haeretic.

257 2822 474 2850 „evincire-
506 2823 674 2858 Obligare,
695 2824 909 2859 Confirmare.
938 2825 981 2852 111.
993 2827 1058 2854 011.

1872 171 1936 201 279

1095 254 1195 281 Omnes
1213 253 1284 290 leges
1304 246 1364 280 suas
1384 253 1510 290 religione
1530 253 1642 291 sapienti
1661 252 1824 289 pudorisque
1844 251 1934 278 obscr-

1094 299 1199 324 vatione
1217 296 1335 323 devinxit
1354 298 1407 331 (sc.
1428 307 1532 324 romana
1551 297 1700 329 maiestas.)
1736 294 1806 322 Cotl.
1826 294 1879 321 LL.
1900 294 1933 322 Μ.

1094 340 1139 367 Vl.
1159 342 1183 367 4.

1128 383 1394 417 Devirginare.
1419 384 1626 417 l'irginitate
1643 383 1786 416 privare.
1812 380 1855 407 III.
1868 381 1934 408 Gn.

1093 426 1134 452 De
1154 436 1231 452 servo
1251 431 1390 463 corrupto,
1417 425 1459 451 vel
1483 424 1576 451 ancilla
1596 424 1770 460 devirginata.
1794 424 1837 450 vel
1856 433 1934 449 servo

1093 473 1212 506 stuprato
1232 470 1304 502 (cum
1323 468 1433 494 Praeses
1454 468 1615 504 cognoscat.)
1635 467 1664 493 fr.
1679 468 1720 492 21.
1741 466 1773 492 de
1787 466 1830 493 oss.
1844 466 1933 493 Praes.

1096 513 1117 538 l.
1139 513 1178 538 18.

1128 554 1282 581 Devius.
1311 554 1440 588 (Adiect.)
1472 554 1503 587 §.
1523 554 1557 580 l.
1583 555 1745 584 Remotus,
1768 553 1935 579 occultus.

1093 596 1135 622 III.
1161 598 1226 624 Cn.
1259 597 1287 623 In
1311 602 1412 623 secreta
1436 606 1496 622 sese
1521 601 1546 622 et
1571 596 1645 622 devia
1670 595 1796 622 conferre.
1826 594 1876 621 Th.
1901 594 1932 621 C.

1094 639 1151 665 XII.
1178 641 1216 666 19.
1242 650 1262 666 c.
1284 642 1306 666 1.
1335 639 1367 666 dc
1391 639 1415 666 h.
1441 649 1483 675 qu.
1510 638 1586 665 cond.
1611 649 1700 675 propr.
1746 638 1835 664 Litora
1859 637 1934 664 devia

1096 684 1198 709 sectari.
1227 683 1263 709 Ib.
1283 683 1340 709 XII.
1360 685 1384 709 5.
1405 693 1426 709 c.
1445 684 1487 708 33.
1508 682 1540 708 de
1559 681 1699 707 navicular.
1720 697 1752 700 ——
1772 682 1802 715 §.
1819 682 1854 707 2.
1875 682 1935 707 Ab·

1095 736 1215 753 errans.
1256 725 1299 751 III.
1320 727 1385 753 (7η.
1415 725 1469 760 Qui
1493 725 1546 751 fide
1571 724 1653 755 devii,
1679 729 1704 750 ot
1729 729 1815 750 mente
1838 724 1935 749 caecati

1096 769 1316 802 (descivissent.)
1349 768 1386 794 II».
1405 767 1475 794 XVI.
1497 770 1520 794 7.
1540 778 1561 794 c.
1581 770 1604 794 5.
1625 767 1658 794 de
1677 771 1787 804 apostat.
1823 767 1936 793 Errores

1096 812 1165 838 devii
1185 811 1444 848 (rebaptizantium.)
1472 810 1508 837 Ib.
1528 810 1598 836 XVI.
1619 812 1642 837 6,
1663 821 1684 836 c.
1703 812 1727 836 3.
1748 820 1780 835 ne
1800 809 1827 835 S.
1845 809 1917 846 bapt.

1130 856 1279 881 Beunx.
1335 856 1515 887 Quantitas
1547 855 1604 880 xl.
1636 855 1744 880 unciis
1775 859 1934 879 constans.

1095 897 1136 924 III.
1158 898 1223 925 (711,
1251 896 1377 924 Sextans.
1399 896 1542 932 quadrans,
1564 897 1660 928 triens,
1680 912 1712 915 —
1732 895 1856 927 dodrans,
1875 893 1936 921 dex-

1095 946 1167 971 tans,
1188 940 1282 966 deunx.
1310 940 1339 965 l'r.
1358 941 1400 965 50.
1420 940 1441 973 ξ.
1461 942 1485 965 2.
1506 939 1538 965 (1ι-
1557 939 1645 966 hered.
1666 940 1727 965 inst.
1745 939 1788 964 28.
1808 940 1831 963 5.

1130 985 1340 1010 llevocare.
1384 984 1567 1013 Art-essere,
1600 984 1811 1016 Compellere,
1842 981 1936 1007 Redi-

1093 1037 1177 1062 gere.
1220 1025 1238 1052 I.
1259 1026 1320 1059 Sy.
1353 1024 1456 1061 Cogere
1480 1025 1531 1059 (ad
1551 1025 1718 1051 collationem
1738 1024 1805 1057 etc.)
1834 1022 1884 1049 Th.
1903 1021 1934 1048 C.

1096 1068 1164 1096 XIH.
1184 1070 1207 1094 4.
1233 1078 1254 1094 c.
1275 1070 1298 1094 4.
1324 1068 1356 1094 de
1377 1078 1466 1094 exeus.
1487 1068 1553 1094 artis.
1591 1067 1726 1094 Revocare
1746 1068 1788 1100 (in
1808 1065 1935 1098 irritum.)

1096 1112 1133 1138 1b.
1153 1111 1222 1138 VIII.
1243 1113 1283 1137 15.
1304 1121 1325 1137 e.
1345 1113 1368 1137 5.
1389 1111 1410 1144 ξ.
1424 1113 1448 1137 2.
1469 1111 1501 1137 de
1520 1112 1552 1137 iis
1572 1121 1614 1147 qu.
1635 1110 1729 1136 admin.
1749 1109 1794 1136 XI.
1816 1110 1856 1134 13.
1876 1118 1897 1134 c.
1912 1109 1936 1134 l.

1096 1156 1119 1181 si
1137 1165 1185 1192 per
1204 1154 1306 1191 obrept.
1340 1153 1424 1180 Vatic.
1449 1154 1470 1188 ξ.
1490 1156 1549 1180 273.
1597 1153 1639 1180 III.
1664 1154 1729 1181 Cn.
1760 1152 1789 1178 Iu
1812 1151 1937 1177 iudicium

1097 1198 1232 1224 devocare.
1263 1208 1283 1223 c.
1305 1198 1327 1223 1.
1348 1196 1381 1223 de,
1400 1196 1455 1223 ord.
1476 1197 1555 1223 indic.
1580 1198 1604 1223 3.
1624 1200 1648 1222 ὅ.
1677 1196 1727 1222 Th.
1749 1194 1779 1221 C.
1800 1194 1844 1221 IX.
1866 1196 1888 1220 1.
1914 1203 1935 1219 c.

1097 1243 1136 1267 ll.
1157 1240 1189 1267 de
1209 1245 1333 1266 accusatt.
1370 1239 1412 1266 Ad
1432 1239 1519 1266 civilia
1539 1249 1658 1271 munera,
1677 1238 1720 1264 vel
1740 1238 1838 1269 curiae,
1858 1236 1936 1263 devo-

1096 1285 1156 1310 cari.
1190 1283 1226 1309 lb.
1246 1282 1314 1309 VIII.
1335 1284 1358 1309 4.
1385 1293 1406 1309 c.
1428 1284 1450 1309 l.
1476 1282 1509 1309 de
1529 1282 1655 1309 cohortal.
1683 1280 1742 1308 XV.
1766 1282 1790 1307 3.
1815 1290 1836 1306 c.
1859 1281 1880 1305 l.
1905 1278 1937 1305 de

1096 1328 1151 1353 itin.
1174 1337 1243 1353 mun.

1130 1371 1356 1397 new-olveto.
1393 1369 1424 1402 ξ.
1444 1369 1479 1395 1.
1509 1369 1712 1402 Deprimere,
1738 1368 1882 1402 Deferre.
1917 1364 1937 1390 l.

1096 1414 1157 1448 Sy.
1180 1411 1336 1443 Procedere,
1356 1411 1458 1447 Redigi,
1478 1411 1593 1437 Devolvi
1613 1410 1658 1444 (ad
1672 1410 1771 1441 orbem,
1791 1419 1815 1435 v.
1830 1407 1938 1440 lucem.)

1096 1467 1117 1483 c.
1130 1458 1154 1482 3.
1175 1455 1207 1482 de
1225 1454 1313 1492 posth.
1328 1454 1417 1481 hercd.
1437 1456 1460 1480 6.
1474 1456 1517 1481 29.
1554 1453 1701 1485 Deducere,
1721 1452 1869 1479 Perducere
1888 1451 1937 1484 (in,

1096 1510 1116 1526 s.
1137 1498 1181 1531 ad,
1202 1499 1372 1534 egestatem.)
1402 1497 1432 1524 fr.
1453 1499 1477 1523 5.
1502 1498 1524 1531 ξ
1546 1499 1585 1523 17.
1616 1496 1648 1523 dc
1667 1506 1723 1531 agn.
1744 1500 1769 1521 et
1789 1494 1873 1521 alend.
1894 1495 1937 1520 25.

1096 1545 1119 1569 3.
1145 1542 1174 1568 t'r.
1196 1544 1235 1567 12.
1255 1541 1276 1574 ξ.
1296 1543 1320 1566 2.
1345 1540 1378 1567 de
1398 1545 1445 1566 tut.
1467 1545 1492 1566 et
1512 1550 1565 1566 cur.
1586 1539 1636 1566 dat.
1656 1540 1698 1564 26.
1718 1540 1741 1564 5.
1771 1537 1802 1564 fr.
1822 1540 1846 1564 3.
1871 1538 1893 1571 ξ.
1913 1538 1937 1563 6.

1097 1585 1142 1612 ubi
1160 1595 1223 1622 pup.
1247 1585 1289 1610 27.
1308 1585 1332 1609 2.
1376 1582 1417 1609 III.
1439 1584 1504 1610 Gn.
1536 1583 1565 1609 Si
1589 1583 1656 1609 sorte
1681 1597 1713 1601 —
1731 1591 1857 1618 pressura
1876 1589 1938 1616 qua-

1097 1629 1156 1655 dam
1174 1627 1263 1653 lumen
1282 1627 1308 1653 iu
1328 1636 1371 1652 eas
1391 1626 1468 1652 aedes
1488 1625 1651 1652 devolvatur.
1676 1624 1706 1652 fr.
1722 1626 1761 1650 17.
1782 1624 1804 1657 ξ.
1817 1626 1842 1650 2.
1862 1623 1895 1649 de
1909 1622 1936 1649 S.

1097 1671 1126 1698 P.
1145 1670 1177 1697 V.
1197 1672 1221 1697 8.
1240 1672 1265 1696 2.
1297 1685 1330 1689 ·—-
1361 1670 1392 1703 §.
1417 1670 1452 1696 2.
1482 1671 1631 1700 Devolvi,
1659 1670 1676 1695 i.
1702 1678 1722 1694 e.
1752 1668 1937 1694 Decarrere.

1098 1715 1115 1741 I.
1139 1715 1201 1748 Sy.
1228 1712 1331 1749 Lapsus
1356 1713 1483 1748 temporis
1509 1712 1659 1738 decurrens.
1702 1709 1869 1737 Cui-ticulum
1896 1717 1939 1734 au-

1098 1767 1191 1783 norum
1215 1755 1375 1782 devolutum.
1408 1754 1458 1780 Th.
1482 1753 1513 1780 C.
1533 1753 1576 1780 IV.
1599 1755 1638 1780 14.
1664 1764 1685 1779 c.
1707 1755 1729 1779 1.
1754 1753 1792 1786 §§.
1813 1754 1836 1778 l.
1856 1754 1880 1778 5.
1905 1750 1939 1777 de

1098 1804 1146 1826 act.
1167 1803 1238 1825 certo
1258 1803 1336 1834 temp.
1382 1797 1425 1823 III.
1445 1798 1511 1824 Cn.
1542 1796 1583 1822 Illi
1607 1796 1705 1823 excidit
1730 1795 1837 1828 anulus,
1862 1799 1888 1821 et
1911 1795 1938 1820 iu

1098 1842 1216 1869 Tiberim
1234 1840 1375 1867 devolutus
1401 1844 1449 1866 est.
1482 1839 1512 1866 fr.
1531 1841 1573 1865 23.
1597 1839 1630 1866 de
1649 1849 1763 1876 praescr.
1782 1848 1824 1865 vv.
1852 1839 1892 1864 19.
1912 1839 1937 1863 5.

1098 1885 1231 1912 Devoluto
1251 1884 1336 1921 spatio
1356 1884 1424 1909 anni.
1462 1882 1650 1918 Quinquennio
1670 1882 1805 1908 devoluto.
1826 1891 1847 1908 c.
1860 1882 1885 1907 2.
1906 1879 1939 1906 de

1099 1928 1150 1955 div.
1170 1937 1250 1954 rescr.
1272 1929 1294 1953 l.
1313 1928 1355 1952 23.
1381 1925 1430 1952 Th.
1446 1924 1476 1951 C.
1498 1925 1565 1951 VIII.
1585 1927 1608 1951 5.
1629 1936 1650 1951 c.
1664 1926 1705 1951 36.
1726 1925 1758 1951 de
1778 1934 1857 1951 cursu
1875 1923 1938 1961 pub.

1099 1987 1132 1991 --
1152 1971 1182 2004 ξ.
1202 1971 1238 1996 3.
1270 1970 1442 2000 Transire,
1464 1970 1625 2004 Conferri.
1664 1967 1682 1994 I.
1703 1969 1764 2002 Sy.
1790 1967 1939 1998 pervenire,

1099 2013 1205 2044 Venire,
1224 2012 1339 2039 Devolvi
1359 2011 1412 2045 (ad,
1432 2021 1452 2037 s,
1473 2012 1520 2043 in.)
1545 2011 1575 2037 sr.
1590 2012 1614 2037 9.
1634 2011 1655 2044 ξ
1671 2013 1694 2037 l.
1713 2010 1746 2037 de
1758 2009 1825 2036 adm.
1845 2014 1871 2036 et
1883 2018 1938 2046 per.

1076 2065 1078 2071 ¹
1099 2058 1140 2084 26.
1161 2059 1184 2083 7.
1209 2055 1239 2082 I'r.
1261 2057 1300 2081 77.
1321 2055 1342 2089 ξ.
1362 2056 1403 2080 29.
1424 2054 1456 2080 de
1475 2054 1552 2090 legat..
1571 2053 1601 2080 II.
1622 2054 1689 2087 (31.)
1709 2053 1739 2079 fr.
1760 2055 1800 2079 75.
1820 2062 1860 2089 pr.
1880 2052 1901 2086 ᾗ.
1916 2053 1938 2077 l.

1100 2100 1132 2126 ad
1146 2099 1173 2126 S.
1188 2099 1219 2125 C.
1233 2098 1313 2125 Treb.
1334 2099 1375 2124 36.
1394 2099 1416 2123 l.
1450 2097 1588 2129 Transire,
1608 2096 1721 2123 Deferri.
1742 2096 1772 2122 I'r.
1784 2098 1807 2122 2.
1827 2096 1849 2129 §.
1865 2097 1887 2121 1.
1907 2094 1940 2120 de

1077 2174 1079 2182 Ι
1100 2143 1168 2169 alim.
1188 2142 1236 2178 leg.
1256 2143 1297 2167 34.
1320 2143 1340 2167 l.
1362 2141 1392 2167 fr.
1407 2141 1448 2166 45.
1468 2140 1505 2174 ἓξ.
1526 2141 1549 2166 4.
1571 2141 1610 2166 11.
1631 2139 1663 2165 de
1682 2140 1737 2165 iure
1756 2139 1822 2165 fisci.
1842 2139 1884 2164 49.
1899 2138 1938 2163 14.

1100 2186 1142 2212 III.
1160 2186 1225 2213 Cn.
1245 2184 1273 2210 In
1293 2183 1390 2210 tutelae
1410 2184 1539 2209 actionem
1559 2182 1708 2208 devolvitur
1728 2181 1851 2218 (gestus.)
1871 2181 1900 2207 t'r.
1916 2181 1938 2205 l.

1101 2230 1122 2263 ξ.
1142 2230 1165 2254 5.
1190 2227 1222 2254 de
1247 2238 1277 2254 eo
1302 2237 1344 2264 qu.
1370 2237 1418 2263 pro
1441 2230 1486 2252 tut.
1506 2227 1547 2251 27.
1567 2227 1590 2251 5.
1622 2225 1653 2251 cl'.
1679 2224 1709 2251 sr.
1730 2227 1769 2251 13.
1795 2224 1826 2250 de
1846 2228 1892 2249 tut.
1913 2226 1939 2247 et

1100 2277 1147 2298 rat.
1166 2273 1208 2297 27.
1222 2272 1246 2297 3.
1284 2269 1314 2296 Si
1333 2269 1414 2295 semel
1433 2268 1465 2294 ad
1485 2269 1707 2294 testmantarium
1727 2267 1848 2294 devoluta
1863 2266 1940 2291 suerit

1078 2327 1080 2352 ’ἶ
1101 2314 1191 2341 tutela.
1220 2313 1250 2340 I'r.
1270 2315 1311 2339 11.
1331 2313 1352 2346 ς.
1374 2314 1396 2338 1.
1417 2312 1449 2338 (Ie
1468 2316 1570 2337 testam.
1590 2316 1637 2337 tut.
1657 2312 1698 2337 26.
1717 2313 1741 2336 2.
1778 2310 1819 2335 An
1838 2312 1938 2345 postea,

1079 2354 1080 2388 J
1102 2357 1218 2383 dominio
1239 2355 1270 2382 ad
1290 2355 1403 2391 aliquem
1423 2354 1562 2383 devoluto.
1586 2354 1724 2380 interdicto
1744 2353 1817 2379 locus
1837 2352 1879 2376 sit.
1907 2349 1937 2376 sr.

1079 2419 1080 2426 1
1104 2402 1142 2426 13.
1163 2400 1184 2433 ξ.
1205 2402 1228 2425 5.
1249 2399 1300 2434 Qu.
1320 2399 1346 2424 vi
1367 2402 1410 2424 autv
1429 2397 1461 2423 cl.
1482 2398 1522 2423 43.
1537 2398 1579 2423 24.
1617 2396 1716 2422 Omnes
1736 2393 1893 2421 hereditates
1907 2391 1939 2418 ad

1103 2452 1161 2469 eum
1180 2441 1332 2472 devolutaS,
1353 2445 1378 2466 et
1397 2450 1449 2466 non
1468 2439 1600 2476 adgnitus.
1620 2441 1673 2472 (ita
1691 2437 1800 2472 intelligi
1820 2436 1886 2469 etc.)
1916 2445 1937 2461 c.

1104 2488 1143 2512 18.
1164 2486 1186 2519 ς’.
1206 2486 1229 2511 3.
1250 2483 1282 2510 de
1301 2485 1357 2509 iure
1377 2482 1455 2509 delib.
1476 2484 1500 2509 6.
1519 2485 1560 2509 30.
1597 2483 1682 2513 Bona,
1703 2492 1723 2507 s.
1742 2479 1893 2511 Hereditas,
1917 2489 1938 2505 s.

1079 2542 1080 2572 i
1103 2528 1243 2555 Successio
1264 2531 1312 2553 etc.
1333 2525 1456 2552 devoluta
1480 2526 1512 2552 ad
1536 2525 1687 2559 (heredem.
1712 2534 1735 2549 v.
1759 2523 1852 2549 fiscum
1872 2522 1938 2555 etc.)

1079 2600 1080 2604 Ἰ
1103 2571 1132 2597 fr.
1155 2573 1176 2597 1.
1197 2571 1219 2604 ξ.
1239 2571 1263 2596 9.
1295 2569 1324 2595 fr.
1344 2571 1386 2595 32.
1412 2569 1443 2595 de
1461 2569 1537 2605 legat.
1557 2569 1598 2595 ΙΙΙ.
1620 2568 1694 2600 (32.)
1723 2565 1753 2592 fr.
1772 2568 1796 2592 2.
1817 2566 1838 2599 §.
1860 2567 1882 2592 1.
1906 2564 1939 2591 de

1079 2648 1080 2670 ¹
1103 2613 1171 2640 alim.
1199 2613 1247 2649 leg.
1271 2613 1312 2638 34.
1339 2614 1362 2639 l.
1396 2612 1426 2639 fr.
1447 2614 1470 2639 9.
1499 2612 1529 2638 fr.
1554 2613 1594 2637 45.
1618 2611 1640 2644 ξ.
1666 2611 1705 2635 ll.
1737 2608 1769 2635 de
1792 2609 1848 2635 iure
1871 2608 1937 2634 fisci.

1079 2671 1080 2683 ι
1102 2658 1143 2682 49.
1167 2657 1207 2682 14.

1079 2685 1081 2736 ἰ
1137 2699 1295 2726 πει-«ηρ.
1319 2697 1440 2730 (Advb.)
1477 2697 1648 2724 fiaenter.
1686 2694 1728 2721 111.
1749 2696 1814 2722 cn.
1834 2695 1938 2721 Deva.

1079 2754 1081 2774 ι
1103 2752 1131 2768 ac
1151 2746 1257 2767 strenue
1276 2740 1411 2767 militando
1432 2745 1479 2766 etc.
1508 2738 1558 2765 Th.
1574 2737 1604 2764 C.
1617 2736 1661 2764 VI.
1680 2739 1722 2764 24.
1742 2740 1818 2764 c.10.
1843 2737 1875 2763 de.
1895 2737 1938 2763 do-

1079 2779 1081 2835 s*
1102 2789 1177 2811 mest.
1198 2789 1223 2810 et
1241 2788 1352 2821 protect..

1079 2839 1081 2880 Ι
1137 2827 1308 2854 Devotio.
1346 2826 1377 2859 §.
1396 2826 1430 2851 1.
1458 2825 1648 2856 Venenum,
1668 2826 1787 2851 Pietas.
1817 2823 1857 2850 III.
1872 2824 1936 2851 [⁷11.
