2197 3121
1050 175 1143 206 PRA.

267 256 596 283 Praetermittere.

226 308 313 334 gere.
348 298 365 324 I.
381 300 443 333 Sy.
463 299 600 325 Omittere.
621 297 661 324 Cf.
681 297 705 324 h.
726 308 750 324 v.
770 299 835 332 5.1.
869 297 929 324 Non
949 308 1072 325 exercere

228 342 456 378 (exceptionem.)
477 341 507 368 sr.
526 342 567 367 29.
591 351 630 377 pr.
650 341 735 368 mand.
762 343 801 367 17.
822 343 844 368 1.

228 385 333 410 mittere
352 385 417 418 (non
438 383 531 417 utilia.)
551 383 692 410 Praeterm.
713 383 821 417 (utilia.)
842 394 862 410 c.
876 385 918 409 27.
938 383 970 410 (le.
991 385 1070 421 episc.

228 426 285 453 aud.
302 429 323 453 1.
338 429 361 454 4.
389 427 431 453 III.
447 428 512 454 Cn.
532 426 607 461 Quae
620 426 662 453 vel
681 427 920 464 praetermiserunt,
940 426 982 453 vol
1001 428 1071 463 igno-

227 475 358 496 raverunt.
379 480 400 496 c.
420 471 443 496 8.
465 469 497 495 de
516 469 534 495 I.
554 468 572 495 I.
592 468 622 495 R.
643 469 703 495 min.
723 471 747 496 2.
767 471 808 496 22.
847 468 949 501 Sciens,
970 485 1001 489 —
1022 469 1072 496 Per

230 513 401 549 ignorantiam
422 512 585 550 (praeterm.)
605 511 635 538 fr.
655 514 696 538 29.
716 522 755 549 pr.
776 511 792 538 l.
815 514 853 538 17.
875 513 897 538 1.
921 511 951 538 fr.
974 514 1012 539 10.
1038 512 1070 539 de

227 565 341 592 praescr.
362 566 404 582 vv.
426 557 464 582 19.
484 558 508 582 5.
546 553 657 581 Inultam
681 564 732 581 non
756 559 894 592 praeterm.
915 556 1069 587 (mortem.)

227 597 300 624 Paul.
320 598 361 624 III.
382 600 405 624 5.
430 599 451 631 5.
471 600 495 624 2.
525 614 557 618 —-
586 598 617 631 ξ.
638 598 673 624 2·
699 599 865 629 Deserere,
889 599 1068 625 Abstinere.

227 640 245 666 I.
261 642 322 675 Sy.
342 640 487 678 Spernere.
508 640 637 667 Omittere
657 640 861 672 (hereditatem.)
882 640 923 667 Cf.
944 651 967 667 v.
987 641 1071 667 Omit-

226 688 288 710 tere.
314 684 335 718 5.
355 688 379 710 2.
417 683 574 720 Repudiare.
601 683 632 709 fr.
652 684 693 709 59.
719 683 751 709 de
774 683 805 709 A.
830 693 854 709 v.
874 683 907 709 Ο.
928 682 958 709 11.
982 685 1024 710 29.
1043 686 1068 710 2.
1090 714 1092 719 .

226 725 257 752 fr.
280 728 300 751 1.
325 726 362 760 55.
381 728 406 752 2.
426 727 449 752 6.
475 726 504 752 sr.
524 727 548 752 3.
572 727 594 752 si
620 736 662 762 qu.
688 735 737 752 om.
762 735 783 751 c.
810 730 912 752 testam.
931 728 972 753 29.
992 728 1016 753 4.
1037 743 1068 746 —

227 768 258 801 §0
279 769 316 795 3.
338 771 481 795 Silentia
500 771 695 803 praeterire.
732 768 750 794 Ι.
770 769 832 803 Sy.
852 768 1005 796 Praeterire.
1026 769 1067 796 Cf.

225 810 250 836 h.
270 821 295 837 v.
315 811 337 845 5.
358 814 381 838 5.
409 811 439 838 ΙΙ.
453 814 520 846 op.
539 811 632 838 Vtrum
651 812 831 848 praetermitti.
851 822 882 838 an
904 813 1005 849 exquiri
1025 813 1068 839 de-

225 853 300 880 beat?
321 854 370 880 Th.
392 853 422 880 C.
443 854 487 880 lX.
507 856 531 881 4.
552 864 572 881 c.
594 856 616 880 l.
636 855 657 880 si
678 864 720 890 qu.
741 854 804 891 Imp.
825 855 917 882 maled.

260 897 552 930 Praeterquam.
582 896 701 930 (Advb.)
728 899 815 929 Nisi,
841 900 983 925 Praeter.
1022 898 1065 924 III.

225 940 291 966 Cn.
311 939 339 966 In
360 940 480 966 omnibus
501 940 600 971 causiS‚
625 949 664 976 pr.
685 941 711 966 in
731 945 779 966 etc.
807 940 836 966 fr.
857 943 879 967 7.
900 940 932 967 de
951 951 1065 978 praescr.

222 988 264 1008 tv.
287 984 326 1009 19.
346 985 369 1009 5.
408 982 530 1019 Semper,
551 998 582 1001 —
602 992 640 1019 pr.
661 983 683 1008 si
704 988 750 1009 etc.
771 982 830 1020 le.
852 983 894 1010 VI.
915 986 938 1010 5.
959 984 1003 1011 XI.
1023 986 1065 1011 22.

223 1024 278 1051 Nec
297 1025 452 1062 quidquam,
476 1036 514 1062 pr.
535 1030 582 1051 etc.
603 1024 659 1051 Gai.
680 1025 709 1052 11.
729 1028 788 1052 224.
827 1026 885 1053 Non
905 1037 999 1064 posse,
1025 1037 1064 1064 pr.

223 1072 272 1094 etc.
291 1067 327 1094 lb.
348 1068 378 1094 ll.
398 1070 438 1094 217.
458 1067 499 1094 III.
519 1069 561 1094 24.
583 1067 612 1094 fr.
634 1069 656 1094 l.
676 1068 698 1102 5.
718 1070 743 1095 8.
762 1068 794 1095 de
814 1069 911 1106 postul.
930 1071 954 1096 3.
971 1072 992 1096 1.
1013 1070 1065 1096 Da·
1085 1104 1087 1113 Δ

926 1113 958 1139 cf,
984 1113 1001 1139 I.
1024 1114 1063 1140 13.

877 1115 892 1129 -)

222 1114 266 1136 tur
291 1112 341 1144 (ex
360 1110 442 1142 S.C.)
468 1126 499 1130 -
524 1121 563 1148 pr.
589 1112 610 1137 si
636 1116 684 1138 etc.
710 1111 770 1148 Ylp.
791 1112 835 1138 XI.
859 1114 901 1139 2...

222 1152 331 1179 Praetor
350 1155 465 1190 excepit:
486 1153 526 1180 Pr.
547 1155 569 1180 si
590 1159 638 1180 etc.
660 1154 690 1180 fr.
705 1156 728 1180 4.
749 1154 800 1190 Qu.
816 1157 901 1192 quisq.
917 1156 964 1182 iur.
983 1158 1007 1182 2.
1022 1158 1045 1182 2.

261 1197 544 1224 Praetextatus.
559 1197 686 1230 (Adiect.)
702 1199 775 1230 Qui.
794 1209 852 1224 ηοη
864 1200 1063 1232 plenepnhes

216 1240 347 1274 factus.
368 1245 445 1274 toga
456 1246 634 1273 praetexta
650 1242 765 1267 utitur.
786 1240 826 1267 Ill.
840 1243 906 1269 Cn.
921 1241 1062 1274 Feminam,

220 1286 425 1318 praetextatum,
446 1293 557 1319 eumque
577 1284 621 1319 qui
638 1284 759 1320 proxime
778 1285 934 1321 praetextati
953 1289 1062 1311 aetatem

220 1323 335 1356 accedet,
355 1326 472 1357 (interim
493 1325 561 1363 apud
580 1325 707 1352 matremf.
725 1325 843 1363 deponi.)
864 1327 893 1353 sr.
907 1328 930 1353 3.
950 1327 971 1361 5.
986 1329 1009 1354 6.
1030 1327 1062 1354 de

219 1365 294 1393 liber.
316 1367 403 1394 exlnib.
423 1369 464 1394 43.
478 1370 519 1394 30.
558 1368 587 1395 Si
606 1369 665 1405 quis
684 1369 862 1401 matremfam..
882 1375 925 1395 aut:
943 1375 1062 1407 praetex-

220 1414 312 1441 tatum,
333 1410 482 1437 adsectatus
503 1410 587 1438 suerit.
608 1411 664 1438 Gai.
679 1411 721 1438 111.
735 1413 794 1438 220.
815 1411 886 1439 Paul.
902 1412 932 1439 V.
947 1417 970 1440 4.
985 1414 1006 1447 5.
1022 1415 1060 1440 14.

219 1451 289 1479 Coll.
310 1453 362 1480 LL.
384 1453 416 1480 Μ.
437 1453 466 1479 ll.
487 1455 510 1480 5.

256 1497 498 1523 Praetextus.
517 1496 639 1530 (Partic.)
660 1499 760 1524 Claro
778 1508 948 1533 purpurae
966 1510 1060 1526 arna-

217 1544 275 1564 tus.
312 1538 354 1565 111.
373 1540 438 1566 (711.
458 1539 570 1566 Puer-ilia
590 1545 652 1566 sunt
671 1542 860 1573 (vestimenta.)
876 1558 906 1562 -—
922 1542 1003 1569 veluti
1023 1547 1060 1569 to—

216 1590 263 1616 gae
282 1586 433 1618 praetextae
453 1588 500 1609 etc.
522 1582 550 1609 fr.
570 1584 611 1609 23.
632 1583 652 1617 5.
672 1585 696 1609 2.
717 1583 749 1610 de
769 1594 831 1611 auro
852 1595 902 1621 arg.
921 1587 962 1612 34.
982 1587 1005 1611 2.

254 1625 494 1652 Praetextus.
516 1625 641 1659 (Subst.)
669 1627 841 1659 obtentus,
867 1630 975 1659 Color,
1005 1629 1057 1654 Ve-

217 1668 326 1693 lamen.
363 1667 381 1693 I.
402 1669 463 1702 Sy.
484 1668 632 1701 Obtentus,
653 1668 770 1706 Species.
809 1669 850 1696 Cf.
871 1681 895 1697 v.
915 1670 1056 1697 Obtentus.
1078 1705 1080 1712 ⁴

217 1708 259 1735 111.
280 1711 345 1737 011.
370 1711 425 1737 Sub
446 1716 583 1747 praetextu
602 1710 746 1747 religionis.
766 1712 808 1738 vel
828 1713 877 1739 sub
897 1715 986 1751 specie
1005 1714 1057 1740 sot-

216 1751 294 1778 vendi
318 1755 384 1783 voti.
414 1756 522 1786 (coetus
546 1754 654 1780 illicitos
681 1756 805 1787 tentare.)
832 1755 861 1782 fr.
884 1759 908 1782 2.
934 1756 966 1782 de
990 1761 1055 1782 extr.

216 1795 288 1821 crim.
308 1797 348 1822 47.
371 1798 409 1822 11.

216 1837 291 1863 brare.
316 1839 466 1874 patientiam
493 1844 630 1875 praetextu
654 1840 873 1867 incredibilitatis.
900 1841 929 1867 sr.
950 1843 991 1868 29.
1015 1852 1053 1878 pr.

215 1880 247 1906 ad
271 1880 299 1906 L.
324 1880 370 1907 tut.
395 1881 427 1906 ‹lt-¹.
451 1881 530 1907 adult.
551 1883 592 1908 48.
613 1884 636 1908 5.
674 1883 838 1919 Quamquam
863 1885 942 1910 sciret
967 1884 1054 1911 dotem

215 1922 356 1953 redditam.
381 1923 430 1949 hoe
455 1929 539 1950 tamen
562 1930 700 1961 praetextu
720 1936 783 1952 usus
803 1931 886 1954 esset.
911 1928 985 1963 quasi
1005 1932 1053 1953 etc.

214 1965 244 1991 fr.
264 1967 305 1992 21.
326 1966 358 1992 ‹le
377 1965 453 2001 legat.
473 1966 502 1992 ll.
523 1968 599 2000 (31.)
629 1967 805 1994 Condictione
824 1974 955 2006 repetere,
980 1971 1053 2006 quasi
1075 1967 1076 1982 ¹

213 2008 262 2035 sub
282 2014 419 2046 praetextu
440 2014 487 2035 etc.
512 2010 541 2036 sr.
561 2012 585 2036 3.
612 2010 632 2044 5.
653 2012 677 2037 2.
698 2010 729 2037 de
749 2016 871 2038 transact.
890 2014 914 2038 2.
937 2014 975 2038 15.
1015 2012 1053 2039 Ne
1075 2034 1076 2047 ¹

446 1796 579 1823 Excusare
602 1798 772 1832 ignorantiam
793 1808 878 1827 suam.
904 1798 945 1824 vel
970 1799 1056 1825 adum-

637 255 668 289 ξ.
687 256 722 282 1.
755 256 928 289 Οιιιὶιὶενε,
960 257 1072 291 Negli—
1094 284 1096 295 ‚

882 341 910 367 n.
932 342 999 374 op.
1020 341 1073 367 Aa.
1093 357 1095 364 .

1901 183 1962 213 753

1118 257 1211 283 nianus
1231 262 1348 284 vocetur.
1370 258 1415 285 lul.
1437 269 1477 296 ep.
1499 269 1558 285 nov.
1579 270 1600 286 c.
1623 261 1662 287 17.
1682 261 1704 295 5.
1724 262 1766 287 62.
1787 271 1808 287 c.
1825 262 1863 288 19.
1883 263 1904 296 ξ.
1919 264 1959 289 66,

1094 297 1095 335 ξ
1117 299 1226 326 Praeses
1240 300 1353 327 Isauriae
1374 303 1512 338 utriusque
1532 318 1563 322 —
1585 303 1700 336 Praetor,
1720 305 1776 330 sive
1791 304 1897 336 Comes.
1917 316 1961 331 uo<

1094 338 1095 343 ¹
1116 343 1237 370 minetur.
1263 343 1298 369 lb.
1326 354 1346 370 c.
1372 346 1413 370 20.
1438 345 1459 378 5.
1480 346 1520 370 67.
1542 345 1574 372 cf.
1600 356 1620 372 c.
1640 348 1681 373 28.
1706 347 1728 381 5.
1751 349 1807 372 101.
1852 347 1961 374 Praetor

1116 385 1231 413 Siciliae.
1256 385 1323 412 Nov.
1346 388 1401 412 104.
1427 387 1459 413 de
1482 387 1566 414 Praet.
1587 388 1660 415 sicil.
1686 405 1718 409 —
1743 390 1773 422 ξ.
1793 391 1828 416 2.
1852 392 1960 424 Magi-

1115 434 1242 455 stratus
1262 431 1347 461 RB..
1367 431 1424 464 qui
1444 432 1556 457 varias
1574 433 1828 459 iurisdictionis
1847 440 1960 467 partes

1115 476 1263 503 tuentur,
1283 473 1391 498 autin
1410 474 1557 506 privatis
1576 477 1701 507 causis,
1725 481 1783 502 aut
1803 477 1834 501 in
1852 478 1958 510 publi-

1115 515 1160 540 cis
1181 515 1327 541 iudiciis.
1364 514 1407 540 III.
1428 516 1493 542 (711.
1514 514 1550 541 lta
1571 515 1665 543 Xthl.
1693 517 1831 544 Praetores
1852 520 1877 545 in
1898 520 1959 546 civi-

1116 560 1168 582 tate
1192 557 1232 583 ius
1257 556 1354 583 dicunt.
1380 556 1409 584 fr.
1429 560 1453 583 2.
1477 558 1514 591 55.
1533 559 1574 584 32.
1594 560 1636 585 34.
1657 559 1688 586 de
1709 561 1741 586 Ο.
1762 561 1779 587 l.
1802 563 1823 588 l.
1843 564 1867 588 2.
1905 562 1958 589 De-

1114 598 1175 625 inde
1189 599 1269 626 Corn.
1290 599 1365 627 Sulla
1385 601 1554 636 quaestiones
1573 601 1693 638 publicas
1714 605 1860 635 constitust,
1880 621 1912 624 -—
1933 610 1959 631 et:

1091 647 1092 671 t
1114 640 1251 668 Praetores
1271 642 1305 668 IV
1331 643 1432 670 adiecit.
1458 643 1488 670 fr.
1507 645 1531 669 2.
1557 644 1577 677 5.
1603 646 1645 670 32.
1673 645 1704 671 de
1725 648 1758 672 Ο,
1785 647 1802 672 l.
1831 649 1850 673 1.
1870 649 1894 673 2.
1932 647 1958 673 ls

1114 683 1229 717 Praetor,
1250 685 1362 712 iudexve
1383 687 1555 722 quaestionis,
1576 688 1617 713 cui
1637 693 1709 714 sorte
1724 689 1862 716 obvenerit
1881 700 1957 726 quae-

1113 728 1164 753 stio
1184 728 1216 754 de
1230 729 1340 755 sicariis.
1361 728 1430 755 Coll.
1444 727 1498 755 LL.
1512 729 1545 755 M.
1560 729 1578 755 1.
1592 731 1615 755 3.
1654 731 1757 757 Adiecit
1772 733 1868 763 (unum
1883 733 1956 760 Prae-

1114 774 1209 803 torem)
1234 771 1266 797 D.
1295 771 1391 801 Nerva,
1411 772 1456 808 qui
1475 773 1544 798 inter
1563 772 1656 799 fiscum
1677 778 1702 799 et
1720 775 1838 811 privatos
1858 777 1898 802 ius
1918 776 1955 803 di—

1113 817 1191 839 ceret.
1212 812 1242 839 fr.
1261 815 1285 840 2.
1305 815 1327 848 5.
1347 816 1389 841 32.
1410 813 1426 840 1.
1449 816 1470 841 l.
1490 817 1514 841 2.
1553 815 1769 843 fideicommissa
1784 817 1882 845 Romae
1901 820 1955 856 qui-

1089 863 1090 870 *
1112 853 1170 881 dem
1185 855 1253 892 apud
1268 856 1340 887 Cos..
1360 856 1402 883 vel
1422 857 1491 894 apud
1506 868 1563 884 eum
1578 858 1737 891 Praetorem,
1757 861 1801 896 qui
1817 863 1955 897 praecipue

1111 897 1143 923 dc
1163 898 1374 925 fideicommissis
1394 900 1435 926 ius
1456 900 1532 933 dicit,
1552 903 1742 939 persequimur.
1768 903 1824 929 Gai.
1845 903 1874 930 ll.
1895 906 1953 931 278.

1111 939 1171 977 le.
1185 941 1270 967 XXV.
1292 944 1330 968 12.
1352 939 1433 968 effu.
1453 945 1477 969 2.
1498 943 1518 977 5.
1538 946 1578 971 32.
1600 944 1616 971 l.
1639 947 1660 971 l.
1681 947 1704 971 2.
1725 945 1754 971 fr.
1776 947 1815 973 78.
1837 947 1860 980 5.
1878 948 1901 973 6.
1922 948 1954 974 de

1109 982 1158 1018 leg.
1179 982 1219 1009 Ill.
1241 984 1308 1017 (32.)
1328 984 1444 1017 Praetor,
1465 986 1506 1012 Cl.
1527 986 1568 1018 V..
1589 989 1633 1024 qui
1654 987 1809 1015 tutelaribus
1830 991 1954 1026 cognitio-

1109 1025 1187 1052 nibus
1207 1027 1348 1063 praesidet
1370 1027 1419 1054 Th.
1434 1028 1464 1054 C.
1479 1028 1520 1054 111.
1538 1031 1576 1056 17.
1597 1041 1618 1056 c.
1637 1032 1661 1058 3.
1682 1041 1720 1068 pr.
1741 1031 1773 1057 de
1793 1037 1839 1058 tut.
1860 1038 1885 1059 et
1899 1044 1952 1060 cur.

1109 1078 1144 1095 cr.
1164 1068 1268 1106 leian.
1289 1080 1311 1096 v.
1333 1069 1403 1096 Paul.
1425 1070 1468 1097 lib.
1490 1073 1554 1107 sing.
1575 1073 1607 1099 de
1627 1074 1715 1100 officio
1736 1074 1868 1102 Praetoris
1888 1082 1953 1103 tute-

1108 1111 1178 1138 laris.
1200 1111 1282 1138 Vatic.
1303 1113 1340 1146 55
1354 1115 1413 1139 232.
1428 1123 1466 1150 sq.
1486 1116 1545 1140 244.
1584 1115 1667 1143 Prima
1688 1133 1719 1136 —-
1740 1117 1953 1146 Constantiniani

1085 1153 1087 1158 ⁸
1109 1159 1134 1181 et
1158 1154 1342 1182 Constantiani
1371 1158 1483 1183 nominis
1508 1163 1548 1183 est
1573 1164 1706 1195 praetura;
1737 1160 1952 1189 'theodosianum

1109 1202 1135 1223 et
1147 1197 1322 1225 Arcadianum
1338 1198 1475 1226 Praetores
1495 1217 1527 1220 -
1547 1201 1695 1229 addidistis.
1724 1202 1835 1230 Veteres
1850 1204 1951 1232 Trium-

1107 1240 1211 1277 phalem
1225 1241 1375 1269 Praetorem
1396 1259 1428 1262 —
1449 1249 1611 1280 repererunt.
1628 1255 1676 1271 nos
1690 1246 1850 1273 iniunximus
1864 1248 1951 1284 Augw

1107 1282 1206 1310 stalem.
1236 1284 1283 1310 llis
1298 1301 1329 1304 —
1343 1285 1455 1312 Romani
1469 1288 1582 1313 nominis
1602 1293 1722 1324 praetura
1742 1291 1869 1316 sociatur:
1890 1292 1951 1318 huic

1106 1327 1264 1353 sociavimus
1288 1327 1452 1356 Laureatum.
1483 1329 1532 1356 Th.
1554 1330 1584 1357 C.
1606 1330 1648 1357 ΥΙ.
1668 1333 1709 1358 24,
1738 1342 1758 1358 c.
1785 1335 1826 1359 25.
1854 1344 1892 1370 pr.
1918 1334 1950 1361 de

1106 1368 1190 1395 Praet.
1211 1375 1237 1396 et
1257 1370 1308 1406 Qu.
1329 1387 1360 1391 -
1381 1372 1411 1405 ἓ.
1429 1374 1465 1399 3.
1487 1375 1713 1409 Magistratus
1733 1377 1763 1401 P.
1784 1377 1825 1407 R,
1845 1379 1949 1410 quiin

1107 1414 1179 1439 urbe
1198 1415 1295 1441 Roma
1320 1416 1389 1441 iuri
1412 1417 1549 1443 dicando
1568 1424 1734 1451 praeerat,
1760 1424 1789 1444 et
1811 1421 1949 1452 privata

1105 1457 1279 1482 dundaxat
1298 1459 1424 1484 iudicia
1443 1461 1618 1486 exercebat.
1651 1459 1668 1486 I.
1684 1462 1746 1495 Sy.
1766 1460 1848 1488 Iudex
1868 1462 1949 1495 (com-

1104 1499 1218 1535 petens)
1243 1499 1283 1526 Cf.
1309 1499 1333 1526 h.
1358 1510 1382 1526 v.
1407 1501 1429 1534 5.
1451 1502 1473 1528 l.
1515 1501 1632 1528 Praeses.
1659 1502 1699 1529 Cf.
1722 1503 1747 1529 b.
1765 1514 1789 1530 v.
1814 1505 1835 1538 5.
1855 1507 1879 1531 2.
1917 1505 1947 1532 II.

1081 1536 1083 1542 ¹
1105 1542 1172 1574 011.
1192 1541 1271 1578 Apud
1292 1541 1454 1575 Praetorem,
1480 1559 1512 1563 —-
1536 1544 1617 1571 Extra
1637 1546 1677 1571 ius
1697 1546 1864 1583 (peragere.)
1890 1548 1946 1575 Gai.

1103 1583 1147 1610 IV.
1172 1585 1212 1610 29.
1237 1586 1292 1611 164.
1330 1585 1380 1612 Per
1403 1586 1544 1623 populum,
1570 1603 1602 1607 ——
1625 1587 1675 1614 Per
1694 1588 1845 1616 Praetorem
1868 1591 1948 1624 (ado-

1103 1628 1198 1663 ptare.)
1218 1626 1255 1653 ld.
1275 1627 1293 1654 1.
1313 1630 1354 1654 98.
1375 1628 1404 1655 11.
1426 1630 1484 1655 138.
1506 1629 1565 1666 le.
1587 1629 1654 1657 VIII.
1674 1633 1697 1657 2.
1718 1642 1776 1668 sqq.
1813 1633 1856 1659 III.
1879 1635 1945 1661 Cn.

1102 1669 1210 1696 Factum
1230 1675 1269 1696 est
1289 1675 1316 1696 ut
1336 1670 1444 1698 Praetor
1463 1678 1610 1705 crearetur,
1634 1675 1678 1710 qui
1698 1675 1812 1701 urbanus
1832 1675 1945 1713 adpella—

1102 1717 1144 1739 tus
1165 1718 1213 1745 est,
1234 1713 1305 1750 quod
1325 1715 1350 1740 in
1371 1714 1435 1741 urbe
1455 1716 1495 1741 ius
1515 1715 1645 1742 redderet.
1666 1716 1696 1743 [Γ.
1716 1720 1739 1744 2.
1760 1719 1781 1752 5.
1802 1720 1842 1745 27.
1863 1719 1895 1746 de
1911 1721 1943 1746 Ο.

1101 1754 1118 1781 I.
1142 1758 1164 1781 l.
1183 1758 1206 1782 2.
1245 1756 1358 1783 Creatus
1384 1762 1424 1784 est
1449 1763 1474 1784 et
1497 1758 1563 1784 alius
1584 1758 1639 1791 Pr..
1666 1761 1709 1796 qui
1729 1762 1882 1797 peregrinus
1902 1762 1944 1789 ad-

1100 1797 1215 1834 pellatus
1240 1804 1280 1825 est
1305 1799 1336 1825 ab
1357 1810 1401 1827 eo.
1427 1800 1498 1836 quod
1522 1801 1678 1838 plerumque
1701 1804 1770 1829 inter
1792 1807 1944 1841 peregrinos

1099 1841 1140 1866 ius
1160 1840 1272 1868 dicebat.
1299 1841 1327 1868 fr.
1347 1844 1371 1868 2.
1402 1843 1418 1869 ’.
1438 1845 1479 1870 28.
1504 1843 1538 1870 ib.
1560 1846 1582 1870 1.
1602 1846 1626 1871 2.
1664 1845 1759 1882 Agitur
1780 1853 1943 1875 sacramento

1099 1883 1168 1920 apud
1187 1883 1229 1910 Pr.
1250 1884 1389 1916 urbanum.
1414 1885 1456 1912 vel
1480 1888 1653 1923 peregrinum.
1680 1888 1737 1915 Gai.
1758 1888 1801 1916 IV.
1821 1892 1863 1917 31.
1901 1891 1943 1917 Ad

1075 1931 1077 1942 t
1098 1926 1258 1959 Praetorem,
1277 1927 1319 1954 vel
1339 1927 1404 1954 alios
1425 1930 1469 1965 qui
1489 1930 1665 1958 iurisdictioni
1684 1938 1822 1969 praesunt.
1843 1935 1882 1965 (in
1902 1935 1942 1960 ius

1099 1973 1228 2001 vocatus.)
1249 1970 1278 1996 l'r.
1298 1972 1321 1996 2.
1341 1981 1380 2007 pr.
1401 1972 1422 1997 si
1443 1982 1484 2008 qu.
1505 1974 1531 1999 iu
1552 1974 1591 2000 ius
1611 1984 1668 2001 voc.
1688 1977 1712 2001 2.
1732 1977 1755 2002 5.
1777 1975 1826 2002 Tb.
1850 1976 1879 2002 C.
1898 1976 1940 2002 VI.

1098 2014 1121 2038 4.
1149 2023 1168 2039 c.
1188 2014 1212 2039 3.
1237 2013 1270 2039 de.
1289 2013 1372 2040 Praet.
1398 2019 1423 2040 et
1447 2016 1498 2050 Qu.
1537 2015 1629 2053 Neque
1655 2017 1732 2049 Cos..
1757 2028 1841 2055 neque
1866 2018 1941 2045 Prae-

212 2051 315 2077 iniuriis
335 2056 470 2078 vexentur.
491 2052 539 2079 sub
558 2058 696 2090 praetextu
717 2059 764 2081 etc.
785 2054 815 2082 fr.
834 2056 858 2081 6.
879 2056 899 2089 5.
915 2057 939 2081 5.
958 2055 990 2083 (le
1010 2056 1052 2083 off.
1075 2077 1076 2086 1

214 2092 300 2121 Praes.
324 2096 344 2120 1.
366 2096 404 2120 1⁸.

250 2137 424 2164 Praetor.
445 2138 521 2169 §.1-
540 2139 765 2173 Magistratus
784 2143 814 2167 P.
827 2143 866 2171 R,
886 2143 940 2176 qni
956 2152 1052 2176 prae-
1075 2141 1076 2147 ¹

212 2180 340 2211 positus
363 2186 409 2205 est
433 2182 523 2206 relttls
554 2183 643 2208 intra
670 2185 771 2209 urbem
795 2187 964 2217 curandis,
997 2190 1075 2217 ant]

213 2222 364 2255 singulae
380 2225 573 2256 provinciae
593 2226 883 2253 administrandae.
922 2227 963 2253 111.
986 2229 1075 2255 Cn.»

214 2261 339 2288 Praefecti
360 2266 494 2301 utriusque
514 2265 623 2295 Itomae.
648 2272 673 2293 et
692 2267 800 2295 Praetor
819 2270 922 2306 populi.
948 2275 973 2296 et
992 2281 1051 2307 pro·
1073 2263 1074 2288 ¹

213 2305 355 2331 vinc-iarum
375 2305 518 2335 Praesides,
544 2309 589 2335 lul.
611 2320 650 2346 ep.
671 2320 729 2336 nov.
750 2321 770 2337 c.
792 2313 831 2337 73.
858 2313 878 2345 5.
898 2314 957 2339 265.
996 2314 1049 2349 Qui
1071 2334 1073 2360 4

214 2352 285 2372 antea
312 2348 335 2372 in
366 2349 428 2375 urbe
451 2350 744 2390 Constantinopolitana
768 2354 918 2381 Praefectus
943 2356 1049 2392 vigilum
1071 2366 1073 2380 ³

212 2390 385 2421 vocabantur.
414 2393 490 2419 modo
518 2394 656 2422 Praetores
685 2396 777 2433 populi
805 2399 978 2425 nominentur.
1012 2399 1048 2425 ΙΙ).

213 2443 233 2457 c.
252 2434 293 2458 23.
314 2433 336 2466 5.
356 2437 396 2459 δδ.
436 2434 517 2471 Capta
537 2437 632 2465 deinde
646 2438 774 2469 Sardinia.
794 2450 855 2466 mox
869 2440 967 2471 Sicilia.
988 2442 1049 2468 item

214 2475 350 2512 IIispania.
377 2476 470 2502 deinde
491 2477 654 2508 Narbonensi
674 2483 821 2518 provincia.
847 2483 955 2509 totidem
975 2484 1048 2511 Prae-

214 2524 291 2543 tores.
313 2524 375 2554 quot
390 2521 539 2556 provinciae
552 2523 577 2547 in
591 2523 715 2551 ditionem
729 2531 862 2552 venerant.
881 2528 960 2552 creati
975 2532 1048 2558 sunt3
1070 2525 1071 2538 ¹

212 2562 305 2597 partim
334 2563 376 2597 qui
403 2562 508 2588 urbanis
534 2564 624 2596 rebus.
655 2568 750 2604 partim
774 2570 817 2605 qui
842 2569 1047 2605 provincialibus
1070 2586 1071 2605 χ

211 2609 370 2640 praeessent.
392 2604 458 2631 t'1·.‘’.
479 2606 499 2638 5.
514 2607 554 2631 32.
576 2606 607 2633 de
627 2607 658 2634 Ο.
678 2609 696 2635 I.
714 2612 735 2636 1.
749 2612 785 2637 2:
811 2611 987 2647 Magistratus.
1006 2613 1048 2639 vel
1070 2621 1071 2638 t

211 2648 233 2672 is
253 2648 297 2682 qni
317 2647 342 2672 in
363 2652 492 2682 potestate
512 2648 596 2684 aliqua
615 2651 658 2679 sit.
677 2656 767 2688 utputa
780 2653 897 2685 Procos..
918 2654 959 2681 vel
972 2654 1048 2681 Prae-

212 2694 260 2715 tor.
281 2689 321 2714 vel
341 2688 384 2715 atii
404 2691 447 2725 qui
467 2692 615 2726 provincias
635 2699 734 2728 regunt.
753 2696 784 2722 fr.
807 2699 845 2723 13.
866 2697 886 2730 5
910 2699 930 2724 l.
957 2698 986 2724 sr.
1008 2700 1049 2725 15.
1070 2696 1071 2710 ¹

211 2731 243 2758 de
267 2732 357 2758 iurisd.
383 2733 406 2757 2.
436 2734 457 2758 l.
487 2733 516 2760 fr.
543 2735 564 2759 S.
595 2744 633 2771 pr.
658 2735 689 2761 nd
712 2735 741 2763 L.
765 2738 812 2765 Iul.
833 2745 913 2777 repet.
939 2741 979 2766 48.
1007 2743 1047 2767 ll.
1069 2735 1071 2772 ,1

210 2773 345 2811 Vtrosque
360 2774 471 2801 Pisidiae
486 2777 658 2812 magistratus.
679 2778 694 2804 i.
709 2788 730 2804 e.
746 2780 847 2808 civilem
863 2787 888 2808 et
901 2782 1047 2815 militarem,

211 2817 236 2842 in
257 2827 334 2844 unum
355 2819 471 2847 misceri.
497 2824 534 2851 et.
559 2821 603 2856 qui
623 2830 666 2846 eas
687 2820 776 2853 habet,
801 2828 828 2849 ut
847 2824 955 2852 Praetor
973 2826 1045 2853 Iusti·
1068 2857 1070 2868 ‚

1098 2055 1202 2083 fectum.
1223 2066 1307 2093 neque
1328 2056 1489 2086 Praetorem.
1510 2069 1595 2096 neque
1615 2059 1732 2092 procos..
1752 2071 1837 2097 neque
1857 2067 1940 2088 caete-

1075 2127 1076 2134 *
1098 2108 1142 2125 ros
1162 2100 1341 2135 magistratuS,
1368 2101 1412 2136 qui
1435 2102 1574 2138 imperium
1592 2102 1689 2130 liabent
1709 2109 1756 2129 etc.
1777 2105 1816 2137 (in
1836 2105 1876 2130 ius
1896 2115 1939 2131 vo—

1099 2143 1150 2167 cari
1176 2152 1228 2168 non
1253 2146 1396 2179 oportere.)
1422 2144 1452 2170 fr.
1472 2147 1496 2170 2.
1521 2144 1553 2171 de
1573 2146 1598 2171 in
1618 2146 1658 2172 ius
1679 2156 1734 2172 voc.
1754 2148 1778 2173 2.
1799 2148 1822 2172 4.
1860 2147 1938 2185 Apud

1097 2185 1275 2220 magistratum
1295 2184 1322 2211 P.
1336 2185 1377 2214 R..
1398 2186 1439 2213 vel
1460 2187 1528 2224 apud
1541 2187 1699 2220 Praetorem.
1720 2189 1762 2215 vel
1782 2189 1850 2226 apud
1864 2189 1938 2216 Prae-

1097 2227 1179 2254 sidem
1203 2238 1277 2265 prov.
1303 2228 1359 2255 Gai.
1380 2229 1409 2255 ll.
1429 2232 1470 2256 2-1.
1508 2230 1606 2256 Romae
1630 2232 1809 2267 praetoribus.
1834 2234 1860 2259 in
1879 2244 1937 2270 pro-

1096 2271 1189 2296 vinciis
1209 2270 1378 2298 Praesidibus
1398 2282 1493 2303 earum,
1514 2273 1617 2303 (damus
1637 2274 1677 2299 ius
1697 2276 1758 2308 etc.)
1779 2275 1808 2301 fr.
1830 2278 1849 2301 1.
1871 2276 1891 2309 5.
1911 2278 1934 2301 3.

1096 2313 1127 2339 de
1147 2324 1219 2351 susp.
1240 2319 1286 2340 tut.
1307 2316 1348 2340 26.
1371 2317 1409 2340 10.
1431 2315 1462 2341 cf.
1482 2315 1538 2341 Gai.
1553 2315 1570 2341 I.
1585 2318 1625 2342 29.
1642 2318 1698 2342 100.
1719 2327 1775 2353 sqq.
1797 2317 1856 2355 le.
1869 2318 1935 2344 VIII.

1094 2357 1117 2381 5.
1155 2357 1186 2383 Ei
1206 2357 1284 2383 datur
1304 2358 1356 2389 (se.
1379 2362 1464 2389 tutor)
1489 2359 1515 2384 in
1536 2359 1599 2385 urbe
1618 2358 1700 2385 Roma
1723 2370 1754 2386 ex
1773 2359 1802 2386 L.
1823 2360 1903 2387 Atilia
1922 2371 1934 2387 a

1094 2398 1217 2426 Praetore
1244 2400 1342 2426 urbano
1369 2405 1395 2426 et
1414 2402 1511 2427 maiore
1530 2406 1603 2438 parte
1623 2401 1800 2429 Tribunorum
1820 2403 1857 2429 Pl.
1878 2403 1933 2430 Gai.

1094 2441 1111 2468 l.
1134 2443 1190 2468 185.
1211 2443 1242 2468 cf.
1265 2445 1320 2469 173.
1341 2442 1401 2480 Ylp.
1421 2443 1465 2469 Xt.
1487 2444 1526 2470 18.
1546 2446 1588 2470 20.
1626 2443 1782 2481 Vbicunque
1802 2445 1843 2472 Pr.
1863 2446 1935 2473 salva

1093 2486 1228 2511 maiestate
1248 2486 1350 2522 imperii
1370 2487 1411 2512 sui
1432 2503 1459 2506 —
1482 2487 1522 2513 ius
1537 2487 1624 2513 dicere
1638 2489 1781 2513 constituit.
1802 2488 1832 2514 fr.
1848 2491 1886 2515 11.
1902 2489 1934 2516 de

1093 2527 1111 2554 1.
1125 2527 1181 2554 etl.
1198 2530 1219 2554 1.
1235 2530 1257 2554 1.
1295 2528 1323 2554 Si
1343 2530 1489 2555 sessionem
1508 2530 1638 2555 invenerit
1657 2540 1704 2566 pro
1726 2530 1857 2563 tribunali,
1877 2531 1934 2558 red—

1093 2570 1155 2597 dere
1175 2570 1293 2597 Praetori
1313 2572 1361 2603 (SC.
1383 2571 1506 2603 litteras.)
1526 2577 1554 2598 ut
1573 2572 1697 2598 subnotet
1717 2577 1765 2598 etc.
1792 2572 1874 2600 Vatic.
1894 2575 1932 2609 55.

1095 2615 1150 2640 162.
1171 2623 1228 2650 sqq.
1250 2613 1280 2640 ct'.
1302 2616 1358 2640 156.
1396 2614 1552 2651 Vbicunque
1572 2624 1663 2640 causae
1683 2616 1797 2651 cognitio
1817 2621 1871 2649 est,
1896 2617 1932 2644 ibi

1093 2656 1134 2682 Pr.
1155 2656 1325 2683 desideratur.
1347 2657 1376 2683 l'r.
1400 2660 1455 2684 105.
1482 2657 1513 2683 tle
1532 2656 1563 2682 R.
1584 2656 1601 2683 Ι.
1622 2659 1663 2683 50.
1684 2659 1723 2684 17.
1761 2657 1837 2685 Tunc
1857 2659 1931 2686 Prae-

1092 2700 1157 2724 toris
1177 2705 1264 2736 partes
1284 2702 1447 2726 necessariae
1466 2704 1535 2729 sunt.
1556 2700 1600 2735 qui
1619 2699 1725 2726 decreto
1745 2710 1793 2727 suo
1807 2707 1931 2738 sequetur

1093 2746 1140 2767 etc.
1166 2741 1195 2767 fr.
1217 2743 1239 2768 7.
1265 2742 1286 2775 5
1309 2744 1347 2768 19.
1372 2742 1404 2768 dt·
1428 2747 1495 2779 pact.
1519 2744 1545 2770 2,
1565 2744 1604 2768 14.
1643 2742 1672 2769 Si
1694 2742 1802 2770 Praetor
1823 2761 1851 2765 —
1873 2755 1929 2771 sen-

1091 2784 1198 2810 teutiam
1217 2784 1320 2816 dixerit,
1341 2784 1524 2821 praesentibus
1543 2784 1597 2811 illis
1613 2790 1638 2812 et
1651 2791 1746 2823 sponte
1760 2786 1928 2823 litigantibus.

1092 2826 1121 2853 fr.
1144 2828 1165 2852 1.
1186 2827 1206 2860 5.
1229 2829 1250 2853 l.
1271 2827 1303 2853 de
1324 2826 1403 2853 seriis.
1423 2829 1447 2853 2.
1468 2829 1507 2854 12.
1545 2827 1620 2855 Iussu
1639 2828 1771 2856 Praetoris
1796 2829 1886 2861 (adeat.
1903 2833 1928 2854 et

1451 2872 1484 2896 95
