2197 3121
219 184 282 215 598

221 265 324 292 tametsi
343 263 431 290 laudet
451 272 553 289 nomen.
574 261 604 288 fr.
624 262 649 287 2.
669 260 701 287 de
720 263 857 297 proxenet.
876 260 918 285 50.
939 259 978 284 14.
1016 256 1066 283 Re-

221 308 334 335 medium
354 311 507 333 monstrare.
533 304 562 330 fr.
584 305 607 330 7.
633 303 655 337 3.
675 305 699 329 5.
724 302 757 329 de
776 301 836 328 don.
861 302 907 328 int.
928 300 959 327 V.
979 302 1021 326 24.
1043 301 1064 326 1.
1087 294 1088 319 l

222 351 252 377 t'r.
271 352 295 376 3.
316 350 336 383 3
356 351 380 374 2.
401 348 433 374 de
452 346 569 373 statulib.
590 348 632 372 40.
653 347 675 372 7.
691 361 723 365 -
743 346 774 379 §-
787 346 822 372 3,
844 345 997 374 Prodere,
1011 343 1066 368 De-

217 395 316 430 serre.
355 390 397 417 111.
418 392 483 418 Cn.
507 389 636 426 Maneipia
656 398 733 425 vaga,
756 388 833 414 tacita
853 386 1066 415 fideicommissa,

223 437 290 463 hona
309 435 440 465 vacantia,
464 437 489 459 et
514 431 610 458 caduca
635 435 820 458 monstrantes.
848 429 898 455 Th.
919 428 949 455 C.
970 428 1004 455 X.
1026 429 1065 453 10.

223 489 244 505 c.
261 480 302 504 20.
323 477 355 504 de
374 477 448 514 petit.
469 480 495 502 et
514 474 584 501 ultro
604 474 654 501 dat.
670 490 701 493 —
722 474 753 507 §.
767 475 804 500 3.
826 474 1066 502 Demonstrare,
1087 480 1089 506 ⁴.

224 523 369 549 Probare.
407 518 449 545 111.
475 519 541 546 Cn.
566 516 782 544 Evidentissimis
806 515 972 541 documentis
996 522 1068 539 mon-

223 565 308 590 strari.
334 560 455 589 consult.
480 566 532 587 vet.
551 560 630 586 Leti.
651 570 672 586 c.
695 561 716 586 1.
755 558 851 594 Quoad
875 557 986 584 idoneos
1009 566 1068 582 esse

223 606 388 634 manifestum
407 609 456 636 est,
476 608 520 630 aut
535 620 564 623 -
581 602 714 640 complere
733 601 759 628 id
779 610 860 638 posse
878 604 1067 626 monstrantur.

224 649 273 677 Th.
289 649 320 675 C.
334 647 402 674 VIII.
418 649 441 673 1.
462 657 482 674 r„
504 649 526 672 1.
547 646 579 672 de
598 655 726 672 numeror.
747 649 844 670 aetuar.
865 643 896 669 cI.
917 642 947 669 l'r.
964 644 986 669 l.
1006 642 1028 676 3.
1043 642 1067 668 6.
1090 650 1091 671 ι

224 693 257 719 de
276 690 373 729 postul.
387 692 412 717 3.
428 692 450 716 l.
480 690 534 725 Qui
554 705 583 709 —-
604 688 709 715 venturi
729 692 799 719 sunt,
819 686 861 713 vel
880 686 986 712 venisse
997 694 1070 711 mon·
1090 693 1091 715 ι

224 740 348 762 sti-antur.
369 733 420 760 Th.
440 732 470 759 C.
490 731 547 758 XII.
570 733 592 758 1.
613 742 633 758 c.
655 732 711 756 1⁰5.
733 729 766 756 de
785 729 920 756 decurion.
1090 719 1091 757 l

259 775 820 807 Monstrosus,s.Monstruosus.
835 770 964 804 (Adiect.)
985 771 1070 797 Μυιι-
1090 762 1092 786 l

224 827 325 848 strum
344 821 499 856 referent.
537 817 579 844 Ill.
601 818 667 845 cn.
687 816 868 843 monstrosum
887 813 1002 850 aliquid,
1028 817 1071 839 aut
1091 807 1094 857 ]

225 863 419 902 prodigiosum,
440 861 640 892 Portentosum,
660 858 702 885 vel
722 863 915 889 monstrosum,
936 857 1030 889 (eniti,
1050 865 1071 882 s.
1093 858 1094 878 l

226 906 326 939 edere.)
347 905 377 932 fr.
400 906 439 931 14.
460 903 492 930 de
512 907 582 929 statu
602 902 670 929 hom.
691 904 712 928 1.
726 904 750 927 5.
771 901 801 928 fr.
817 902 874 927 135.
895 899 927 926 de
941 898 973 926 V.
988 898 1014 925 S.
1029 900 1071 925 50.
1094 906 1095 910 ¹

227 951 267 976 16.
296 948 412 976 Nefanda
432 946 610 973 monstruosis
629 945 780 972 nominibus
800 948 935 970 auctorum
954 941 1072 980 prodigia
1094 955 1095 966 ³

226 997 363 1019 sectarum.
385 990 433 1017 Th.
458 989 489 1017 C.
508 988 580 1016 XVI.
600 991 625 1016 5.
645 999 667 1015 c.
686 989 710 1014 6.
731 988 797 1022 3.1.
817 986 850 1013 de
869 986 967 1013 haeret.

260 1036 482 1063 Monstrum.
521 1034 728 1059 miraculum.
766 1030 808 1057 111.
835 1031 900 1058 Cu.
926 1028 977 1055 Pro
1001 1037 1072 1054 mon·
1094 1024 1095 1028 ¹

227 1084 282 1105 stro
303 1082 356 1108 est.
382 1078 428 1109 (ut
446 1077 528 1102 maior
546 1076 581 1101 sit
601 1074 673 1101 tilius
692 1083 769 1111 quam
788 1074 888 1110 pater.)
917 1072 938 1106 3.
957 1073 982 1098 4.
1001 1071 1020 1097 1.
1041 1070 1073 1097 de
1094 1073 1095 1078 ¹

227 1121 316 1158 adopt.
339 1122 361 1146 1.
383 1122 422 1146 11.

262 1162 532 1191 Montanistae.
571 1162 723 1188 Montani
746 1160 910 1186 haeretici
932 1163 1073 1184 sectato·
1094 1166 1096 1182 ι

228 1217 286 1234 res.
323 1205 366 1232 111.
383 1207 449 1233 Cn.
474 1204 664 1236 montanistae,
684 1208 709 1229 et
729 1201 960 1232 Priscilliauistae.
980 1204 1005 1225 et
1024 1198 1072 1225 alia
1095 1210 1096 1214 ¹

228 1248 410 1277 huiuscemodi
429 1257 524 1284 genera
538 1246 651 1273 nefariae
665 1245 871 1283 superstitionis.
892 1243 943 1270 Th.
957 1242 988 1268 C.
1001 1240 1073 1268 XVI.

227 1295 252 1320 5.
276 1303 298 1319 c.
317 1294 358 1318 48.
384 1301 406 1317 c.
425 1292 466 1317 57.
492 1299 513 1316 c.
533 1290 574 1316 65.
594 1290 616 1324 3.
635 1292 659 1315 2.
679 1288 712 1315 de
731 1288 853 1314 haeretic.
890 1286 1071 1313 Eunomianae

228 1335 428 1373 superstitionis
447 1333 546 1364 clerici.
565 1342 613 1359 seu
631 1332 814 1359 Montanistae.
834 1330 872 1357 lb.
893 1340 914 1356 c.
933 1330 976 1355 34.
996 1327 1013 1354 l.
1034 1327 1051 1354 1.

263 1379 492 1405 montenses.
543 1377 802 1403 Donatistarum
839 1373 1072 1400 denominatio.

229 1421 271 1448 111.
292 1422 358 1448 011.
386 1419 556 1451 Donatistae,
585 1419 630 1455 qui
654 1423 680 1445 et.
697 1417 851 1445 Montensos
874 1419 1009 1442 vocantur.
1037 1413 1074 1440 lb.

230 1476 252 1491 c.
271 1466 313 1490 43.
336 1463 352 1489 1.
374 1462 390 1489 1.
1097 1457 1098 1493 ]

266 1506 567 1534 Monumentum.
604 1504 636 1537 ξ.
656 1504 691 1529 1.
719 1504 967 1533 Documentum,
995 1495 1099 1534 quedl

231 1551 413 1577 memoriam
432 1549 579 1574 alicuius
598 1549 645 1574 rei
663 1552 837 1573 conservet.
874 1544 892 1571 1.
913 1545 976 1577 Sy.
995 1541 1077 1578 Quod

231 1594 370 1620 memoriae
390 1589 534 1617 servandae
554 1591 635 1626 gratia
655 1590 772 1616 exsistat.
799 1588 829 1615 fr.
848 1590 873 1613 2.
898 1587 919 1621 3.
940 1589 963 1612 (i.
984 1586 1014 1612 l'r.
1035 1587 1076 1610 42.

231 1636 263 1663 de
277 1636 349 1671 relig.
364 1636 404 1660 11.
420 1635 444 1659 7.
463 1632 507 1659 111.
522 1633 589 1660 Gn.
608 1632 722 1664 Census,
743 1635 768 1657 et
781 1634 948 1656 monumenta
962 1628 1076 1666 publica.

231 1680 261 1706 t'r.
283 1681 322 1705 lo.
343 1677 375 1704 de
394 1676 497 1714 probat.
517 1677 559 1702 22.
579 1677 603 1702 3.
625 1675 656 1702 cs.
682 1675 712 1701 l'r.
734 1676 776 1700 11.
795 1674 840 1700 fin.
862 1672 969 1709 regund.
992 1674 1031 1697 10.
1054 1673 1075 1697 1.
1098 1678 1100 1707 ζ

230 1722 335 1749 Relatio
353 1720 569 1757 (inspectorum.)
590 1723 615 1744 et
633 1722 722 1744 vetera
735 1721 901 1743 monumenta
921 1715 1076 1741 chartarum.

231 1765 282 1792 Th.
303 1764 333 1791 C.
353 1762 398 1790 XI.
418 1763 460 1789 28.
481 1772 502 1789 c.
521 1763 546 1790 2.
565 1761 599 1788 de
617 1760 716 1797 indulg.
736 1760 849 1786 debitor.
870 1758 901 1785 cl'.
921 1758 954 1784 X.
974 1760 999 1784 8.
1020 1759 1076 1783 e.5.

232 1808 265 1835 de
288 1807 350 1834 bon.
374 1816 430 1832 vac.
468 1806 544 1841 Quae
563 1820 594 1824 -
619 1805 646 1831 in
670 1807 838 1830 monumenta
861 1801 967 1839 publica
991 1801 1077 1838 posita

233 1855 302 1878 sunt.
322 1850 353 1876 t'r.
373 1851 414 1876 37.
435 1859 473 1886 pr.
494 1848 526 1875 de
545 1849 622 1874 iniur.
640 1848 682 1873 47.
704 1849 744 1873 10.
780 1845 880 1872 manilii
902 1848 1076 1872 monumenta.

234 1894 302 1920 1“ι·.2.
321 1893 399 1927 339.
419 1892 451 1918 de
472 1891 505 1918 O.
525 1891 543 1918 l.
565 1893 587 1918 1.
606 1892 630 1917 2.
651 1905 683 1909 -
703 1890 734 1922 §-
749 1890 784 1915 Β.
807 1889 895 1922 Opus
915 1897 1007 1914 manu
1021 1888 1078 1922 fa-

233 1943 333 1968 ctum,
353 1938 386 1962 in
406 1936 589 1961 memoriam
609 1934 768 1969 defuncti.
794 1931 813 1958 1.
824 1933 886 1965 Sy.
907 1929 988 1966 Quod
1002 1938 1079 1956 causa

234 1978 368 2007 muniendi
393 1979 449 2004 eius
473 1977 524 2003 loci
549 1977 645 2002 iactum
664 1976 712 2007 sit,
737 1975 764 2000 in
784 1984 835 2010 quo
856 1984 953 2010 corpus
973 1973 1079 2008 imposi-

234 2028 289 2050 tum
319 2023 362 2048 sit.
403 2020 599 2047 Monumentum
629 2018 677 2052 [al.
702 2017 907 2050 Munimentum]
935 2014 1079 2052 sepulchri.

235 2064 419 2103 Sepulchrum.
445 2063 475 2089 t'r.
495 2064 536 2088 37.
563 2062 585 2095 3.
608 2063 628 2087 1.
649 2061 681 2087 de
700 2060 772 2096 relig.
794 2062 833 2086 11.
855 2062 876 2086 7.
903 2060 932 2085 t‘r.
955 2060 976 2085 1.
997 2058 1034 2092 33.
1055 2060 1078 2084 5.
1102 2067 1103 2072 ¹

236 2118 295 2144 sqq.
315 2107 348 2134 de
366 2111 470 2133 mortuo
489 2104 564 2132 infer.
579 2106 618 2130 11.
634 2107 658 2130 ὅ.
679 2103 708 2129 1“ι-.
723 2104 748 2128 2.
763 2112 802 2138 sq.
823 2102 852 2128 t'r.
868 2104 891 2128 7.
908 2102 941 2128 de
960 2100 1079 2138 sepulch.

236 2151 298 2177 viol.
319 2152 359 2176 47.
382 2152 420 2176 12.
449 2148 647 2176 Monumentum
666 2156 767 2183 purum.
788 2145 992 2182 cenotaphium.
1011 2144 1041 2171 sr.
1056 2145 1079 2170 6.

236 2194 258 2227 3.
283 2195 304 2218 1.
331 2192 360 2218 l'r.
380 2195 421 2219 42.
446 2192 478 2219 de
503 2191 574 2227 relig.
596 2192 636 2216 11.
657 2191 679 2215 7.
700 2188 730 2215 fr.
750 2190 774 2214 5.
798 2188 820 2221 3.
842 2190 881 2214 10.
902 2188 934 2214 tle
954 2188 1014 2214 tlon.
1035 2188 1080 2213 int.

239 2235 269 2262 V.
289 2237 330 2262 24.
354 2236 374 2260 1.
410 2235 454 2261 111.
468 2236 534 2263 Cn.
555 2232 649 2264 Villae,
670 2236 695 2257 et
714 2236 890 2262 monumenta,
910 2236 936 2257 et
954 2230 1081 2256 aedilicia.

239 2279 269 2305 Τι’.
289 2280 312 2304 4.
333 2287 372 2314 pr.
393 2277 425 2303 de
444 2277 476 2304 D.
498 2277 528 2303 R.
551 2278 573 2302 1.
592 2278 617 2302 8.
654 2274 690 2301 Vt
714 2274 790 2301 heres
815 2275 841 2300 in
865 2274 969 2305 sunere,
993 2278 1036 2299 aut
1057 2275 1082 2299 in

238 2324 427 2350 monumento,
451 2319 583 2346 dumtaxat
607 2328 701 2345 aureos
725 2317 750 2344 C
773 2321 948 2344 consumeret.
973 2316 1004 2342 fr.
1023 2318 1082 2342 202.

239 2365 272 2391 de
292 2363 323 2390 V.
343 2363 370 2389 S.
390 2365 432 2388 50.
453 2363 492 2387 16.
518 2361 549 2387 εἴ.
578 2361 608 2387 t'r.
627 2363 668 2388 37.
689 2371 728 2398 pr.
756 2361 778 2394 3.
803 2363 822 2387 1.
846 2359 879 2386 de
903 2358 976 2395 relig.
1000 2360 1038 2384 11.
1060 2360 1082 2384 7.

240 2407 282 2434 Ad
307 2411 421 2433 sumtum
448 2405 610 2431 monumenti
638 2406 752 2437 (certam
776 2403 912 2440 pecuniam
939 2402 1084 2439 accipere.)

241 2450 271 2477 fr.
290 2451 332 2476 31.
352 2450 374 2483 3.
388 2450 412 2475 4.
434 2447 465 2474 de
486 2446 516 2473 N.
531 2446 563 2472 G.
582 2448 607 2472 3.
626 2449 649 2472 5.
688 2446 724 2472 Vt
741 2450 910 2472 monumento
931 2455 987 2471 ineo
1008 2444 1084 2471 alter-

241 2494 282 2519 nis
302 2491 438 2519 mensibus
462 2490 595 2517 lucernam
619 2489 775 2521 accendant,
800 2494 826 2515 et
844 2488 971 2515 solemnia
991 2488 1084 2513 mortis
1106 2489 1107 2510 ἶ

243 2540 373 2572 peragant.
401 2534 431 2560 fr.
451 2535 492 2560 44.
518 2532 551 2558 de
571 2541 682 2558 manum.
708 2537 808 2558 testam.
833 2535 874 2558 40.
899 2533 922 2557 4.
960 2530 1030 2557 Petit
1052 2530 1083 2556 ab
1106 2527 1108 2552 l

244 2578 339 2604 herede
362 2587 424 2608 suo,
449 2581 477 2602 ut
502 2591 533 2595 —
557 2574 609 2601 sibi
632 2575 839 2611 parentibusque
863 2575 918 2600 suis
940 2590 968 2594 —
996 2582 1085 2599 monu-

244 2626 358 2647 mentum
378 2624 532 2646 exstrueret.
552 2618 582 2644 fr.
602 2618 644 2644 86.
663 2617 685 2651 3.
705 2619 729 2643 2.
750 2617 782 2643 (le
801 2617 831 2643 A.
853 2627 875 2643 v.
897 2618 931 2643 Ο.
950 2616 981 2643 11.
999 2618 1041 2643 29.
1060 2618 1084 2642 2.

245 2662 277 2689 «21¹.
298 2663 353 2689 (iai.
374 2662 405 2688 ll.
425 2664 483 2688 235.
505 2662 535 2688 fr.
555 2664 596 2687 40.
616 2661 637 2695 3.
657 2662 681 2686 5.
701 2659 734 2686 de
753 2670 862 2686 manum.
884 2665 986 2686 tostam.
1005 2660 1046 2685 40,
1061 2661 1086 2684 4.

246 2705 440 2732 Μοιιιιιιιιειιίιιιιι
460 2705 511 2731 sibi
531 2704 687 2739 libertisque
707 2703 762 2729 suis
782 2702 885 2728 secisse.
906 2703 934 2728 t'r.
951 2704 974 2728 6.
995 2712 1033 2739 pr.
1054 2701 1086 2727 ‹lc

247 2748 318 2784 relig.
347 2750 385 2773 11.
406 2750 428 2773 7.
467 2750 542 2783 Quos
567 2749 622 2780 (se.
646 2745 774 2778 heredes)
799 2746 839 2771 ius
863 2745 1026 2771 monumenti
1048 2754 1086 2770 se-

247 2792 342 2828 quitur.
364 2790 393 2815 fr.
417 2792 453 2815 18.
474 2791 495 2823 3.
515 2793 539 2816 2.
559 2790 617 2816 fam.
638 2789 730 2815 ercisc.
751 2789 792 2814 10.
810 2790 834 2814 2.

282 2835 400 2860 Mora.
426 2832 457 2865 ξ.
480 2833 512 2858 l.
534 2834 724 2863 Cum-tatio,
746 2831 884 2858 Dilatio.
921 2829 940 2855 1.
961 2830 1023 2864 Sy.
1043 2829 1088 2856 Di-

939 175 1038 207 MON
1065 193 1103 199 -
1129 174 1238 205 MOR.

1086 274 1088 289 ζ
1110 256 1181 282 latio.
1205 255 1237 282 fr.
1255 257 1296 282 57.
1321 255 1354 282 de
1378 255 1439 282 don.
1463 256 1510 282 int.
1531 254 1561 281 V.
1581 256 1624 282 24.
1646 256 1667 282 l.
1697 254 1728 282 sr.
1749 256 1806 283 123.
1830 256 1851 290 3.
1873 257 1895 282 l.
1919 254 1952 282 de

1087 322 1088 327 ,
1110 298 1185 335 legat.
1205 298 1223 324 1.
1243 298 1311 332 (30.)
1347 297 1378 324 11.
1396 300 1464 332 Op.
1483 298 1512 324 In
1532 298 1686 324 continenti.
1706 313 1736 318 --
1757 298 1809 325 lam
1827 308 1899 325 mora
1919 298 1953 324 sa-

1087 366 1088 370 ,
1111 346 1159 368 cta.
1184 341 1215 368 l'r.
1237 343 1258 367 1.
1283 341 1304 375 3.
1325 342 1349 367 8.
1375 340 1408 367 ad
1432 340 1460 367 L.
1481 340 1551 367 Pale.
1573 342 1614 367 35.
1634 343 1658 366 2.
1695 340 1872 368 maturissime
1894 351 1953 378 per-

1088 397 1089 401 *
1109 385 1208 411 venire.
1228 400 1260 404 —
1284 383 1383 410 Moram
1406 384 1461 420 pati
1484 385 1510 410 iu
1534 385 1635 410 itinere.
1661 382 1691 410 fr.
1711 385 1735 410 5.
1762 383 1795 410 tle
1814 384 1857 410 off.
1876 383 1952 410 Proc.

1088 454 1089 458 ,
1111 432 1137 454 et
1155 426 1217 463 Leg.
1239 429 1260 453 1.
1282 428 1321 453 16.
1337 425 1368 453 fr.
1385 427 1410 452 2.
1430 426 1497 460 3.1.
1516 426 1549 453 de
1568 426 1691 463 legation.
1710 428 1752 452 50.
1772 428 1796 453 7.
1824 425 1867 452 III.
1887 427 1954 454 οη.

1110 470 1145 496 Et
1163 471 1190 496 in
1208 470 1257 496 hac
1275 479 1374 496 moram
1392 470 1520 506 patietur,
1540 479 1588 496 nec
1607 474 1666 495 ¹nite
1685 470 1796 506 accipiat
1813 469 1845 496 B.
1864 468 1954 501 Pnem,

1112 523 1188 549 quam
1209 517 1257 539 etc.
1282 513 1312 539 l'r.
1333 515 1357 539 2.
1382 513 1466 546 318.
1491 511 1525 538 ad
1543 512 1610 539 S.C.
1635 511 1707 538 Tert.
1726 513 1768 539 3⁸.
1790 513 1829 538 17.
1867 511 1955 547 Quan-

1113 561 1167 582 tum
1187 555 1219 582 ad
1243 565 1342 582 moram
1366 554 1510 582 faciendam
1533 555 1715 585 inferioribus.
1744 559 1771 582 et
1793 554 1846 581 sibi
1868 553 1957 581 locum

1090 626 1091 632 ἵ
1113 598 1261 625 faciendum
1281 603 1330 625 etc.
1350 598 1380 624 t'r.
1399 599 1441 624 30.
1461 598 1526 632 3.1.
1547 597 1580 624 de
1597 598 1629 624 Α.
1650 607 1674 624 v.
1695 597 1728 624 Ο.
1748 596 1779 624 Η.
1798 598 1840 624 29.
1859 598 1884 623 2.
1916 596 1957 623 Ne

1114 658 1146 661 —
1167 641 1344 669 creditoribus
1367 640 1472 677 longior
1490 650 1561 667 mora
1585 641 1669 668 fieret.
1693 640 1724 667 t‘r.
1746 642 1768 667 1.
1787 650 1827 677 pr.
1847 639 1880 667 de
1898 649 1958 666 suc-

1114 695 1181 711 cess.
1201 684 1279 711 edict.
1297 685 1338 711 38.
1358 686 1383 710 9.
1414 683 1454 710 Ne
1473 682 1580 710 fortuita
1598 694 1670 710 mora
1689 684 1858 717 (servitutem
1870 683 1958 720 partui

1114 728 1291 763 irrogaverit.)
1313 726 1344 753 fr.
1363 727 1405 754 26.
1425 727 1447 760 3.
1466 728 1491 753 3.
1511 726 1542 754 cl'.
1563 726 1594 753 t'r.
1615 729 1654 753 13.
1674 726 1707 754 de
1725 726 1812 753 fideic.
1831 725 1895 752 libb.
1914 727 1957 752 40.

1115 773 1139 797 5.
1176 770 1217 797 Ex
1235 779 1308 796 mora
1327 769 1436 803 (factum
1455 769 1572 796 deterius
1591 771 1654 801 ius.)
1678 769 1709 796 fr.
1728 771 1752 796 8.
1772 770 1796 796 si
1815 779 1858 806 qu.
1878 772 1958 795 cautt.

1115 816 1139 840 2.
1160 815 1200 839 11.
1238 812 1333 839 Brevis
1351 822 1423 839 mora
1442 813 1486 839 sit.
1506 812 1555 839 Th.
1571 812 1698 839 C.1V.4.
1718 823 1739 839 c.
1759 814 1783 839 6.
1803 812 1836 839 de
1856 816 1958 838 testam.

1117 862 1142 883 et
1161 855 1244 883 codic.
1281 854 1346 881 Sine
1369 864 1441 882 mora
1465 854 1641 888 (dimittere.)
1669 855 1699 882 fr.
1718 857 1760 882 24.
1787 855 1853 889 3.1.
1877 854 1910 881 ad
1927 853 1958 881 L.

1116 899 1164 926 lul.
1189 898 1222 925 de
1245 897 1326 924 adult.
1345 899 1387 924 48.
1406 899 1430 924 5.
1450 913 1482 917 ——
1502 899 1533 931 §-
1557 900 1592 925 2.
1620 900 1760 926 Tractus
1787 899 1959 932 temporis,

1118 944 1343 970 Intervallum.
1380 939 1399 967 1.
1419 941 1481 975 Sy.
1504 941 1575 967 Inter
1599 951 1699 973 moras,
1724 941 1858 978 Tempore
1881 941 1959 966 inter-

1117 986 1215 1023 posito,
1234 984 1344 1010 Interea.
1369 983 1399 1009 fr.
1417 985 1459 1010 33.
1479 983 1512 1010 de
1530 983 1562 1010 R.
1582 983 1613 1010 N.
1633 986 1675 1011 23.
1694 986 1719 1010 2.
1744 983 1785 1011 Cf.
1806 994 1830 1010 v.
1849 983 1960 1010 Interea.

1116 1028 1160 1055 111.
1181 1029 1248 1055 Cn.
1267 1026 1340 1053 Mora
1359 1027 1486 1063 temporis
1506 1027 1687 1063 (cogitanda.)
1711 1026 1741 1053 t‘r.
1761 1028 1803 1053 51.
1823 1026 1856 1053 de
1873 1024 1961 1064 pecul.

1119 1073 1158 1097 15.
1181 1073 1202 1097 l.
1240 1069 1339 1096 modici
1361 1070 1488 1106 temporis
1511 1079 1591 1096 mora.
1616 1069 1647 1096 fr.
1666 1072 1709 1096 21.
1734 1069 1767 1096 de
1790 1069 1870 1096 iudic.
1893 1071 1917 1095 5.
1938 1071 1960 1095 1.

1094 1143 1095 1147 Ἰ
1117 1114 1187 1140 Intra
1207 1123 1302 1139 annum
1325 1111 1411 1139 medio
1433 1116 1554 1149 tempore
1572 1128 1604 1132 —
1624 1123 1657 1139 ne
1676 1118 1721 1139 aut
1740 1122 1812 1139 mora
1831 1112 1962 1139 deteriora

1118 1158 1196 1189 fiant,
1220 1161 1264 1183 aut
1287 1155 1375 1191 aliquo
1399 1154 1479 1181 modo
1497 1156 1634 1182 intereant.
1658 1155 1689 1182 fr.
1709 1157 1733 1181 5.
1753 1165 1793 1192 pr.
1812 1155 1846 1181 de
1863 1155 1962 1192 requir-

1119 1202 1178 1227 reis.
1199 1201 1241 1226 48.
1262 1200 1301 1224 17.
1321 1197 1353 1224 cs.
1378 1197 1408 1224 fr.
1427 1198 1470 1224 53.
1495 1197 1527 1224 de
1550 1197 1639 1225 hered.
1659 1202 1710 1235 pet.
1731 1199 1755 1224 5.
1773 1199 1798 1224 3.
1818 1197 1848 1224 fr.
1867 1200 1910 1225 27.
1929 1197 1963 1224 de

1119 1243 1174 1270 reb.
1194 1247 1262 1269 auct.
1282 1241 1334 1268 iud.
1354 1242 1396 1267 42.
1410 1242 1435 1266 5.
1453 1256 1486 1260 —
1506 1241 1537 1274 §-
1553 1242 1590 1267 3.
1610 1242 1822 1273 Frustratio,
1841 1243 1961 1268 debito-

1118 1289 1166 1313 ris
1189 1292 1246 1312 aut
1270 1285 1465 1316 creditoris,
1493 1285 1584 1310 circa
1611 1285 1849 1319 obligationem
1877 1285 1964 1310 iuste

1118 1331 1323 1363 implendam.
1358 1326 1377 1353 1.
1396 1327 1458 1361 Sy.
1478 1325 1635 1358 frustratio,
1656 1326 1786 1353 Cessatio.
1806 1326 1848 1353 Cf.
1862 1325 1964 1353 v.Fru-

1119 1373 1220 1399 stratio.
1258 1370 1288 1397 Si
1307 1371 1333 1396 in
1352 1379 1425 1396 mora
1443 1369 1506 1400 suit,
1526 1368 1594 1395 Cum
1614 1379 1662 1406 per
1681 1368 1795 1406 aliquem
1813 1374 1879 1401 stat,
1899 1378 1964 1405 quo-

1097 1440 1098 1446 ,
1119 1416 1204 1441 minus
1230 1419 1279 1440 etc.
1304 1413 1334 1440 t'r.
1355 1414 1396 1439 49.
1420 1422 1460 1450 pr.
1485 1411 1517 1438 de
1542 1411 1573 1439 V.
1594 1412 1627 1438 O.
1651 1413 1693 1438 45.
1718 1414 1740 1438 1.
1776 1411 1820 1439 111.
1840 1413 1906 1440 οη.
1934 1410 1965 1438 Si

1120 1460 1180 1494 quis
1200 1457 1327 1484 solutioni
1346 1455 1452 1492 quidem
1471 1465 1570 1481 moram
1589 1455 1659 1487 feeit,
1678 1455 1803 1482 indicium
1821 1459 1906 1481 autem
1925 1464 1965 1481 ac-

1121 1503 1209 1538 cip-‘re
1232 1504 1339 1537 paratus
1363 1500 1407 1525 sit.
1431 1498 1461 1524 sr.
1481 1500 1523 1524 24.
1543 1508 1583 1535 pr.
1607 1497 1640 1524 de
1662 1508 1733 1525 usur.
1751 1500 1793 1525 22.
1815 1499 1836 1524 1.
1874 1498 1904 1524 Si
1922 1507 1965 1524 ne-

1121 1545 1190 1580 gavit
1213 1542 1282 1580 apud
1307 1552 1336 1568 se
1361 1551 1420 1568 esse
1444 1542 1594 1578 pecuniam.
1614 1557 1646 1560 —
1666 1540 1709 1567 vel
1728 1542 1750 1567 si
1769 1550 1867 1567 moram
1886 1540 1966 1577 depo-

1098 1602 1099 1631 }
1121 1587 1211 1613 sitioni
1231 1586 1300 1612 fecit.
1321 1585 1351 1611 t'r.
1372 1586 1395 1611 7.
1417 1585 1500 1618 3.10.
1519 1583 1552 1610 de
1571 1583 1637 1610 adm.
1653 1589 1679 1610 et
1697 1585 1777 1621 peric.
1796 1585 1838 1610 26.
1853 1585 1875 1610 7.
1905 1582 1966 1609 Non

1098 1634 1100 1654 ἒ
1122 1640 1182 1665 ergo
1202 1629 1298 1655 offerre
1317 1627 1397 1654 debet
1415 1626 1622 1658 satisdationem,
1643 1626 1691 1654 sed
1710 1628 1810 1664 petenti
1829 1628 1894 1653 satis
1913 1636 1967 1652 mo-

1123 1683 1176 1699 ram
1195 1682 1248 1698 uon
1268 1671 1360 1697 facere.
1385 1669 1415 1696 l'r.
1434 1672 1458 1696 2.
1479 1670 1500 1704 3.
1522 1672 1544 1696 l.
1569 1670 1621 1705 Qu.
1641 1669 1750 1706 legator.
1769 1671 1810 1696 43.
1830 1671 1854 1696 3.
1892 1668 1922 1695 Si
1941 1673 1968 1696 et

1123 1726 1169 1753 per
1193 1719 1319 1741 emtorem
1344 1717 1371 1739 et
1398 1712 1562 1739 venditorem
1590 1723 1663 1739 mora
1685 1713 1798 1744 fuisset,
1827 1713 1967 1748 quominus

1122 1761 1211 1786 vinnm
1236 1756 1407 1794 praeberetur
1431 1760 1457 1782 et
1480 1755 1636 1782 traderetur.
1662 1755 1692 1782 fr.
1712 1757 1754 1782 51.
1773 1765 1813 1793 pr.
1833 1755 1866 1781 de
1885 1755 1917 1782 A.
1936 1754 1967 1781 E.

1122 1801 1154 1829 V.
1177 1802 1215 1827 19.
1237 1803 1258 1826 1.
1297 1800 1326 1826 Si
1346 1798 1447 1825 tardius
1465 1798 1493 1825 id
1511 1799 1617 1830 faceret,
1638 1799 1713 1835 quasi
1732 1808 1765 1825 ex
1782 1807 1855 1824 mora
1874 1806 1968 1824 usuras

1123 1848 1324 1883 praestaturum.
1344 1841 1374 1868 fr.
1389 1843 1430 1868 92.
1451 1840 1484 1868 de
1503 1841 1579 1867 cond.
1600 1846 1626 1868 et
1644 1841 1711 1868 dem.
1729 1843 1771 1867 35.
1786 1842 1808 1867 l.
1829 1840 1861 1867 cf.
1881 1840 1912 1867 sr.
1925 1841 1967 1867 4⁰.

1124 1888 1156 1915 dc
1175 1887 1206 1914 lt.
1227 1886 1259 1914 C.
1280 1888 1320 1912 12.
1343 1887 1364 1912 l.
1385 1883 1457 1911 Paul.
1476 1883 1519 1910 111.
1538 1885 1562 1910 8.
1582 1885 1604 1918 3.
1624 1886 1647 1911 4.
1668 1884 1717 1911 Gai
1739 1883 1768 1910 11.
1782 1885 1842 1910 280.
1869 1883 1968 1910 Moram

1124 1932 1210 1957 t'ncere
1230 1931 1255 1956 in
1275 1928 1418 1960 solvendo,
1444 1937 1468 1954 v.
1492 1928 1518 1953 in
1542 1927 1677 1954 reddenda
1696 1937 1732 1954 re.
1760 1926 1791 1953 sr.
1812 1928 1852 1953 14.
1876 1936 1915 1963 pr.
1935 1925 1968 1952 de

1125 1984 1195 2000 usur.
1214 1975 1256 1999 22.
1278 1974 1299 1998 1.
1323 1971 1354 1998 fr.
1375 1973 1416 1998 91.
1440 1971 1460 2004 3.
1481 1972 1506 1996 3.
1526 1970 1559 1997 de
1578 1970 1609 1997 V.
1631 1970 1664 1997 O.
1684 1972 1725 1996 45.
1747 1972 1768 1996 1.
1797 1968 1858 2006 le.
1880 1967 1922 1995 VI.
1943 1969 1966 1994 7.

1101 2036 1103 2046 ‚
1126 2018 1155 2044 t'r.
1178 2019 1217 2043 17.
1241 2017 1263 2049 3.
1287 2017 1308 2041 1.
1333 2014 1365 2041 de
1384 2013 1415 2040 R.
1437 2012 1468 2040 V.
1487 2014 1512 2039 6.
1533 2015 1555 2039 1.
1593 2013 1683 2039 Solam
1706 2013 1873 2039 testationem
1897 2010 1968 2038 dotis

1125 2058 1284 2097 repetendae
1304 2068 1356 2084 nou
1375 2057 1499 2084 sut'ticere
1517 2055 1549 2082 ad
1568 2065 1666 2081 moram
1685 2055 1741 2082 doti
1760 2055 1860 2082 saetam.
1883 2053 1969 2080 Vatic.

1125 2104 1147 2137 3.
1164 2105 1205 2129 95.
1244 2102 1273 2127 Si
1298 2102 1324 2127 in
1347 2110 1378 2127 ro
1398 2109 1496 2126 morani
1519 2098 1597 2125 faciat
1619 2097 1708 2129 lieres.
1733 2097 1804 2134 quod
1826 2096 1894 2123 nolit
1917 2097 1969 2123 exi-

1126 2156 1186 2181 gere
1205 2156 1218 2170 a
1243 2143 1417 2170 debitoribus.
1445 2142 1473 2168 sr.
1493 2142 1516 2167 3.
1541 2141 1563 2174 3.
1583 2143 1606 2167 2.
1627 2140 1660 2166 de
1679 2140 1796 2167 statulib.
1815 2141 1857 2166 40.
1878 2141 1902 2166 7.
1939 2140 1969 2165 Si

1127 2189 1226 2215 artibus
1246 2196 1332 2213 moras
1353 2189 1466 2215 nectent,
1486 2183 1530 2217 (ad
1544 2182 1702 2209 solutionem
1717 2182 1799 2208 debiti
1818 2181 1969 2209 coarctandi

1127 2232 1214 2263 sunt.)
1241 2229 1290 2256 Th.
1312 2229 1344 2255 C.
1364 2228 1393 2255 ll.
1413 2229 1455 2254 29.
1475 2237 1496 2253 e.
1516 2228 1539 2252 2.
1560 2236 1598 2263 pr.
1618 2227 1640 2252 si
1660 2230 1722 2252 cert.
1743 2229 1822 2262 petat.
1843 2225 1876 2251 (le
1895 2225 1968 2251 suffr.

1128 2276 1157 2301 Si
1177 2284 1224 2311 per
1243 2272 1378 2299 mulierem
1398 2280 1470 2297 mora
1490 2279 1543 2296 non
1566 2273 1620 2301 est,
1644 2268 1784 2304 quominus
1804 2273 1852 2294 etc.
1878 2267 1907 2294 fr.
1926 2269 1969 2294 30.

1128 2318 1150 2351 3.
1169 2319 1194 2343 5.
1215 2315 1247 2342 de
1265 2315 1341 2351 legat.
1362 2313 1403 2340 111.
1424 2313 1503 2346 (32.)
1541 2311 1600 2339 Non
1620 2312 1688 2337 enim
1708 2311 1734 2336 in
1753 2320 1825 2336 mora
1845 2314 1886 2336 est
1904 2311 1936 2341 is,
1956 2320 1970 2336 a

1129 2370 1180 2396 quo
1206 2364 1254 2386 etc.
1281 2358 1312 2384 t'r.
1333 2360 1374 2383 40.
1399 2356 1432 2383 de
1451 2355 1481 2382 R.
1502 2354 1533 2381 C.
1555 2356 1592 2380 12.
1614 2356 1636 2380 1.
1662 2353 1691 2380 sr.
1712 2357 1735 2379 ὃ.
1761 2364 1800 2390 pr.
1825 2353 1858 2380 de.
1883 2357 1969 2379 novat.

1128 2405 1169 2429 46.
1189 2405 1213 2428 2.
1250 2401 1290 2428 Rc
1314 2401 1371 2437 ipsa
1395 2409 1467 2425 mora
1485 2397 1634 2424 subsecuta.
1659 2396 1688 2423 sr.
1707 2398 1732 2422 3.
1756 2397 1778 2430 3.
1797 2398 1821 2423 2.
1842 2395 1875 2422 de
1893 2395 1969 2422 adim.

1129 2445 1205 2481 legat.
1224 2446 1265 2471 34.
1285 2445 1309 2470 4.

1164 2487 1319 2515 Morari.
1355 2486 1386 2519 §-
1416 2485 1450 2510 1.
1484 2485 1609 2510 Moram
1637 2484 1858 2517 interponere,
1888 2483 1970 2508 Cun-

1129 2532 1223 2558 etari.
1263 2529 1280 2555 1.
1300 2530 1362 2562 Sy.
1382 2527 1480 2553 Moram
1501 2525 1594 2557 fucere,
1614 2525 1643 2552 In
1662 2535 1732 2551 mora
1753 2534 1819 2551 csse.
1839 2525 1870 2551 t'r.
1883 2526 1925 2551 84.
1938 2523 1971 2550 de

1130 2573 1205 2609 legat.
1226 2572 1256 2599 11.
1276 2572 1352 2604 (31.)
1373 2570 1403 2596 fr.
1423 2571 1464 2595 91.
1484 2569 1506 2602 3.
1525 2570 1549 2595 3.
1570 2568 1603 2595 de
1622 2568 1653 2595 V.
1675 2568 1707 2594 Ο.
1726 2569 1767 2593 45.
1790 2569 1812 2594 1.
1849 2567 1969 2594 Cessare.

1131 2627 1152 2643 c.
1171 2619 1194 2642 2.
1215 2615 1248 2642 de
1267 2623 1337 2641 usur.
1358 2617 1383 2638 vt
1403 2612 1477 2638 fruct.
1498 2611 1545 2646 leg.
1559 2613 1583 2636 (i.
1603 2612 1644 2637 47.
1682 2609 1806 2637 111011.
1826 2609 1854 2636 Si
1875 2614 1900 2636 et
1918 2617 1970 2635 mu-

1131 2664 1211 2690 rctur,
1231 2662 1256 2684 et
1275 2657 1423 2683 frustretur.
1444 2655 1473 2680 t'r.
1493 2656 1551 2680 233.
1572 2664 1610 2691 pr.
1630 2653 1663 2680 de
1682 2652 1714 2678 Υ.
1730 2652 1757 2678 S.
1772 2654 1814 2679 50.
1829 2653 1869 2679 16.
1894 2652 1970 2686 Quos

1131 2701 1237 2737 religio,
1259 2715 1288 2720 —-
1309 2703 1353 2724 aut
1372 2698 1464 2734 capitis
1489 2696 1604 2723 famaeve
1628 2695 1785 2732 pericnlum,
1810 2699 1853 2721 aut
1876 2692 1969 2720 similis

1131 2754 1208 2770 cansa
1227 2746 1350 2768 moretur.
1371 2741 1400 2767 l'r.
1420 2743 1461 2767 36.
1482 2750 1521 2777 pr.
1541 2739 1573 2766 de
1592 2738 1678 2765 tideic.
1699 2738 1762 2764 libb.
1781 2740 1822 2764 40.
1841 2739 1864 2763 5.
1901 2736 1970 2761 Ante

1131 2786 1296 2815 sententium,
1316 2784 1337 2809 si
1359 2784 1494 2820 petitionis
1513 2782 1570 2809 dies
1589 2786 1743 2808 moraretur.
1766 2780 1795 2807 fr.
1814 2781 1837 2805 5.
1856 2778 1878 2811 3.
1900 2779 1922 2804 1.
1943 2782 1970 2804 ut

1132 2828 1208 2865 legat.
1229 2837 1297 2854 ιιοιιι.
1311 2829 1352 2853 30.
1366 2828 1390 2852 3.
1411 2825 1442 2853 ct'.
1463 2825 1493 2852 fr.
1512 2826 1537 2852 9.
1556 2825 1578 2858 3.
1600 2825 1639 2851 17.
1660 2823 1692 2850 de
1711 2822 1798 2850 hered.
1817 2821 1878 2847 inst.
1891 2822 1932 2847 28.
1946 2822 1968 2846 5.
