<?xml version="1.0" encoding="UTF-8"?>
<!DOCTYPE html PUBLIC "-//W3C//DTD XHTML 1.0 Transitional//EN"
    "http://www.w3.org/TR/xhtml1/DTD/xhtml1-transitional.dtd">
<html xmlns="http://www.w3.org/1999/xhtml" xml:lang="en" lang="en">
 <head>
  <title>
</title>
<meta http-equiv="Content-Type" content="text/html;charset=utf-8" />
  <meta name='ocr-system' content='tesseract 3.04.00' />
  <meta name='ocr-capabilities' content='ocr_page ocr_carea ocr_par ocr_line ocrx_word'/>
</head>
<body>
  <div class='ocr_page' id='page_1' title='image "./manualelatinitat00dirk_0161.png"; bbox 0 0 2197 3121; ppageno 0'>
   <div class='ocr_carea' id='block_1_1' title="bbox 937 160 1191 193">
    <p class='ocr_par' dir='ltr' id='par_1_1' title="bbox 937 160 1191 193">
     <span class='ocr_line' id='line_1_1' title="bbox 937 160 1191 193; baseline 0.004 -1"><span class='ocrx_word' id='word_1_1' title='bbox 937 160 1021 192; x_wconf 68' lang='lat' dir='ltr'>CLA</span> <span class='ocrx_word' id='word_1_2' title='bbox 1048 181 1086 185; x_wconf 93' lang='lat'><strong>—</strong></span> <span class='ocrx_word' id='word_1_3' title='bbox 1111 161 1191 193; x_wconf 84' lang='lat' dir='ltr'>CLI.</span> 
     </span>
    </p>
   </div>
   <div class='ocr_carea' id='block_1_2' title="bbox 203 242 1041 283">
    <p class='ocr_par' dir='ltr' id='par_1_2' title="bbox 203 242 1041 283">
     <span class='ocr_line' id='line_1_2' title="bbox 203 242 1041 283; baseline -0.004 -10"><span class='ocrx_word' id='word_1_4' title='bbox 203 246 316 283; x_wconf 73' lang='lat' dir='ltr'>generali</span> <span class='ocrx_word' id='word_1_5' title='bbox 336 245 452 272; x_wconf 81' lang='lat' dir='ltr'>clausula</span> <span class='ocrx_word' id='word_1_6' title='bbox 472 245 521 279; x_wconf 88' lang='lat' dir='ltr'>(sc.</span> <span class='ocrx_word' id='word_1_7' title='bbox 542 244 643 275; x_wconf 86' lang='lat' dir='ltr'>edicti).</span> <span class='ocrx_word' id='word_1_8' title='bbox 664 243 695 269; x_wconf 90' lang='lat' dir='ltr'>fr.</span> <span class='ocrx_word' id='word_1_9' title='bbox 714 244 755 269; x_wconf 78' lang='lat'>26.</span> <span class='ocrx_word' id='word_1_10' title='bbox 775 243 856 276; x_wconf 77' lang='lat'><em>551.</em></span> <span class='ocrx_word' id='word_1_11' title='bbox 875 243 900 269; x_wconf 88' lang='grc'>9.</span> <span class='ocrx_word' id='word_1_12' title='bbox 919 242 953 269; x_wconf 88' lang='lat' dir='ltr'>ib.</span> <span class='ocrx_word' id='word_1_13' title='bbox 973 245 998 270; x_wconf 74' lang='lat'>4.</span> <span class='ocrx_word' id='word_1_14' title='bbox 1017 245 1041 270; x_wconf 89' lang='grc'>6.</span> 
     </span>
    </p>
   </div>
   <div class='ocr_carea' id='block_1_3' title="bbox 203 285 1065 326">
    <p class='ocr_par' dir='ltr' id='par_1_3' title="bbox 203 285 1065 326">
     <span class='ocr_line' id='line_1_3' title="bbox 203 285 1065 326; baseline -0.005 -11"><span class='ocrx_word' id='word_1_15' title='bbox 203 289 232 315; x_wconf 91' lang='lat' dir='ltr'>In</span> <span class='ocrx_word' id='word_1_16' title='bbox 250 289 448 326; x_wconf 86' lang='lat' dir='ltr'>possessionem</span> <span class='ocrx_word' id='word_1_17' title='bbox 468 288 536 314; x_wconf 86' lang='lat' dir='ltr'>mitti</span> <span class='ocrx_word' id='word_1_18' title='bbox 555 297 587 313; x_wconf 83' lang='lat' dir='ltr'>ex</span> <span class='ocrx_word' id='word_1_19' title='bbox 608 285 723 312; x_wconf 79' lang='lat' dir='ltr'>clausula</span> <span class='ocrx_word' id='word_1_20' title='bbox 743 285 775 311; x_wconf 88' lang='lat' dir='ltr'>de</span> <span class='ocrx_word' id='word_1_21' title='bbox 793 291 885 312; x_wconf 82' lang='lat' dir='ltr'>ventre</span> <span class='ocrx_word' id='word_1_22' title='bbox 898 286 924 312; x_wconf 93' lang='lat' dir='ltr'>in</span> <span class='ocrx_word' id='word_1_23' title='bbox 937 296 1043 323; x_wconf 81' lang='lat' dir='ltr'>posses·</span> <span class='ocrx_word' id='word_1_24' title='bbox 1064 299 1065 303; x_wconf 67' lang='lat'><em>=</em></span> 
     </span>
    </p>
   </div>
   <div class='ocr_carea' id='block_1_4' title="bbox 201 328 1064 1561">
    <p class='ocr_par' dir='ltr' id='par_1_4' title="bbox 202 328 1044 837">
     <span class='ocr_line' id='line_1_4' title="bbox 203 328 1043 366; baseline -0.005 -8"><span class='ocrx_word' id='word_1_25' title='bbox 203 333 304 358; x_wconf 76' lang='lat' dir='ltr'>sionem</span> <span class='ocrx_word' id='word_1_26' title='bbox 326 330 462 357; x_wconf 83' lang='lat' dir='ltr'>mittendo.</span> <span class='ocrx_word' id='word_1_27' title='bbox 483 330 514 357; x_wconf 84' lang='lat' dir='ltr'>fr.</span> <span class='ocrx_word' id='word_1_28' title='bbox 534 330 558 356; x_wconf 89' lang='grc'>6.</span> <span class='ocrx_word' id='word_1_29' title='bbox 577 339 617 366; x_wconf 86' lang='lat' dir='ltr'>pr.</span> <span class='ocrx_word' id='word_1_30' title='bbox 637 328 670 354; x_wconf 81' lang='lat' dir='ltr'>de</span> <span class='ocrx_word' id='word_1_31' title='bbox 689 328 760 354; x_wconf 75' lang='lat' dir='ltr'>inoff.</span> <span class='ocrx_word' id='word_1_32' title='bbox 780 334 882 355; x_wconf 84' lang='lat' dir='ltr'>testam.</span> <span class='ocrx_word' id='word_1_33' title='bbox 902 330 925 354; x_wconf 80' lang='lat'>5.</span> <span class='ocrx_word' id='word_1_34' title='bbox 945 330 969 354; x_wconf 79' lang='lat'>2.</span> <span class='ocrx_word' id='word_1_35' title='bbox 1002 328 1043 355; x_wconf 93' lang='lat' dir='ltr'>Li-</span> 
     </span>
     <span class='ocr_line' id='line_1_5' title="bbox 204 370 1044 400; baseline -0.004 0"><span class='ocrx_word' id='word_1_36' title='bbox 204 374 267 400; x_wconf 80' lang='lat' dir='ltr'>belli</span> <span class='ocrx_word' id='word_1_37' title='bbox 287 375 321 400; x_wconf 88' lang='lat' dir='ltr'>ita</span> <span class='ocrx_word' id='word_1_38' title='bbox 344 372 485 400; x_wconf 72' lang='lat' dir='ltr'>formandi:</span> <span class='ocrx_word' id='word_1_39' title='bbox 505 388 537 392; x_wconf 89' lang='lat'>—</span> <span class='ocrx_word' id='word_1_40' title='bbox 558 370 652 398; x_wconf 82' lang='lat' dir='ltr'>deinde</span> <span class='ocrx_word' id='word_1_41' title='bbox 672 371 724 397; x_wconf 84' lang='lat' dir='ltr'>fine</span> <span class='ocrx_word' id='word_1_42' title='bbox 743 370 821 397; x_wconf 83' lang='lat' dir='ltr'>talem</span> <span class='ocrx_word' id='word_1_43' title='bbox 840 370 982 397; x_wconf 73' lang='lat' dir='ltr'>clausulam</span> <span class='ocrx_word' id='word_1_44' title='bbox 1002 371 1044 397; x_wconf 88' lang='lat' dir='ltr'>ad-</span> 
     </span>
     <span class='ocr_line' id='line_1_6' title="bbox 203 414 628 450; baseline -0.007 -7"><span class='ocrx_word' id='word_1_45' title='bbox 203 416 255 443; x_wconf 82' lang='lat' dir='ltr'>dat.</span> <span class='ocrx_word' id='word_1_46' title='bbox 285 416 369 443; x_wconf 56' lang='lat' dir='ltr'>tatic.</span> <span class='ocrx_word' id='word_1_47' title='bbox 389 416 490 450; x_wconf 71' lang='lat'>5166.</span> <span class='ocrx_word' id='word_1_48' title='bbox 511 430 543 434; x_wconf 93' lang='lat'>—-</span> <span class='ocrx_word' id='word_1_49' title='bbox 563 414 585 448; x_wconf 90' lang='lat'>5.</span> <span class='ocrx_word' id='word_1_50' title='bbox 604 415 628 440; x_wconf 70' lang='lat'>⁸2.</span> 
     </span>
     <span class='ocr_line' id='line_1_7' title="bbox 203 456 1042 496; baseline -0.002 -12"><span class='ocrx_word' id='word_1_51' title='bbox 203 464 294 496; x_wconf 83' lang='lat' dir='ltr'>ptura.</span> <span class='ocrx_word' id='word_1_52' title='bbox 318 459 449 485; x_wconf 74' lang='lat' dir='ltr'><strong>Adiectio.</strong></span> <span class='ocrx_word' id='word_1_53' title='bbox 483 456 513 483; x_wconf 80' lang='lat' dir='ltr'>fr.</span> <span class='ocrx_word' id='word_1_54' title='bbox 532 458 574 483; x_wconf 85' lang='lat'>30.</span> <span class='ocrx_word' id='word_1_55' title='bbox 594 467 634 493; x_wconf 87' lang='lat' dir='ltr'>pr.</span> <span class='ocrx_word' id='word_1_56' title='bbox 649 473 681 476; x_wconf 88' lang='lat'><strong>—</strong></span> <span class='ocrx_word' id='word_1_57' title='bbox 695 457 717 490; x_wconf 94' lang='lat'>5.</span> <span class='ocrx_word' id='word_1_58' title='bbox 738 458 760 482; x_wconf 90' lang='lat'>7.</span> <span class='ocrx_word' id='word_1_59' title='bbox 789 456 820 482; x_wconf 83' lang='lat' dir='ltr'>fr.</span> <span class='ocrx_word' id='word_1_60' title='bbox 840 457 882 481; x_wconf 87' lang='lat'>31.</span> <span class='ocrx_word' id='word_1_61' title='bbox 911 456 943 482; x_wconf 77' lang='lat' dir='ltr'>(le</span> <span class='ocrx_word' id='word_1_62' title='bbox 967 456 1042 492; x_wconf 72' lang='lat' dir='ltr'>legat.</span> 
     </span>
     <span class='ocr_line' id='line_1_8' title="bbox 204 498 1042 538; baseline -0.005 -9"><span class='ocrx_word' id='word_1_63' title='bbox 204 502 222 528; x_wconf 90' lang='grc' dir='ltr'>Ι.</span> <span class='ocrx_word' id='word_1_64' title='bbox 243 502 310 535; x_wconf 84' lang='grc'>(30.)</span> <span class='ocrx_word' id='word_1_65' title='bbox 348 500 505 538; x_wconf 70' lang='lat' dir='ltr'>Stipulatio⁹</span> <span class='ocrx_word' id='word_1_66' title='bbox 525 498 634 531; x_wconf 82' lang='lat' dir='ltr'>Cautio,</span> <span class='ocrx_word' id='word_1_67' title='bbox 654 498 774 525; x_wconf 88' lang='lat' dir='ltr'>Cautum.</span> <span class='ocrx_word' id='word_1_68' title='bbox 806 498 838 524; x_wconf 83' lang='lat' dir='ltr'>sr.</span> <span class='ocrx_word' id='word_1_69' title='bbox 856 500 898 525; x_wconf 79' lang='lat'>25.</span> <span class='ocrx_word' id='word_1_70' title='bbox 918 509 957 535; x_wconf 87' lang='lat' dir='ltr'>pr.</span> <span class='ocrx_word' id='word_1_71' title='bbox 977 499 999 533; x_wconf 92' lang='lat'>5.</span> <span class='ocrx_word' id='word_1_72' title='bbox 1021 501 1042 525; x_wconf 83' lang='lat'>1.</span> 
     </span>
     <span class='ocr_line' id='line_1_9' title="bbox 203 540 1044 579; baseline -0.004 -9"><span class='ocrx_word' id='word_1_73' title='bbox 203 544 234 570; x_wconf 79' lang='lat' dir='ltr'>fr.</span> <span class='ocrx_word' id='word_1_74' title='bbox 253 546 296 570; x_wconf 84' lang='lat'>31.</span> <span class='ocrx_word' id='word_1_75' title='bbox 316 543 349 570; x_wconf 85' lang='lat' dir='ltr'>de.</span> <span class='ocrx_word' id='word_1_76' title='bbox 368 553 419 570; x_wconf 87' lang='lat' dir='ltr'>rec.</span> <span class='ocrx_word' id='word_1_77' title='bbox 440 553 482 579; x_wconf 92' lang='lat' dir='ltr'>qu.</span> <span class='ocrx_word' id='word_1_78' title='bbox 503 541 557 568; x_wconf 89' lang='lat' dir='ltr'>arb.</span> <span class='ocrx_word' id='word_1_79' title='bbox 577 544 600 568; x_wconf 87' lang='grc'>4.</span> <span class='ocrx_word' id='word_1_80' title='bbox 620 544 644 568; x_wconf 73' lang='grc' dir='ltr'>ὅ.</span> <span class='ocrx_word' id='word_1_81' title='bbox 670 542 700 568; x_wconf 79' lang='lat' dir='ltr'>sr.</span> <span class='ocrx_word' id='word_1_82' title='bbox 719 543 744 567; x_wconf 90' lang='grc'>4.</span> <span class='ocrx_word' id='word_1_83' title='bbox 762 550 802 577; x_wconf 87' lang='lat' dir='ltr'>pr.</span> <span class='ocrx_word' id='word_1_84' title='bbox 822 540 852 567; x_wconf 80' lang='lat' dir='ltr'>fr.</span> <span class='ocrx_word' id='word_1_85' title='bbox 875 543 932 567; x_wconf 75' lang='lat'>121.</span> <span class='ocrx_word' id='word_1_86' title='bbox 952 551 991 578; x_wconf 89' lang='lat' dir='ltr'>pr.</span> <span class='ocrx_word' id='word_1_87' title='bbox 1011 540 1044 567; x_wconf 81' lang='lat' dir='ltr'>de</span> 
     </span>
     <span class='ocr_line' id='line_1_10' title="bbox 204 583 1042 618; baseline -0.005 -4"><span class='ocrx_word' id='word_1_88' title='bbox 204 586 236 613; x_wconf 77' lang='lat' dir='ltr'>V.</span> <span class='ocrx_word' id='word_1_89' title='bbox 257 586 290 613; x_wconf 94' lang='lat' dir='ltr'>O.</span> <span class='ocrx_word' id='word_1_90' title='bbox 310 588 352 613; x_wconf 87' lang='grc'>45.</span> <span class='ocrx_word' id='word_1_91' title='bbox 373 588 395 612; x_wconf 90' lang='lat' dir='ltr'>l.</span> <span class='ocrx_word' id='word_1_92' title='bbox 426 586 456 611; x_wconf 72' lang='lat' dir='ltr'>l‘r.</span> <span class='ocrx_word' id='word_1_93' title='bbox 477 586 500 610; x_wconf 88' lang='lat'>7.</span> <span class='ocrx_word' id='word_1_94' title='bbox 524 584 555 610; x_wconf 89' lang='lat' dir='ltr'>sr.</span> <span class='ocrx_word' id='word_1_95' title='bbox 576 586 616 611; x_wconf 88' lang='grc'>19.</span> <span class='ocrx_word' id='word_1_96' title='bbox 635 584 658 618; x_wconf 88' lang='lat'>5.</span> <span class='ocrx_word' id='word_1_97' title='bbox 677 586 702 610; x_wconf 77' lang='lat'>2.</span> <span class='ocrx_word' id='word_1_98' title='bbox 725 583 756 610; x_wconf 82' lang='lat' dir='ltr'>I&#39;r.</span> <span class='ocrx_word' id='word_1_99' title='bbox 775 585 817 609; x_wconf 78' lang='lat'>21.</span> <span class='ocrx_word' id='word_1_100' title='bbox 841 583 945 610; x_wconf 84' lang='lat' dir='ltr'>iudicat.</span> <span class='ocrx_word' id='word_1_101' title='bbox 966 583 1042 610; x_wconf 77' lang='lat' dir='ltr'>solvi.</span> 
     </span>
     <span class='ocr_line' id='line_1_11' title="bbox 203 625 1043 663; baseline -0.005 -7"><span class='ocrx_word' id='word_1_102' title='bbox 203 630 243 655; x_wconf 83' lang='grc'>46.</span> <span class='ocrx_word' id='word_1_103' title='bbox 265 631 287 655; x_wconf 90' lang='lat'>7.</span> <span class='ocrx_word' id='word_1_104' title='bbox 331 629 373 655; x_wconf 86' lang='grc' dir='ltr'>ΙΙΙ,</span> <span class='ocrx_word' id='word_1_105' title='bbox 395 630 460 656; x_wconf 83' lang='grc' dir='ltr'>οη.</span> <span class='ocrx_word' id='word_1_106' title='bbox 489 627 633 653; x_wconf 87' lang='lat' dir='ltr'>Iudicatum</span> <span class='ocrx_word' id='word_1_107' title='bbox 657 626 725 652; x_wconf 76' lang='lat' dir='ltr'>solvi</span> <span class='ocrx_word' id='word_1_108' title='bbox 745 625 881 663; x_wconf 76' lang='lat' dir='ltr'>stipulatio</span> <span class='ocrx_word' id='word_1_109' title='bbox 901 631 954 653; x_wconf 85' lang='lat' dir='ltr'>tres</span> <span class='ocrx_word' id='word_1_110' title='bbox 976 626 1043 653; x_wconf 89' lang='lat' dir='ltr'>clau-</span> 
     </span>
     <span class='ocr_line' id='line_1_12' title="bbox 202 668 1041 698; baseline -0.004 0"><span class='ocrx_word' id='word_1_111' title='bbox 202 671 274 698; x_wconf 82' lang='lat' dir='ltr'>sulas</span> <span class='ocrx_word' id='word_1_112' title='bbox 295 673 321 698; x_wconf 91' lang='lat' dir='ltr'>in</span> <span class='ocrx_word' id='word_1_113' title='bbox 341 681 418 698; x_wconf 88' lang='lat' dir='ltr'>uuum</span> <span class='ocrx_word' id='word_1_114' title='bbox 439 670 548 697; x_wconf 88' lang='lat' dir='ltr'>collatas</span> <span class='ocrx_word' id='word_1_115' title='bbox 568 669 653 696; x_wconf 84' lang='lat' dir='ltr'>habet.</span> <span class='ocrx_word' id='word_1_116' title='bbox 683 668 714 695; x_wconf 79' lang='lat' dir='ltr'>fr.</span> <span class='ocrx_word' id='word_1_117' title='bbox 734 670 758 694; x_wconf 90' lang='lat'>6.</span> <span class='ocrx_word' id='word_1_118' title='bbox 783 668 815 695; x_wconf 82' lang='lat' dir='ltr'>ct&#39;.</span> <span class='ocrx_word' id='word_1_119' title='bbox 834 668 865 695; x_wconf 82' lang='lat' dir='ltr'>fr.</span> <span class='ocrx_word' id='word_1_120' title='bbox 886 671 925 695; x_wconf 79' lang='lat'>17.</span> <span class='ocrx_word' id='word_1_121' title='bbox 950 669 981 696; x_wconf 77' lang='lat' dir='ltr'>fr.</span> <span class='ocrx_word' id='word_1_122' title='bbox 1002 671 1041 695; x_wconf 86' lang='lat'>1-9.</span> 
     </span>
     <span class='ocr_line' id='line_1_13' title="bbox 203 711 1042 750; baseline -0.004 -9"><span class='ocrx_word' id='word_1_123' title='bbox 203 714 237 741; x_wconf 88' lang='lat' dir='ltr'>ib.</span> <span class='ocrx_word' id='word_1_124' title='bbox 257 716 298 740; x_wconf 71' lang='lat'>46.</span> <span class='ocrx_word' id='word_1_125' title='bbox 319 716 342 740; x_wconf 85' lang='lat'>7.</span> <span class='ocrx_word' id='word_1_126' title='bbox 367 713 396 740; x_wconf 85' lang='lat' dir='ltr'>fr.</span> <span class='ocrx_word' id='word_1_127' title='bbox 418 715 459 739; x_wconf 83' lang='lat'>15.</span> <span class='ocrx_word' id='word_1_128' title='bbox 479 723 518 750; x_wconf 86' lang='lat' dir='ltr'>pr.</span> <span class='ocrx_word' id='word_1_129' title='bbox 545 712 577 739; x_wconf 83' lang='lat' dir='ltr'>de</span> <span class='ocrx_word' id='word_1_130' title='bbox 596 721 700 749; x_wconf 85' lang='lat' dir='ltr'>procur.</span> <span class='ocrx_word' id='word_1_131' title='bbox 723 712 748 737; x_wconf 85' lang='lat'>3.</span> <span class='ocrx_word' id='word_1_132' title='bbox 766 712 792 737; x_wconf 86' lang='lat'>3.</span> <span class='ocrx_word' id='word_1_133' title='bbox 833 711 897 738; x_wconf 83' lang='lat' dir='ltr'>Doli</span> <span class='ocrx_word' id='word_1_134' title='bbox 917 711 1042 738; x_wconf 75' lang='lat' dir='ltr'>clausula.</span> 
     </span>
     <span class='ocr_line' id='line_1_14' title="bbox 203 754 1042 794; baseline -0.005 -10"><span class='ocrx_word' id='word_1_135' title='bbox 203 767 270 794; x_wconf 83' lang='lat' dir='ltr'>quae</span> <span class='ocrx_word' id='word_1_136' title='bbox 296 759 323 783; x_wconf 90' lang='lat' dir='ltr'>in</span> <span class='ocrx_word' id='word_1_137' title='bbox 347 757 396 783; x_wconf 87' lang='lat' dir='ltr'>ista</span> <span class='ocrx_word' id='word_1_138' title='bbox 420 755 592 792; x_wconf 75' lang='lat' dir='ltr'>stipulatione</span> <span class='ocrx_word' id='word_1_139' title='bbox 618 755 774 781; x_wconf 84' lang='lat' dir='ltr'>continetur.</span> <span class='ocrx_word' id='word_1_140' title='bbox 803 754 834 781; x_wconf 83' lang='lat' dir='ltr'>fr.</span> <span class='ocrx_word' id='word_1_141' title='bbox 852 756 877 781; x_wconf 78' lang='lat'>3.</span> <span class='ocrx_word' id='word_1_142' title='bbox 896 765 936 791; x_wconf 84' lang='lat' dir='ltr'>pr.</span> <span class='ocrx_word' id='word_1_143' title='bbox 960 755 982 781; x_wconf 84' lang='lat' dir='ltr'>si</span> <span class='ocrx_word' id='word_1_144' title='bbox 1002 756 1042 781; x_wconf 88' lang='lat' dir='ltr'>cui</span> 
     </span>
     <span class='ocr_line' id='line_1_15' title="bbox 202 798 589 837; baseline -0.005 -11"><span class='ocrx_word' id='word_1_145' title='bbox 202 800 238 837; x_wconf 86' lang='lat' dir='ltr'>pl.</span> <span class='ocrx_word' id='word_1_146' title='bbox 258 810 301 837; x_wconf 88' lang='lat' dir='ltr'>qu.</span> <span class='ocrx_word' id='word_1_147' title='bbox 320 810 346 837; x_wconf 88' lang='lat' dir='ltr'>p.</span> <span class='ocrx_word' id='word_1_148' title='bbox 365 798 394 825; x_wconf 88' lang='lat' dir='ltr'>L.</span> <span class='ocrx_word' id='word_1_149' title='bbox 415 798 484 825; x_wconf 86' lang='lat' dir='ltr'>Falc.</span> <span class='ocrx_word' id='word_1_150' title='bbox 503 800 545 824; x_wconf 86' lang='grc'>35.</span> <span class='ocrx_word' id='word_1_151' title='bbox 564 800 589 824; x_wconf 89' lang='grc'>3.</span> 
     </span>
    </p>

    <p class='ocr_par' dir='ltr' id='par_1_5' title="bbox 201 842 1063 1185">
     <span class='ocr_line' id='line_1_16' title="bbox 238 842 1042 876; baseline -0.004 -7"><span class='ocrx_word' id='word_1_152' title='bbox 238 843 435 870; x_wconf 78' lang='lat' dir='ltr'>clausura.</span> <span class='ocrx_word' id='word_1_153' title='bbox 464 843 618 868; x_wconf 83' lang='lat' dir='ltr'>Tatamen</span> <span class='ocrx_word' id='word_1_154' title='bbox 641 842 824 871; x_wconf 81' lang='lat' dir='ltr'>(limitum).</span> <span class='ocrx_word' id='word_1_155' title='bbox 849 842 1042 876; x_wconf 81' lang='lat' dir='ltr'>Propugna·</span> 
     </span>
     <span class='ocr_line' id='line_1_17' title="bbox 201 882 1040 920; baseline -0.002 -9"><span class='ocrx_word' id='word_1_156' title='bbox 201 887 315 912; x_wconf 83' lang='lat' dir='ltr'>culam.</span> <span class='ocrx_word' id='word_1_157' title='bbox 353 884 394 910; x_wconf 89' lang='grc' dir='ltr'>ΠΙ.</span> <span class='ocrx_word' id='word_1_158' title='bbox 415 885 481 911; x_wconf 79' lang='lat' dir='ltr'>Cn.</span> <span class='ocrx_word' id='word_1_159' title='bbox 509 882 561 909; x_wconf 71' lang='lat' dir='ltr'>Vbi</span> <span class='ocrx_word' id='word_1_160' title='bbox 581 899 614 902; x_wconf 96' lang='lat'><strong>—</strong></span> <span class='ocrx_word' id='word_1_161' title='bbox 634 893 703 920; x_wconf 81' lang='lat' dir='ltr'>resp.</span> <span class='ocrx_word' id='word_1_162' title='bbox 724 882 756 909; x_wconf 87' lang='lat' dir='ltr'>R.</span> <span class='ocrx_word' id='word_1_163' title='bbox 774 883 842 910; x_wconf 83' lang='lat' dir='ltr'>fines</span> <span class='ocrx_word' id='word_1_164' title='bbox 862 883 996 914; x_wconf 76' lang='lat' dir='ltr'>habuerat.</span> <span class='ocrx_word' id='word_1_165' title='bbox 1017 887 1040 909; x_wconf 80' lang='lat' dir='ltr'>et</span> 
     </span>
     <span class='ocr_line' id='line_1_18' title="bbox 202 926 1042 962; baseline -0.002 -8"><span class='ocrx_word' id='word_1_166' title='bbox 202 927 247 954; x_wconf 90' lang='lat' dir='ltr'>ubi</span> <span class='ocrx_word' id='word_1_167' title='bbox 266 927 391 954; x_wconf 79' lang='lat' dir='ltr'>custodes</span> <span class='ocrx_word' id='word_1_168' title='bbox 410 926 511 962; x_wconf 83' lang='lat' dir='ltr'>antiqui</span> <span class='ocrx_word' id='word_1_169' title='bbox 531 926 686 957; x_wconf 76' lang='lat' dir='ltr'>servabant.</span> <span class='ocrx_word' id='word_1_170' title='bbox 711 927 780 952; x_wconf 88' lang='lat' dir='ltr'>sicut</span> <span class='ocrx_word' id='word_1_171' title='bbox 805 936 837 952; x_wconf 73' lang='lat' dir='ltr'>ex</span> <span class='ocrx_word' id='word_1_172' title='bbox 863 926 991 952; x_wconf 88' lang='lat' dir='ltr'>clausuris</span> <span class='ocrx_word' id='word_1_173' title='bbox 1017 931 1042 952; x_wconf 86' lang='lat' dir='ltr'>et</span> 
     </span>
     <span class='ocr_line' id='line_1_19' title="bbox 203 968 1041 1006; baseline -0.002 -9"><span class='ocrx_word' id='word_1_174' title='bbox 203 970 292 1006; x_wconf 75' lang='lat' dir='ltr'>burgis</span> <span class='ocrx_word' id='word_1_175' title='bbox 312 969 467 995; x_wconf 78' lang='lat' dir='ltr'>ostenditur.</span> <span class='ocrx_word' id='word_1_176' title='bbox 487 978 508 994; x_wconf 89' lang='lat' dir='ltr'>c.</span> <span class='ocrx_word' id='word_1_177' title='bbox 522 970 547 994; x_wconf 74' lang='lat'>2.</span> <span class='ocrx_word' id='word_1_178' title='bbox 566 970 588 1003; x_wconf 91' lang='lat'>5.</span> <span class='ocrx_word' id='word_1_179' title='bbox 603 971 627 995; x_wconf 77' lang='lat'>4.</span> <span class='ocrx_word' id='word_1_180' title='bbox 648 968 679 995; x_wconf 74' lang='lat' dir='ltr'>dc</span> <span class='ocrx_word' id='word_1_181' title='bbox 699 969 742 995; x_wconf 77' lang='lat' dir='ltr'>off.</span> <span class='ocrx_word' id='word_1_182' title='bbox 763 968 942 995; x_wconf 78' lang='lat' dir='ltr'>Prf.Pr.Af1·.</span> <span class='ocrx_word' id='word_1_183' title='bbox 964 970 986 995; x_wconf 93' lang='lat' dir='ltr'>l.</span> <span class='ocrx_word' id='word_1_184' title='bbox 999 970 1041 994; x_wconf 70' lang='lat'>⁴27.</span> 
     </span>
     <span class='ocr_line' id='line_1_20' title="bbox 203 1011 1043 1048; baseline -0.002 -9"><span class='ocrx_word' id='word_1_185' title='bbox 203 1012 341 1044; x_wconf 78' lang='lat' dir='ltr'>Civitates,</span> <span class='ocrx_word' id='word_1_186' title='bbox 361 1022 426 1048; x_wconf 84' lang='lat' dir='ltr'>quae</span> <span class='ocrx_word' id='word_1_187' title='bbox 445 1021 529 1048; x_wconf 81' lang='lat' dir='ltr'>prope</span> <span class='ocrx_word' id='word_1_188' title='bbox 548 1011 682 1038; x_wconf 87' lang='lat' dir='ltr'>clausuras</span> <span class='ocrx_word' id='word_1_189' title='bbox 702 1017 728 1038; x_wconf 80' lang='lat' dir='ltr'>et</span> <span class='ocrx_word' id='word_1_190' title='bbox 747 1012 812 1038; x_wconf 84' lang='lat' dir='ltr'>fines</span> <span class='ocrx_word' id='word_1_191' title='bbox 832 1017 906 1038; x_wconf 82' lang='lat' dir='ltr'>antea</span> <span class='ocrx_word' id='word_1_192' title='bbox 921 1011 1043 1037; x_wconf 83' lang='lat' dir='ltr'>teneban-</span> 
     </span>
     <span class='ocr_line' id='line_1_21' title="bbox 203 1053 1042 1091; baseline 0 -10"><span class='ocrx_word' id='word_1_193' title='bbox 203 1061 253 1082; x_wconf 89' lang='lat' dir='ltr'>tur.</span> <span class='ocrx_word' id='word_1_194' title='bbox 284 1055 320 1081; x_wconf 92' lang='lat' dir='ltr'>Ib.</span> <span class='ocrx_word' id='word_1_195' title='bbox 340 1054 356 1081; x_wconf 96' lang='lat' dir='ltr'>l.</span> <span class='ocrx_word' id='word_1_196' title='bbox 375 1054 392 1080; x_wconf 91' lang='lat' dir='ltr'>l.</span> <span class='ocrx_word' id='word_1_197' title='bbox 435 1053 470 1080; x_wconf 67' lang='lat' dir='ltr'>u</span> <span class='ocrx_word' id='word_1_198' title='bbox 495 1064 575 1091; x_wconf 85' lang='lat' dir='ltr'>super</span> <span class='ocrx_word' id='word_1_199' title='bbox 599 1056 669 1080; x_wconf 84' lang='lat' dir='ltr'>omni</span> <span class='ocrx_word' id='word_1_200' title='bbox 693 1054 776 1081; x_wconf 85' lang='lat' dir='ltr'>limite</span> <span class='ocrx_word' id='word_1_201' title='bbox 795 1070 827 1073; x_wconf 92' lang='lat'>—</span> <span class='ocrx_word' id='word_1_202' title='bbox 848 1059 994 1081; x_wconf 82' lang='lat' dir='ltr'>castrorum</span> <span class='ocrx_word' id='word_1_203' title='bbox 1013 1065 1042 1081; x_wconf 82' lang='lat' dir='ltr'>ae</span> 
     </span>
     <span class='ocr_line' id='line_1_22' title="bbox 203 1096 1040 1134; baseline 0 -10"><span class='ocrx_word' id='word_1_204' title='bbox 203 1097 381 1124; x_wconf 72' lang='lat' dir='ltr'>clausurarum</span> <span class='ocrx_word' id='word_1_205' title='bbox 405 1096 454 1130; x_wconf 89' lang='lat' dir='ltr'>[al.</span> <span class='ocrx_word' id='word_1_206' title='bbox 475 1096 700 1134; x_wconf 85' lang='lat' dir='ltr'>lnsoriarumquc]</span> <span class='ocrx_word' id='word_1_207' title='bbox 727 1107 787 1123; x_wconf 91' lang='lat' dir='ltr'>cura</span> <span class='ocrx_word' id='word_1_208' title='bbox 810 1097 945 1134; x_wconf 84' lang='lat' dir='ltr'>procedat.</span> <span class='ocrx_word' id='word_1_209' title='bbox 975 1108 997 1124; x_wconf 83' lang='lat' dir='ltr'>c.</span> <span class='ocrx_word' id='word_1_210' title='bbox 1017 1099 1040 1123; x_wconf 81' lang='grc'>4.</span> 
     </span>
     <span class='ocr_line' id='line_1_23' title="bbox 202 1139 1063 1185; baseline -0.001 -18"><span class='ocrx_word' id='word_1_211' title='bbox 202 1140 235 1167; x_wconf 82' lang='lat' dir='ltr'>de</span> <span class='ocrx_word' id='word_1_212' title='bbox 254 1140 297 1166; x_wconf 82' lang='lat' dir='ltr'>off.</span> <span class='ocrx_word' id='word_1_213' title='bbox 317 1149 382 1176; x_wconf 79' lang='lat' dir='ltr'>mag.</span> <span class='ocrx_word' id='word_1_214' title='bbox 403 1139 446 1165; x_wconf 76' lang='lat' dir='ltr'>ofl&#39;.</span> <span class='ocrx_word' id='word_1_215' title='bbox 468 1141 490 1165; x_wconf 94' lang='lat'>1.</span> <span class='ocrx_word' id='word_1_216' title='bbox 509 1141 551 1166; x_wconf 88' lang='grc'>31.</span> <span class='ocrx_word' id='word_1_217' title='bbox 575 1140 625 1174; x_wconf 85' lang='lat' dir='ltr'>(cf.</span> <span class='ocrx_word' id='word_1_218' title='bbox 645 1151 669 1166; x_wconf 85' lang='lat' dir='ltr'>v.</span> <span class='ocrx_word' id='word_1_219' title='bbox 689 1139 825 1173; x_wconf 87' lang='lat' dir='ltr'>Clusura.)</span> <span class='ocrx_word' id='word_1_220' title='bbox 1062 1170 1063 1185; x_wconf 19' lang='grc' dir='ltr'><strong>χ</strong></span> 
     </span>
    </p>

    <p class='ocr_par' dir='ltr' id='par_1_6' title="bbox 201 1182 1064 1561">
     <span class='ocr_line' id='line_1_24' title="bbox 237 1182 1064 1216; baseline -0.001 -6"><span class='ocrx_word' id='word_1_221' title='bbox 237 1183 409 1214; x_wconf 77' lang='lat' dir='ltr'>Clausus,</span> <span class='ocrx_word' id='word_1_222' title='bbox 431 1192 451 1208; x_wconf 86' lang='lat' dir='ltr'>S.</span> <span class='ocrx_word' id='word_1_223' title='bbox 467 1183 612 1210; x_wconf 75' lang='lat' dir='ltr'>Clusus.</span> <span class='ocrx_word' id='word_1_224' title='bbox 632 1182 753 1216; x_wconf 75' lang='lat' dir='ltr'>(I&#39;artic.)</span> <span class='ocrx_word' id='word_1_225' title='bbox 774 1185 940 1215; x_wconf 75' lang='lat' dir='ltr'>Inclusas,</span> <span class='ocrx_word' id='word_1_226' title='bbox 961 1185 1040 1210; x_wconf 83' lang='lat' dir='ltr'>Cou-</span> <span class='ocrx_word' id='word_1_227' title='bbox 1062 1189 1064 1197; x_wconf 74' lang='lat'><strong>⁴</strong></span> 
     </span>
     <span class='ocr_line' id='line_1_25' title="bbox 201 1225 1042 1263; baseline 0 -11"><span class='ocrx_word' id='word_1_228' title='bbox 201 1229 320 1253; x_wconf 73' lang='lat' dir='ltr'>clusus.</span> <span class='ocrx_word' id='word_1_229' title='bbox 355 1225 397 1251; x_wconf 84' lang='lat' dir='ltr'>Ill.</span> <span class='ocrx_word' id='word_1_230' title='bbox 418 1227 483 1252; x_wconf 80' lang='grc' dir='ltr'>οη.</span> <span class='ocrx_word' id='word_1_231' title='bbox 513 1225 553 1252; x_wconf 67' lang='lat' dir='ltr'>&#39;Ne</span> <span class='ocrx_word' id='word_1_232' title='bbox 572 1227 631 1262; x_wconf 88' lang='lat' dir='ltr'>quis</span> <span class='ocrx_word' id='word_1_233' title='bbox 651 1227 677 1252; x_wconf 89' lang='lat' dir='ltr'>in</span> <span class='ocrx_word' id='word_1_234' title='bbox 697 1227 728 1252; x_wconf 92' lang='lat' dir='ltr'>iis</span> <span class='ocrx_word' id='word_1_235' title='bbox 749 1225 828 1257; x_wconf 78' lang='lat' dir='ltr'>lociS.</span> <span class='ocrx_word' id='word_1_236' title='bbox 853 1227 913 1252; x_wconf 79' lang='lat' dir='ltr'>inve</span> <span class='ocrx_word' id='word_1_237' title='bbox 932 1227 964 1252; x_wconf 90' lang='lat' dir='ltr'>iis</span> <span class='ocrx_word' id='word_1_238' title='bbox 982 1236 1042 1263; x_wconf 91' lang='lat' dir='ltr'>por—</span> 
     </span>
     <span class='ocr_line' id='line_1_26' title="bbox 201 1267 1041 1304; baseline 0.001 -10"><span class='ocrx_word' id='word_1_239' title='bbox 201 1268 313 1300; x_wconf 78' lang='lat' dir='ltr'>ticibus,</span> <span class='ocrx_word' id='word_1_240' title='bbox 333 1267 397 1304; x_wconf 88' lang='lat' dir='ltr'>quid</span> <span class='ocrx_word' id='word_1_241' title='bbox 416 1267 621 1300; x_wconf 81' lang='lat' dir='ltr'>inaedificatum,</span> <span class='ocrx_word' id='word_1_242' title='bbox 641 1268 829 1295; x_wconf 76' lang='lat' dir='ltr'>immolitumve</span> <span class='ocrx_word' id='word_1_243' title='bbox 849 1268 956 1301; x_wconf 84' lang='lat' dir='ltr'>habeto,</span> <span class='ocrx_word' id='word_1_244' title='bbox 975 1279 1041 1295; x_wconf 80' lang='lat' dir='ltr'>neve</span> 
     </span>
     <span class='ocr_line' id='line_1_27' title="bbox 202 1310 1040 1348; baseline 0.001 -11"><span class='ocrx_word' id='word_1_245' title='bbox 202 1321 292 1337; x_wconf 83' lang='lat' dir='ltr'>eorum</span> <span class='ocrx_word' id='word_1_246' title='bbox 311 1310 383 1347; x_wconf 79' lang='lat' dir='ltr'>quod</span> <span class='ocrx_word' id='word_1_247' title='bbox 401 1316 519 1348; x_wconf 80' lang='lat' dir='ltr'>septum,</span> <span class='ocrx_word' id='word_1_248' title='bbox 544 1311 695 1337; x_wconf 79' lang='lat' dir='ltr'>clausumve</span> <span class='ocrx_word' id='word_1_249' title='bbox 719 1311 823 1337; x_wconf 85' lang='lat' dir='ltr'>habeto.</span> <span class='ocrx_word' id='word_1_250' title='bbox 853 1311 917 1338; x_wconf 83' lang='lat' dir='ltr'>Tab.</span> <span class='ocrx_word' id='word_1_251' title='bbox 938 1312 1040 1339; x_wconf 87' lang='lat' dir='ltr'>Heracl.</span> 
     </span>
     <span class='ocr_line' id='line_1_28' title="bbox 201 1353 1041 1391; baseline 0.002 -12"><span class='ocrx_word' id='word_1_252' title='bbox 201 1353 247 1380; x_wconf 83' lang='lat' dir='ltr'>lin.</span> <span class='ocrx_word' id='word_1_253' title='bbox 267 1355 308 1380; x_wconf 89' lang='lat'>71.</span> <span class='ocrx_word' id='word_1_254' title='bbox 333 1363 383 1379; x_wconf 82' lang='lat' dir='ltr'>aer.</span> <span class='ocrx_word' id='word_1_255' title='bbox 407 1354 452 1380; x_wconf 91' lang='lat' dir='ltr'>Br.</span> <span class='ocrx_word' id='word_1_256' title='bbox 494 1353 553 1380; x_wconf 76' lang='lat' dir='ltr'>Nisi</span> <span class='ocrx_word' id='word_1_257' title='bbox 577 1370 609 1373; x_wconf 97' lang='lat'><strong>—</strong></span> <span class='ocrx_word' id='word_1_258' title='bbox 634 1356 877 1381; x_wconf 72' lang='lat' dir='ltr'>commentariensis</span> <span class='ocrx_word' id='word_1_259' title='bbox 902 1356 1041 1391; x_wconf 77' lang='lat' dir='ltr'>ingesserit</span> 
     </span>
     <span class='ocr_line' id='line_1_29' title="bbox 201 1397 1042 1433; baseline 0.001 -10"><span class='ocrx_word' id='word_1_260' title='bbox 201 1406 337 1423; x_wconf 83' lang='lat' dir='ltr'>numerum</span> <span class='ocrx_word' id='word_1_261' title='bbox 360 1406 545 1433; x_wconf 80' lang='lat' dir='ltr'>personarum,</span> <span class='ocrx_word' id='word_1_262' title='bbox 567 1398 718 1423; x_wconf 77' lang='lat' dir='ltr'>varietatem</span> <span class='ocrx_word' id='word_1_263' title='bbox 744 1397 916 1429; x_wconf 82' lang='lat' dir='ltr'>delictorum,</span> <span class='ocrx_word' id='word_1_264' title='bbox 941 1397 1042 1424; x_wconf 90' lang='lat' dir='ltr'>clauso-</span> 
     </span>
     <span class='ocr_line' id='line_1_30' title="bbox 202 1439 1041 1476; baseline 0.001 -10"><span class='ocrx_word' id='word_1_265' title='bbox 202 1450 259 1466; x_wconf 90' lang='lat' dir='ltr'>rum</span> <span class='ocrx_word' id='word_1_266' title='bbox 283 1439 414 1472; x_wconf 79' lang='lat' dir='ltr'>ordinem,</span> <span class='ocrx_word' id='word_1_267' title='bbox 444 1443 605 1476; x_wconf 83' lang='lat' dir='ltr'>aetatemque</span> <span class='ocrx_word' id='word_1_268' title='bbox 634 1441 790 1466; x_wconf 79' lang='lat' dir='ltr'>vinctorum.</span> <span class='ocrx_word' id='word_1_269' title='bbox 824 1440 874 1467; x_wconf 91' lang='lat' dir='ltr'>Th.</span> <span class='ocrx_word' id='word_1_270' title='bbox 893 1441 924 1468; x_wconf 76' lang='lat' dir='ltr'>C.</span> <span class='ocrx_word' id='word_1_271' title='bbox 948 1441 993 1467; x_wconf 68' lang='lat' dir='ltr'>IX.</span> <span class='ocrx_word' id='word_1_272' title='bbox 1016 1443 1041 1467; x_wconf 86' lang='lat'>3.</span> 
     </span>
     <span class='ocr_line' id='line_1_31' title="bbox 203 1482 1064 1526; baseline 0.002 -18"><span class='ocrx_word' id='word_1_273' title='bbox 203 1493 224 1509; x_wconf 87' lang='lat' dir='ltr'>c.</span> <span class='ocrx_word' id='word_1_274' title='bbox 243 1483 268 1509; x_wconf 83' lang='lat'>6.</span> <span class='ocrx_word' id='word_1_275' title='bbox 294 1482 326 1509; x_wconf 84' lang='lat' dir='ltr'>(le</span> <span class='ocrx_word' id='word_1_276' title='bbox 351 1487 416 1508; x_wconf 87' lang='lat' dir='ltr'>cust.</span> <span class='ocrx_word' id='word_1_277' title='bbox 441 1492 508 1508; x_wconf 90' lang='lat' dir='ltr'>reor.</span> <span class='ocrx_word' id='word_1_278' title='bbox 550 1482 648 1509; x_wconf 80' lang='lat' dir='ltr'>Clusos</span> <span class='ocrx_word' id='word_1_279' title='bbox 673 1484 791 1520; x_wconf 84' lang='lat' dir='ltr'>accipere</span> <span class='ocrx_word' id='word_1_280' title='bbox 815 1483 954 1516; x_wconf 61' lang='lat' dir='ltr'>‹lehc-mim,</span> <span class='ocrx_word' id='word_1_281' title='bbox 975 1489 999 1510; x_wconf 78' lang='lat' dir='ltr'>ct</span> <span class='ocrx_word' id='word_1_282' title='bbox 1019 1485 1041 1510; x_wconf 88' lang='lat' dir='ltr'>si</span> <span class='ocrx_word' id='word_1_283' title='bbox 1063 1516 1064 1526; x_wconf 17' lang='grc' dir='ltr'>ἵ</span> 
     </span>
     <span class='ocr_line' id='line_1_32' title="bbox 202 1525 1064 1561; baseline 0.002 -10"><span class='ocrx_word' id='word_1_284' title='bbox 202 1530 265 1552; x_wconf 85' lang='lat' dir='ltr'>sunt</span> <span class='ocrx_word' id='word_1_285' title='bbox 283 1526 373 1552; x_wconf 73' lang='lat' dir='ltr'>vincti.</span> <span class='ocrx_word' id='word_1_286' title='bbox 402 1525 432 1551; x_wconf 79' lang='lat' dir='ltr'>fr.</span> <span class='ocrx_word' id='word_1_287' title='bbox 452 1527 475 1552; x_wconf 94' lang='lat'>3.</span> <span class='ocrx_word' id='word_1_288' title='bbox 500 1526 522 1559; x_wconf 91' lang='lat'>5.</span> <span class='ocrx_word' id='word_1_289' title='bbox 541 1526 565 1551; x_wconf 88' lang='grc'>6.</span> <span class='ocrx_word' id='word_1_290' title='bbox 586 1525 618 1552; x_wconf 84' lang='lat' dir='ltr'>de</span> <span class='ocrx_word' id='word_1_291' title='bbox 637 1525 664 1552; x_wconf 87' lang='lat' dir='ltr'>S.</span> <span class='ocrx_word' id='word_1_292' title='bbox 685 1525 715 1552; x_wconf 89' lang='lat' dir='ltr'>C.</span> <span class='ocrx_word' id='word_1_293' title='bbox 737 1525 820 1552; x_wconf 82' lang='lat' dir='ltr'>Silau.</span> <span class='ocrx_word' id='word_1_294' title='bbox 840 1528 882 1553; x_wconf 74' lang='lat'>29.</span> <span class='ocrx_word' id='word_1_295' title='bbox 901 1529 925 1553; x_wconf 83' lang='lat'>5.</span> <span class='ocrx_word' id='word_1_296' title='bbox 946 1528 996 1561; x_wconf 79' lang='lat' dir='ltr'>(ct&#39;.</span> <span class='ocrx_word' id='word_1_297' title='bbox 1016 1538 1040 1553; x_wconf 73' lang='lat' dir='ltr'>v.</span> <span class='ocrx_word' id='word_1_298' title='bbox 1063 1530 1064 1539; x_wconf 67' lang='lat'>¹</span> 
     </span>
    </p>
   </div>
   <div class='ocr_carea' id='block_1_5' title="bbox 658 413 1485 452">
    <p class='ocr_par' dir='ltr' id='par_1_7' title="bbox 658 413 1485 452">
     <span class='ocr_line' id='line_1_33' title="bbox 658 413 1485 452; baseline 0.002 -12"><span class='ocrx_word' id='word_1_299' title='bbox 658 415 823 440; x_wconf 82' lang='lat' dir='ltr'>Formula.</span> <span class='ocrx_word' id='word_1_300' title='bbox 859 413 878 439; x_wconf 90' lang='grc' dir='ltr'>Ι.</span> <span class='ocrx_word' id='word_1_301' title='bbox 893 415 954 448; x_wconf 77' lang='lat' dir='ltr'>Sy.</span> <span class='ocrx_word' id='word_1_302' title='bbox 975 413 1044 440; x_wconf 87' lang='lat' dir='ltr'>Scri-</span> <span class='ocrx_word' id='word_1_303' title='bbox 1064 420 1066 441; x_wconf 64' lang='lat' dir='ltr'>t</span> <span class='ocrx_word' id='word_1_304' title='bbox 1087 415 1117 441; x_wconf 89' lang='lat' dir='ltr'>II.</span> <span class='ocrx_word' id='word_1_305' title='bbox 1137 416 1161 441; x_wconf 86' lang='grc'>6.</span> <span class='ocrx_word' id='word_1_306' title='bbox 1182 426 1203 442; x_wconf 93' lang='lat' dir='ltr'>c.</span> <span class='ocrx_word' id='word_1_307' title='bbox 1224 417 1246 441; x_wconf 96' lang='lat'>1.</span> <span class='ocrx_word' id='word_1_308' title='bbox 1266 415 1299 442; x_wconf 85' lang='lat' dir='ltr'>de</span> <span class='ocrx_word' id='word_1_309' title='bbox 1318 420 1396 452; x_wconf 82' lang='lat' dir='ltr'>temp.</span> <span class='ocrx_word' id='word_1_310' title='bbox 1418 427 1485 442; x_wconf 85' lang='lat' dir='ltr'>curs.</span> 
     </span>
    </p>
   </div>
   <div class='ocr_carea' id='block_1_6' title="bbox 1060 249 1070 1589">
    <p class='ocr_par' dir='ltr' id='par_1_8' title="bbox 1060 249 1070 1589">
     <span class='ocr_line' id='line_1_34' title="bbox 1060 249 1070 1589; baseline 0 0"><span class='ocrx_word' id='word_1_311' title='bbox 1060 249 1070 1589; x_wconf 95' lang='lat' dir='ltr'> </span> 
     </span>
    </p>
   </div>
   <div class='ocr_carea' id='block_1_7' title="bbox 202 1567 1065 2761">
    <p class='ocr_par' dir='ltr' id='par_1_9' title="bbox 202 1567 1064 1617">
     <span class='ocr_line' id='line_1_35' title="bbox 202 1567 1064 1617; baseline -0.001 -22"><span class='ocrx_word' id='word_1_312' title='bbox 202 1567 342 1595; x_wconf 84' lang='lat' dir='ltr'>Claudere.</span> <span class='ocrx_word' id='word_1_313' title='bbox 362 1569 383 1602; x_wconf 93' lang='lat'>5.</span> <span class='ocrx_word' id='word_1_314' title='bbox 402 1570 444 1600; x_wconf 75' lang='lat'>2.)</span> <span class='ocrx_word' id='word_1_315' title='bbox 1062 1598 1064 1617; x_wconf 63' lang='grc'>)</span> 
     </span>
    </p>

    <p class='ocr_par' dir='ltr' id='par_1_10' title="bbox 203 1611 1065 2107">
     <span class='ocr_line' id='line_1_36' title="bbox 237 1611 1064 1652; baseline 0.001 -14"><span class='ocrx_word' id='word_1_316' title='bbox 237 1612 386 1639; x_wconf 73' lang='lat' dir='ltr'>Clavus.</span> <span class='ocrx_word' id='word_1_317' title='bbox 416 1611 446 1644; x_wconf 61' lang='grc' dir='ltr'>ξ.</span> <span class='ocrx_word' id='word_1_318' title='bbox 467 1612 501 1637; x_wconf 89' lang='lat'>1.</span> <span class='ocrx_word' id='word_1_319' title='bbox 528 1613 737 1638; x_wconf 78' lang='lat' dir='ltr'>Ferramenti</span> <span class='ocrx_word' id='word_1_320' title='bbox 756 1614 884 1646; x_wconf 76' lang='lat' dir='ltr'>species.</span> <span class='ocrx_word' id='word_1_321' title='bbox 917 1612 959 1638; x_wconf 94' lang='lat' dir='ltr'>III.</span> <span class='ocrx_word' id='word_1_322' title='bbox 976 1614 1040 1640; x_wconf 81' lang='grc' dir='ltr'>οη.</span> <span class='ocrx_word' id='word_1_323' title='bbox 1062 1624 1064 1652; x_wconf 56' lang='lat' dir='ltr'><strong><em>J</em></strong></span> 
     </span>
     <span class='ocr_line' id='line_1_37' title="bbox 203 1652 1064 1694; baseline 0.001 -14"><span class='ocrx_word' id='word_1_324' title='bbox 203 1652 234 1680; x_wconf 90' lang='lat' dir='ltr'>Si</span> <span class='ocrx_word' id='word_1_325' title='bbox 252 1655 310 1690; x_wconf 88' lang='lat' dir='ltr'>quis</span> <span class='ocrx_word' id='word_1_326' title='bbox 330 1663 361 1680; x_wconf 80' lang='lat' dir='ltr'>ex</span> <span class='ocrx_word' id='word_1_327' title='bbox 380 1654 514 1690; x_wconf 74' lang='lat' dir='ltr'>naufragio</span> <span class='ocrx_word' id='word_1_328' title='bbox 535 1653 636 1685; x_wconf 71' lang='lat' dir='ltr'>clavos,</span> <span class='ocrx_word' id='word_1_329' title='bbox 661 1653 704 1679; x_wconf 75' lang='lat' dir='ltr'>vel</span> <span class='ocrx_word' id='word_1_330' title='bbox 724 1664 803 1680; x_wconf 80' lang='lat' dir='ltr'>unuin</span> <span class='ocrx_word' id='word_1_331' title='bbox 822 1665 854 1681; x_wconf 78' lang='lat' dir='ltr'>ex</span> <span class='ocrx_word' id='word_1_332' title='bbox 873 1655 928 1687; x_wconf 80' lang='lat' dir='ltr'>his,</span> <span class='ocrx_word' id='word_1_333' title='bbox 953 1655 1041 1681; x_wconf 88' lang='lat' dir='ltr'>abstu-</span> <span class='ocrx_word' id='word_1_334' title='bbox 1062 1663 1064 1694; x_wconf 54' lang='lat' dir='ltr'>J</span> 
     </span>
     <span class='ocr_line' id='line_1_38' title="bbox 203 1695 1063 1732; baseline 0.005 -10"><span class='ocrx_word' id='word_1_335' title='bbox 203 1695 270 1722; x_wconf 83' lang='lat' dir='ltr'>lerit.</span> <span class='ocrx_word' id='word_1_336' title='bbox 301 1696 331 1723; x_wconf 77' lang='lat' dir='ltr'>fr.</span> <span class='ocrx_word' id='word_1_337' title='bbox 351 1698 375 1723; x_wconf 89' lang='lat'>3.</span> <span class='ocrx_word' id='word_1_338' title='bbox 400 1697 421 1730; x_wconf 94' lang='lat'>5.</span> <span class='ocrx_word' id='word_1_339' title='bbox 441 1700 464 1723; x_wconf 75' lang='grc' dir='ltr'>ὅ,</span> <span class='ocrx_word' id='word_1_340' title='bbox 490 1696 523 1723; x_wconf 85' lang='lat' dir='ltr'>de</span> <span class='ocrx_word' id='word_1_341' title='bbox 548 1696 650 1723; x_wconf 84' lang='lat' dir='ltr'>incend.</span> <span class='ocrx_word' id='word_1_342' title='bbox 670 1697 752 1723; x_wconf 89' lang='lat' dir='ltr'>ruina.</span> <span class='ocrx_word' id='word_1_343' title='bbox 777 1699 819 1724; x_wconf 75' lang='lat'>47.</span> <span class='ocrx_word' id='word_1_344' title='bbox 839 1699 863 1724; x_wconf 90' lang='grc'>9.</span> <span class='ocrx_word' id='word_1_345' title='bbox 893 1714 925 1718; x_wconf 79' lang='lat'><em>—</em></span> <span class='ocrx_word' id='word_1_346' title='bbox 954 1699 984 1732; x_wconf 75' lang='lat'>§-</span> <span class='ocrx_word' id='word_1_347' title='bbox 1005 1701 1040 1726; x_wconf 72' lang='lat'>2.</span> <span class='ocrx_word' id='word_1_348' title='bbox 1062 1715 1063 1728; x_wconf 45' lang='grc' dir='ltr'>η</span> 
     </span>
     <span class='ocr_line' id='line_1_39' title="bbox 205 1740 1064 1781; baseline 0.005 -17"><span class='ocrx_word' id='word_1_349' title='bbox 205 1740 405 1774; x_wconf 75' lang='lat' dir='ltr'>Segmentam</span> <span class='ocrx_word' id='word_1_350' title='bbox 425 1749 594 1773; x_wconf 73' lang='lat' dir='ltr'>purpurae</span> <span class='ocrx_word' id='word_1_351' title='bbox 615 1742 660 1766; x_wconf 76' lang='lat' dir='ltr'>rel</span> <span class='ocrx_word' id='word_1_352' title='bbox 679 1742 767 1772; x_wconf 82' lang='lat' dir='ltr'>auri,</span> <span class='ocrx_word' id='word_1_353' title='bbox 792 1743 924 1768; x_wconf 81' lang='lat' dir='ltr'>tunicae</span> <span class='ocrx_word' id='word_1_354' title='bbox 948 1743 1064 1781; x_wconf 22' lang='lat' dir='ltr'>adan-Q</span> 
     </span>
     <span class='ocr_line' id='line_1_40' title="bbox 204 1781 1041 1820; baseline 0.002 -13"><span class='ocrx_word' id='word_1_355' title='bbox 204 1787 276 1807; x_wconf 72' lang='lat' dir='ltr'>tum.</span> <span class='ocrx_word' id='word_1_356' title='bbox 318 1781 361 1807; x_wconf 81' lang='lat'>111.</span> <span class='ocrx_word' id='word_1_357' title='bbox 385 1783 450 1809; x_wconf 80' lang='grc' dir='ltr'>οη.</span> <span class='ocrx_word' id='word_1_358' title='bbox 479 1781 556 1808; x_wconf 72' lang='lat' dir='ltr'>Clavi</span> <span class='ocrx_word' id='word_1_359' title='bbox 579 1783 650 1807; x_wconf 84' lang='lat' dir='ltr'>aurei</span> <span class='ocrx_word' id='word_1_360' title='bbox 675 1787 700 1808; x_wconf 79' lang='lat' dir='ltr'>et</span> <span class='ocrx_word' id='word_1_361' title='bbox 722 1793 867 1820; x_wconf 72' lang='lat' dir='ltr'>purpurae,</span> <span class='ocrx_word' id='word_1_362' title='bbox 895 1793 956 1820; x_wconf 87' lang='lat' dir='ltr'>pars</span> <span class='ocrx_word' id='word_1_363' title='bbox 981 1789 1041 1810; x_wconf 82' lang='lat' dir='ltr'>suut</span> 
     </span>
     <span class='ocr_line' id='line_1_41' title="bbox 204 1824 1065 1855; baseline 0.005 -6"><span class='ocrx_word' id='word_1_364' title='bbox 204 1824 427 1850; x_wconf 63' lang='lat' dir='ltr'>vestimentorum.</span> <span class='ocrx_word' id='word_1_365' title='bbox 456 1840 488 1843; x_wconf 93' lang='lat'><strong>—</strong></span> <span class='ocrx_word' id='word_1_366' title='bbox 522 1824 555 1850; x_wconf 83' lang='lat' dir='ltr'>Et</span> <span class='ocrx_word' id='word_1_367' title='bbox 580 1825 602 1849; x_wconf 78' lang='lat' dir='ltr'>si</span> <span class='ocrx_word' id='word_1_368' title='bbox 629 1834 680 1850; x_wconf 88' lang='lat' dir='ltr'>uon</span> <span class='ocrx_word' id='word_1_369' title='bbox 704 1830 765 1851; x_wconf 85' lang='lat' dir='ltr'>suut</span> <span class='ocrx_word' id='word_1_370' title='bbox 789 1826 855 1852; x_wconf 69' lang='lat' dir='ltr'>clavi</span> <span class='ocrx_word' id='word_1_371' title='bbox 879 1828 1042 1852; x_wconf 82' lang='lat' dir='ltr'>vestimentis</span> <span class='ocrx_word' id='word_1_372' title='bbox 1064 1826 1065 1855; x_wconf 65' lang='lat' dir='ltr'>i</span> 
     </span>
     <span class='ocr_line' id='line_1_42' title="bbox 205 1866 1042 1904; baseline 0.002 -11"><span class='ocrx_word' id='word_1_373' title='bbox 205 1867 317 1893; x_wconf 75' lang='lat' dir='ltr'>consuti.</span> <span class='ocrx_word' id='word_1_374' title='bbox 347 1866 376 1892; x_wconf 84' lang='lat' dir='ltr'>l&#39;r.</span> <span class='ocrx_word' id='word_1_375' title='bbox 398 1868 437 1893; x_wconf 75' lang='grc'>19.</span> <span class='ocrx_word' id='word_1_376' title='bbox 459 1867 480 1900; x_wconf 90' lang='lat'>5.</span> <span class='ocrx_word' id='word_1_377' title='bbox 500 1869 523 1892; x_wconf 84' lang='lat'>5.</span> <span class='ocrx_word' id='word_1_378' title='bbox 544 1866 573 1892; x_wconf 80' lang='lat' dir='ltr'>sr.</span> <span class='ocrx_word' id='word_1_379' title='bbox 594 1870 635 1892; x_wconf 69' lang='lat'>23.</span> <span class='ocrx_word' id='word_1_380' title='bbox 657 1867 678 1900; x_wconf 86' lang='lat'>5</span> <span class='ocrx_word' id='word_1_381' title='bbox 700 1869 722 1893; x_wconf 97' lang='lat'>1.</span> <span class='ocrx_word' id='word_1_382' title='bbox 749 1867 781 1894; x_wconf 83' lang='lat' dir='ltr'>de</span> <span class='ocrx_word' id='word_1_383' title='bbox 800 1878 862 1894; x_wconf 85' lang='lat' dir='ltr'>auro</span> <span class='ocrx_word' id='word_1_384' title='bbox 882 1878 933 1904; x_wconf 72' lang='lat' dir='ltr'>arg.</span> <span class='ocrx_word' id='word_1_385' title='bbox 956 1870 998 1895; x_wconf 79' lang='grc'>34,</span> <span class='ocrx_word' id='word_1_386' title='bbox 1018 1871 1042 1894; x_wconf 73' lang='grc'>2.</span> 
     </span>
     <span class='ocr_line' id='line_1_43' title="bbox 204 1909 1065 1947; baseline 0.002 -12"><span class='ocrx_word' id='word_1_387' title='bbox 204 1909 233 1935; x_wconf 89' lang='lat' dir='ltr'>In</span> <span class='ocrx_word' id='word_1_388' title='bbox 252 1909 302 1935; x_wconf 88' lang='lat' dir='ltr'>hoc</span> <span class='ocrx_word' id='word_1_389' title='bbox 321 1909 418 1935; x_wconf 78' lang='lat' dir='ltr'>donare</span> <span class='ocrx_word' id='word_1_390' title='bbox 438 1910 494 1935; x_wconf 69' lang='lat' dir='ltr'>viro</span> <span class='ocrx_word' id='word_1_391' title='bbox 514 1919 571 1940; x_wconf 75' lang='lat' dir='ltr'>suo,</span> <span class='ocrx_word' id='word_1_392' title='bbox 593 1914 619 1935; x_wconf 91' lang='lat' dir='ltr'>ut</span> <span class='ocrx_word' id='word_1_393' title='bbox 638 1911 660 1935; x_wconf 91' lang='lat' dir='ltr'>is</span> <span class='ocrx_word' id='word_1_394' title='bbox 674 1909 704 1935; x_wconf 86' lang='lat' dir='ltr'>ab</span> <span class='ocrx_word' id='word_1_395' title='bbox 719 1910 878 1947; x_wconf 69' lang='lat' dir='ltr'>Imperatore</span> <span class='ocrx_word' id='word_1_396' title='bbox 891 1911 944 1937; x_wconf 87' lang='lat' dir='ltr'>lato</span> <span class='ocrx_word' id='word_1_397' title='bbox 959 1911 1042 1938; x_wconf 80' lang='lat' dir='ltr'>clavo.</span> <span class='ocrx_word' id='word_1_398' title='bbox 1064 1913 1065 1916; x_wconf 76' lang='grc'>’</span> 
     </span>
     <span class='ocr_line' id='line_1_44' title="bbox 205 1951 1042 1991; baseline 0.005 -14"><span class='ocrx_word' id='word_1_399' title='bbox 205 1951 247 1978; x_wconf 82' lang='lat' dir='ltr'>vel</span> <span class='ocrx_word' id='word_1_400' title='bbox 272 1961 339 1988; x_wconf 86' lang='lat' dir='ltr'>equo</span> <span class='ocrx_word' id='word_1_401' title='bbox 363 1951 484 1988; x_wconf 80' lang='lat' dir='ltr'>publico,</span> <span class='ocrx_word' id='word_1_402' title='bbox 516 1952 628 1978; x_wconf 73' lang='lat' dir='ltr'>similive</span> <span class='ocrx_word' id='word_1_403' title='bbox 657 1952 769 1985; x_wconf 83' lang='lat' dir='ltr'>honore⁷</span> <span class='ocrx_word' id='word_1_404' title='bbox 799 1954 949 1980; x_wconf 80' lang='lat' dir='ltr'>honoretur.</span> <span class='ocrx_word' id='word_1_405' title='bbox 981 1953 1042 1991; x_wconf 68' lang='lat' dir='ltr'>Hp.</span> 
     </span>
     <span class='ocr_line' id='line_1_45' title="bbox 204 1994 1041 2028; baseline 0.004 -7"><span class='ocrx_word' id='word_1_406' title='bbox 204 1994 260 2021; x_wconf 75' lang='lat' dir='ltr'>Vll.</span> <span class='ocrx_word' id='word_1_407' title='bbox 283 1997 305 2021; x_wconf 93' lang='lat'>1.</span> <span class='ocrx_word' id='word_1_408' title='bbox 326 2011 357 2014; x_wconf 92' lang='lat'>——</span> <span class='ocrx_word' id='word_1_409' title='bbox 377 1995 408 2028; x_wconf 58' lang='grc' dir='ltr'>ᾖ.</span> <span class='ocrx_word' id='word_1_410' title='bbox 429 1996 465 2020; x_wconf 82' lang='lat'>3.</span> <span class='ocrx_word' id='word_1_411' title='bbox 499 1997 709 2022; x_wconf 75' lang='lat' dir='ltr'>Tuberculum</span> <span class='ocrx_word' id='word_1_412' title='bbox 728 1999 889 2023; x_wconf 69' lang='lat' dir='ltr'>callosam.</span> <span class='ocrx_word' id='word_1_413' title='bbox 916 1997 957 2023; x_wconf 82' lang='lat' dir='ltr'>lll.</span> <span class='ocrx_word' id='word_1_414' title='bbox 977 1999 1041 2025; x_wconf 85' lang='grc' dir='ltr'>οη.</span> 
     </span>
     <span class='ocr_line' id='line_1_46' title="bbox 204 2037 1041 2076; baseline 0.002 -12"><span class='ocrx_word' id='word_1_415' title='bbox 204 2038 258 2073; x_wconf 80' lang='lat' dir='ltr'>Qui</span> <span class='ocrx_word' id='word_1_416' title='bbox 277 2037 379 2064; x_wconf 83' lang='lat' dir='ltr'>clavum</span> <span class='ocrx_word' id='word_1_417' title='bbox 397 2037 488 2065; x_wconf 84' lang='lat' dir='ltr'>hahet.</span> <span class='ocrx_word' id='word_1_418' title='bbox 508 2037 647 2063; x_wconf 81' lang='lat' dir='ltr'>morbosus</span> <span class='ocrx_word' id='word_1_419' title='bbox 667 2043 714 2064; x_wconf 83' lang='lat' dir='ltr'>est.</span> <span class='ocrx_word' id='word_1_420' title='bbox 739 2038 769 2065; x_wconf 83' lang='lat' dir='ltr'>fr.</span> <span class='ocrx_word' id='word_1_421' title='bbox 785 2041 824 2065; x_wconf 82' lang='lat'>12.</span> <span class='ocrx_word' id='word_1_422' title='bbox 844 2050 883 2076; x_wconf 89' lang='lat' dir='ltr'>pr.</span> <span class='ocrx_word' id='word_1_423' title='bbox 904 2039 935 2066; x_wconf 86' lang='lat' dir='ltr'>de</span> <span class='ocrx_word' id='word_1_424' title='bbox 955 2039 1041 2066; x_wconf 85' lang='lat' dir='ltr'>Aedil.</span> 
     </span>
     <span class='ocr_line' id='line_1_47' title="bbox 205 2080 386 2107; baseline -0.011 0"><span class='ocrx_word' id='word_1_425' title='bbox 205 2080 282 2107; x_wconf 71' lang='lat' dir='ltr'>efflet.</span> <span class='ocrx_word' id='word_1_426' title='bbox 301 2082 343 2107; x_wconf 73' lang='lat'>21.</span> <span class='ocrx_word' id='word_1_427' title='bbox 364 2082 386 2106; x_wconf 92' lang='lat'>1.</span> 
     </span>
    </p>

    <p class='ocr_par' dir='ltr' id='par_1_11' title="bbox 206 2123 1043 2246">
     <span class='ocr_line' id='line_1_48' title="bbox 240 2123 1041 2159; baseline 0.004 -9"><span class='ocrx_word' id='word_1_428' title='bbox 240 2123 516 2150; x_wconf 75' lang='lat' dir='ltr'>Clazomenius.</span> <span class='ocrx_word' id='word_1_429' title='bbox 554 2124 600 2149; x_wconf 75' lang='lat' dir='ltr'>Ad</span> <span class='ocrx_word' id='word_1_430' title='bbox 625 2124 839 2151; x_wconf 77' lang='lat' dir='ltr'>Clazomenas</span> <span class='ocrx_word' id='word_1_431' title='bbox 858 2128 1041 2159; x_wconf 76' lang='lat' dir='ltr'>pertinens,</span> 
     </span>
     <span class='ocr_line' id='line_1_49' title="bbox 206 2165 1043 2195; baseline 0.005 -4"><span class='ocrx_word' id='word_1_432' title='bbox 206 2167 372 2193; x_wconf 76' lang='lat' dir='ltr'>civitatem</span> <span class='ocrx_word' id='word_1_433' title='bbox 394 2167 515 2192; x_wconf 81' lang='lat' dir='ltr'>Ioniae.</span> <span class='ocrx_word' id='word_1_434' title='bbox 552 2165 595 2191; x_wconf 88' lang='grc' dir='ltr'>ΙΙΙ.</span> <span class='ocrx_word' id='word_1_435' title='bbox 616 2167 681 2193; x_wconf 84' lang='grc' dir='ltr'>οη.</span> <span class='ocrx_word' id='word_1_436' title='bbox 712 2166 746 2193; x_wconf 90' lang='lat' dir='ltr'>D.</span> <span class='ocrx_word' id='word_1_437' title='bbox 767 2167 913 2194; x_wconf 81' lang='lat' dir='ltr'>Hadrianus</span> <span class='ocrx_word' id='word_1_438' title='bbox 933 2168 964 2194; x_wconf 89' lang='lat' dir='ltr'>ad</span> <span class='ocrx_word' id='word_1_439' title='bbox 984 2169 1043 2195; x_wconf 84' lang='lat' dir='ltr'>Cla-</span> 
     </span>
     <span class='ocr_line' id='line_1_50' title="bbox 208 2208 980 2246; baseline 0.004 -12"><span class='ocrx_word' id='word_1_440' title='bbox 208 2210 339 2235; x_wconf 87' lang='lat' dir='ltr'>zomenios</span> <span class='ocrx_word' id='word_1_441' title='bbox 359 2209 503 2244; x_wconf 75' lang='lat' dir='ltr'>rescripsit.</span> <span class='ocrx_word' id='word_1_442' title='bbox 524 2208 553 2234; x_wconf 65' lang='lat' dir='ltr'>l‘r.</span> <span class='ocrx_word' id='word_1_443' title='bbox 574 2210 597 2235; x_wconf 87' lang='grc'>4.</span> <span class='ocrx_word' id='word_1_444' title='bbox 617 2209 638 2242; x_wconf 89' lang='lat'>5.</span> <span class='ocrx_word' id='word_1_445' title='bbox 658 2211 682 2234; x_wconf 88' lang='grc'>5.</span> <span class='ocrx_word' id='word_1_446' title='bbox 702 2209 734 2235; x_wconf 79' lang='lat' dir='ltr'>de</span> <span class='ocrx_word' id='word_1_447' title='bbox 753 2209 874 2246; x_wconf 67' lang='lat' dir='ltr'>legation.</span> <span class='ocrx_word' id='word_1_448' title='bbox 895 2213 937 2237; x_wconf 82' lang='lat'>50.</span> <span class='ocrx_word' id='word_1_449' title='bbox 958 2213 980 2237; x_wconf 82' lang='lat'>7.</span> 
     </span>
    </p>

    <p class='ocr_par' dir='ltr' id='par_1_12' title="bbox 208 2250 1065 2457">
     <span class='ocr_line' id='line_1_51' title="bbox 243 2250 1042 2285; baseline 0.003 -7"><span class='ocrx_word' id='word_1_450' title='bbox 243 2251 426 2278; x_wconf 66' lang='lat' dir='ltr'>Clemens.</span> <span class='ocrx_word' id='word_1_451' title='bbox 463 2250 600 2283; x_wconf 74' lang='lat' dir='ltr'>(Adiect.)</span> <span class='ocrx_word' id='word_1_452' title='bbox 639 2253 840 2285; x_wconf 70' lang='lat' dir='ltr'>ssIoderatns,</span> <span class='ocrx_word' id='word_1_453' title='bbox 868 2255 1042 2280; x_wconf 76' lang='lat' dir='ltr'>Humanas.</span> 
     </span>
     <span class='ocr_line' id='line_1_52' title="bbox 208 2293 1065 2329; baseline 0.004 -10"><span class='ocrx_word' id='word_1_454' title='bbox 208 2293 238 2319; x_wconf 89' lang='grc' dir='ltr'>ΙΙ.</span> <span class='ocrx_word' id='word_1_455' title='bbox 261 2295 326 2327; x_wconf 77' lang='grc' dir='ltr'>ΟΡ.</span> <span class='ocrx_word' id='word_1_456' title='bbox 354 2293 530 2325; x_wconf 72' lang='lat' dir='ltr'>Clementior.</span> <span class='ocrx_word' id='word_1_457' title='bbox 555 2310 587 2314; x_wconf 85' lang='lat'>-—</span> <span class='ocrx_word' id='word_1_458' title='bbox 612 2294 735 2321; x_wconf 79' lang='lat' dir='ltr'>Severior</span> <span class='ocrx_word' id='word_1_459' title='bbox 763 2297 934 2329; x_wconf 83' lang='lat' dir='ltr'>(sententia).</span> <span class='ocrx_word' id='word_1_460' title='bbox 970 2296 1043 2323; x_wconf 84' lang='lat' dir='ltr'>Paul.</span> <span class='ocrx_word' id='word_1_461' title='bbox 1064 2294 1065 2298; x_wconf 37' lang='lat'>¹</span> 
     </span>
     <span class='ocr_line' id='line_1_53' title="bbox 208 2335 1045 2375; baseline 0.005 -13"><span class='ocrx_word' id='word_1_462' title='bbox 208 2335 251 2362; x_wconf 61' lang='lat' dir='ltr'>IV.</span> <span class='ocrx_word' id='word_1_463' title='bbox 272 2337 312 2361; x_wconf 79' lang='lat' dir='ltr'>l&#39;.&#39;.</span> <span class='ocrx_word' id='word_1_464' title='bbox 337 2337 358 2369; x_wconf 89' lang='lat'>5.</span> <span class='ocrx_word' id='word_1_465' title='bbox 378 2340 401 2362; x_wconf 85' lang='grc'>5.</span> <span class='ocrx_word' id='word_1_466' title='bbox 438 2337 480 2363; x_wconf 92' lang='lat'>111.</span> <span class='ocrx_word' id='word_1_467' title='bbox 506 2339 570 2364; x_wconf 79' lang='lat' dir='ltr'>Cn.</span> <span class='ocrx_word' id='word_1_468' title='bbox 600 2338 718 2364; x_wconf 82' lang='lat' dir='ltr'>Eventus</span> <span class='ocrx_word' id='word_1_469' title='bbox 742 2344 888 2375; x_wconf 70' lang='lat' dir='ltr'>spectetur,</span> <span class='ocrx_word' id='word_1_470' title='bbox 915 2344 943 2365; x_wconf 86' lang='lat' dir='ltr'>ut</span> <span class='ocrx_word' id='word_1_471' title='bbox 962 2350 975 2365; x_wconf 82' lang='lat' dir='ltr'>a</span> <span class='ocrx_word' id='word_1_472' title='bbox 994 2339 1045 2366; x_wconf 78' lang='lat' dir='ltr'>cle-</span> 
     </span>
     <span class='ocr_line' id='line_1_54' title="bbox 209 2379 1042 2417; baseline 0.006 -14"><span class='ocrx_word' id='word_1_473' title='bbox 209 2379 372 2404; x_wconf 83' lang='lat' dir='ltr'>mentissimo</span> <span class='ocrx_word' id='word_1_474' title='bbox 393 2379 436 2412; x_wconf 89' lang='lat' dir='ltr'>[al.</span> <span class='ocrx_word' id='word_1_475' title='bbox 456 2379 666 2414; x_wconf 81' lang='lat' dir='ltr'>dementissimo]</span> <span class='ocrx_word' id='word_1_476' title='bbox 688 2391 793 2417; x_wconf 84' lang='lat' dir='ltr'>quoquo</span> <span class='ocrx_word' id='word_1_477' title='bbox 813 2382 886 2408; x_wconf 65' lang='lat' dir='ltr'>facta.</span> <span class='ocrx_word' id='word_1_478' title='bbox 911 2383 940 2408; x_wconf 71' lang='lat' dir='ltr'>l&#39;r.</span> <span class='ocrx_word' id='word_1_479' title='bbox 963 2385 1001 2408; x_wconf 77' lang='lat'>16.</span> <span class='ocrx_word' id='word_1_480' title='bbox 1021 2383 1042 2416; x_wconf 91' lang='lat'>5.</span> 
     </span>
     <span class='ocr_line' id='line_1_55' title="bbox 209 2420 501 2457; baseline 0.007 -10"><span class='ocrx_word' id='word_1_481' title='bbox 209 2423 232 2447; x_wconf 75' lang='grc' dir='ltr'>δ.</span> <span class='ocrx_word' id='word_1_482' title='bbox 254 2420 285 2447; x_wconf 85' lang='lat' dir='ltr'>de</span> <span class='ocrx_word' id='word_1_483' title='bbox 304 2430 382 2457; x_wconf 83' lang='lat' dir='ltr'>poen.</span> <span class='ocrx_word' id='word_1_484' title='bbox 401 2424 441 2448; x_wconf 60' lang='lat'>45.</span> <span class='ocrx_word' id='word_1_485' title='bbox 462 2424 501 2449; x_wconf 86' lang='grc'>19.</span> 
     </span>
    </p>

    <p class='ocr_par' dir='ltr' id='par_1_13' title="bbox 210 2464 1043 2669">
     <span class='ocr_line' id='line_1_56' title="bbox 245 2464 1042 2503; baseline 0.008 -14"><span class='ocrx_word' id='word_1_486' title='bbox 245 2464 470 2491; x_wconf 77' lang='lat' dir='ltr'>Clementer.</span> <span class='ocrx_word' id='word_1_487' title='bbox 499 2465 611 2499; x_wconf 81' lang='lat' dir='ltr'>(Advb.)</span> <span class='ocrx_word' id='word_1_488' title='bbox 645 2468 793 2498; x_wconf 74' lang='lat' dir='ltr'>Leniter,</span> <span class='ocrx_word' id='word_1_489' title='bbox 824 2469 974 2503; x_wconf 81' lang='lat' dir='ltr'>Benigne.</span> <span class='ocrx_word' id='word_1_490' title='bbox 1011 2469 1042 2495; x_wconf 91' lang='lat' dir='ltr'>Il.</span> 
     </span>
     <span class='ocr_line' id='line_1_57' title="bbox 211 2506 1043 2548; baseline 0.006 -15"><span class='ocrx_word' id='word_1_491' title='bbox 211 2508 278 2540; x_wconf 70' lang='lat' dir='ltr'>(Dp.</span> <span class='ocrx_word' id='word_1_492' title='bbox 314 2506 450 2537; x_wconf 77' lang='lat' dir='ltr'>Severius.</span> <span class='ocrx_word' id='word_1_493' title='bbox 470 2523 501 2526; x_wconf 87' lang='lat'><strong>—</strong></span> <span class='ocrx_word' id='word_1_494' title='bbox 521 2508 683 2535; x_wconf 82' lang='lat' dir='ltr'>Clementius</span> <span class='ocrx_word' id='word_1_495' title='bbox 703 2512 850 2543; x_wconf 69' lang='lat' dir='ltr'>(statuere).</span> <span class='ocrx_word' id='word_1_496' title='bbox 870 2510 900 2536; x_wconf 77' lang='lat' dir='ltr'>fr.</span> <span class='ocrx_word' id='word_1_497' title='bbox 915 2513 937 2537; x_wconf 80' lang='lat' dir='ltr'>b&#39;.</span> <span class='ocrx_word' id='word_1_498' title='bbox 952 2522 991 2548; x_wconf 86' lang='lat' dir='ltr'>pr.</span> <span class='ocrx_word' id='word_1_499' title='bbox 1012 2512 1043 2538; x_wconf 86' lang='lat' dir='ltr'>ad</span> 
     </span>
     <span class='ocr_line' id='line_1_58' title="bbox 210 2548 1043 2585; baseline 0.01 -12"><span class='ocrx_word' id='word_1_500' title='bbox 210 2548 240 2575; x_wconf 85' lang='lat' dir='ltr'>L.</span> <span class='ocrx_word' id='word_1_501' title='bbox 260 2548 306 2574; x_wconf 90' lang='lat' dir='ltr'>Iul.</span> <span class='ocrx_word' id='word_1_502' title='bbox 326 2548 410 2585; x_wconf 85' lang='lat' dir='ltr'>pecul.</span> <span class='ocrx_word' id='word_1_503' title='bbox 435 2551 476 2574; x_wconf 70' lang='grc'>48.</span> <span class='ocrx_word' id='word_1_504' title='bbox 497 2552 536 2577; x_wconf 86' lang='grc'>13.</span> <span class='ocrx_word' id='word_1_505' title='bbox 572 2551 615 2578; x_wconf 88' lang='grc' dir='ltr'>ΙΠ.</span> <span class='ocrx_word' id='word_1_506' title='bbox 637 2553 703 2580; x_wconf 86' lang='grc' dir='ltr'>οη.</span> <span class='ocrx_word' id='word_1_507' title='bbox 731 2552 801 2579; x_wconf 85' lang='lat' dir='ltr'>Satis</span> <span class='ocrx_word' id='word_1_508' title='bbox 826 2553 967 2580; x_wconf 85' lang='lat' dir='ltr'>clementer</span> <span class='ocrx_word' id='word_1_509' title='bbox 986 2565 1043 2581; x_wconf 90' lang='lat' dir='ltr'>cum</span> 
     </span>
     <span class='ocr_line' id='line_1_59' title="bbox 211 2591 1043 2628; baseline 0.01 -12"><span class='ocrx_word' id='word_1_510' title='bbox 211 2602 255 2619; x_wconf 70' lang='lat' dir='ltr'>reo</span> <span class='ocrx_word' id='word_1_511' title='bbox 275 2591 382 2618; x_wconf 83' lang='lat' dir='ltr'>Praetor</span> <span class='ocrx_word' id='word_1_512' title='bbox 402 2593 461 2628; x_wconf 77' lang='lat' dir='ltr'>egit,</span> <span class='ocrx_word' id='word_1_513' title='bbox 481 2597 509 2618; x_wconf 81' lang='lat' dir='ltr'>ut</span> <span class='ocrx_word' id='word_1_514' title='bbox 527 2593 600 2621; x_wconf 81' lang='lat' dir='ltr'>daret</span> <span class='ocrx_word' id='word_1_515' title='bbox 618 2597 641 2621; x_wconf 91' lang='lat' dir='ltr'>ei</span> <span class='ocrx_word' id='word_1_516' title='bbox 660 2596 814 2622; x_wconf 85' lang='lat' dir='ltr'>restituendi</span> <span class='ocrx_word' id='word_1_517' title='bbox 834 2596 981 2623; x_wconf 78' lang='lat' dir='ltr'>facultatem</span> <span class='ocrx_word' id='word_1_518' title='bbox 995 2603 1043 2624; x_wconf 80' lang='lat' dir='ltr'>etc.</span> 
     </span>
     <span class='ocr_line' id='line_1_60' title="bbox 212 2635 665 2669; baseline 0.009 -9"><span class='ocrx_word' id='word_1_519' title='bbox 212 2635 242 2661; x_wconf 75' lang='lat' dir='ltr'>fr.</span> <span class='ocrx_word' id='word_1_520' title='bbox 263 2637 302 2660; x_wconf 87' lang='grc'>14.</span> <span class='ocrx_word' id='word_1_521' title='bbox 322 2635 343 2668; x_wconf 90' lang='lat'>5.</span> <span class='ocrx_word' id='word_1_522' title='bbox 364 2637 387 2661; x_wconf 77' lang='lat'>1.</span> <span class='ocrx_word' id='word_1_523' title='bbox 407 2635 458 2669; x_wconf 78' lang='lat' dir='ltr'>Qu.</span> <span class='ocrx_word' id='word_1_524' title='bbox 479 2640 538 2662; x_wconf 82' lang='lat' dir='ltr'>met.</span> <span class='ocrx_word' id='word_1_525' title='bbox 559 2646 579 2662; x_wconf 90' lang='lat' dir='ltr'>c.</span> <span class='ocrx_word' id='word_1_526' title='bbox 599 2639 622 2663; x_wconf 82' lang='grc'>4.</span> <span class='ocrx_word' id='word_1_527' title='bbox 641 2640 665 2664; x_wconf 78' lang='lat'>2.</span> 
     </span>
    </p>

    <p class='ocr_par' dir='ltr' id='par_1_14' title="bbox 212 2678 1047 2761">
     <span class='ocr_line' id='line_1_61' title="bbox 247 2678 1047 2717; baseline 0.006 -12"><span class='ocrx_word' id='word_1_528' title='bbox 247 2678 469 2705; x_wconf 77' lang='lat' dir='ltr'>clementia.</span> <span class='ocrx_word' id='word_1_529' title='bbox 512 2679 542 2711; x_wconf 73' lang='lat'>§-</span> <span class='ocrx_word' id='word_1_530' title='bbox 567 2680 602 2706; x_wconf 86' lang='lat'>1.</span> <span class='ocrx_word' id='word_1_531' title='bbox 634 2682 864 2717; x_wconf 80' lang='lat' dir='ltr'>Indulgentia,</span> <span class='ocrx_word' id='word_1_532' title='bbox 897 2684 1047 2710; x_wconf 80' lang='lat' dir='ltr'>Modera-</span> 
     </span>
     <span class='ocr_line' id='line_1_62' title="bbox 212 2720 1044 2761; baseline 0.008 -15"><span class='ocrx_word' id='word_1_533' title='bbox 212 2723 265 2747; x_wconf 81' lang='lat' dir='ltr'>tio.</span> <span class='ocrx_word' id='word_1_534' title='bbox 307 2720 324 2746; x_wconf 96' lang='lat' dir='ltr'>I.</span> <span class='ocrx_word' id='word_1_535' title='bbox 349 2721 409 2754; x_wconf 76' lang='lat' dir='ltr'>Sy·</span> <span class='ocrx_word' id='word_1_536' title='bbox 442 2720 556 2747; x_wconf 86' lang='lat' dir='ltr'>Lenitas.</span> <span class='ocrx_word' id='word_1_537' title='bbox 590 2721 621 2748; x_wconf 79' lang='lat' dir='ltr'>fr.</span> <span class='ocrx_word' id='word_1_538' title='bbox 649 2725 688 2749; x_wconf 95' lang='lat' dir='ltr'>ll.</span> <span class='ocrx_word' id='word_1_539' title='bbox 712 2734 750 2761; x_wconf 89' lang='lat' dir='ltr'>pr.</span> <span class='ocrx_word' id='word_1_540' title='bbox 779 2724 811 2750; x_wconf 84' lang='lat' dir='ltr'>de</span> <span class='ocrx_word' id='word_1_541' title='bbox 834 2735 911 2761; x_wconf 82' lang='lat' dir='ltr'>poen.</span> <span class='ocrx_word' id='word_1_542' title='bbox 939 2728 980 2752; x_wconf 60' lang='lat'>45.</span> <span class='ocrx_word' id='word_1_543' title='bbox 1004 2728 1044 2753; x_wconf 88' lang='lat'>19.</span> 
     </span>
    </p>
   </div>
   <div class='ocr_carea' id='block_1_8' title="bbox 1064 1857 1069 2816">
    <p class='ocr_par' dir='ltr' id='par_1_15' title="bbox 1064 1857 1069 2816">
     <span class='ocr_line' id='line_1_63' title="bbox 1064 1857 1069 2816; baseline 0 0"><span class='ocrx_word' id='word_1_544' title='bbox 1064 1857 1069 2816; x_wconf 95' lang='lat' dir='ltr'> </span> 
     </span>
    </p>
   </div>
   <div class='ocr_carea' id='block_1_9' title="bbox 213 2762 1068 2855">
    <p class='ocr_par' dir='ltr' id='par_1_16' title="bbox 213 2762 1068 2855">
     <span class='ocr_line' id='line_1_64' title="bbox 213 2762 1045 2801; baseline 0.007 -11"><span class='ocrx_word' id='word_1_545' title='bbox 213 2763 243 2790; x_wconf 79' lang='grc' dir='ltr'>Π.</span> <span class='ocrx_word' id='word_1_546' title='bbox 264 2765 331 2797; x_wconf 78' lang='lat' dir='ltr'>Op.</span> <span class='ocrx_word' id='word_1_547' title='bbox 360 2762 500 2790; x_wconf 79' lang='lat' dir='ltr'>Severitas.</span> <span class='ocrx_word' id='word_1_548' title='bbox 526 2764 557 2790; x_wconf 77' lang='lat' dir='ltr'>fr.</span> <span class='ocrx_word' id='word_1_549' title='bbox 578 2766 617 2790; x_wconf 93' lang='lat'>11.</span> <span class='ocrx_word' id='word_1_550' title='bbox 637 2775 676 2801; x_wconf 86' lang='lat' dir='ltr'>pr.</span> <span class='ocrx_word' id='word_1_551' title='bbox 696 2766 713 2792; x_wconf 93' lang='lat' dir='ltr'>l.</span> <span class='ocrx_word' id='word_1_552' title='bbox 737 2783 769 2786; x_wconf 97' lang='lat'><strong>—</strong></span> <span class='ocrx_word' id='word_1_553' title='bbox 797 2768 827 2801; x_wconf 59' lang='grc' dir='ltr'>ᾖ.</span> <span class='ocrx_word' id='word_1_554' title='bbox 848 2770 883 2795; x_wconf 69' lang='lat'>2.</span> <span class='ocrx_word' id='word_1_555' title='bbox 916 2770 1045 2795; x_wconf 77' lang='lat' dir='ltr'>Titulus</span> 
     </span>
     <span class='ocr_line' id='line_1_65' title="bbox 213 2806 1068 2855; baseline 0.006 -22"><span class='ocrx_word' id='word_1_556' title='bbox 213 2808 393 2840; x_wconf 80' lang='lat' dir='ltr'>Principis.</span> <span class='ocrx_word' id='word_1_557' title='bbox 440 2806 458 2832; x_wconf 92' lang='lat'>1.</span> <span class='ocrx_word' id='word_1_558' title='bbox 481 2808 542 2841; x_wconf 78' lang='lat' dir='ltr'>Sy.</span> <span class='ocrx_word' id='word_1_559' title='bbox 576 2807 748 2835; x_wconf 77' lang='lat' dir='ltr'>mansuetudo</span> <span class='ocrx_word' id='word_1_560' title='bbox 779 2810 910 2844; x_wconf 80' lang='lat' dir='ltr'>(nostra).</span> <span class='ocrx_word' id='word_1_561' title='bbox 942 2811 991 2838; x_wconf 88' lang='lat' dir='ltr'>Th.</span> <span class='ocrx_word' id='word_1_562' title='bbox 1015 2811 1068 2855; x_wconf 58' lang='grc' dir='ltr'>Ο]</span> 
     </span>
    </p>
   </div>
   <div class='ocr_carea' id='block_1_10' title="bbox 1087 168 1924 282">
    <p class='ocr_par' dir='ltr' id='par_1_17' title="bbox 1087 168 1924 282">
     <span class='ocr_line' id='line_1_66' title="bbox 1865 168 1924 198; baseline 0.017 -1"><span class='ocrx_word' id='word_1_563' title='bbox 1865 168 1924 198; x_wconf 80' lang='grc'>147</span> 
     </span>
     <span class='ocr_line' id='line_1_67' title="bbox 1087 244 1922 282; baseline 0.004 -12"><span class='ocrx_word' id='word_1_564' title='bbox 1087 244 1131 271; x_wconf 77' lang='lat' dir='ltr'>XI.</span> <span class='ocrx_word' id='word_1_565' title='bbox 1156 246 1199 271; x_wconf 62' lang='lat'>25.</span> <span class='ocrx_word' id='word_1_566' title='bbox 1224 255 1245 271; x_wconf 91' lang='lat' dir='ltr'>c.</span> <span class='ocrx_word' id='word_1_567' title='bbox 1264 246 1289 271; x_wconf 85' lang='lat'>3.</span> <span class='ocrx_word' id='word_1_568' title='bbox 1315 256 1335 271; x_wconf 79' lang='lat' dir='ltr'>c.</span> <span class='ocrx_word' id='word_1_569' title='bbox 1355 247 1378 271; x_wconf 87' lang='grc'>5.</span> <span class='ocrx_word' id='word_1_570' title='bbox 1411 246 1443 272; x_wconf 84' lang='lat' dir='ltr'>de</span> <span class='ocrx_word' id='word_1_571' title='bbox 1466 245 1565 282; x_wconf 76' lang='lat' dir='ltr'>indulg.</span> <span class='ocrx_word' id='word_1_572' title='bbox 1590 245 1702 272; x_wconf 86' lang='lat' dir='ltr'>debitor.</span> <span class='ocrx_word' id='word_1_573' title='bbox 1740 246 1781 272; x_wconf 91' lang='lat' dir='ltr'>Ill.</span> <span class='ocrx_word' id='word_1_574' title='bbox 1804 248 1870 275; x_wconf 76' lang='grc' dir='ltr'>οη.</span> <span class='ocrx_word' id='word_1_575' title='bbox 1901 250 1922 275; x_wconf 79' lang='lat' dir='ltr'>A</span> 
     </span>
    </p>
   </div>
   <div class='ocr_carea' id='block_1_11' title="bbox 1087 287 1925 880">
    <p class='ocr_par' dir='ltr' id='par_1_18' title="bbox 1087 287 1924 527">
     <span class='ocr_line' id='line_1_68' title="bbox 1088 287 1923 325; baseline 0.005 -12"><span class='ocrx_word' id='word_1_576' title='bbox 1088 287 1229 324; x_wconf 85' lang='lat' dir='ltr'>Principali</span> <span class='ocrx_word' id='word_1_577' title='bbox 1249 287 1384 314; x_wconf 77' lang='lat' dir='ltr'>clementia</span> <span class='ocrx_word' id='word_1_578' title='bbox 1409 290 1548 325; x_wconf 83' lang='lat' dir='ltr'>impetrare</span> <span class='ocrx_word' id='word_1_579' title='bbox 1573 289 1681 322; x_wconf 84' lang='lat' dir='ltr'>(aetatis</span> <span class='ocrx_word' id='word_1_580' title='bbox 1700 290 1827 321; x_wconf 83' lang='lat' dir='ltr'>veniam).</span> <span class='ocrx_word' id='word_1_581' title='bbox 1859 301 1880 317; x_wconf 81' lang='lat' dir='ltr'>c.</span> <span class='ocrx_word' id='word_1_582' title='bbox 1900 294 1923 317; x_wconf 75' lang='lat' dir='ltr'>Z.</span> 
     </span>
     <span class='ocr_line' id='line_1_69' title="bbox 1088 330 1924 369; baseline 0.004 -13"><span class='ocrx_word' id='word_1_583' title='bbox 1088 330 1109 363; x_wconf 90' lang='lat'>5.</span> <span class='ocrx_word' id='word_1_584' title='bbox 1128 332 1152 356; x_wconf 84' lang='lat'>3.</span> <span class='ocrx_word' id='word_1_585' title='bbox 1174 341 1195 357; x_wconf 87' lang='lat' dir='ltr'>c.</span> <span class='ocrx_word' id='word_1_586' title='bbox 1214 332 1238 356; x_wconf 90' lang='lat'>3.</span> <span class='ocrx_word' id='word_1_587' title='bbox 1259 330 1291 356; x_wconf 87' lang='lat' dir='ltr'>de</span> <span class='ocrx_word' id='word_1_588' title='bbox 1310 330 1335 356; x_wconf 92' lang='lat' dir='ltr'>h.</span> <span class='ocrx_word' id='word_1_589' title='bbox 1355 341 1397 367; x_wconf 82' lang='lat' dir='ltr'>qu.</span> <span class='ocrx_word' id='word_1_590' title='bbox 1418 341 1475 357; x_wconf 87' lang='lat' dir='ltr'>ven.</span> <span class='ocrx_word' id='word_1_591' title='bbox 1497 337 1545 358; x_wconf 81' lang='lat' dir='ltr'>aet.</span> <span class='ocrx_word' id='word_1_592' title='bbox 1565 334 1589 358; x_wconf 82' lang='lat'>2.</span> <span class='ocrx_word' id='word_1_593' title='bbox 1604 334 1645 358; x_wconf 88' lang='grc'>45.</span> <span class='ocrx_word' id='word_1_594' title='bbox 1675 332 1724 358; x_wconf 88' lang='lat' dir='ltr'>Per</span> <span class='ocrx_word' id='word_1_595' title='bbox 1736 332 1924 369; x_wconf 71' lang='lat' dir='ltr'>indulgentiam</span> 
     </span>
     <span class='ocr_line' id='line_1_70' title="bbox 1088 369 1923 412; baseline 0.004 -14"><span class='ocrx_word' id='word_1_596' title='bbox 1088 369 1240 399; x_wconf 81' lang='lat' dir='ltr'>clementiae</span> <span class='ocrx_word' id='word_1_597' title='bbox 1259 378 1364 399; x_wconf 83' lang='lat' dir='ltr'>nostrae</span> <span class='ocrx_word' id='word_1_598' title='bbox 1391 374 1593 411; x_wconf 68' lang='lat' dir='ltr'>(redintegratio</span> <span class='ocrx_word' id='word_1_599' title='bbox 1617 376 1790 412; x_wconf 71' lang='lat' dir='ltr'>praestetur).</span> <span class='ocrx_word' id='word_1_600' title='bbox 1823 375 1872 401; x_wconf 81' lang='lat' dir='ltr'>Th.</span> <span class='ocrx_word' id='word_1_601' title='bbox 1893 375 1923 403; x_wconf 89' lang='lat' dir='ltr'>C.</span> 
     </span>
     <span class='ocr_line' id='line_1_71' title="bbox 1530 417 1924 454; baseline 0.005 -11"><span class='ocrx_word' id='word_1_602' title='bbox 1530 417 1626 444; x_wconf 87' lang='lat' dir='ltr'>Cuncti</span> <span class='ocrx_word' id='word_1_603' title='bbox 1650 417 1754 454; x_wconf 84' lang='lat' dir='ltr'>populi.</span> <span class='ocrx_word' id='word_1_604' title='bbox 1782 428 1850 454; x_wconf 82' lang='lat' dir='ltr'>quos</span> <span class='ocrx_word' id='word_1_605' title='bbox 1875 418 1924 445; x_wconf 84' lang='lat' dir='ltr'>cle-</span> 
     </span>
     <span class='ocr_line' id='line_1_72' title="bbox 1087 459 1923 497; baseline 0.006 -14"><span class='ocrx_word' id='word_1_606' title='bbox 1087 459 1199 484; x_wconf 76' lang='lat' dir='ltr'>mentia«-</span> <span class='ocrx_word' id='word_1_607' title='bbox 1223 464 1328 485; x_wconf 84' lang='lat' dir='ltr'>nostrae</span> <span class='ocrx_word' id='word_1_608' title='bbox 1351 460 1416 495; x_wconf 72' lang='lat' dir='ltr'>regit</span> <span class='ocrx_word' id='word_1_609' title='bbox 1440 460 1584 496; x_wconf 83' lang='lat' dir='ltr'>imperium.</span> <span class='ocrx_word' id='word_1_610' title='bbox 1614 470 1635 486; x_wconf 95' lang='lat' dir='ltr'>c.</span> <span class='ocrx_word' id='word_1_611' title='bbox 1657 462 1679 486; x_wconf 94' lang='lat' dir='ltr'>l.</span> <span class='ocrx_word' id='word_1_612' title='bbox 1704 470 1743 497; x_wconf 89' lang='lat' dir='ltr'>pr.</span> <span class='ocrx_word' id='word_1_613' title='bbox 1768 460 1800 487; x_wconf 82' lang='lat' dir='ltr'>de</span> <span class='ocrx_word' id='word_1_614' title='bbox 1826 471 1923 488; x_wconf 81' lang='lat' dir='ltr'>summa</span> 
     </span>
     <span class='ocr_line' id='line_1_73' title="bbox 1088 501 1257 527; baseline 0.006 -1"><span class='ocrx_word' id='word_1_615' title='bbox 1088 501 1169 526; x_wconf 81' lang='lat' dir='ltr'>trinit.</span> <span class='ocrx_word' id='word_1_616' title='bbox 1192 502 1213 527; x_wconf 91' lang='lat'>1.</span> <span class='ocrx_word' id='word_1_617' title='bbox 1236 503 1257 527; x_wconf 96' lang='lat' dir='ltr'>l.</span> 
     </span>
    </p>

    <p class='ocr_par' dir='ltr' id='par_1_19' title="bbox 1087 543 1923 666">
     <span class='ocr_line' id='line_1_74' title="bbox 1123 543 1923 580; baseline 0.005 -11"><span class='ocrx_word' id='word_1_618' title='bbox 1123 543 1330 570; x_wconf 64' lang='lat' dir='ltr'>clericalis.</span> <span class='ocrx_word' id='word_1_619' title='bbox 1360 544 1498 577; x_wconf 81' lang='lat' dir='ltr'>(Adiect.)</span> <span class='ocrx_word' id='word_1_620' title='bbox 1544 548 1590 572; x_wconf 64' lang='lat' dir='ltr'>Ad</span> <span class='ocrx_word' id='word_1_621' title='bbox 1618 548 1739 572; x_wconf 81' lang='lat' dir='ltr'>clerum</span> <span class='ocrx_word' id='word_1_622' title='bbox 1765 553 1923 580; x_wconf 70' lang='lat' dir='ltr'>spectans.</span> 
     </span>
     <span class='ocr_line' id='line_1_75' title="bbox 1087 584 1923 615; baseline 0.006 -5"><span class='ocrx_word' id='word_1_623' title='bbox 1087 584 1129 611; x_wconf 86' lang='lat' dir='ltr'>III.</span> <span class='ocrx_word' id='word_1_624' title='bbox 1155 587 1220 613; x_wconf 78' lang='grc' dir='ltr'>οη.</span> <span class='ocrx_word' id='word_1_625' title='bbox 1249 586 1290 612; x_wconf 71' lang='lat' dir='ltr'>Ad</span> <span class='ocrx_word' id='word_1_626' title='bbox 1317 586 1437 613; x_wconf 77' lang='lat' dir='ltr'>clericale</span> <span class='ocrx_word' id='word_1_627' title='bbox 1460 597 1553 613; x_wconf 79' lang='lat' dir='ltr'>munus</span> <span class='ocrx_word' id='word_1_628' title='bbox 1573 588 1704 615; x_wconf 76' lang='lat' dir='ltr'>accedere.</span> <span class='ocrx_word' id='word_1_629' title='bbox 1734 587 1800 615; x_wconf 61' lang='lat' dir='ltr'>Nor.</span> <span class='ocrx_word' id='word_1_630' title='bbox 1821 588 1923 615; x_wconf 68' lang='lat' dir='ltr'>Valent.</span> 
     </span>
     <span class='ocr_line' id='line_1_76' title="bbox 1087 627 1675 666; baseline 0.009 -13"><span class='ocrx_word' id='word_1_631' title='bbox 1087 627 1129 653; x_wconf 90' lang='lat'>111.</span> <span class='ocrx_word' id='word_1_632' title='bbox 1151 627 1183 654; x_wconf 84' lang='lat' dir='ltr'>de</span> <span class='ocrx_word' id='word_1_633' title='bbox 1203 630 1320 666; x_wconf 77' lang='lat' dir='ltr'>episcop.</span> <span class='ocrx_word' id='word_1_634' title='bbox 1341 629 1393 655; x_wconf 88' lang='lat' dir='ltr'>iud.</span> <span class='ocrx_word' id='word_1_635' title='bbox 1413 629 1443 655; x_wconf 87' lang='lat' dir='ltr'>H.</span> <span class='ocrx_word' id='word_1_636' title='bbox 1462 632 1504 656; x_wconf 77' lang='lat'>35.</span> <span class='ocrx_word' id='word_1_637' title='bbox 1525 641 1546 657; x_wconf 84' lang='lat' dir='ltr'>c.</span> <span class='ocrx_word' id='word_1_638' title='bbox 1568 633 1590 656; x_wconf 92' lang='grc'>1.</span> <span class='ocrx_word' id='word_1_639' title='bbox 1610 632 1630 665; x_wconf 91' lang='lat'>5.</span> <span class='ocrx_word' id='word_1_640' title='bbox 1651 634 1675 658; x_wconf 75' lang='lat'>3.</span> 
     </span>
    </p>

    <p class='ocr_par' dir='ltr' id='par_1_20' title="bbox 1087 671 1925 880">
     <span class='ocr_line' id='line_1_77' title="bbox 1124 671 1924 710; baseline 0.006 -13"><span class='ocrx_word' id='word_1_641' title='bbox 1124 671 1346 699; x_wconf 64' lang='lat' dir='ltr'>clericatus.</span> <span class='ocrx_word' id='word_1_642' title='bbox 1366 673 1396 706; x_wconf 68' lang='lat'>§0</span> <span class='ocrx_word' id='word_1_643' title='bbox 1411 674 1445 699; x_wconf 77' lang='lat' dir='ltr'>l·</span> <span class='ocrx_word' id='word_1_644' title='bbox 1467 675 1669 700; x_wconf 77' lang='lat' dir='ltr'>Clericorum</span> <span class='ocrx_word' id='word_1_645' title='bbox 1689 684 1806 701; x_wconf 78' lang='lat' dir='ltr'>munus.</span> <span class='ocrx_word' id='word_1_646' title='bbox 1831 675 1850 701; x_wconf 91' lang='grc' dir='ltr'>Ι.</span> <span class='ocrx_word' id='word_1_647' title='bbox 1863 676 1924 710; x_wconf 75' lang='lat' dir='ltr'>Sy.</span> 
     </span>
     <span class='ocr_line' id='line_1_78' title="bbox 1089 713 1924 752; baseline 0.007 -13"><span class='ocrx_word' id='word_1_648' title='bbox 1089 713 1278 740; x_wconf 84' lang='lat' dir='ltr'>Sacerdotium.</span> <span class='ocrx_word' id='word_1_649' title='bbox 1308 725 1329 741; x_wconf 91' lang='lat' dir='ltr'>c.</span> <span class='ocrx_word' id='word_1_650' title='bbox 1351 717 1390 741; x_wconf 79' lang='lat' dir='ltr'>lti.</span> <span class='ocrx_word' id='word_1_651' title='bbox 1411 715 1443 741; x_wconf 80' lang='lat' dir='ltr'>de</span> <span class='ocrx_word' id='word_1_652' title='bbox 1463 717 1543 752; x_wconf 86' lang='lat' dir='ltr'>episc.</span> <span class='ocrx_word' id='word_1_653' title='bbox 1564 721 1589 742; x_wconf 82' lang='lat' dir='ltr'>et</span> <span class='ocrx_word' id='word_1_654' title='bbox 1609 716 1670 743; x_wconf 80' lang='lat' dir='ltr'>cler.</span> <span class='ocrx_word' id='word_1_655' title='bbox 1696 718 1717 743; x_wconf 84' lang='lat' dir='ltr'>l.</span> <span class='ocrx_word' id='word_1_656' title='bbox 1736 719 1760 743; x_wconf 85' lang='lat'>3.</span> <span class='ocrx_word' id='word_1_657' title='bbox 1797 717 1839 744; x_wconf 89' lang='lat'>111.</span> <span class='ocrx_word' id='word_1_658' title='bbox 1858 719 1924 745; x_wconf 81' lang='grc' dir='ltr'>οη.</span> 
     </span>
     <span class='ocr_line' id='line_1_79' title="bbox 1088 756 1924 796; baseline 0.006 -14"><span class='ocrx_word' id='word_1_659' title='bbox 1088 756 1164 792; x_wconf 77' lang='lat' dir='ltr'>Quos</span> <span class='ocrx_word' id='word_1_660' title='bbox 1184 768 1196 783; x_wconf 87' lang='lat' dir='ltr'>a</span> <span class='ocrx_word' id='word_1_661' title='bbox 1216 757 1316 794; x_wconf 85' lang='lat' dir='ltr'>publici</span> <span class='ocrx_word' id='word_1_662' title='bbox 1336 757 1434 784; x_wconf 89' lang='lat' dir='ltr'>laboris</span> <span class='ocrx_word' id='word_1_663' title='bbox 1458 764 1530 791; x_wconf 72' lang='lat' dir='ltr'>actu,</span> <span class='ocrx_word' id='word_1_664' title='bbox 1555 764 1580 785; x_wconf 85' lang='lat' dir='ltr'>et</span> <span class='ocrx_word' id='word_1_665' title='bbox 1602 758 1697 796; x_wconf 76' lang='lat' dir='ltr'>gradus</span> <span class='ocrx_word' id='word_1_666' title='bbox 1722 759 1873 793; x_wconf 66' lang='lat' dir='ltr'>clericatus.</span> <span class='ocrx_word' id='word_1_667' title='bbox 1892 777 1924 780; x_wconf 97' lang='lat'><strong>—</strong></span> 
     </span>
     <span class='ocr_line' id='line_1_80' title="bbox 1087 800 1923 837; baseline 0.006 -13"><span class='ocrx_word' id='word_1_668' title='bbox 1087 804 1111 825; x_wconf 87' lang='lat' dir='ltr'>et</span> <span class='ocrx_word' id='word_1_669' title='bbox 1131 801 1248 826; x_wconf 86' lang='lat' dir='ltr'>sanctior</span> <span class='ocrx_word' id='word_1_670' title='bbox 1267 801 1319 826; x_wconf 78' lang='lat' dir='ltr'>vita</span> <span class='ocrx_word' id='word_1_671' title='bbox 1339 800 1462 827; x_wconf 84' lang='lat' dir='ltr'>defendit.</span> <span class='ocrx_word' id='word_1_672' title='bbox 1494 801 1543 828; x_wconf 86' lang='lat' dir='ltr'>Th.</span> <span class='ocrx_word' id='word_1_673' title='bbox 1564 801 1594 828; x_wconf 88' lang='lat' dir='ltr'>C.</span> <span class='ocrx_word' id='word_1_674' title='bbox 1613 801 1683 828; x_wconf 63' lang='lat' dir='ltr'>XVI.</span> <span class='ocrx_word' id='word_1_675' title='bbox 1703 804 1727 828; x_wconf 74' lang='grc'>2.</span> <span class='ocrx_word' id='word_1_676' title='bbox 1753 812 1773 829; x_wconf 86' lang='lat' dir='ltr'>c.</span> <span class='ocrx_word' id='word_1_677' title='bbox 1793 804 1834 829; x_wconf 84' lang='lat'>36.</span> <span class='ocrx_word' id='word_1_678' title='bbox 1859 804 1880 837; x_wconf 85' lang='lat'>5.</span> <span class='ocrx_word' id='word_1_679' title='bbox 1902 805 1923 830; x_wconf 96' lang='lat' dir='ltr'>l.</span> 
     </span>
     <span class='ocr_line' id='line_1_81' title="bbox 1087 841 1925 880; baseline 0.007 -14"><span class='ocrx_word' id='word_1_680' title='bbox 1087 841 1119 867; x_wconf 84' lang='lat' dir='ltr'>de</span> <span class='ocrx_word' id='word_1_681' title='bbox 1139 843 1220 878; x_wconf 81' lang='lat' dir='ltr'>episc.</span> <span class='ocrx_word' id='word_1_682' title='bbox 1241 842 1303 868; x_wconf 79' lang='lat' dir='ltr'>eccl.</span> <span class='ocrx_word' id='word_1_683' title='bbox 1342 843 1370 869; x_wconf 89' lang='lat' dir='ltr'>Si</span> <span class='ocrx_word' id='word_1_684' title='bbox 1390 845 1449 880; x_wconf 79' lang='lat' dir='ltr'>quis</span> <span class='ocrx_word' id='word_1_685' title='bbox 1468 844 1612 871; x_wconf 86' lang='lat' dir='ltr'>monachus</span> <span class='ocrx_word' id='word_1_686' title='bbox 1632 846 1800 873; x_wconf 86' lang='lat' dir='ltr'>constitutus.</span> <span class='ocrx_word' id='word_1_687' title='bbox 1821 846 1925 873; x_wconf 88' lang='lat' dir='ltr'>clerica-</span> 
     </span>
    </p>
   </div>
   <div class='ocr_carea' id='block_1_12' title="bbox 1063 884 1923 924">
    <p class='ocr_par' dir='ltr' id='par_1_21' title="bbox 1063 884 1923 924">
     <span class='ocr_line' id='line_1_82' title="bbox 1063 884 1923 924; baseline 0.006 -14"><span class='ocrx_word' id='word_1_688' title='bbox 1063 913 1064 917; x_wconf 19' lang='lat'><em>*</em></span> <span class='ocrx_word' id='word_1_689' title='bbox 1087 890 1129 911; x_wconf 90' lang='lat' dir='ltr'>tus</span> <span class='ocrx_word' id='word_1_690' title='bbox 1149 884 1276 911; x_wconf 81' lang='lat' dir='ltr'>honorem</span> <span class='ocrx_word' id='word_1_691' title='bbox 1301 888 1437 923; x_wconf 77' lang='lat' dir='ltr'>acceperit.</span> <span class='ocrx_word' id='word_1_692' title='bbox 1471 886 1563 913; x_wconf 84' lang='lat' dir='ltr'>Iuliani</span> <span class='ocrx_word' id='word_1_693' title='bbox 1583 888 1646 924; x_wconf 86' lang='lat' dir='ltr'>epit.</span> <span class='ocrx_word' id='word_1_694' title='bbox 1666 898 1725 914; x_wconf 89' lang='lat' dir='ltr'>nov.</span> <span class='ocrx_word' id='word_1_695' title='bbox 1753 898 1773 914; x_wconf 91' lang='lat' dir='ltr'>c.</span> <span class='ocrx_word' id='word_1_696' title='bbox 1793 890 1816 914; x_wconf 79' lang='grc'>4.</span> <span class='ocrx_word' id='word_1_697' title='bbox 1842 889 1863 922; x_wconf 89' lang='lat'>5.</span> <span class='ocrx_word' id='word_1_698' title='bbox 1882 892 1923 915; x_wconf 74' lang='lat'>20.</span> 
     </span>
    </p>
   </div>
   <div class='ocr_carea' id='block_1_13' title="bbox 1085 927 1926 1778">
    <p class='ocr_par' dir='ltr' id='par_1_22' title="bbox 1086 927 1925 1179">
     <span class='ocr_line' id='line_1_83' title="bbox 1087 927 1924 966; baseline 0.006 -13"><span class='ocrx_word' id='word_1_699' title='bbox 1087 928 1141 962; x_wconf 73' lang='lat' dir='ltr'>Qui</span> <span class='ocrx_word' id='word_1_700' title='bbox 1171 927 1202 953; x_wconf 88' lang='lat' dir='ltr'>ad</span> <span class='ocrx_word' id='word_1_701' title='bbox 1231 927 1369 955; x_wconf 81' lang='lat' dir='ltr'>clericatus</span> <span class='ocrx_word' id='word_1_702' title='bbox 1394 939 1422 955; x_wconf 88' lang='lat' dir='ltr'>se</span> <span class='ocrx_word' id='word_1_703' title='bbox 1450 929 1586 966; x_wconf 77' lang='lat' dir='ltr'>privilegia</span> <span class='ocrx_word' id='word_1_704' title='bbox 1613 930 1787 957; x_wconf 83' lang='lat' dir='ltr'>coutulerunt.</span> <span class='ocrx_word' id='word_1_705' title='bbox 1819 930 1868 958; x_wconf 83' lang='lat' dir='ltr'>Th.</span> <span class='ocrx_word' id='word_1_706' title='bbox 1893 931 1924 959; x_wconf 87' lang='lat' dir='ltr'>C.</span> 
     </span>
     <span class='ocr_line' id='line_1_84' title="bbox 1086 969 1925 1009; baseline 0.005 -13"><span class='ocrx_word' id='word_1_707' title='bbox 1086 969 1157 997; x_wconf 73' lang='lat' dir='ltr'>XIV.</span> <span class='ocrx_word' id='word_1_708' title='bbox 1180 972 1204 997; x_wconf 77' lang='grc'>4.</span> <span class='ocrx_word' id='word_1_709' title='bbox 1231 981 1252 996; x_wconf 82' lang='lat' dir='ltr'>c.</span> <span class='ocrx_word' id='word_1_710' title='bbox 1272 974 1295 996; x_wconf 69' lang='grc' dir='ltr'>δ’.</span> <span class='ocrx_word' id='word_1_711' title='bbox 1323 971 1389 1004; x_wconf 82' lang='lat'>51.</span> <span class='ocrx_word' id='word_1_712' title='bbox 1414 971 1445 998; x_wconf 69' lang='lat' dir='ltr'>tle</span> <span class='ocrx_word' id='word_1_713' title='bbox 1465 982 1532 998; x_wconf 89' lang='lat' dir='ltr'>suar.</span> <span class='ocrx_word' id='word_1_714' title='bbox 1564 988 1596 991; x_wconf 90' lang='lat'><em>-</em></span> <span class='ocrx_word' id='word_1_715' title='bbox 1628 973 1659 1006; x_wconf 73' lang='lat'>§0</span> <span class='ocrx_word' id='word_1_716' title='bbox 1680 974 1715 999; x_wconf 74' lang='grc'>2.</span> <span class='ocrx_word' id='word_1_717' title='bbox 1745 975 1925 1009; x_wconf 76' lang='lat' dir='ltr'>Collegium</span> 
     </span>
     <span class='ocr_line' id='line_1_85' title="bbox 1086 1014 1925 1045; baseline 0.006 -7"><span class='ocrx_word' id='word_1_718' title='bbox 1086 1015 1292 1045; x_wconf 79' lang='lat' dir='ltr'>clericorum,</span> <span class='ocrx_word' id='word_1_719' title='bbox 1314 1015 1433 1040; x_wconf 68' lang='lat' dir='ltr'>clerus.</span> <span class='ocrx_word' id='word_1_720' title='bbox 1471 1014 1512 1041; x_wconf 90' lang='lat' dir='ltr'>III.</span> <span class='ocrx_word' id='word_1_721' title='bbox 1531 1016 1596 1043; x_wconf 81' lang='grc' dir='ltr'>οη.</span> <span class='ocrx_word' id='word_1_722' title='bbox 1616 1015 1683 1041; x_wconf 67' lang='lat' dir='ltr'>Cum</span> <span class='ocrx_word' id='word_1_723' title='bbox 1703 1017 1878 1043; x_wconf 82' lang='lat' dir='ltr'>numerositas</span> <span class='ocrx_word' id='word_1_724' title='bbox 1893 1027 1925 1044; x_wconf 78' lang='lat' dir='ltr'>ex</span> 
     </span>
     <span class='ocr_line' id='line_1_86' title="bbox 1087 1056 1924 1093; baseline 0.005 -11"><span class='ocrx_word' id='word_1_725' title='bbox 1087 1056 1228 1082; x_wconf 85' lang='lat' dir='ltr'>abundanti</span> <span class='ocrx_word' id='word_1_726' title='bbox 1249 1056 1386 1083; x_wconf 79' lang='lat' dir='ltr'>clericatus</span> <span class='ocrx_word' id='word_1_727' title='bbox 1402 1062 1516 1093; x_wconf 77' lang='lat' dir='ltr'>augetur.</span> <span class='ocrx_word' id='word_1_728' title='bbox 1549 1057 1614 1084; x_wconf 68' lang='lat' dir='ltr'>Nov.</span> <span class='ocrx_word' id='word_1_729' title='bbox 1630 1057 1732 1084; x_wconf 58' lang='lat' dir='ltr'>Vult-nt.</span> <span class='ocrx_word' id='word_1_730' title='bbox 1746 1058 1790 1085; x_wconf 82' lang='lat'>[11.</span> <span class='ocrx_word' id='word_1_731' title='bbox 1809 1059 1842 1085; x_wconf 86' lang='lat' dir='ltr'>de</span> <span class='ocrx_word' id='word_1_732' title='bbox 1855 1070 1924 1086; x_wconf 88' lang='lat' dir='ltr'>succ.</span> 
     </span>
     <span class='ocr_line' id='line_1_87' title="bbox 1087 1098 1924 1137; baseline 0.005 -12"><span class='ocrx_word' id='word_1_733' title='bbox 1087 1099 1176 1126; x_wconf 88' lang='lat' dir='ltr'>curial.</span> <span class='ocrx_word' id='word_1_734' title='bbox 1197 1098 1227 1125; x_wconf 89' lang='lat' dir='ltr'>ll.</span> <span class='ocrx_word' id='word_1_735' title='bbox 1246 1102 1270 1125; x_wconf 84' lang='lat'>&#39;.&#39;.</span> <span class='ocrx_word' id='word_1_736' title='bbox 1291 1110 1312 1126; x_wconf 94' lang='lat' dir='ltr'>c.</span> <span class='ocrx_word' id='word_1_737' title='bbox 1329 1102 1350 1126; x_wconf 94' lang='lat' dir='ltr'>l.</span> <span class='ocrx_word' id='word_1_738' title='bbox 1364 1110 1402 1137; x_wconf 88' lang='lat' dir='ltr'>pr.</span> <span class='ocrx_word' id='word_1_739' title='bbox 1440 1100 1469 1126; x_wconf 89' lang='lat' dir='ltr'>Si</span> <span class='ocrx_word' id='word_1_740' title='bbox 1483 1101 1509 1126; x_wconf 89' lang='lat' dir='ltr'>iu</span> <span class='ocrx_word' id='word_1_741' title='bbox 1523 1110 1553 1126; x_wconf 90' lang='lat' dir='ltr'>eo</span> <span class='ocrx_word' id='word_1_742' title='bbox 1567 1101 1625 1126; x_wconf 75' lang='lat' dir='ltr'>vico</span> <span class='ocrx_word' id='word_1_743' title='bbox 1640 1117 1671 1120; x_wconf 98' lang='lat'><strong>—</strong></span> <span class='ocrx_word' id='word_1_744' title='bbox 1686 1101 1824 1128; x_wconf 85' lang='lat' dir='ltr'>clericatus</span> <span class='ocrx_word' id='word_1_745' title='bbox 1839 1102 1924 1130; x_wconf 81' lang='lat' dir='ltr'>fuerit.</span> 
     </span>
     <span class='ocr_line' id='line_1_88' title="bbox 1087 1141 1536 1179; baseline 0.002 -11"><span class='ocrx_word' id='word_1_746' title='bbox 1087 1153 1108 1168; x_wconf 89' lang='lat' dir='ltr'>c.</span> <span class='ocrx_word' id='word_1_747' title='bbox 1131 1143 1170 1168; x_wconf 88' lang='grc'>16.</span> <span class='ocrx_word' id='word_1_748' title='bbox 1191 1141 1223 1168; x_wconf 83' lang='lat' dir='ltr'>dc</span> <span class='ocrx_word' id='word_1_749' title='bbox 1243 1143 1323 1179; x_wconf 80' lang='lat' dir='ltr'>episc.</span> <span class='ocrx_word' id='word_1_750' title='bbox 1344 1148 1368 1169; x_wconf 83' lang='lat' dir='ltr'>et</span> <span class='ocrx_word' id='word_1_751' title='bbox 1388 1142 1450 1169; x_wconf 83' lang='lat' dir='ltr'>cler.</span> <span class='ocrx_word' id='word_1_752' title='bbox 1471 1145 1493 1169; x_wconf 88' lang='lat'>1.</span> <span class='ocrx_word' id='word_1_753' title='bbox 1512 1144 1536 1169; x_wconf 88' lang='grc'>3.</span> 
     </span>
    </p>

    <p class='ocr_par' dir='ltr' id='par_1_23' title="bbox 1085 1185 1926 1684">
     <span class='ocr_line' id='line_1_89' title="bbox 1121 1185 1924 1219; baseline 0.005 -8"><span class='ocrx_word' id='word_1_754' title='bbox 1121 1185 1302 1212; x_wconf 53' lang='lat' dir='ltr'>clericum</span> <span class='ocrx_word' id='word_1_755' title='bbox 1355 1188 1417 1219; x_wconf 80' lang='lat' dir='ltr'>Qui</span> <span class='ocrx_word' id='word_1_756' title='bbox 1447 1188 1554 1212; x_wconf 77' lang='lat' dir='ltr'>cultui</span> <span class='ocrx_word' id='word_1_757' title='bbox 1581 1188 1694 1213; x_wconf 72' lang='lat' dir='ltr'>divino</span> <span class='ocrx_word' id='word_1_758' title='bbox 1726 1189 1758 1214; x_wconf 80' lang='lat' dir='ltr'>in</span> <span class='ocrx_word' id='word_1_759' title='bbox 1789 1190 1924 1215; x_wconf 77' lang='lat' dir='ltr'>eeclesia</span> 
     </span>
     <span class='ocr_line' id='line_1_90' title="bbox 1085 1228 1924 1264; baseline 0.002 -9"><span class='ocrx_word' id='word_1_760' title='bbox 1085 1230 1250 1255; x_wconf 75' lang='lat' dir='ltr'>calholica</span> <span class='ocrx_word' id='word_1_761' title='bbox 1270 1231 1421 1255; x_wconf 78' lang='lat' dir='ltr'>addictus</span> <span class='ocrx_word' id='word_1_762' title='bbox 1439 1235 1493 1255; x_wconf 72' lang='lat' dir='ltr'>est.</span> <span class='ocrx_word' id='word_1_763' title='bbox 1531 1228 1573 1255; x_wconf 84' lang='lat'>111.</span> <span class='ocrx_word' id='word_1_764' title='bbox 1595 1230 1661 1256; x_wconf 77' lang='lat' dir='ltr'>Gn.</span> <span class='ocrx_word' id='word_1_765' title='bbox 1689 1230 1743 1264; x_wconf 74' lang='lat' dir='ltr'>Qui</span> <span class='ocrx_word' id='word_1_766' title='bbox 1762 1229 1851 1255; x_wconf 78' lang='lat' dir='ltr'>divino</span> <span class='ocrx_word' id='word_1_767' title='bbox 1872 1231 1924 1257; x_wconf 86' lang='lat' dir='ltr'>cul-</span> 
     </span>
     <span class='ocr_line' id='line_1_91' title="bbox 1086 1271 1924 1309; baseline 0.002 -12"><span class='ocrx_word' id='word_1_768' title='bbox 1086 1272 1123 1297; x_wconf 87' lang='lat' dir='ltr'>tui</span> <span class='ocrx_word' id='word_1_769' title='bbox 1142 1272 1286 1297; x_wconf 86' lang='lat' dir='ltr'>ministeria</span> <span class='ocrx_word' id='word_1_770' title='bbox 1305 1271 1439 1307; x_wconf 70' lang='lat' dir='ltr'>religionis</span> <span class='ocrx_word' id='word_1_771' title='bbox 1459 1271 1623 1308; x_wconf 84' lang='lat' dir='ltr'>impendunt,</span> <span class='ocrx_word' id='word_1_772' title='bbox 1643 1273 1659 1298; x_wconf 90' lang='lat' dir='ltr'>i.</span> <span class='ocrx_word' id='word_1_773' title='bbox 1675 1284 1696 1298; x_wconf 85' lang='lat' dir='ltr'>e.</span> <span class='ocrx_word' id='word_1_774' title='bbox 1717 1272 1751 1298; x_wconf 89' lang='lat' dir='ltr'>hi.</span> <span class='ocrx_word' id='word_1_775' title='bbox 1773 1273 1816 1309; x_wconf 86' lang='lat' dir='ltr'>qui</span> <span class='ocrx_word' id='word_1_776' title='bbox 1837 1272 1924 1300; x_wconf 82' lang='lat' dir='ltr'>clerici</span> 
     </span>
     <span class='ocr_line' id='line_1_92' title="bbox 1086 1313 1924 1352; baseline 0.002 -12"><span class='ocrx_word' id='word_1_777' title='bbox 1086 1314 1259 1351; x_wconf 79' lang='lat' dir='ltr'>adpellantur.</span> <span class='ocrx_word' id='word_1_778' title='bbox 1293 1313 1343 1340; x_wconf 89' lang='lat' dir='ltr'>Th.</span> <span class='ocrx_word' id='word_1_779' title='bbox 1368 1313 1398 1340; x_wconf 86' lang='lat' dir='ltr'>C.</span> <span class='ocrx_word' id='word_1_780' title='bbox 1417 1313 1488 1340; x_wconf 68' lang='lat' dir='ltr'>XVI.</span> <span class='ocrx_word' id='word_1_781' title='bbox 1512 1316 1536 1340; x_wconf 74' lang='lat'>2.</span> <span class='ocrx_word' id='word_1_782' title='bbox 1567 1324 1588 1340; x_wconf 88' lang='lat' dir='ltr'>c.</span> <span class='ocrx_word' id='word_1_783' title='bbox 1612 1317 1636 1341; x_wconf 77' lang='lat'>2.</span> <span class='ocrx_word' id='word_1_784' title='bbox 1665 1315 1698 1341; x_wconf 86' lang='lat' dir='ltr'>de.</span> <span class='ocrx_word' id='word_1_785' title='bbox 1723 1317 1804 1352; x_wconf 87' lang='lat' dir='ltr'>episc.</span> <span class='ocrx_word' id='word_1_786' title='bbox 1831 1316 1924 1342; x_wconf 88' lang='lat' dir='ltr'>eccles.</span> 
     </span>
     <span class='ocr_line' id='line_1_93' title="bbox 1086 1356 1924 1394; baseline 0.002 -11"><span class='ocrx_word' id='word_1_787' title='bbox 1086 1356 1151 1383; x_wconf 86' lang='lat' dir='ltr'>Tam</span> <span class='ocrx_word' id='word_1_788' title='bbox 1175 1356 1340 1388; x_wconf 64' lang='lat' dir='ltr'>sacerdotes,</span> <span class='ocrx_word' id='word_1_789' title='bbox 1365 1367 1441 1393; x_wconf 85' lang='lat' dir='ltr'>quam</span> <span class='ocrx_word' id='word_1_790' title='bbox 1465 1356 1566 1389; x_wconf 84' lang='lat' dir='ltr'>clerici,</span> <span class='ocrx_word' id='word_1_791' title='bbox 1592 1357 1710 1394; x_wconf 81' lang='lat' dir='ltr'>laicique.</span> <span class='ocrx_word' id='word_1_792' title='bbox 1744 1358 1782 1384; x_wconf 88' lang='lat' dir='ltr'>lb.</span> <span class='ocrx_word' id='word_1_793' title='bbox 1806 1357 1876 1385; x_wconf 70' lang='lat' dir='ltr'>XW.</span> <span class='ocrx_word' id='word_1_794' title='bbox 1901 1361 1924 1385; x_wconf 87' lang='lat'>5.</span> 
     </span>
     <span class='ocr_line' id='line_1_94' title="bbox 1086 1399 1925 1438; baseline 0.002 -12"><span class='ocrx_word' id='word_1_795' title='bbox 1086 1410 1106 1426; x_wconf 92' lang='lat' dir='ltr'>c.</span> <span class='ocrx_word' id='word_1_796' title='bbox 1127 1402 1168 1426; x_wconf 76' lang='lat'>52.</span> <span class='ocrx_word' id='word_1_797' title='bbox 1188 1410 1226 1437; x_wconf 89' lang='lat' dir='ltr'>pr.</span> <span class='ocrx_word' id='word_1_798' title='bbox 1246 1399 1278 1426; x_wconf 83' lang='lat' dir='ltr'>de</span> <span class='ocrx_word' id='word_1_799' title='bbox 1297 1399 1419 1425; x_wconf 79' lang='lat' dir='ltr'>haeretic.</span> <span class='ocrx_word' id='word_1_800' title='bbox 1456 1400 1621 1437; x_wconf 75' lang='lat' dir='ltr'>Episcopus,</span> <span class='ocrx_word' id='word_1_801' title='bbox 1642 1405 1686 1426; x_wconf 88' lang='lat' dir='ltr'>aut</span> <span class='ocrx_word' id='word_1_802' title='bbox 1704 1401 1860 1438; x_wconf 72' lang='lat' dir='ltr'>presbyter,</span> <span class='ocrx_word' id='word_1_803' title='bbox 1881 1407 1925 1428; x_wconf 87' lang='lat' dir='ltr'>aut</span> 
     </span>
     <span class='ocr_line' id='line_1_95' title="bbox 1085 1442 1926 1477; baseline 0.002 -8"><span class='ocrx_word' id='word_1_804' title='bbox 1085 1443 1221 1470; x_wconf 89' lang='lat' dir='ltr'>diaconus.</span> <span class='ocrx_word' id='word_1_805' title='bbox 1241 1459 1273 1462; x_wconf 91' lang='lat'><em>-</em></span> <span class='ocrx_word' id='word_1_806' title='bbox 1293 1442 1336 1468; x_wconf 70' lang='lat' dir='ltr'>vel</span> <span class='ocrx_word' id='word_1_807' title='bbox 1360 1442 1501 1469; x_wconf 82' lang='lat' dir='ltr'>cuiuslibet</span> <span class='ocrx_word' id='word_1_808' title='bbox 1527 1443 1634 1470; x_wconf 85' lang='lat' dir='ltr'>alterius</span> <span class='ocrx_word' id='word_1_809' title='bbox 1658 1443 1710 1470; x_wconf 89' lang='lat' dir='ltr'>loci</span> <span class='ocrx_word' id='word_1_810' title='bbox 1734 1443 1858 1477; x_wconf 76' lang='lat' dir='ltr'>clericus,</span> <span class='ocrx_word' id='word_1_811' title='bbox 1883 1450 1926 1471; x_wconf 89' lang='lat' dir='ltr'>aut</span> 
     </span>
     <span class='ocr_line' id='line_1_96' title="bbox 1085 1484 1924 1514; baseline 0.002 -2"><span class='ocrx_word' id='word_1_812' title='bbox 1085 1486 1237 1512; x_wconf 87' lang='lat' dir='ltr'>monachus.</span> <span class='ocrx_word' id='word_1_813' title='bbox 1266 1485 1303 1511; x_wconf 89' lang='lat' dir='ltr'>lb.</span> <span class='ocrx_word' id='word_1_814' title='bbox 1323 1484 1355 1511; x_wconf 66' lang='grc' dir='ltr'>Υ.</span> <span class='ocrx_word' id='word_1_815' title='bbox 1374 1487 1398 1511; x_wconf 89' lang='grc'>3.</span> <span class='ocrx_word' id='word_1_816' title='bbox 1419 1495 1439 1511; x_wconf 93' lang='lat' dir='ltr'>c.</span> <span class='ocrx_word' id='word_1_817' title='bbox 1462 1487 1483 1512; x_wconf 98' lang='lat' dir='ltr'>l.</span> <span class='ocrx_word' id='word_1_818' title='bbox 1504 1485 1536 1512; x_wconf 87' lang='lat' dir='ltr'>de</span> <span class='ocrx_word' id='word_1_819' title='bbox 1556 1486 1616 1512; x_wconf 87' lang='lat' dir='ltr'>bon.</span> <span class='ocrx_word' id='word_1_820' title='bbox 1638 1486 1756 1512; x_wconf 87' lang='lat' dir='ltr'>clericor.</span> <span class='ocrx_word' id='word_1_821' title='bbox 1780 1487 1838 1514; x_wconf 82' lang='lat' dir='ltr'>XII.</span> <span class='ocrx_word' id='word_1_822' title='bbox 1860 1490 1882 1514; x_wconf 96' lang='lat'>1.</span> <span class='ocrx_word' id='word_1_823' title='bbox 1904 1499 1924 1514; x_wconf 84' lang='lat' dir='ltr'>c.</span> 
     </span>
     <span class='ocr_line' id='line_1_97' title="bbox 1088 1527 1924 1565; baseline 0.004 -11"><span class='ocrx_word' id='word_1_824' title='bbox 1088 1530 1145 1554; x_wconf 87' lang='grc'>163.</span> <span class='ocrx_word' id='word_1_825' title='bbox 1160 1528 1192 1555; x_wconf 87' lang='lat' dir='ltr'>de</span> <span class='ocrx_word' id='word_1_826' title='bbox 1207 1528 1340 1555; x_wconf 72' lang='lat' dir='ltr'>decurion.</span> <span class='ocrx_word' id='word_1_827' title='bbox 1373 1527 1526 1555; x_wconf 83' lang='lat' dir='ltr'>Catholicae</span> <span class='ocrx_word' id='word_1_828' title='bbox 1540 1529 1674 1565; x_wconf 76' lang='lat' dir='ltr'>religionis</span> <span class='ocrx_word' id='word_1_829' title='bbox 1689 1528 1785 1556; x_wconf 88' lang='lat' dir='ltr'>clerici.</span> <span class='ocrx_word' id='word_1_830' title='bbox 1804 1529 1841 1556; x_wconf 72' lang='grc' dir='ltr'>ΙΙ).</span> <span class='ocrx_word' id='word_1_831' title='bbox 1854 1530 1924 1557; x_wconf 78' lang='lat' dir='ltr'>XVI.</span> 
     </span>
     <span class='ocr_line' id='line_1_98' title="bbox 1086 1570 1926 1608; baseline 0.004 -11"><span class='ocrx_word' id='word_1_832' title='bbox 1086 1574 1110 1598; x_wconf 69' lang='lat'>2.</span> <span class='ocrx_word' id='word_1_833' title='bbox 1136 1582 1156 1598; x_wconf 91' lang='lat' dir='ltr'>c.</span> <span class='ocrx_word' id='word_1_834' title='bbox 1176 1573 1217 1598; x_wconf 76' lang='grc'>36,</span> <span class='ocrx_word' id='word_1_835' title='bbox 1238 1581 1277 1608; x_wconf 88' lang='lat' dir='ltr'>pr.</span> <span class='ocrx_word' id='word_1_836' title='bbox 1303 1570 1335 1597; x_wconf 90' lang='lat' dir='ltr'>de</span> <span class='ocrx_word' id='word_1_837' title='bbox 1361 1572 1442 1608; x_wconf 83' lang='lat' dir='ltr'>episc.</span> <span class='ocrx_word' id='word_1_838' title='bbox 1467 1571 1562 1598; x_wconf 87' lang='lat' dir='ltr'>eccles.</span> <span class='ocrx_word' id='word_1_839' title='bbox 1605 1571 1634 1598; x_wconf 91' lang='lat' dir='ltr'>Si</span> <span class='ocrx_word' id='word_1_840' title='bbox 1654 1572 1717 1608; x_wconf 86' lang='lat' dir='ltr'>quid</span> <span class='ocrx_word' id='word_1_841' title='bbox 1737 1577 1826 1599; x_wconf 89' lang='lat' dir='ltr'>contra</span> <span class='ocrx_word' id='word_1_842' title='bbox 1845 1573 1926 1600; x_wconf 81' lang='lat' dir='ltr'>eccle-</span> 
     </span>
     <span class='ocr_line' id='line_1_99' title="bbox 1086 1613 1922 1652; baseline 0.004 -13"><span class='ocrx_word' id='word_1_843' title='bbox 1086 1615 1152 1643; x_wconf 73' lang='lat' dir='ltr'>sias,</span> <span class='ocrx_word' id='word_1_844' title='bbox 1179 1614 1221 1640; x_wconf 76' lang='lat' dir='ltr'>vel</span> <span class='ocrx_word' id='word_1_845' title='bbox 1241 1613 1364 1645; x_wconf 68' lang='lat' dir='ltr'>clericos,</span> <span class='ocrx_word' id='word_1_846' title='bbox 1394 1630 1426 1633; x_wconf 97' lang='lat'><strong>—</strong></span> <span class='ocrx_word' id='word_1_847' title='bbox 1450 1614 1527 1640; x_wconf 81' lang='lat' dir='ltr'>suerit</span> <span class='ocrx_word' id='word_1_848' title='bbox 1547 1619 1637 1641; x_wconf 84' lang='lat' dir='ltr'>contra</span> <span class='ocrx_word' id='word_1_849' title='bbox 1657 1614 1728 1651; x_wconf 77' lang='lat' dir='ltr'>leges</span> <span class='ocrx_word' id='word_1_850' title='bbox 1748 1616 1922 1652; x_wconf 82' lang='lat' dir='ltr'>impetratum.</span> 
     </span>
     <span class='ocr_line' id='line_1_100' title="bbox 1085 1657 1301 1684; baseline -0.005 -1"><span class='ocrx_word' id='word_1_851' title='bbox 1085 1657 1122 1684; x_wconf 81' lang='lat' dir='ltr'>lb.</span> <span class='ocrx_word' id='word_1_852' title='bbox 1143 1657 1160 1683; x_wconf 96' lang='lat' dir='ltr'>l.</span> <span class='ocrx_word' id='word_1_853' title='bbox 1180 1657 1197 1683; x_wconf 94' lang='lat' dir='ltr'>l.</span> <span class='ocrx_word' id='word_1_854' title='bbox 1218 1667 1239 1683; x_wconf 88' lang='lat' dir='ltr'>c.</span> <span class='ocrx_word' id='word_1_855' title='bbox 1259 1658 1301 1683; x_wconf 85' lang='grc'>34.</span> 
     </span>
    </p>

    <p class='ocr_par' dir='ltr' id='par_1_24' title="bbox 1087 1700 1925 1778">
     <span class='ocr_line' id='line_1_101' title="bbox 1121 1700 1922 1736; baseline 0.001 -9"><span class='ocrx_word' id='word_1_856' title='bbox 1121 1700 1264 1727; x_wconf 72' lang='lat' dir='ltr'>Cle-rus.</span> <span class='ocrx_word' id='word_1_857' title='bbox 1295 1701 1497 1726; x_wconf 72' lang='lat' dir='ltr'>clericorum</span> <span class='ocrx_word' id='word_1_858' title='bbox 1517 1703 1606 1731; x_wconf 83' lang='lat' dir='ltr'>ordo,</span> <span class='ocrx_word' id='word_1_859' title='bbox 1628 1711 1648 1727; x_wconf 80' lang='lat' dir='ltr'>v.</span> <span class='ocrx_word' id='word_1_860' title='bbox 1668 1703 1848 1736; x_wconf 80' lang='lat' dir='ltr'>collegium.</span> <span class='ocrx_word' id='word_1_861' title='bbox 1880 1701 1922 1728; x_wconf 87' lang='grc' dir='ltr'>ΙΠ.</span> 
     </span>
     <span class='ocr_line' id='line_1_102' title="bbox 1087 1742 1925 1778; baseline 0.001 -8"><span class='ocrx_word' id='word_1_862' title='bbox 1087 1743 1152 1770; x_wconf 76' lang='grc' dir='ltr'>οη.</span> <span class='ocrx_word' id='word_1_863' title='bbox 1190 1742 1337 1769; x_wconf 82' lang='lat' dir='ltr'>Ecclesiae.</span> <span class='ocrx_word' id='word_1_864' title='bbox 1362 1742 1404 1767; x_wconf 79' lang='lat' dir='ltr'>vel</span> <span class='ocrx_word' id='word_1_865' title='bbox 1428 1743 1567 1778; x_wconf 74' lang='lat' dir='ltr'>martyrio,</span> <span class='ocrx_word' id='word_1_866' title='bbox 1593 1742 1635 1769; x_wconf 74' lang='lat' dir='ltr'>vel</span> <span class='ocrx_word' id='word_1_867' title='bbox 1661 1743 1747 1775; x_wconf 84' lang='lat' dir='ltr'>clero,</span> <span class='ocrx_word' id='word_1_868' title='bbox 1772 1744 1814 1770; x_wconf 74' lang='lat' dir='ltr'>vel</span> <span class='ocrx_word' id='word_1_869' title='bbox 1838 1754 1925 1771; x_wconf 87' lang='lat' dir='ltr'>mona-</span> 
     </span>
    </p>
   </div>
   <div class='ocr_carea' id='block_1_14' title="bbox 1063 1784 1925 1822">
    <p class='ocr_par' dir='ltr' id='par_1_25' title="bbox 1063 1784 1925 1822">
     <span class='ocr_line' id='line_1_103' title="bbox 1063 1784 1925 1822; baseline 0.005 -12"><span class='ocrx_word' id='word_1_870' title='bbox 1063 1784 1065 1821; x_wconf 26' lang='lat' dir='ltr'>t</span> <span class='ocrx_word' id='word_1_871' title='bbox 1087 1785 1158 1815; x_wconf 72' lang='lat' dir='ltr'>chio,</span> <span class='ocrx_word' id='word_1_872' title='bbox 1179 1784 1220 1810; x_wconf 75' lang='lat' dir='ltr'>vel</span> <span class='ocrx_word' id='word_1_873' title='bbox 1240 1785 1411 1821; x_wconf 85' lang='lat' dir='ltr'>pauperihus.</span> <span class='ocrx_word' id='word_1_874' title='bbox 1437 1784 1553 1820; x_wconf 82' lang='lat' dir='ltr'>(aliquid</span> <span class='ocrx_word' id='word_1_875' title='bbox 1571 1785 1746 1822; x_wconf 83' lang='lat' dir='ltr'>relinquere).</span> <span class='ocrx_word' id='word_1_876' title='bbox 1778 1796 1798 1813; x_wconf 90' lang='lat' dir='ltr'>c.</span> <span class='ocrx_word' id='word_1_877' title='bbox 1824 1788 1864 1813; x_wconf 84' lang='lat'>13.</span> <span class='ocrx_word' id='word_1_878' title='bbox 1893 1787 1925 1814; x_wconf 82' lang='lat' dir='ltr'>de</span> 
     </span>
    </p>
   </div>
   <div class='ocr_carea' id='block_1_15' title="bbox 1086 1827 1925 2673">
    <p class='ocr_par' dir='ltr' id='par_1_26' title="bbox 1087 1827 1925 2035">
     <span class='ocr_line' id='line_1_104' title="bbox 1087 1827 1925 1861; baseline 0.004 -8"><span class='ocrx_word' id='word_1_879' title='bbox 1087 1827 1136 1853; x_wconf 83' lang='lat' dir='ltr'>SS.</span> <span class='ocrx_word' id='word_1_880' title='bbox 1157 1827 1219 1853; x_wconf 84' lang='lat' dir='ltr'>eccl.</span> <span class='ocrx_word' id='word_1_881' title='bbox 1242 1829 1263 1853; x_wconf 96' lang='lat'>1.</span> <span class='ocrx_word' id='word_1_882' title='bbox 1282 1829 1307 1853; x_wconf 75' lang='lat'>2.</span> <span class='ocrx_word' id='word_1_883' title='bbox 1344 1827 1447 1853; x_wconf 82' lang='lat' dir='ltr'>Adesse</span> <span class='ocrx_word' id='word_1_884' title='bbox 1467 1832 1552 1853; x_wconf 86' lang='lat' dir='ltr'>autem</span> <span class='ocrx_word' id='word_1_885' title='bbox 1572 1828 1677 1854; x_wconf 84' lang='lat' dir='ltr'>decreto</span> <span class='ocrx_word' id='word_1_886' title='bbox 1697 1828 1787 1861; x_wconf 77' lang='lat' dir='ltr'>debet,</span> <span class='ocrx_word' id='word_1_887' title='bbox 1813 1840 1865 1856; x_wconf 90' lang='lat' dir='ltr'>non</span> <span class='ocrx_word' id='word_1_888' title='bbox 1884 1840 1925 1856; x_wconf 88' lang='lat' dir='ltr'>so-</span> 
     </span>
     <span class='ocr_line' id='line_1_105' title="bbox 1087 1870 1925 1907; baseline 0.006 -12"><span class='ocrx_word' id='word_1_889' title='bbox 1087 1870 1141 1896; x_wconf 91' lang='lat' dir='ltr'>lum</span> <span class='ocrx_word' id='word_1_890' title='bbox 1160 1871 1302 1907; x_wconf 84' lang='lat' dir='ltr'>episcopus</span> <span class='ocrx_word' id='word_1_891' title='bbox 1322 1875 1347 1896; x_wconf 80' lang='lat' dir='ltr'>et</span> <span class='ocrx_word' id='word_1_892' title='bbox 1367 1870 1452 1896; x_wconf 86' lang='lat' dir='ltr'>clerus</span> <span class='ocrx_word' id='word_1_893' title='bbox 1473 1870 1600 1897; x_wconf 84' lang='lat' dir='ltr'>ccclesiae</span> <span class='ocrx_word' id='word_1_894' title='bbox 1614 1872 1669 1897; x_wconf 84' lang='lat' dir='ltr'>eius</span> <span class='ocrx_word' id='word_1_895' title='bbox 1684 1872 1806 1901; x_wconf 86' lang='lat' dir='ltr'>civitatis.</span> <span class='ocrx_word' id='word_1_896' title='bbox 1827 1888 1859 1892; x_wconf 90' lang='lat'><strong>—</strong></span> <span class='ocrx_word' id='word_1_897' title='bbox 1878 1873 1925 1900; x_wconf 84' lang='lat' dir='ltr'>sed</span> 
     </span>
     <span class='ocr_line' id='line_1_106' title="bbox 1089 1912 1923 1951; baseline 0.004 -12"><span class='ocrx_word' id='word_1_898' title='bbox 1089 1914 1164 1939; x_wconf 82' lang='lat' dir='ltr'>etiam</span> <span class='ocrx_word' id='word_1_899' title='bbox 1179 1912 1396 1949; x_wconf 78' lang='lat' dir='ltr'>metropolitanus</span> <span class='ocrx_word' id='word_1_900' title='bbox 1410 1914 1559 1950; x_wconf 81' lang='lat' dir='ltr'>episcopus.</span> <span class='ocrx_word' id='word_1_901' title='bbox 1588 1913 1680 1940; x_wconf 90' lang='lat' dir='ltr'>Iuliani</span> <span class='ocrx_word' id='word_1_902' title='bbox 1695 1915 1756 1951; x_wconf 86' lang='lat' dir='ltr'>epit.</span> <span class='ocrx_word' id='word_1_903' title='bbox 1772 1925 1830 1941; x_wconf 86' lang='lat' dir='ltr'>nov.</span> <span class='ocrx_word' id='word_1_904' title='bbox 1851 1926 1871 1942; x_wconf 88' lang='lat' dir='ltr'>c.</span> <span class='ocrx_word' id='word_1_905' title='bbox 1883 1917 1923 1942; x_wconf 85' lang='grc'>61.</span> 
     </span>
     <span class='ocr_line' id='line_1_107' title="bbox 1087 1955 1923 1989; baseline 0.006 -8"><span class='ocrx_word' id='word_1_906' title='bbox 1087 1956 1108 1989; x_wconf 90' lang='lat'>5.</span> <span class='ocrx_word' id='word_1_907' title='bbox 1128 1957 1187 1981; x_wconf 72' lang='lat'>207.</span> <span class='ocrx_word' id='word_1_908' title='bbox 1208 1955 1239 1981; x_wconf 77' lang='lat' dir='ltr'>cs.</span> <span class='ocrx_word' id='word_1_909' title='bbox 1260 1965 1281 1981; x_wconf 91' lang='lat' dir='ltr'>c.</span> <span class='ocrx_word' id='word_1_910' title='bbox 1297 1958 1336 1982; x_wconf 96' lang='lat' dir='ltr'>ll.</span> <span class='ocrx_word' id='word_1_911' title='bbox 1351 1956 1373 1989; x_wconf 91' lang='lat'>5.</span> <span class='ocrx_word' id='word_1_912' title='bbox 1388 1958 1428 1982; x_wconf 73' lang='grc'>47.</span> <span class='ocrx_word' id='word_1_913' title='bbox 1450 1966 1471 1982; x_wconf 91' lang='lat' dir='ltr'>c.</span> <span class='ocrx_word' id='word_1_914' title='bbox 1487 1958 1525 1982; x_wconf 77' lang='grc'>14.</span> <span class='ocrx_word' id='word_1_915' title='bbox 1540 1956 1562 1989; x_wconf 93' lang='lat'>5.</span> <span class='ocrx_word' id='word_1_916' title='bbox 1577 1958 1619 1982; x_wconf 75' lang='lat'>50.</span> <span class='ocrx_word' id='word_1_917' title='bbox 1656 1957 1782 1984; x_wconf 85' lang='lat' dir='ltr'>Eiiciatur</span> <span class='ocrx_word' id='word_1_918' title='bbox 1800 1958 1832 1984; x_wconf 85' lang='lat' dir='ltr'>de</span> <span class='ocrx_word' id='word_1_919' title='bbox 1845 1958 1923 1987; x_wconf 84' lang='lat' dir='ltr'>clero.</span> 
     </span>
     <span class='ocr_line' id='line_1_108' title="bbox 1087 1998 1568 2035; baseline 0.002 -11"><span class='ocrx_word' id='word_1_920' title='bbox 1087 2004 1111 2025; x_wconf 85' lang='lat' dir='ltr'>et</span> <span class='ocrx_word' id='word_1_921' title='bbox 1132 2000 1167 2025; x_wconf 85' lang='lat' dir='ltr'>sit</span> <span class='ocrx_word' id='word_1_922' title='bbox 1186 2000 1313 2035; x_wconf 86' lang='lat' dir='ltr'>privatus.</span> <span class='ocrx_word' id='word_1_923' title='bbox 1344 1998 1380 2025; x_wconf 88' lang='lat' dir='ltr'>lb.</span> <span class='ocrx_word' id='word_1_924' title='bbox 1402 2009 1422 2025; x_wconf 87' lang='lat' dir='ltr'>c.</span> <span class='ocrx_word' id='word_1_925' title='bbox 1442 2001 1466 2025; x_wconf 94' lang='grc'>4.</span> <span class='ocrx_word' id='word_1_926' title='bbox 1486 2000 1507 2032; x_wconf 95' lang='lat'>5.</span> <span class='ocrx_word' id='word_1_927' title='bbox 1527 2002 1568 2025; x_wconf 73' lang='lat'>20.</span> 
     </span>
    </p>

    <p class='ocr_par' dir='ltr' id='par_1_27' title="bbox 1086 2042 1923 2197">
     <span class='ocr_line' id='line_1_109' title="bbox 1123 2042 1923 2076; baseline 0.004 -8"><span class='ocrx_word' id='word_1_928' title='bbox 1123 2042 1376 2069; x_wconf 55' lang='lat' dir='ltr'>(libanam-ius.</span> <span class='ocrx_word' id='word_1_929' title='bbox 1409 2043 1503 2068; x_wconf 80' lang='lat' dir='ltr'>Miles</span> <span class='ocrx_word' id='word_1_930' title='bbox 1522 2044 1771 2076; x_wconf 68' lang='lat' dir='ltr'>cataphractus.</span> <span class='ocrx_word' id='word_1_931' title='bbox 1801 2044 1843 2070; x_wconf 90' lang='lat' dir='ltr'>III.</span> <span class='ocrx_word' id='word_1_932' title='bbox 1859 2045 1923 2072; x_wconf 80' lang='grc' dir='ltr'>οη.</span> 
     </span>
     <span class='ocr_line' id='line_1_110' title="bbox 1086 2084 1923 2121; baseline 0.004 -11"><span class='ocrx_word' id='word_1_933' title='bbox 1086 2084 1212 2110; x_wconf 80' lang='lat' dir='ltr'>Annouas</span> <span class='ocrx_word' id='word_1_934' title='bbox 1239 2085 1334 2110; x_wconf 78' lang='lat' dir='ltr'>civicas</span> <span class='ocrx_word' id='word_1_935' title='bbox 1359 2085 1385 2110; x_wconf 92' lang='lat' dir='ltr'>in</span> <span class='ocrx_word' id='word_1_936' title='bbox 1414 2084 1477 2110; x_wconf 85' lang='lat' dir='ltr'>urbe</span> <span class='ocrx_word' id='word_1_937' title='bbox 1502 2084 1794 2121; x_wconf 72' lang='lat' dir='ltr'>Constautinopolitana</span> <span class='ocrx_word' id='word_1_938' title='bbox 1818 2087 1923 2113; x_wconf 79' lang='lat' dir='ltr'>scholae</span> 
     </span>
     <span class='ocr_line' id='line_1_111' title="bbox 1087 2127 1922 2157; baseline 0.004 -4"><span class='ocrx_word' id='word_1_939' title='bbox 1087 2128 1268 2157; x_wconf 81' lang='lat' dir='ltr'>scutariorum,</span> <span class='ocrx_word' id='word_1_940' title='bbox 1290 2132 1314 2152; x_wconf 89' lang='lat' dir='ltr'>et</span> <span class='ocrx_word' id='word_1_941' title='bbox 1328 2128 1501 2154; x_wconf 85' lang='lat' dir='ltr'>scutariorum</span> <span class='ocrx_word' id='word_1_942' title='bbox 1516 2127 1716 2154; x_wconf 78' lang='lat' dir='ltr'>clibanarioruni</span> <span class='ocrx_word' id='word_1_943' title='bbox 1736 2145 1767 2148; x_wconf 85' lang='lat'><strong>—</strong></span> <span class='ocrx_word' id='word_1_944' title='bbox 1787 2132 1922 2156; x_wconf 75' lang='lat' dir='ltr'>meruisse.</span> 
     </span>
     <span class='ocr_line' id='line_1_112' title="bbox 1088 2169 1687 2197; baseline 0.003 -2"><span class='ocrx_word' id='word_1_945' title='bbox 1088 2169 1137 2196; x_wconf 88' lang='lat' dir='ltr'>Th.</span> <span class='ocrx_word' id='word_1_946' title='bbox 1161 2169 1191 2196; x_wconf 80' lang='lat' dir='ltr'>C.</span> <span class='ocrx_word' id='word_1_947' title='bbox 1211 2169 1282 2196; x_wconf 74' lang='lat' dir='ltr'>MV.</span> <span class='ocrx_word' id='word_1_948' title='bbox 1304 2172 1344 2197; x_wconf 78' lang='lat'>17.</span> <span class='ocrx_word' id='word_1_949' title='bbox 1364 2181 1385 2197; x_wconf 93' lang='lat' dir='ltr'>c.</span> <span class='ocrx_word' id='word_1_950' title='bbox 1405 2172 1429 2197; x_wconf 89' lang='lat'>9.</span> <span class='ocrx_word' id='word_1_951' title='bbox 1449 2170 1481 2196; x_wconf 89' lang='lat' dir='ltr'>de</span> <span class='ocrx_word' id='word_1_952' title='bbox 1500 2181 1594 2196; x_wconf 83' lang='lat' dir='ltr'>annon.</span> <span class='ocrx_word' id='word_1_953' title='bbox 1614 2171 1687 2197; x_wconf 76' lang='lat' dir='ltr'>civic.</span> 
     </span>
    </p>

    <p class='ocr_par' dir='ltr' id='par_1_28' title="bbox 1088 2213 1922 2673">
     <span class='ocr_line' id='line_1_113' title="bbox 1123 2213 1921 2248; baseline 0.003 -9"><span class='ocrx_word' id='word_1_954' title='bbox 1123 2213 1261 2240; x_wconf 69' lang='lat' dir='ltr'>Cliens.</span> <span class='ocrx_word' id='word_1_955' title='bbox 1282 2214 1312 2247; x_wconf 63' lang='grc' dir='ltr'>ξ.</span> <span class='ocrx_word' id='word_1_956' title='bbox 1327 2215 1361 2240; x_wconf 86' lang='lat' dir='ltr'>l.</span> <span class='ocrx_word' id='word_1_957' title='bbox 1385 2215 1447 2247; x_wconf 78' lang='lat' dir='ltr'>Qui</span> <span class='ocrx_word' id='word_1_958' title='bbox 1467 2224 1635 2247; x_wconf 74' lang='lat' dir='ltr'>personant</span> <span class='ocrx_word' id='word_1_959' title='bbox 1654 2217 1855 2248; x_wconf 75' lang='lat' dir='ltr'>potentioris</span> <span class='ocrx_word' id='word_1_960' title='bbox 1874 2226 1921 2241; x_wconf 85' lang='lat' dir='ltr'>co-</span> 
     </span>
     <span class='ocr_line' id='line_1_114' title="bbox 1089 2256 1921 2291; baseline 0 -8"><span class='ocrx_word' id='word_1_961' title='bbox 1089 2259 1143 2288; x_wconf 84' lang='lat' dir='ltr'>Iit,</span> <span class='ocrx_word' id='word_1_962' title='bbox 1168 2259 1299 2291; x_wconf 78' lang='lat' dir='ltr'>eiusque</span> <span class='ocrx_word' id='word_1_963' title='bbox 1320 2258 1511 2291; x_wconf 75' lang='lat' dir='ltr'>patrocinio</span> <span class='ocrx_word' id='word_1_964' title='bbox 1528 2259 1657 2291; x_wconf 81' lang='lat' dir='ltr'>gaudet.</span> <span class='ocrx_word' id='word_1_965' title='bbox 1696 2256 1737 2283; x_wconf 86' lang='lat' dir='ltr'>HI.</span> <span class='ocrx_word' id='word_1_966' title='bbox 1759 2259 1823 2285; x_wconf 80' lang='grc'>011.</span> <span class='ocrx_word' id='word_1_967' title='bbox 1853 2257 1921 2283; x_wconf 61' lang='lat' dir='ltr'>Vsus</span> 
     </span>
     <span class='ocr_line' id='line_1_115' title="bbox 1088 2300 1921 2336; baseline 0 -10"><span class='ocrx_word' id='word_1_968' title='bbox 1088 2301 1129 2326; x_wconf 91' lang='lat' dir='ltr'>sui</span> <span class='ocrx_word' id='word_1_969' title='bbox 1148 2301 1230 2336; x_wconf 80' lang='lat' dir='ltr'>gratia</span> <span class='ocrx_word' id='word_1_970' title='bbox 1248 2304 1374 2336; x_wconf 83' lang='lat' dir='ltr'>paratum.</span> <span class='ocrx_word' id='word_1_971' title='bbox 1395 2315 1427 2318; x_wconf 97' lang='lat'><strong>—</strong></span> <span class='ocrx_word' id='word_1_972' title='bbox 1447 2304 1471 2325; x_wconf 85' lang='lat' dir='ltr'>et</span> <span class='ocrx_word' id='word_1_973' title='bbox 1493 2300 1633 2325; x_wconf 77' lang='lat' dir='ltr'>amicorum</span> <span class='ocrx_word' id='word_1_974' title='bbox 1653 2300 1717 2325; x_wconf 87' lang='lat' dir='ltr'>eius.</span> <span class='ocrx_word' id='word_1_975' title='bbox 1738 2305 1761 2326; x_wconf 84' lang='lat' dir='ltr'>et</span> <span class='ocrx_word' id='word_1_976' title='bbox 1782 2300 1921 2326; x_wconf 83' lang='lat' dir='ltr'>clientium.</span> 
     </span>
     <span class='ocr_line' id='line_1_116' title="bbox 1090 2341 1922 2378; baseline 0 -9"><span class='ocrx_word' id='word_1_977' title='bbox 1090 2348 1112 2369; x_wconf 83' lang='lat' dir='ltr'>et</span> <span class='ocrx_word' id='word_1_978' title='bbox 1139 2344 1322 2369; x_wconf 72' lang='lat' dir='ltr'>universorum</span> <span class='ocrx_word' id='word_1_979' title='bbox 1346 2352 1412 2378; x_wconf 79' lang='lat' dir='ltr'>quos</span> <span class='ocrx_word' id='word_1_980' title='bbox 1437 2343 1503 2368; x_wconf 85' lang='lat' dir='ltr'>circa</span> <span class='ocrx_word' id='word_1_981' title='bbox 1529 2352 1557 2368; x_wconf 84' lang='lat' dir='ltr'>se</span> <span class='ocrx_word' id='word_1_982' title='bbox 1581 2341 1666 2367; x_wconf 78' lang='lat' dir='ltr'>habet.</span> <span class='ocrx_word' id='word_1_983' title='bbox 1699 2342 1728 2368; x_wconf 83' lang='lat' dir='ltr'>fr.</span> <span class='ocrx_word' id='word_1_984' title='bbox 1753 2344 1775 2368; x_wconf 97' lang='grc'>3</span> <span class='ocrx_word' id='word_1_985' title='bbox 1801 2344 1821 2375; x_wconf 88' lang='lat'>5.</span> <span class='ocrx_word' id='word_1_986' title='bbox 1842 2344 1864 2368; x_wconf 80' lang='grc'>6.</span> <span class='ocrx_word' id='word_1_987' title='bbox 1890 2343 1922 2369; x_wconf 79' lang='lat' dir='ltr'>(le</span> 
     </span>
     <span class='ocr_line' id='line_1_117' title="bbox 1088 2384 1920 2422; baseline 0.001 -11"><span class='ocrx_word' id='word_1_988' title='bbox 1088 2395 1156 2422; x_wconf 87' lang='lat' dir='ltr'>penu</span> <span class='ocrx_word' id='word_1_989' title='bbox 1177 2385 1225 2419; x_wconf 67' lang='lat' dir='ltr'>leg.</span> <span class='ocrx_word' id='word_1_990' title='bbox 1246 2387 1287 2411; x_wconf 83' lang='grc'>33.</span> <span class='ocrx_word' id='word_1_991' title='bbox 1308 2387 1332 2411; x_wconf 85' lang='grc'>9,</span> <span class='ocrx_word' id='word_1_992' title='bbox 1358 2385 1388 2411; x_wconf 78' lang='lat' dir='ltr'>cs.</span> <span class='ocrx_word' id='word_1_993' title='bbox 1410 2385 1439 2411; x_wconf 75' lang='lat' dir='ltr'>l&#39;r.</span> <span class='ocrx_word' id='word_1_994' title='bbox 1458 2387 1482 2410; x_wconf 73' lang='lat'>2.</span> <span class='ocrx_word' id='word_1_995' title='bbox 1503 2385 1523 2418; x_wconf 87' lang='lat'>5</span> <span class='ocrx_word' id='word_1_996' title='bbox 1545 2386 1566 2410; x_wconf 94' lang='lat' dir='ltr'>l.</span> <span class='ocrx_word' id='word_1_997' title='bbox 1588 2384 1616 2410; x_wconf 76' lang='lat' dir='ltr'>fr.</span> <span class='ocrx_word' id='word_1_998' title='bbox 1636 2386 1660 2410; x_wconf 84' lang='lat'>3.</span> <span class='ocrx_word' id='word_1_999' title='bbox 1681 2385 1712 2411; x_wconf 89' lang='lat' dir='ltr'>de</span> <span class='ocrx_word' id='word_1_1000' title='bbox 1732 2395 1778 2410; x_wconf 90' lang='lat' dir='ltr'>usu</span> <span class='ocrx_word' id='word_1_1001' title='bbox 1799 2390 1822 2410; x_wconf 82' lang='lat' dir='ltr'>et</span> <span class='ocrx_word' id='word_1_1002' title='bbox 1842 2385 1920 2412; x_wconf 89' lang='lat' dir='ltr'>habit.</span> 
     </span>
     <span class='ocr_line' id='line_1_118' title="bbox 1089 2427 1920 2464; baseline 0.001 -10"><span class='ocrx_word' id='word_1_1003' title='bbox 1089 2430 1110 2454; x_wconf 78' lang='grc' dir='ltr'>Τ.</span> <span class='ocrx_word' id='word_1_1004' title='bbox 1133 2430 1157 2454; x_wconf 63' lang='grc' dir='ltr'>δ’.</span> <span class='ocrx_word' id='word_1_1005' title='bbox 1196 2428 1224 2454; x_wconf 85' lang='lat' dir='ltr'>Si</span> <span class='ocrx_word' id='word_1_1006' title='bbox 1244 2429 1303 2463; x_wconf 84' lang='lat' dir='ltr'>quis</span> <span class='ocrx_word' id='word_1_1007' title='bbox 1322 2429 1444 2464; x_wconf 75' lang='lat' dir='ltr'>gratuitas</span> <span class='ocrx_word' id='word_1_1008' title='bbox 1464 2427 1638 2453; x_wconf 85' lang='lat' dir='ltr'>habitationes</span> <span class='ocrx_word' id='word_1_1009' title='bbox 1658 2427 1758 2453; x_wconf 80' lang='lat' dir='ltr'>dederit</span> <span class='ocrx_word' id='word_1_1010' title='bbox 1775 2427 1878 2455; x_wconf 81' lang='lat' dir='ltr'>libertis</span> <span class='ocrx_word' id='word_1_1011' title='bbox 1897 2434 1920 2455; x_wconf 85' lang='lat' dir='ltr'>et</span> 
     </span>
     <span class='ocr_line' id='line_1_119' title="bbox 1088 2469 1920 2507; baseline 0 -10"><span class='ocrx_word' id='word_1_1012' title='bbox 1088 2470 1244 2499; x_wconf 85' lang='lat' dir='ltr'>clientibus.</span> <span class='ocrx_word' id='word_1_1013' title='bbox 1269 2470 1311 2496; x_wconf 84' lang='lat' dir='ltr'>vel</span> <span class='ocrx_word' id='word_1_1014' title='bbox 1335 2471 1389 2496; x_wconf 89' lang='lat' dir='ltr'>suis</span> <span class='ocrx_word' id='word_1_1015' title='bbox 1409 2470 1451 2497; x_wconf 85' lang='lat' dir='ltr'>vel</span> <span class='ocrx_word' id='word_1_1016' title='bbox 1471 2472 1571 2497; x_wconf 76' lang='lat' dir='ltr'>uxoris.</span> <span class='ocrx_word' id='word_1_1017' title='bbox 1601 2470 1631 2496; x_wconf 88' lang='lat' dir='ltr'>t&#39;r.</span> <span class='ocrx_word' id='word_1_1018' title='bbox 1651 2472 1673 2495; x_wconf 87' lang='grc'>5.</span> <span class='ocrx_word' id='word_1_1019' title='bbox 1694 2470 1714 2502; x_wconf 85' lang='lat'>5.</span> <span class='ocrx_word' id='word_1_1020' title='bbox 1737 2471 1758 2495; x_wconf 85' lang='lat'>1.</span> <span class='ocrx_word' id='word_1_1021' title='bbox 1784 2469 1815 2495; x_wconf 86' lang='lat' dir='ltr'>de</span> <span class='ocrx_word' id='word_1_1022' title='bbox 1834 2470 1858 2496; x_wconf 89' lang='lat' dir='ltr'>h.</span> <span class='ocrx_word' id='word_1_1023' title='bbox 1879 2481 1920 2507; x_wconf 89' lang='lat' dir='ltr'>qu.</span> 
     </span>
     <span class='ocr_line' id='line_1_120' title="bbox 1088 2511 1922 2550; baseline 0.001 -11"><span class='ocrx_word' id='word_1_1024' title='bbox 1088 2513 1166 2540; x_wconf 81' lang='lat' dir='ltr'>effud.</span> <span class='ocrx_word' id='word_1_1025' title='bbox 1186 2514 1209 2539; x_wconf 86' lang='lat'>9.</span> <span class='ocrx_word' id='word_1_1026' title='bbox 1229 2515 1253 2539; x_wconf 86' lang='lat'>3.</span> <span class='ocrx_word' id='word_1_1027' title='bbox 1291 2513 1319 2539; x_wconf 90' lang='lat' dir='ltr'>Si</span> <span class='ocrx_word' id='word_1_1028' title='bbox 1339 2513 1449 2539; x_wconf 82' lang='lat' dir='ltr'>libertus</span> <span class='ocrx_word' id='word_1_1029' title='bbox 1468 2519 1592 2550; x_wconf 75' lang='lat' dir='ltr'>patrono7</span> <span class='ocrx_word' id='word_1_1030' title='bbox 1616 2512 1657 2538; x_wconf 70' lang='lat' dir='ltr'>vel</span> <span class='ocrx_word' id='word_1_1031' title='bbox 1678 2511 1772 2541; x_wconf 62' lang='lat' dir='ltr'>vllem.</span> <span class='ocrx_word' id='word_1_1032' title='bbox 1797 2513 1839 2539; x_wconf 85' lang='lat' dir='ltr'>vel</span> <span class='ocrx_word' id='word_1_1033' title='bbox 1858 2524 1922 2540; x_wconf 83' lang='lat' dir='ltr'>mer-</span> 
     </span>
     <span class='ocr_line' id='line_1_121' title="bbox 1089 2554 1920 2592; baseline 0.002 -11"><span class='ocrx_word' id='word_1_1034' title='bbox 1089 2557 1209 2582; x_wconf 85' lang='lat' dir='ltr'>cenarius</span> <span class='ocrx_word' id='word_1_1035' title='bbox 1230 2557 1252 2581; x_wconf 85' lang='lat' dir='ltr'>ei</span> <span class='ocrx_word' id='word_1_1036' title='bbox 1274 2557 1318 2592; x_wconf 87' lang='lat' dir='ltr'>qui</span> <span class='ocrx_word' id='word_1_1037' title='bbox 1338 2556 1471 2584; x_wconf 75' lang='lat' dir='ltr'>conduxit.</span> <span class='ocrx_word' id='word_1_1038' title='bbox 1486 2556 1582 2582; x_wconf 74' lang='lat' dir='ltr'>furtum</span> <span class='ocrx_word' id='word_1_1039' title='bbox 1596 2555 1692 2580; x_wconf 77' lang='lat' dir='ltr'>fecerit.</span> <span class='ocrx_word' id='word_1_1040' title='bbox 1712 2554 1742 2579; x_wconf 83' lang='lat' dir='ltr'>t&#39;r.</span> <span class='ocrx_word' id='word_1_1041' title='bbox 1756 2555 1796 2581; x_wconf 66' lang='lat'>89.</span> <span class='ocrx_word' id='word_1_1042' title='bbox 1817 2555 1849 2582; x_wconf 79' lang='lat' dir='ltr'>de</span> <span class='ocrx_word' id='word_1_1043' title='bbox 1861 2556 1920 2584; x_wconf 82' lang='lat' dir='ltr'>furt.</span> 
     </span>
     <span class='ocr_line' id='line_1_122' title="bbox 1088 2596 1920 2627; baseline 0 -3"><span class='ocrx_word' id='word_1_1044' title='bbox 1088 2601 1129 2625; x_wconf 72' lang='lat'>47.</span> <span class='ocrx_word' id='word_1_1045' title='bbox 1149 2600 1173 2624; x_wconf 74' lang='lat'>2.</span> <span class='ocrx_word' id='word_1_1046' title='bbox 1210 2598 1339 2625; x_wconf 86' lang='lat' dir='ltr'>Patronus</span> <span class='ocrx_word' id='word_1_1047' title='bbox 1359 2601 1381 2626; x_wconf 86' lang='lat' dir='ltr'>si</span> <span class='ocrx_word' id='word_1_1048' title='bbox 1402 2599 1490 2626; x_wconf 85' lang='lat' dir='ltr'>clienti</span> <span class='ocrx_word' id='word_1_1049' title='bbox 1510 2598 1625 2624; x_wconf 79' lang='lat' dir='ltr'>fraudem</span> <span class='ocrx_word' id='word_1_1050' title='bbox 1645 2596 1743 2627; x_wconf 77' lang='lat' dir='ltr'>fecerit,</span> <span class='ocrx_word' id='word_1_1051' title='bbox 1763 2606 1836 2623; x_wconf 84' lang='lat' dir='ltr'>sacer</span> <span class='ocrx_word' id='word_1_1052' title='bbox 1853 2601 1920 2624; x_wconf 79' lang='lat' dir='ltr'>esto!</span> 
     </span>
     <span class='ocr_line' id='line_1_123' title="bbox 1089 2638 1920 2673; baseline -0.002 -5"><span class='ocrx_word' id='word_1_1053' title='bbox 1089 2641 1118 2668; x_wconf 87' lang='lat' dir='ltr'>L.</span> <span class='ocrx_word' id='word_1_1054' title='bbox 1138 2641 1252 2668; x_wconf 86' lang='lat' dir='ltr'>Romuli.</span> <span class='ocrx_word' id='word_1_1055' title='bbox 1278 2652 1319 2668; x_wconf 91' lang='lat' dir='ltr'>no.</span> <span class='ocrx_word' id='word_1_1056' title='bbox 1341 2645 1363 2668; x_wconf 98' lang='lat'>1.</span> <span class='ocrx_word' id='word_1_1057' title='bbox 1382 2642 1412 2668; x_wconf 92' lang='lat' dir='ltr'>L.</span> <span class='ocrx_word' id='word_1_1058' title='bbox 1431 2642 1488 2668; x_wconf 76' lang='lat' dir='ltr'>XII.</span> <span class='ocrx_word' id='word_1_1059' title='bbox 1514 2640 1596 2667; x_wconf 86' lang='lat' dir='ltr'>Tabb.</span> <span class='ocrx_word' id='word_1_1060' title='bbox 1616 2638 1684 2665; x_wconf 59' lang='lat' dir='ltr'>VIII.</span> <span class='ocrx_word' id='word_1_1061' title='bbox 1703 2641 1744 2665; x_wconf 68' lang='lat'>⁴21.</span> <span class='ocrx_word' id='word_1_1062' title='bbox 1773 2655 1805 2658; x_wconf 88' lang='lat'>—</span> <span class='ocrx_word' id='word_1_1063' title='bbox 1836 2640 1865 2673; x_wconf 57' lang='grc' dir='ltr'>ᾗ.</span> <span class='ocrx_word' id='word_1_1064' title='bbox 1886 2642 1920 2666; x_wconf 73' lang='grc'>2.</span> 
     </span>
    </p>
   </div>
   <div class='ocr_carea' id='block_1_16' title="bbox 1090 2682 1920 2719">
    <p class='ocr_par' dir='ltr' id='par_1_29' title="bbox 1090 2682 1920 2719">
     <span class='ocr_line' id='line_1_124' title="bbox 1090 2682 1920 2719; baseline -0.004 -7"><span class='ocrx_word' id='word_1_1065' title='bbox 1090 2687 1190 2715; x_wconf 68' lang='lat' dir='ltr'>Reus.</span> <span class='ocrx_word' id='word_1_1066' title='bbox 1209 2687 1266 2719; x_wconf 79' lang='lat' dir='ltr'>qai</span> <span class='ocrx_word' id='word_1_1067' title='bbox 1288 2691 1462 2719; x_wconf 81' lang='lat' dir='ltr'>patronum</span> <span class='ocrx_word' id='word_1_1068' title='bbox 1488 2693 1603 2710; x_wconf 71' lang='lat' dir='ltr'>causae</span> <span class='ocrx_word' id='word_1_1069' title='bbox 1623 2684 1753 2709; x_wconf 68' lang='lat' dir='ltr'>invenit.</span> <span class='ocrx_word' id='word_1_1070' title='bbox 1790 2682 1832 2708; x_wconf 89' lang='grc'>111.</span> <span class='ocrx_word' id='word_1_1071' title='bbox 1856 2684 1920 2710; x_wconf 84' lang='grc' dir='ltr'>οη.</span> 
     </span>
    </p>
   </div>
   <div class='ocr_carea' id='block_1_17' title="bbox 1091 2725 1921 2849">
    <p class='ocr_par' dir='ltr' id='par_1_30' title="bbox 1091 2725 1921 2849">
     <span class='ocr_line' id='line_1_125' title="bbox 1091 2725 1921 2761; baseline -0.004 -7"><span class='ocrx_word' id='word_1_1072' title='bbox 1091 2727 1244 2754; x_wconf 81' lang='lat' dir='ltr'>Honorariis</span> <span class='ocrx_word' id='word_1_1073' title='bbox 1264 2727 1366 2754; x_wconf 85' lang='lat' dir='ltr'>scilicet</span> <span class='ocrx_word' id='word_1_1074' title='bbox 1385 2738 1397 2753; x_wconf 80' lang='lat' dir='ltr'>a</span> <span class='ocrx_word' id='word_1_1075' title='bbox 1418 2726 1556 2753; x_wconf 79' lang='lat' dir='ltr'>clientibus</span> <span class='ocrx_word' id='word_1_1076' title='bbox 1576 2741 1608 2744; x_wconf 97' lang='lat'><strong>—</strong></span> <span class='ocrx_word' id='word_1_1077' title='bbox 1628 2725 1809 2752; x_wconf 82' lang='lat' dir='ltr'>disertissimis</span> <span class='ocrx_word' id='word_1_1078' title='bbox 1828 2727 1921 2761; x_wconf 75' lang='lat' dir='ltr'>togatis</span> 
     </span>
     <span class='ocr_line' id='line_1_126' title="bbox 1091 2767 1921 2807; baseline -0.004 -10"><span class='ocrx_word' id='word_1_1079' title='bbox 1091 2770 1241 2797; x_wconf 88' lang='lat' dir='ltr'>omnimodo</span> <span class='ocrx_word' id='word_1_1080' title='bbox 1261 2770 1431 2807; x_wconf 68' lang='lat' dir='ltr'>praestandis.</span> <span class='ocrx_word' id='word_1_1081' title='bbox 1452 2779 1473 2795; x_wconf 88' lang='lat' dir='ltr'>c.</span> <span class='ocrx_word' id='word_1_1082' title='bbox 1488 2770 1527 2794; x_wconf 83' lang='grc'>13.</span> <span class='ocrx_word' id='word_1_1083' title='bbox 1547 2768 1569 2801; x_wconf 87' lang='lat'>5.</span> <span class='ocrx_word' id='word_1_1084' title='bbox 1584 2769 1607 2795; x_wconf 91' lang='grc'>9.</span> <span class='ocrx_word' id='word_1_1085' title='bbox 1627 2768 1659 2795; x_wconf 83' lang='lat' dir='ltr'>de</span> <span class='ocrx_word' id='word_1_1086' title='bbox 1678 2768 1754 2795; x_wconf 84' lang='lat' dir='ltr'>iudic.</span> <span class='ocrx_word' id='word_1_1087' title='bbox 1773 2769 1797 2794; x_wconf 85' lang='lat'>3.</span> <span class='ocrx_word' id='word_1_1088' title='bbox 1818 2770 1840 2794; x_wconf 79' lang='grc' dir='ltr'>Ι,</span> <span class='ocrx_word' id='word_1_1089' title='bbox 1871 2767 1921 2793; x_wconf 81' lang='lat' dir='ltr'>Pro</span> 
     </span>
     <span class='ocr_line' id='line_1_127' title="bbox 1091 2810 1921 2849; baseline -0.005 -9"><span class='ocrx_word' id='word_1_1090' title='bbox 1091 2813 1143 2840; x_wconf 69' lang='lat' dir='ltr'>fide</span> <span class='ocrx_word' id='word_1_1091' title='bbox 1164 2818 1242 2849; x_wconf 84' lang='lat' dir='ltr'>atque</span> <span class='ocrx_word' id='word_1_1092' title='bbox 1262 2813 1388 2839; x_wconf 87' lang='lat' dir='ltr'>industria</span> <span class='ocrx_word' id='word_1_1093' title='bbox 1413 2821 1470 2847; x_wconf 74' lang='lat' dir='ltr'>erga</span> <span class='ocrx_word' id='word_1_1094' title='bbox 1495 2810 1603 2837; x_wconf 83' lang='lat' dir='ltr'>clientes</span> <span class='ocrx_word' id='word_1_1095' title='bbox 1624 2812 1802 2848; x_wconf 79' lang='lat' dir='ltr'>comprobata.</span> <span class='ocrx_word' id='word_1_1096' title='bbox 1822 2827 1854 2830; x_wconf 89' lang='lat'><em>-</em></span> <span class='ocrx_word' id='word_1_1097' title='bbox 1873 2810 1921 2836; x_wconf 81' lang='lat' dir='ltr'>cla-</span> 
     </span>
    </p>
   </div>
   <div class='ocr_carea' id='block_1_18' title="bbox 1424 2856 1481 2880">
    <p class='ocr_par' dir='ltr' id='par_1_31' title="bbox 1424 2856 1481 2880">
     <span class='ocr_line' id='line_1_128' title="bbox 1424 2856 1481 2880; baseline 0.018 -1"><span class='ocrx_word' id='word_1_1098' title='bbox 1424 2856 1454 2880; x_wconf 83' lang='grc'>19</span> <span class='ocrx_word' id='word_1_1099' title='bbox 1468 2856 1481 2862; x_wconf 67' lang='grc'>”’</span> 
     </span>
    </p>
   </div>
  </div>
 </body>
</html>
