2197 3121
1050 172 1130 203 PRI.

224 266 276 293 quo
300 257 413 294 primum
436 257 532 294 possit.
555 255 586 282 fr.
606 256 665 282 217.
690 264 729 292 pr.
754 254 787 281 de
810 253 842 281 V.
862 253 889 280 S.
910 255 950 280 50.
972 254 1011 280 16.
1033 254 1064 280 cf.

223 299 253 326 fr.
275 301 296 325 l.
317 300 339 334 ξ.
361 301 385 326 l.
405 310 438 326 ex
457 309 500 336 qu.
520 309 542 325 c.
562 299 622 325 mai.
640 299 664 324 4.
683 299 710 324 6.
730 296 759 324 fr.
779 299 821 324 20.
845 297 866 331 §.
886 299 910 323 5.
934 296 966 323 (18
985 301 1065 323 statu-

222 342 267 369 lib.
287 344 328 368 40.
354 344 375 369 7.
414 342 462 373 Vt,
493 351 551 368 cum
575 342 651 379 prim.
677 341 779 378 possiS‚
804 345 852 367 etc.
878 339 935 366 Gai.
956 339 985 366 ΙΙ.
1005 342 1063 367 250.

222 384 253 411 fr.
274 386 297 411 8.
318 385 350 412 de
369 384 481 422 pollicit.
501 386 541 411 50.
563 386 603 410 12.
640 383 676 410 Vt
700 384 824 421 primum,
849 381 1001 420 (profectus
1025 387 1065 409 est

223 428 290 461 etc.)
311 428 340 454 fr.
359 430 402 454 35.
425 427 447 461 ξ.
466 428 490 454 8.
511 437 542 454 ex
562 437 605 464 qu.
625 437 647 454 8.
667 427 724 453 mai.
744 428 768 452 4.
788 427 812 452 6.
836 425 866 452 fr.
885 426 927 451 26.
947 426 968 459 §.
990 427 1012 452 1.
1032 425 1064 452 de

222 470 283 497 furt.
304 472 345 497 47.
365 473 388 497 2.

261 514 425 540 Primus.
444 513 573 547 (Adiect.)
601 513 633 547 §.
654 514 688 539 1.
709 514 820 544 Prior,
841 512 1006 545 Superior.
1044 510 1063 537 I.

223 557 285 591 Sy.
304 555 386 582 Prior.
409 555 469 593 le.
490 555 509 582 1.
527 557 551 582 3.
571 557 613 583 21.
639 555 669 583 fr.
688 557 730 582 27.
754 555 776 589 §.
794 555 818 580 3.
838 553 871 580 de
890 558 957 590 pact.
977 555 1001 580 2.
1023 555 1063 580 14.

222 598 387 635 Principalis
409 598 458 625 Th.
479 597 510 625 C.
530 598 587 625 XII.
608 600 629 625 l.
650 609 671 626 c.
693 600 750 624 127.
770 607 791 624 8.
806 598 863 622 171.
883 596 905 629 ξ.
926 598 948 622 1.
969 596 1001 623 (18
1021 596 1064 623 de-

222 643 321 668 81111011.
358 640 457 667 Potior.
482 640 539 667 Gai.
564 641 593 667 II.
613 643 672 668 207.
709 640 850 677 SuperiuS‚
875 638 989 665 Primum
1009 641 1063 672 (te-

222 684 403 717 stamentum.)
423 683 460 710 Id.
480 683 509 710 II.
531 685 588 710 144.
611 685 667 710 149.
704 683 735 710 H.
755 684 823 716 ⁰1).
844 681 996 713 Secundus.
1017 682 1063 709 Se-

222 737 313 764 quens.
338 726 368 753 fr.
391 728 430 753 14.
450 736 488 763 pr.
509 726 541 753 de
566 726 610 753 lib.
632 731 658 753 et
676 725 762 763 posth.
781 727 822 750 28.
842 726 866 751 2.
886 724 916 751 fr.
937 727 977 751 77.
997 726 1018 759 ξ.
1038 727 1061 752 9.

221 769 254 796 de
273 769 349 806 legat.
369 769 398 795 11.
419 770 486 802 (31.)
507 769 537 795 t'r.
553 771 592 796 11.
613 770 634 803 §.
654 771 678 795 5.
698 768 729 794 ad
748 767 778 794 L.
799 767 868 794 Pale.
888 770 928 794 35.
949 770 972 794 2.
993 768 1023 795 fr.
1036 770 1061 794 2.

220 823 259 850 pr.
281 812 313 839 de
332 812 393 838 bon.
413 811 500 838 libert.
520 813 562 838 38.
581 814 606 838 2.
641 810 758 838 Inferior.
779 810 836 837 Gai.
856 810 873 836 1.
893 812 935 837 99.
972 810 1063 837 Postc-

220 856 283 886 rior.
303 855 465 882 Postremus.
495 854 550 882 Gai.
570 854 612 881 111.
633 855 690 880 174.
715 853 756 880 Cf.
776 864 800 880 v.
820 853 962 880 Posterior.
1000 852 1062 879 Sive

221 902 312 925 contra
330 899 427 935 primas
447 907 589 935 personas,
614 897 670 923 sive
690 901 780 923 contra
800 895 925 927 heredes.
944 895 986 922 vel
1005 905 1062 922 suc-

221 950 342 967 cessores
367 951 465 967 eorum.
491 951 512 967 c.
531 941 573 966 23.
592 949 631 976 pr.
656 939 688 966 de
708 939 757 966 SS.
777 938 840 966 eccl.
862 940 883 965 l.
902 940 926 964 2.
965 938 1062 975 Supre-

219 994 286 1010 mus.
308 984 338 1010 fr.
356 986 380 1010 2.
400 984 422 1017 §.
438 985 460 1009 l.
481 983 513 1009 de
528 982 558 1009 V.
573 981 600 1008 S.
613 984 655 1009 50.
677 983 716 1009 16.
753 981 796 1008 III.
808 983 873 1009 Cn.
892 981 978 1008 Prima
997 981 1062 1007 facie

220 1026 317 1059 (videri
337 1027 398 1059 etc.)
419 1026 449 1053 l'r.
468 1027 510 1051 32.
536 1025 557 1059 ξ.
578 1026 601 1051 9.
622 1024 654 1051 118
673 1035 724 1051 rec.
745 1035 788 1061 qu.
809 1024 861 1051 arb.
882 1026 905 1051 4.
925 1025 949 1051 8.
969 1024 999 1050 fr.
1022 1026 1060 1050 10.

218 1079 258 1106 pr.
283 1069 315 1095 de.
339 1069 407 1095 alim.
427 1079 451 1095 v.
472 1068 552 1094 cibar.
569 1069 611 1094 34.
633 1070 654 1095 1.
696 1067 725 1094 Si
749 1068 808 1104 quis
831 1068 971 1094 intestatus
995 1077 1061 1093 mor-

219 1116 281 1138 tuus
300 1113 343 1143 sit,
362 1112 443 1148 prima
463 1121 540 1137 causa
560 1116 600 1137 est
620 1116 668 1137 etc.
692 1110 748 1137 Gai.
768 1110 798 1136 II.
820 1112 876 1136 157.
895 1112 954 1136 207.
992 1110 1061 1136 Con-

220 1154 279 1181 cedi
298 1154 366 1181 solet
380 1170 409 1174 -—-
425 1154 583 1180 connubium
603 1164 661 1180 cum
681 1153 731 1184 his,
748 1169 780 1173 -—
800 1163 864 1190 quas
884 1154 980 1190 primas
1000 1158 1060 1190 post

219 1198 370 1224 missionem
394 1207 490 1224 uxores
515 1197 646 1223 duxerint.
672 1196 707 1222 Id.
728 1196 746 1222 1.
766 1198 808 1222 57.
844 1195 988 1233 Tamquam
1007 1197 1060 1233 pri-

218 1249 275 1266 mus
295 1255 327 1259 —
346 1241 445 1266 curiam
464 1249 560 1275 regere.
587 1239 636 1266 Th.
651 1239 681 1266 C.
701 1239 758 1265 XII.
780 1241 802 1266 1.
822 1249 843 1265 c.
865 1240 922 1265 171.
942 1239 963 1273 §.
982 1240 1007 1264 2.
1027 1238 1059 1265 de
1081 1253 1082 1266 1

218 1281 350 1309 decurion.
392 1282 582 1319 Decemprimi,
607 1282 740 1320 Sexprimi
763 1287 811 1308 etc.
837 1281 879 1308 Cf,
905 1291 928 1308 v.
950 1281 1058 1313 Decem,

216 1335 242 1351 v.
256 1324 318 1352 Sex.
332 1341 365 1344 ——
384 1325 416 1358 ξ.
431 1327 515 1352 LA.
537 1327 574 1352 ln
590 1327 724 1360 primis,
743 1326 760 1352 i.
780 1335 799 1351 e.
820 1326 909 1351 Inter
926 1327 1058 1359 primos,

216 1369 300 1395 Prae
318 1370 468 1395 caeteris.
505 1368 548 1394 111.
569 1369 634 1396 Cn.
659 1368 688 1394 In
712 1369 818 1405 primis,
837 1382 871 1387 —
895 1367 990 1394 deinde
1009 1372 1057 1393 etc.

217 1410 274 1437 Gai.
293 1410 323 1437 II.
345 1412 401 1437 114.
425 1410 454 1437 fr.
474 1411 498 1439 8.
523 1411 544 1445 §.
563 1412 589 1438 8.
611 1411 643 1437 de
667 1416 789 1438 transact.
808 1413 832 1438 2.
855 1412 893 1437 15.
931 1410 972 1437 Ill.
993 1412 1058 1438 Gn.

216 1453 248 1480 Si
271 1463 438 1490 quaerainuS‚
467 1464 499 1480 an
523 1458 572 1480 etc.
594 1470 625 1475 ·—-
651 1455 678 1480 in
700 1464 738 1491 pr.
764 1454 901 1481 advertere
924 1454 1058 1480 debemus.

217 1495 274 1523 Gai.
294 1496 310 1522 l.
330 1496 347 1523 l.
378 1496 406 1522 ln
426 1506 465 1533 pr.
486 1497 577 1533 igitur,
601 1506 622 1523 s.
642 1498 738 1534 itaque.
763 1497 799 1523 ld.
820 1496 848 1523 Il.
868 1498 928 1524 248.
954 1496 996 1524 IV.
1017 1498 1057 1523 70.

217 1539 297 1575 Quod
317 1540 342 1566 in
362 1540 454 1576 primis
475 1544 523 1565 est.
547 1539 577 1566 fr.
595 1541 637 1566 34.
657 1540 678 1574 §.
699 1542 722 1566 5.
743 1539 775 1566 de
793 1539 869 1576 legat.
889 1540 919 1566 II.
939 1540 1006 1573 (31.)
1027 1555 1056 1559 —
1079 1546 1081 1574 ji

216 1583 247 1616 ἓ.
262 1584 297 1609 2.
319 1584 470 1609 Proxime
484 1584 632 1618 futurus.
670 1582 711 1609 111.
727 1584 792 1610 Gn.
811 1583 852 1609 Ex
869 1582 994 1609 Calendis
1008 1583 1059 1619 pri-

216 1626 274 1651 mis.
311 1625 381 1651 Intra
402 1624 459 1651 Cal.
484 1626 589 1662 primas.
615 1625 644 1652 fr.
665 1627 688 1652 7.
714 1626 751 1659 ἕξ.
773 1627 794 1652 1.
815 1635 855 1662 sq.
879 1626 927 1652 sol.
948 1626 1057 1652 matrim.

216 1670 258 1694 24.
278 1670 302 1695 3.
329 1668 359 1695 sr.
381 1670 438 1694 135.
463 1668 483 1701 §.
503 1669 528 1694 2.
554 1667 586 1694 dc
604 1667 636 1695 V.
657 1668 690 1695 Ο.
716 1671 757 1694 45.
782 1670 803 1695 1.
846 1668 930 1695 Prima
955 1678 1058 1704 quaque
1079 1666 1080 1675 ³

217 1709 259 1736 die
278 1710 406 1743 (reddas.)
427 1710 456 1737 fr.
475 1713 517 1737 25.
536 1721 576 1748 pr.
595 1711 628 1737 ad
648 1711 713 1738 S.C.
734 1710 812 1738 Treb.
828 1713 869 1738 36.
885 1713 907 1738 1.
922 1728 951 1732 —
973 1712 1004 1745 §.
1021 1712 1057 1737 3.
1079 1737 1080 1744 ¹

218 1755 433 1780 Novissimus.
470 1753 488 1780 I.
504 1755 564 1788 Sy.
585 1753 698 1780 Vltimus
712 1754 829 1790 (gradus,
847 1765 866 1781 5.
881 1754 986 1787 1101101·.)
1007 1753 1056 1780 Τ11.
1079 1782 1080 1792 ¹

218 1795 248 1822 C.
268 1795 311 1822 VI.
330 1798 371 1822 26.
391 1807 412 1822 c.
432 1797 456 1823 6.
476 1796 508 1822 de
528 1806 601 1833 prox.
624 1798 710 1823 comit.
732 1796 775 1823 Vl.
792 1799 833 1823 27.
855 1808 875 1824 c.
896 1799 919 1824 4.
940 1798 961 1831 §.
985 1799 1005 1823 1.
1025 1796 1057 1823 de

217 1843 300 1875 agent.
320 1839 345 1864 in
364 1839 418 1865 reb.
455 1838 496 1865 Ill.
507 1840 574 1866 Gn.
593 1839 617 1865 A
636 1841 718 1876 prima
737 1845 821 1866 aetate
840 1840 936 1873 (fuisse
955 1840 981 1866 in
1001 1841 1056 1866 eius

217 1881 320 1913 domo.)
345 1892 365 1907 c.
388 1883 427 1907 17.
447 1881 480 1907 de
499 1881 523 1908 11.
544 1892 587 1918 qu.
607 1892 692 1908 accus.
712 1884 735 1909 9.
757 1884 779 1909 1.
817 1883 870 1919 Qui
890 1892 987 1920 pueros
1006 1883 1057 1920 pri-

216 1934 271 1951 mas
299 1924 399 1950 litteras
424 1924 527 1950 docent.
556 1925 587 1952 fr.
610 1927 634 1951 2.
664 1925 685 1959 §.
705 1925 729 1951 8.
754 1925 786 1951 (18
814 1930 896 1952 vacat.
921 1930 947 1952 et
967 1935 1055 1952 excus.

215 1969 256 1994 50.
276 1969 299 1993 5.

253 2010 449 2043 Princeps.
491 2011 521 2043 ξ.
540 2010 575 2036 l.
604 2012 740 2042 Auctor,
769 2012 882 2045 Caput.
924 2010 965 2037 Ill.
989 2012 1055 2039 Gn.

216 2052 263 2079 Sui
282 2054 346 2079 iuris
366 2057 427 2078 511111
447 2052 601 2079 familiarum
620 2062 725 2079 suarum
739 2054 881 2091 principeS‚
901 2055 916 2080 i.
932 2065 952 2080 e.
973 2059 1056 2091 pater-

216 2095 273 2122 fam.
299 2101 348 2122 etc.
374 2095 433 2132 le.
454 2095 498 2121 IV.
520 2097 542 2121 1.
567 2095 598 2122 cf.
623 2095 653 2122 fr.
672 2098 696 2122 2.
721 2096 742 2129 ξ.
762 2099 803 2123 35.
829 2096 861 2123 de
886 2096 918 2123 Ο.
945 2097 962 2124 1.
991 2100 1011 2124 1.
1031 2100 1054 2125 2.

217 2138 271 2174 Qui
290 2139 413 2175 princeps
440 2138 517 2164 fuerit
541 2138 638 2165 delicti.
664 2138 694 2166 fr.
716 2141 755 2165 10.
780 2139 812 2165 dc
831 2150 908 2166 servo
928 2150 994 2167 corr.
1016 2143 1054 2167 11.
1076 2159 1078 2179 3

217 2182 241 2207 3.
262 2181 292 2207 cf.
317 2181 386 2207 Coll.
406 2181 458 2208 LL.
480 2181 512 2208 M.
532 2181 591 2208 XV.
610 2183 633 2207 3.
655 2197 686 2201 -
711 2183 741 2216 §.
762 2184 797 2209 2.
823 2185 1054 2217 Praepositae,

218 2225 409 2257 Praefectus
429 2224 624 2261 (palatinorum.
644 2224 685 2250 vel
699 2225 871 2258 officialium.)
890 2225 981 2260 LSy.
1002 2226 1055 2262 Qui
1076 2243 1077 2250 1

217 2266 390 2302 principatum
412 2267 558 2293 officiorum
578 2271 677 2302 gerunt.
715 2267 851 2305 Principes
871 2270 935 2306 (per
953 2269 1054 2305 singula

219 2308 330 2340 officia.)
356 2308 404 2336 Th.
430 2309 460 2336 C.
486 2309 552 2336 VIII.
575 2311 612 2335 15.
638 2320 659 2336 c.
679 2311 703 2336 3.
730 2321 750 2337 c.
771 2313 794 2336 5.
819 2311 840 2345 §.
861 2313 883 2337 1.
908 2311 940 2338 de
960 2313 991 2338 iis
1012 2322 1054 2348 qu.

219 2351 419 2378 admin.XIl.1.
439 2362 459 2378 c.
476 2354 531 2378 105.
552 2352 584 2378 de
603 2352 736 2379 decurion.
774 2353 814 2380 III.
834 2355 899 2381 Cn.
919 2353 1054 2392 Princeps.
1076 2370 1077 2373 =

219 2393 415 2425 cornicularius.
435 2397 684 2423 commentariensis.
705 2397 875 2428 numerarius.
892 2402 917 2423 et
931 2397 1054 2424 ordinarii
1076 2416 1077 2435 ;

217 2447 265 2474 per
288 2435 387 2472 singula
412 2436 505 2463 officia.
533 2437 582 2464 Th.
603 2438 633 2465 C.
657 2438 721 2465 VIII.
744 2440 782 2464 15.
809 2449 828 2464 c.
849 2440 872 2465 3.
894 2439 925 2465 81.
954 2439 990 2466 lb.
1011 2439 1052 2466 Vl.

217 2480 258 2505 26.
278 2489 298 2505 c.
313 2480 335 2504 5.
357 2478 389 2504 de
406 2489 481 2515 prox.
501 2490 565 2506 com.
586 2481 653 2518 disp.
691 2481 753 2508 Sine
773 2483 879 2507 notione
899 2483 1053 2520 principum.

218 2523 262 2558 qui
282 2521 313 2547 de
332 2526 450 2557 agentum
471 2522 495 2547 in
516 2522 593 2548 rebus
612 2533 719 2551 numero
739 2524 771 2550 ad
784 2524 950 2560 gubernanda
968 2525 1054 2552 ol'licia

218 2565 372 2600 diriguntur.
392 2563 427 2590 lb.
449 2564 493 2590 Vl.
512 2566 553 2591 28.
574 2575 595 2591 8.
614 2567 637 2591 6.
657 2567 689 2593 cf.
710 2578 730 2593 8.
752 2569 773 2593 l.
795 2578 815 2593 c.
835 2569 858 2594 3.
879 2578 899 2593 c.
921 2569 943 2594 7.
963 2578 1001 2604 sq.
1022 2568 1053 2595 de
1075 2568 1076 2592 l

217 2608 328 2645 princip.
348 2612 431 2643 agent.
451 2608 476 2633 in
496 2607 550 2633 reb.
588 2606 735 2645 Principes,
759 2611 837 2646 primi
856 2621 960 2647 qnoque
979 2611 1053 2637 scho-

217 2651 306 2677 larum.
326 2649 362 2675 lb.
383 2649 425 2676 Vl.
444 2651 485 2676 29.
506 2660 527 2676 c.
547 2650 570 2675 6.
591 2649 623 2675 (le
643 2652 737 2678 curios.
759 2668 788 2672 —
810 2653 841 2686 §.
853 2655 890 2679 3.
912 2655 1052 2688 Impera·
1074 2667 1075 2680 1

217 2700 280 2725 tor,
302 2695 355 2727 qui
373 2694 493 2726 reipub.
511 2698 647 2726 praeest.
685 2693 703 2719 I.
718 2695 778 2728 Sy.
798 2695 949 2732 Imperator.
970 2696 1009 2723 CF.
1027 2697 1051 2724 h.

218 2746 242 2762 v.
268 2735 374 2762 Caesar.
399 2734 429 2761 fr.
449 2736 472 2761 8.
493 2745 532 2771 sq.
557 2734 589 2760 de
613 2735 656 2760 oll'.
676 2734 762 2762 Praes.
784 2739 805 2763 1.
827 2740 866 2764 18.
891 2738 920 2765 fr.
944 2740 998 2765 191.
1020 2739 1052 2766 de

218 2778 248 2805 R.
268 2779 286 2805 1.
306 2780 346 2804 50.
369 2779 406 2803 17.
448 2777 586 2803 Dominus.
611 2776 652 2803 Cf.
673 2777 697 2803 h.
717 2787 740 2803 v.
770 2779 791 2812 ξ.
811 2782 837 2806 2.
872 2781 911 2807 Ill.
932 2783 997 2809 Cn.
1023 2782 1051 2808 Si

218 2821 359 2857 Imperator
388 2825 478 2846 noster
500 2819 648 2857 Principem
673 2819 782 2846 alicuius
805 2825 934 2858 peregrini
958 2824 1049 2861 populi

1891 177 1953 206 759

1110 253 1143 281 de
1166 264 1229 292 pace
1255 254 1290 280 ita
1314 255 1464 291 interroget.
1496 254 1553 283 Gai.
1577 255 1620 282 111.
1646 257 1687 282 94.
1729 255 1951 289 Constitutiones‚

1111 307 1175 334 quas
1200 296 1404 330 Constantinus,
1432 299 1648 336 posterioresque
1672 297 1822 336 Principes.
1850 310 1879 326 ac
1903 309 1951 326 nos

1110 340 1225 367 tulimus.
1246 339 1294 366 Tb.
1312 340 1341 367 C.
1356 340 1374 367 1.
1390 342 1412 367 1.
1433 351 1453 368 c.
1468 342 1491 368 6.
1506 352 1545 379 pr.
1565 341 1596 368 cf.
1618 352 1638 368 c.
1651 343 1675 368 5.
1695 341 1800 375 (ch.)
1821 342 1853 368 de
1867 347 1950 369 const.

1109 382 1151 410 Pr.
1172 383 1203 410 cs.
1222 382 1280 410 XII.
1296 384 1318 409 1.
1339 393 1360 409 8.
1376 384 1431 410 177.
1450 394 1490 421 pr.
1510 384 1542 411 (18
1562 384 1695 411 decurion.
1734 384 1813 420 Quod
1833 385 1866 411 D.
1886 385 1951 412 Illar-

1110 436 1164 458 8115.
1182 436 1211 452 ac
1223 430 1316 463 postea
1329 426 1456 452 maximus
1469 426 1604 464 Princeps,
1624 427 1770 454 iudicantes
1783 429 1867 454 secuti
1881 433 1951 455 sunt.

1108 468 1139 495 t'r.
1161 470 1199 495 17.
1219 479 1259 506 pr.
1284 467 1317 495 de
1341 470 1486 506 quaestion.
1507 471 1548 496 48.
1570 472 1609 496 18.
1647 470 1710 508 Imp.
1731 470 1829 497 Caesar
1848 487 1880 490 —
1900 470 1949 497 Ha-

1109 511 1215 538 drianus
1234 511 1275 543 A.‚
1294 513 1475 548 maximusque
1494 512 1629 550 Princeps.
1658 513 1689 540 l’r.
1708 515 1749 540 20.
1768 514 1789 547 §.
1811 514 1833 540 6.
1854 513 1887 539 (18
1906 513 1950 539 118-

1108 554 1162 580 red.
1183 559 1235 591 pet.
1249 556 1272 580 5.
1285 556 1310 581 3.
1347 554 1383 581 Vt
1402 559 1443 581 est
1462 557 1633 582 constitutum
1652 567 1665 582 a
1682 556 1759 583 Divis
1773 555 1949 593 Principibus.

1107 596 1137 623 fr.
1151 599 1192 624 3⁸.
1213 597 1246 623 de
1259 596 1290 623 N.
1306 597 1338 624 G.
1357 599 1381 624 3.
1401 600 1424 624 5.
1462 598 1545 625 Maius
1564 600 1701 636 imperium
1721 600 1747 625 in
1767 610 1795 625 ea
1814 599 1950 636 provincia

1107 639 1185 666 babet
1205 641 1253 673 (sc.
1267 639 1374 667 Procas.
1388 650 1412 667 v.
1426 640 1549 674 Praeses)
1569 642 1699 674 omnibus,
1718 647 1780 679 post
1792 641 1949 679 Principem.

1107 683 1138 710 fr.
1158 684 1181 709 8.
1202 683 1234 710 (18
1253 684 1296 710 off.
1317 683 1392 710 Proc.
1413 689 1438 710 et
1456 683 1518 720 Leg.
1541 686 1562 710 1.
1584 686 1624 710 16.
1649 684 1679 711 fr.
1698 686 1721 710 4.
1742 684 1774 710 de
1794 685 1840 711 off.
1860 684 1948 712 Praes.

1109 728 1130 752 l.
1151 727 1190 752 18.
1227 725 1380 759 Restitutio,
1402 737 1478 763 quam
1497 726 1539 753 Pr.
1559 727 1601 754 vel
1615 726 1728 754 Senatus
1743 727 1861 754 indulsit.
1882 727 1911 754 sr.
1927 729 1948 754 l.

1107 769 1128 802 ξ.
1151 771 1189 794 10.
1210 768 1242 795 de
1261 769 1358 806 postul.
1378 771 1402 796 3.
1424 771 1446 796 l.
1484 769 1564 805 Quod
1584 769 1653 806 lege.
1673 770 1700 796 S.
1710 769 1770 802 Cto,
1791 771 1886 802 edicto,
1906 771 1949 797 de-

1107 816 1212 838 cretove
1231 811 1382 849 Principum
1402 813 1450 839 tibi
1471 823 1626 839 concessum
1646 818 1694 839 est.
1714 812 1744 840 fr.
1757 815 1781 840 2.
1794 824 1833 850 pr.
1853 824 1886 840 ne
1906 824 1947 850 qu.

1107 855 1133 880 in
1158 854 1216 881 loco
1242 855 1302 891 pub.
1323 857 1364 882 43.
1385 857 1409 882 8.
1451 855 1616 882 constitutio
1640 855 1770 893 Principis
1795 861 1848 888 est,
1877 856 1948 892 quod

1107 896 1251 933 Imperator
1274 897 1393 929 decreto,
1418 898 1460 925 vel
1481 898 1581 930 edicto,
1604 898 1646 926 vel
1671 898 1783 936 epistola
1804 900 1947 925 constitnit.

1107 939 1163 966 Gai.
1183 939 1202 965 I.
1216 942 1239 966 5.
1260 940 1328 966 1“1·.1.
1348 951 1386 977 pr.
1408 941 1429 974 ξ
1450 943 1469 967 l.
1491 941 1524 968 (18
1543 946 1626 968 const.
1647 941 1688 968 Pr.
1710 943 1731 967 l.
1752 943 1775 968 4.
1813 941 1863 968 Per
1883 943 1948 968 eius-

1106 982 1165 1008 dem
1179 982 1309 1020 Principis
1330 985 1544 1011 constitutionem
1558 988 1695 1011 coercetur
1713 985 1808 1017 (maior
1820 986 1948 1022 asperitas

1105 1025 1292 1057 dominorum.)
1330 1025 1395 1052 Nam
1415 1027 1552 1053 consultus
1573 1042 1603 1046 —-
1624 1028 1758 1065 praecepit
1778 1032 1826 1054 etc.
1852 1027 1908 1054 Gai.
1929 1027 1946 1053 I.

1082 1075 1084 1089 Ι
1105 1070 1146 1094 53.
1187 1068 1210 1094 A
1234 1068 1358 1106 Principe
1381 1070 1435 1105 peti
1459 1069 1541 1101 solet,
1566 1075 1594 1096 ut
1619 1087 1649 1091 —
1675 1070 1752 1097 liceat
1777 1075 1826 1097 etc.
1856 1070 1886 1097 l'r.
1907 1072 1946 1096 14.

1106 1111 1126 1144 ξ.
1146 1113 1171 1137 2.
1191 1111 1223 1137 de
1242 1113 1332 1138 servit.
1352 1113 1376 1138 8.
1398 1113 1419 1138 1.
1441 1112 1473 1138 cl'.
1493 1112 1522 1138 fr.
1545 1114 1584 1138 12.
1604 1123 1643 1150 pr.
1663 1113 1695 1139 de
1715 1113 1803 1139 Senat.
1825 1115 1846 1140 1.
1866 1114 1889 1139 9.
1919 1112 1947 1139 Si

1082 1155 1083 1168 ¹
1105 1155 1145 1180 ius
1170 1154 1314 1181 liberorum
1339 1165 1351 1181 a
1372 1154 1494 1192 PrIncipe
1519 1156 1724 1192 impetraverint.
1752 1155 1812 1192 le.
1832 1155 1903 1181 XVI.
1925 1157 1946 1181 1.

1106 1196 1188 1223 Vatic.
1214 1198 1236 1231 ξ.
1257 1199 1315 1223 170.
1352 1198 1422 1224 Ante
1446 1203 1563 1235 tempora
1583 1199 1695 1235 Augusti
1714 1199 1820 1236 publIce
1840 1208 1947 1236 respon-

1104 1239 1182 1266 dendi
1202 1241 1242 1266 ius
1265 1250 1317 1266 non
1341 1251 1354 1266 a
1373 1240 1542 1278 Principibus
1567 1240 1684 1268 dabatur.
1710 1242 1740 1268 fr.
1759 1244 1782 1267 2.
1808 1242 1829 1275 ξ.
1849 1243 1890 1268 47.
1915 1241 1947 1267 de

1080 1279 1082 1283 ’
1105 1282 1137 1308 Ο.
1152 1282 1170 1308 I.
1187 1284 1207 1308 l.
1221 1285 1245 1309 2.
1282 1283 1408 1319 Augusta,
1427 1283 1490 1310 licet
1509 1283 1612 1320 legibus
1632 1285 1717 1311 soluta
1736 1295 1787 1311 non
1808 1289 1856 1317 est,
1875 1284 1946 1311 Prin-

1104 1326 1176 1362 cipes
1201 1330 1286 1352 tamen
1312 1326 1401 1353 eadem
1426 1326 1465 1353 illi
1489 1326 1625 1364 privilegia
1648 1327 1779 1359 tribuunt.
1805 1338 1871 1364 quae
1895 1328 1945 1364 ipsi

1104 1368 1208 1394 habent.
1229 1368 1258 1395 fr.
1278 1370 1320 1396 31.
1340 1369 1372 1396 de
1392 1368 1444 1396 LL.
1468 1372 1488 1396 1.
1508 1371 1532 1396 3.

1141 1412 1383 1445 Prillcipalis.
1404 1412 1541 1446 (Adiect.)
1567 1413 1597 1446 ἓ.
1619 1414 1654 1440 1.
1675 1415 1818 1444 Primus,
1838 1415 1945 1440 Prior.

1103 1454 1121 1480 I.
1142 1455 1203 1488 Sy.
1227 1454 1341 1486 Primae.
1368 1454 1532 1492 Principales
1552 1456 1698 1489 (tabulae.)
1718 1456 1749 1482 fr.
1770 1458 1792 1482 1.
1811 1456 1833 1490 ξ.
1855 1457 1893 1482 12.
1915 1455 1946 1481 ad

1103 1496 1132 1523 L.
1153 1496 1222 1524 Falc.
1242 1499 1284 1524 35.
1303 1499 1327 1524 2.
1348 1497 1378 1524 sr.
1397 1500 1421 1524 2.
1441 1498 1462 1531 ᾗ.
1482 1500 1507 1525 3.
1528 1498 1561 1525 (18
1580 1498 1696 1525 statulib.
1717 1500 1758 1524 40.
1779 1500 1801 1524 7.
1831 1498 1861 1525 II.
1878 1500 1945 1532 Op.

1103 1539 1232 1576 Sequens.
1260 1539 1316 1566 Gai.
1336 1539 1380 1566 IV.
1402 1542 1458 1567 142.
1479 1550 1518 1578 sq.
1556 1541 1699 1579 Principali
1725 1541 1784 1568 loco
1809 1542 1945 1567 institutus

1104 1582 1223 1615 (heres.)
1247 1599 1279 1602 -
1305 1582 1481 1609 Substitutus.
1511 1594 1532 1610 c.
1554 1586 1594 1610 13.
1619 1584 1651 1611 de
1674 1584 1832 1610 fideicomm.
1856 1586 1879 1610 6.
1903 1586 1945 1610 42.

1102 1625 1250 1662 Principale
1269 1626 1425 1662 coniugium.
1447 1643 1477 1646 —
1497 1626 1556 1653 Alia
1576 1628 1746 1654 matrimonia.
1767 1626 1815 1653 Th.
1831 1626 1861 1653 C.
1876 1626 1944 1653 VIII.

1104 1670 1142 1695 18.
1163 1679 1183 1695 8.
1203 1671 1228 1695 3.
1253 1668 1285 1695 de
1305 1674 1412 1696 matern.
1433 1669 1493 1695 bon.
1536 1669 1579 1696 III.
1601 1671 1666 1697 Cn.
1695 1669 1858 1707 Principales
1886 1670 1944 1696 viri.

1103 1711 1142 1738 Cf.
1168 1721 1191 1738 v.
1216 1711 1381 1749 Principalis
1407 1712 1534 1744 (Subst.)
1560 1728 1591 1732 -
1620 1713 1651 1746 ξ.
1670 1714 1705 1739 2.
1735 1715 1943 1746 Praecipuus.

1102 1754 1131 1780 II.
1147 1756 1214 1787 Op.
1234 1754 1364 1790 Sequi-lae
1383 1754 1469 1781 Iocum
1490 1755 1617 1782 obtinere.
1647 1755 1737 1792 Sequi.
1754 1772 1783 1776 —-
1804 1754 1845 1782 Pr.
1867 1755 1945 1788 (obli-

1101 1797 1182 1832 gatio.
1202 1806 1226 1822 v.
1247 1798 1350 1829 causa.)
1376 1796 1404 1823 l'r.
1425 1799 1465 1824 93.
1492 1798 1513 1831 ξ.
1533 1800 1556 1824 2.
1578 1798 1610 1824 de
1629 1798 1708 1824 solut.
1729 1799 1770 1824 46.
1790 1800 1814 1824 3.
1835 1798 1864 1824 fr.
1888 1800 1943 1824 129.

1078 1857 1079 1873 ;
1100 1840 1121 1873 ξ.
1143 1841 1165 1865 1.
1185 1839 1214 1865 fr.
1238 1841 1294 1865 178.
1315 1839 1347 1865 de
1367 1839 1397 1866 R.
1417 1840 1435 1866 1.
1455 1843 1496 1867 50.
1518 1843 1556 1868 17.
1594 1840 1753 1878 Principalis
1773 1851 1824 1873 res,
1845 1841 1945 1867 Princi-

1101 1881 1167 1919 pale.
1189 1899 1219 1902 —
1239 1882 1374 1909 Accessio.
1399 1882 1440 1909 Cf.
1461 1883 1485 1910 h.
1506 1894 1529 1909 v.
1550 1884 1570 1918 ξ.
1591 1886 1614 1910 2.
1652 1883 1810 1920 Principalis
1830 1883 1943 1915 debitor,

1101 1935 1121 1951 s.
1142 1935 1210 1951 reus.
1226 1942 1255 1946 —-
1276 1925 1420 1957 Mandator.
1441 1936 1464 1952 v.
1486 1926 1648 1953 Fideiussor.
1667 1926 1739 1953 Paul.
1760 1926 1790 1953 11.
1806 1928 1846 1952 17.
1866 1927 1942 1960 §.16.

1102 1967 1131 1994 l'r.
1151 1970 1191 1994 58.
1211 1968 1232 2001 §.
1255 1970 1276 1994 l.
1298 1968 1327 1994 l'r.
1347 1970 1388 1994 65.
1409 1968 1438 1995 fr.
1458 1971 1497 1996 71.
1518 1980 1557 2007 pr.
1578 1970 1610 1996 de
1629 1969 1746 1996 fideiuss.
1760 1971 1801 1996 46.
1817 1971 1839 1996 1.
1871 1969 1943 1995 Prin-

1101 2010 1197 2048 cipale‚
1218 2027 1248 2031 —
1272 2010 1463 2038 Heredum-ium
1489 2013 1723 2046 (sacramentum.)
1750 2023 1770 2038 8.
1793 2014 1831 2038 12.
1850 2022 1889 2049 pr.
1910 2011 1942 2037 de

1077 2061 1079 2066 '
1100 2053 1130 2080 R.
1151 2054 1181 2080 C.
1202 2055 1226 2080 4.
1248 2055 1269 2080 l.
1306 2054 1348 2080 III.
1368 2056 1434 2082 Cn.
1461 2055 1544 2082 Cuius
1568 2056 1673 2082 bonitas
1697 2055 1868 2092 principalem
1887 2065 1941 2091 gra-

1100 2097 1160 2123 dum
1180 2097 1305 2123 bonitatis
1325 2096 1411 2124 babet.
1432 2097 1462 2124 fr.
1478 2100 1517 2125 75.
1538 2099 1558 2133 §.
1573 2101 1597 2125 2.
1618 2099 1650 2125 de
1670 2098 1701 2125 V.
1716 2098 1748 2124 Ο.
1763 2100 1803 2124 45.
1820 2100 1841 2124 1.
1873 2097 1941 2124 Vsu-

1100 2150 1142 2166 rae
1162 2140 1314 2177 principalis
1334 2142 1467 2177 pecuniae.
1488 2141 1517 2167 l'r.
1538 2144 1579 2168 24.
1605 2142 1626 2175 ξ.
1651 2143 1671 2167 1.
1692 2141 1724 2167 (18
1743 2140 1802 2177 adp.
1823 2145 1849 2166 et
1867 2140 1940 2166 relat.

1099 2184 1140 2209 49.
1161 2184 1183 2209 1.
1222 2182 1355 2219 obligatio
1376 2183 1480 2220 quidem
1494 2184 1648 2221 principalis
1665 2182 1829 2215 dissolvitur,
1848 2184 1941 2220 incipit

1100 2230 1184 2252 autem
1204 2227 1286 2252 teneri
1306 2236 1365 2252 reus
1386 2226 1439 2253 litis
1459 2228 1658 2253 contestatione.
1679 2225 1735 2252 Gai.
1751 2226 1790 2252 111.
1808 2227 1864 2252 180,
1901 2226 1939 2251 111-

1099 2273 1212 2299 teresse.
1236 2285 1267 2288 -
1294 2279 1360 2305 quae
1388 2279 1449 2306 pars
1478 2271 1533 2296 eius
1562 2268 1740 2305 stipulationis
1767 2268 1939 2306 principalem

1099 2321 1201 2337 causam
1229 2311 1344 2338 haberet.
1373 2312 1402 2338 fr.
1422 2314 1463 2338 37.
1491 2312 1522 2337 de
1550 2311 1640 2349 stipul.
1665 2321 1732 2338 serv.
1759 2314 1800 2337 45.
1820 2313 1844 2337 3.
1882 2310 1938 2337 lloe

1099 2354 1194 2380 iudicio
1214 2365 1266 2380 non
1286 2354 1457 2391 principalem
1478 2364 1580 2380 causan·
1600 2355 1724 2380 exerceri.
1744 2354 1774 2380 [ι’.
1788 2356 1828 2379 30.
1849 2364 1886 2391 pr.
1907 2353 1938 2380 de

1099 2397 1203 2423 iureiur.
1226 2399 1264 2423 12.
1284 2400 1306 2423 2.
1333 2396 1382 2423 Th.
1403 2396 1432 2423 C.
1453 2397 1497 2423 XI.
1517 2399 1558 2424 30.
1579 2408 1599 2424 c.
1622 2399 1661 2423 15.
1682 2408 1702 2423 c.
1723 2399 1763 2422 55.
1783 2396 1815 2422 (18
1835 2396 1885 2433 adp
1913 2402 1936 2422 et

1099 2449 1175 2476 poen.
1201 2456 1229 2460 —
1261 2441 1291 2473 ξ.
1316 2441 1405 2466 2.Ᾱ.
1433 2441 1600 2467 Directus.
1636 2439 1654 2466 1.
1677 2441 1737 2473 Sy.
1766 2438 1849 2465 Recto
1873 2440 1936 2465 iure.

1076 2484 1077 2498 ³
1099 2481 1239 2519 Principali
1259 2484 1363 2508 nomine
1383 2482 1522 2515 (heredem
1543 2484 1693 2511 instituere.
1718 2492 1741 2507 v.
1762 2481 1936 2518 relinquere.)

1075 2514 1076 2563 ξ
1099 2524 1154 2551 Gai.
1175 2525 1205 2551 11.
1225 2526 1284 2550 215.
1305 2525 1353 2551 Th.
1370 2525 1399 2552 c.
1419 2525 1490 2552 ΧΠ.
1510 2528 1532 2551 5.
1553 2536 1574 2551 ς.
1591 2527 1629 2550 ιτ.
1651 2525 1682 2550 ae
1702 2524 1797 2550 haeret.
1826 2524 1856 2550 11.
1872 2526 1935 2558 op.

1098 2568 1235 2595 Contraria
1256 2568 1367 2601 (actio.)
1392 2567 1433 2594 Cf.
1454 2579 1477 2595 v.
1499 2568 1662 2594 Contrarius.
1682 2567 1703 2600 ξ
1724 2569 1747 2592 2.
1785 2566 1935 2604 Principali.

1074 2619 1075 2639 1
1098 2627 1129 2630 -
1150 2610 1404 2637 fideicommissario
1429 2612 1576 2643 (nomine.)
1601 2610 1642 2636 Cf.
1667 2619 1690 2635 v.
1711 2609 1936 2636 Fideicommissa-

1097 2655 1157 2679 rius.
1178 2668 1209 2672 -
1230 2653 1261 2685 ξ.
1282 2654 1319 2679 3.
1340 2655 1387 2680 Ad
1405 2655 1637 2687 Imperatorem
1656 2659 1811 2686 spectans.
1840 2652 1858 2679 1.
1873 2654 1934 2688 Sy.

1073 2688 1075 2727 1
1096 2694 1247 2732 Imperi-alis.
1278 2695 1472 2732 Imperatorius.
1497 2695 1538 2721 Cl'.
1559 2694 1583 2720 h.
1603 2704 1644 2721 vv.
1676 2694 1806 2732 Principis
1826 2697 1935 2729 (consti-

1098 2739 1162 2764 tutio
1182 2738 1244 2770 ete.)
1263 2738 1293 2764 sr.
1310 2740 1348 2764 17.
1368 2748 1407 2774 pr.
1428 2738 1465 2771 ἕξ.
1489 2739 1507 2763 1.
1523 2747 1582 2773 sqq.
1602 2736 1634 2763 de
1653 2742 1779 2764 excusatt.
1799 2740 1839 2764 27.
1863 2741 1882 2765 1.
1904 2738 1932 2764 l'r.

1072 2812 1073 2817 1
1095 2783 1135 2807 98.
1160 2780 1191 2806 de
1211 2780 1242 2806 A.
1266 2791 1289 2807 v.
1313 2781 1344 2807 O.
1365 2780 1394 2806 II.
1414 2782 1454 2806 29.
1474 2782 1498 2805 2.
1545 2779 1587 2806 111.
1613 2781 1678 2807 Cn.
1707 2780 1861 2818 principali.
1891 2781 1931 2806 vel

1094 2823 1238 2860 pontificali
1257 2825 1410 2850 auctoritate
1431 2821 1570 2859 (compelli
1590 2822 1621 2849 ad
1641 2822 1796 2859 obsequium
1815 2826 1880 2854 etc.)
1901 2823 1929 2848 l'r.
