2197 3121
266 182 330 213 978

267 264 312 291 XI.
330 266 373 290 ⁴25.
402 263 459 290 Gai.
480 263 498 290 1.
526 265 582 289 179.
604 264 660 289 184.
688 263 745 289 189.
766 271 805 298 sq.
844 261 929 297 Quasi
956 265 1042 291 tutor,
1069 259 1114 286 vel
1137 260 1139 273 ¹

267 312 384 337 curator,
413 306 454 333 vel
473 306 610 337 defensor,
639 305 681 332 vel
701 310 774 331 actor
793 305 997 336 (intervenire.)
1023 302 1053 329 sr.
1075 304 1114 329 10.

267 351 290 384 §.
312 352 350 376 13.
371 350 403 376 de
422 351 448 376 in
472 351 511 375 ius
536 358 592 374 voc.
612 350 636 374 2.
657 350 681 374 4.
701 348 758 375 Gai.
779 347 822 374 IV.
842 349 883 374 99.
920 346 1030 374 Tutelae
1050 345 1115 372 iudi-

268 394 309 420 cio
328 394 455 420 rationem
476 391 589 418 reddunt
609 396 710 418 tutores
731 392 807 428 (post
825 390 1012 428 pubertatem.)
1037 388 1074 416 ld.
1096 388 1113 415 1.

270 438 328 463 191.
365 436 394 462 Si
414 440 484 461 tutor
508 434 617 472 pupilli,
642 433 803 472 pupillaeve‚
829 438 970 471 suspectus
995 443 1008 459 a
1033 431 1114 459 tutela

268 483 385 506 remotus
404 479 447 505 sit.
466 477 504 504 ld.
524 478 542 505 I.
566 479 622 504 182.
643 477 702 515 le.
723 476 768 503 XI.
787 478 830 503 23.

304 521 495 548 Tutorine.
516 521 658 554 (Adiect.)
679 522 725 547 Ad
743 526 881 547 tutorem
901 525 1058 553 spectans.
1096 517 1115 544 1.

269 566 330 599 Sy.
350 563 400 590 Pro
421 564 516 595 tutela,
536 564 647 590 Tutorio
668 564 773 590 nomine
793 563 911 599 (agere.)
931 560 973 588 Pr.
993 561 1012 588 I.
1032 561 1064 588 de
1084 562 1116 587 iis

268 618 293 645 p.
314 616 381 643 quos
401 617 438 643 ag.
459 608 482 633 4.
505 609 544 634 10.
564 607 622 633 Gai.
642 606 685 633 IV.
705 608 746 633 82.
782 605 825 632 111.
847 606 912 633 Gn.
936 604 1033 631 Alieno
1060 605 1118 637 (no-

268 651 337 676 mine
356 660 431 686 agere
450 651 562 687 posse.)
581 649 663 676 veluti
684 649 842 685 cognitoriO,
863 649 1054 685 procuratorio,
1075 651 1113 674 tu-

269 694 347 725 torio,
367 694 508 719 curatorio.
528 693 564 720 Id.
585 692 630 719 IV.
650 694 691 719 82.

304 737 436 763 Tutum.
467 735 605 769 (Adieet.)
633 737 665 770 §.
686 737 720 762 l.
752 736 914 766 Munitus,
944 733 1117 769 Defensus.

269 778 288 805 1.
309 780 371 814 Sy.
392 779 505 805 Defendi
526 789 606 817 posse
625 781 690 816 (per
709 777 918 815 exceptionem.)
942 776 1040 803 Tutum
1059 785 1119 802 esse

269 831 350 859 posse
364 821 474 854 (auxilio
488 822 676 860 exceptionis.)
696 820 726 847 fr.
739 822 781 847 32.
801 820 823 854 ξ.
840 821 861 846 l.
881 818 914 846 de
933 818 1010 846 cond.
1031 818 1118 845 indeb.

270 866 310 891 12.
331 866 354 891 6.
375 864 406 892 fr.
425 866 449 891 9.
469 875 508 902 pr.
529 864 562 891 dc
581 864 612 891 Α,
631 863 664 890 R.
683 863 717 890 D.
737 865 778 889 41.
795 865 817 890 l.
854 862 897 889 111.
912 864 979 890 Gn.
998 862 1044 893 Ea,
1063 862 1120 898 qui-

269 907 319 934 bus
339 907 432 934 domus
452 908 590 937 munitior,
619 906 661 934 vel
689 911 744 933 tuta
764 906 795 932 ab
815 905 937 932 incendio
962 909 1118 943 praestatur.

268 950 342 977 Paul.
356 950 398 978 111.
412 952 436 977 6.
456 952 478 984 §.
492 953 532 977 56.
570 949 743 977 Tutissimum
762 949 889 985 refugium
908 953 986 985 atque
1004 952 1121 985 recepta-

269 993 365 1020 culum.
386 993 415 1020 fr.
437 995 477 1020 18.
497 993 530 1020 de
549 995 575 1020 in
594 995 635 1020 ius
654 1002 712 1020 voc.
730 994 754 1019 2.
775 994 799 1019 4.
819 992 870 1019 Th.
890 991 920 1019 C.
934 991 977 1018 111.
998 992 1038 1017 19.
1058 1001 1080 1017 c.
1094 991 1118 1018 6.

269 1047 309 1074 pr.
329 1036 433 1070 (ch.)
454 1036 486 1063 de
505 1036 571 1063 adm.
592 1041 618 1063 et
636 1037 718 1073 peric.
737 1035 765 1062 Iu
785 1040 869 1062 tutum
888 1034 1008 1070 redigere
1026 1034 1119 1066 (actio-

270 1080 344 1113 neS.)
373 1079 404 1106 fr.
423 1081 465 1106 24.
486 1089 524 1117 pr.
553 1079 585 1106 de
613 1079 725 1106 liberali.
751 1089 773 1105 c.
793 1080 835 1105 40.
856 1079 896 1104 12.
934 1078 996 1113 Quo
1020 1077 1119 1102 tutiore

270 1121 330 1148 loco
350 1124 392 1154 sit,
413 1124 457 1159 qui
477 1122 616 1149 contrahit.
637 1122 667 1149 fr.
689 1124 729 1149 12.
749 1131 787 1159 pr.
807 1126 855 1148 rat.
875 1130 930 1147 rem
951 1120 1010 1151 hab.
1030 1120 1072 1145 46.
1091 1120 1115 1145 8.

270 1164 321 1192 Vel
340 1166 398 1202 ipso
418 1167 475 1192 iure
494 1181 526 1186 —
546 1170 619 1192 tutus
639 1166 702 1198 erit,
725 1164 768 1191 vel
794 1169 865 1191 certe
889 1163 943 1190 doli
963 1162 1024 1189 mali
1044 1171 1119 1188 exce-

270 1209 362 1245 ptione
390 1218 419 1235 se
446 1209 514 1235 tueri
541 1209 646 1246 poterit.
675 1208 705 1235 fr.
725 1209 767 1234 29.
797 1208 818 1241 §.
841 1209 863 1233 l.
883 1206 916 1233 de
934 1207 1011 1232 evict.
1031 1207 1074 1231 21.
1093 1207 1118 1231 2.

272 1250 356 1277 Vatic.
376 1252 398 1285 §.
417 1252 476 1278 266.
499 1251 529 1278 fr.
551 1253 590 1278 17.
610 1252 632 1285 §.
651 1253 676 1278 2.
700 1250 748 1277 sol.
768 1251 879 1276 matrim.
897 1251 941 1275 24.
960 1250 984 1275 3.
1023 1248 1120 1284 Quam-

270 1295 312 1320 vis
332 1299 358 1321 et
377 1296 434 1321 sine
453 1293 631 1331 adpellatione
650 1298 722 1320 tutus
741 1298 782 1319 est
805 1292 960 1325 (coheres.)
984 1290 1015 1318 fr.
1035 1294 1058 1318 5.
1079 1301 1118 1328 pr.

271 1336 305 1363 dc
324 1337 383 1375 adp.
409 1342 435 1364 et
458 1336 531 1364 relat.
551 1338 592 1363 49.
615 1338 636 1363 1.
673 1337 697 1363 Α
721 1336 861 1363 collatione
879 1351 913 1355 —
935 1339 1008 1361 tutos
1033 1334 1120 1361 defen-

271 1389 371 1416 sosque
390 1380 526 1417 praestari.
547 1378 597 1406 Th.
617 1378 649 1406 C.
668 1378 713 1405 XI.
726 1381 768 1406 20.
789 1389 810 1406 e.
828 1382 851 1405 2.
872 1378 905 1405 de
924 1377 1012 1404 collat.
1031 1377 1119 1404 donat.

273 1422 306 1449 cs.
326 1422 358 1449 X.
382 1425 420 1449 10.
441 1433 462 1449 c.
485 1424 524 1449 12.
545 1423 567 1455 §.
589 1424 611 1448 1.
632 1422 664 1448 de.
683 1423 757 1459 petit.
778 1427 804 1448 et
823 1422 892 1448 ultro
912 1421 964 1447 dat.
985 1437 1016 1442 —
1036 1421 1068 1454 §.
1083 1422 1118 1448 2.

272 1467 430 1498 Prudens,
452 1467 584 1492 Cautus.
622 1464 665 1491 111.
684 1466 751 1492 οη.
770 1464 830 1491 Non
849 1466 935 1491 minus
954 1465 1050 1490 iustius
1071 1468 1120 1496 est,

272 1517 349 1544 quam
369 1509 458 1534 tutius.
480 1509 509 1535 l‘r.
531 1510 588 1534 192.
608 1508 630 1542 ξ.
651 1509 674 1534 1.
694 1507 726 1533 de
740 1507 770 1534 R.
791 1507 921 1535 1.50,17.
958 1506 1056 1534 Verum
1071 1511 1118 1533 est.

272 1549 367 1576 Tutius
388 1556 473 1577 tamen
493 1551 599 1583 fecerit,
623 1551 645 1577 si
666 1555 714 1577 etc.
740 1550 770 1577 fr.
789 1552 831 1578 32.
851 1551 874 1584 §.
896 1552 918 1577 1.
938 1549 971 1577 de
990 1550 1063 1576 inoff.
1083 1555 1120 1576 te-

272 1598 346 1619 stam.
370 1595 394 1620 5.
413 1596 437 1620 2.
463 1594 493 1621 fr.
514 1596 537 1621 7.
562 1595 584 1628 §.
606 1596 628 1620 l.
653 1594 685 1621 de
709 1593 762 1620 reb.
788 1603 840 1620 eor.
861 1604 904 1630 qu.
924 1603 945 1620 S.
966 1598 1015 1620 tut.
1033 1595 1075 1620 27.
1095 1595 1119 1619 9.

273 1635 330 1663 Gai.
349 1636 379 1663 11.
402 1639 459 1664 181.
480 1637 540 1674 le.
559 1637 644 1664 XXII.
667 1639 710 1663 22.
747 1636 776 1662 ln
799 1637 939 1674 proposito
965 1638 1048 1663 tutius
1073 1635 1121 1662 suit

272 1679 443 1716 respondere,
463 1695 495 1699 -—
515 1681 565 1706 etsi
585 1680 649 1706 alias
668 1679 771 1717 placeat
789 1684 839 1706 etc.
866 1679 949 1706 Vatic.
969 1680 990 1714 §.
1012 1681 1069 1706 102.
1090 1679 1120 1705 fr.

271 1723 314 1748 34.
334 1722 355 1755 §.
377 1724 398 1749 1.
419 1723 451 1749 de.
471 1722 504 1749 Ο.
525 1727 551 1749 et
570 1723 601 1749 A.
621 1724 663 1749 44.
684 1724 706 1749 7.

309 1766 395 1792 Tui.
421 1765 548 1799 (Subst.)
569 1767 749 1792 Domestica·
767 1767 824 1791 tui.
862 1766 1037 1799 Mancipia
1057 1771 1122 1791 tna.

274 1807 316 1834 111.
339 1809 405 1835 Cn.
430 1807 511 1844 Quod
530 1813 571 1841 tu,
591 1813 636 1834 aut
654 1813 759 1835 tuorum
778 1808 838 1844 quis
857 1808 912 1841 (sc.
933 1807 1058 1840 fecerit.)
1077 1812 1122 1834 aut

274 1855 319 1877 tuo
338 1852 412 1877 iussu
432 1852 528 1878 sactum
548 1856 596 1877 est.
616 1850 647 1877 fr.
666 1853 689 1877 5.
709 1851 731 1885 ξ.
745 1852 769 1877 8.
791 1851 842 1886 Qu.
862 1852 888 1877 vi
908 1855 952 1877 aut
972 1850 1004 1876 cl.
1025 1852 1121 1877 4:124.

310 1895 446 1921 Tuum.
475 1893 592 1927 (Subst.)
623 1896 798 1920 Praedium
823 1900 918 1920 tuum.
948 1895 1029 1920 Area
1054 1899 1119 1920 tua.

274 1936 317 1963 111.
338 1938 404 1964 Gn.
429 1936 464 1963 Vt
487 1937 512 1963 in
532 1942 605 1963 tuum
624 1936 725 1974 lapides
746 1935 945 1974 provolvantur,
966 1936 1055 1972 ibique
1075 1946 1120 1973 po-

275 1980 320 2005 siti
338 1979 495 2011 habeantur,
515 1979 628 2016 indeque
648 1984 828 2017 exportentur.
852 1979 882 2006 fr.
902 1981 927 2006 3.
951 1979 972 2013 §.
992 1981 1015 2005 2.
1041 1978 1074 2005 de
1093 1978 1121 2005 S.

275 2021 303 2049 P.
323 2022 354 2048 R.
375 2026 398 2049 s.
417 2024 442 2049 3.

311 2067 428 2092 TuuS.
457 2065 613 2098 (Pronom.)
642 2067 689 2092 Aa
706 2072 736 2092 le
753 2067 931 2100 pertinens.
962 2067 1120 2092 Bonorum

277 2115 411 2135 tuorum.
449 2108 479 2135 II.
495 2110 563 2143 ΟΡ.
584 2108 664 2135 Meus.
680 2108 709 2134 C.
724 2108 748 2134 h.
763 2117 786 2134 v.
806 2109 827 2143 §.
841 2111 865 2135 2.
903 2107 988 2134 Tuum
1008 2117 1121 2134 manere.

277 2167 309 2171 —
328 2150 455 2177 Nostrum
473 2152 539 2178 ficri.
559 2151 615 2178 Gai.
636 2151 665 2177 11.
687 2152 727 2177 70.
741 2160 798 2188 sqq.
834 2151 876 2178 111.
891 2152 958 2178 Cn.
978 2150 1121 2182 Familiam,

276 2195 465 2231 pecuniamque
484 2199 566 2227 tuam,
596 2193 664 2220 endo
692 2193 840 2220 mandatam
869 2193 978 2219 tutelam
999 2193 1121 2219 custode-

277 2237 380 2273 lamque
398 2247 480 2263 meam
499 2238 606 2274 recipio,
627 2236 663 2263 ld.
683 2236 713 2263 II.
737 2238 792 2262 104.
831 2235 911 2271 Quod
931 2237 966 2262 ita
980 2236 1028 2262 tibi
1048 2246 1061 2262 a
1080 2246 1121 2262 me

277 2280 365 2306 datum
385 2285 439 2311 est,
462 2290 493 2306 ex
517 2290 573 2306 meo
595 2285 667 2306 tuum
686 2279 724 2306 fit.
744 2278 781 2306 ld.
801 2278 843 2305 lII.
863 2280 905 2305 90.
943 2278 1119 2310 ,.111(-,ο(·ιιῐη,“
1141 2296 1142 2302 .

277 2328 304 2349 et
321 2322 483 2355 „Tum-unns*
502 2322 651 2359 adpellatio.
672 2322 701 2349 sr.
716 2324 757 2349 91.
771 2321 803 2348 de
819 2321 847 2348 V.
863 2322 890 2348 S.
903 2323 945 2348 50.
962 2323 1000 2347 16.
1038 2321 1119 2348 Pleno

278 2367 334 2392 iure
351 2367 452 2403 incipit.
471 2367 487 2392 i.
507 2376 528 2392 e..
547 2370 573 2392 et
591 2366 616 2391 in
637 2365 713 2391 bonis
734 2370 759 2391 et
779 2375 811 2391 ex
829 2365 885 2391 iure
905 2364 1057 2399 Quiritium,
1078 2369 1119 2390 tua

278 2418 320 2435 res
340 2418 406 2434 esse.
427 2409 482 2435 Gai.
503 2408 532 2434 11.
552 2410 592 2434 41.
612 2408 714 2439 Petere,
735 2413 807 2434 tuum
826 2417 893 2434 esse.
914 2406 950 2433 Id.
972 2406 1001 2433 11.
1022 2408 1062 2433 78.

313 2453 563 2485 Tympanum.
609 2451 640 2484 δ.
661 2452 696 2477 l.
725 2453 829 2477 Genus
858 2456 1120 2477 ornamentorum

278 2496 495 2525 muliebrium,
517 2493 562 2527 (ad
581 2494 696 2531 speciem
711 2494 876 2519 instrumenti
897 2493 990 2519 musici
1005 2491 1122 2518 eiusdem
1143 2493 1145 2503 ’

279 2537 392 2563 nominis
415 2537 600 2568 efformatum.)
637 2536 679 2563 III.
699 2537 765 2563 Cn.
790 2536 977 2562 Ornamentum
999 2535 1124 2561 mammil-

281 2578 374 2610 larum.
402 2589 434 2605 vx
463 2579 591 2615 cylindris
618 2578 732 2606 XXXIV
761 2582 787 2605 et.
815 2579 947 2615 tympanis
977 2579 1123 2614 margaritis

280 2621 402 2648 XXXIV.
431 2622 460 2648 fr.
479 2624 521 2649 32.
549 2623 571 2656 ξ.
590 2624 614 2649 9.
643 2622 676 2648 d«.-
704 2631 766 2648 auro
795 2631 846 2657 arg.
864 2623 906 2648 3-1.
925 2624 951 2648 2.
972 2638 1002 2642 —-
1033 2622 1065 2654 ξ.
1087 2623 1122 2648 2·

282 2665 362 2691 Pars
382 2667 548 2692 machinae
566 2667 708 2692 molaris.
744 2663 788 2690 111.
808 2665 874 2692 Gn.
900 2664 1005 2699 Quodsi
1024 2664 1122 2700 regulis

282 2706 339 2733 olea
362 2713 508 2743 prematur.
532 2712 557 2734 et
581 2707 709 2744 praelum,
730 2723 761 2727 -—
787 2711 813 2733 et
836 2712 1001 2744 tympanum,
1027 2712 1053 2733 ct
1073 2712 1123 2733 tro-

282 2748 370 2776 chleas
381 2748 525 2779 (dominnm
538 2760 630 2787 parare
640 2750 784 2787 oportere.)
795 2750 825 2777 fr.
841 2752 880 2776 19.
895 2750 947 2783 §.2
961 2749 1037 2776 locat.
1048 2752 1086 2776 19.
1094 2752 1117 2776 2.

318 2793 565 2825 Tyrannionis.
594 2793 734 2827 (Adiect.)
762 2793 793 2826 ἕ.
813 2794 846 2820 1.
877 2794 922 2819 Ad
948 2798 1121 2828 tyrannum

284 2841 443 2869 spectans,
469 2836 600 2869 eiusque
624 2838 882 2863 dominationem.
919 2834 961 2861 III.
982 2836 1048 2863 Gn.
1068 2835 1120 2871 Ty-

1022 178 1113 208 TUT
1126 196 1168 200 —
1183 176 1284 209 VAC.

1161 260 1263 286 rannici
1283 258 1393 289 suroris,
1421 263 1447 285 et
1470 259 1622 287 barbaricae
1647 260 1759 288 feritatis
1780 262 1893 289 occasio.
1912 262 1962 289 Th.
1983 262 2013 290 C.

1161 301 1217 329 Vll.
1240 302 1278 328 16.
1299 312 1320 328 c.
1339 304 1363 328 2.
1384 301 1416 328 de
1436 301 1506 329 litor.
1527 308 1553 330 et
1577 305 1634 331 itin.
1656 308 1722 330 cust.
1750 305 1837 340 Quem
1856 305 1912 338 (sc.
1933 305 2014 332 hono·

1160 346 1227 376 rem)
1247 345 1384 380 tyrannica
1403 347 1537 372 concessit
1555 347 1670 374 audacia.
1691 347 1731 374 Ib.
1751 346 1810 374 XV.
1831 349 1871 373 14.
1892 357 1913 374 c.
1934 349 1959 374 6.
1979 348 2012 375 de

1160 388 1255 414 infirm.
1276 387 1300 414 h.
1321 397 1362 424 qu.
1383 396 1404 414 s,
1425 392 1474 423 tyr.
1496 388 1537 415 Cf.
1551 388 1596 416 lx.
1616 392 1657 417 38.
1679 400 1700 416 c.
1714 392 1739 416 2.
1761 400 1782 416 c.
1799 391 1838 416 11.
1859 389 1892 416 de
1911 390 2010 427 indulg.

1161 432 1232 457 crim.
1247 446 1280 450 --
1294 431 1324 464 §-
1339 431 1374 457 ᾖ.
1394 431 1620 465 Libidinosus,
1644 435 1865 470 Temerarius.
1885 432 1927 460 111.
1942 434 2010 461 Gn.

1161 474 1215 510 Qui
1243 473 1293 500 hoe
1319 473 1461 509 adgressus
1489 474 1567 501 suerit
1596 477 1734 511 tyrannico
1763 476 1868 513 spiritu.
1890 486 1912 503 c.
1931 477 1956 503 6.
1979 476 2013 503 de

1161 516 1214 543 div.
1234 526 1315 543 rescr.
1337 518 1358 542 1.
1378 518 1419 543 23.

1197 559 1399 592 Tyn-annis.
1438 561 1632 587 Dominatio
1650 563 1795 596 tyranni.
1833 560 1851 588 I.
1875 562 1938 596 Sy.
1957 560 2014 597 Ty-

1162 603 1249 634 ranni,
1269 601 1431 638 Tyrannica.
1451 602 1612 638 Tyrannidis
1633 605 1776 640 (tempora,
1795 614 1820 630 v.
1839 604 1969 636 incendia,
1988 614 2013 631 v.

1163 645 1278 678 iniuria.)
1297 644 1348 672 Th.
1368 645 1398 672 C.
1419 645 1463 672 IX.
1476 646 1518 672 38.
1539 657 1561 672 c.
1582 648 1623 673 ll.
1637 656 1676 683 sq.
1697 646 1730 673 de
1748 646 1848 683 indulg.
1868 648 1942 674 crim.
1953 646 2013 674 XV.

1165 691 1203 716 14.
1224 699 1245 716 c.
1266 690 1289 715 9.
1310 699 1331 715 c.
1354 691 1393 715 11.
1412 698 1451 725 sq.
1472 687 1505 715 de
1524 688 1619 715 infirm.
1640 689 1665 716 h.
1685 700 1727 726 qu.
1747 700 1768 716 s.
1788 695 1839 726 tyr.

1198 733 1412 766 Tyrannus.
1457 733 1520 764 Qui
1547 742 1605 766 per
1628 734 1689 759 vim
1714 734 1891 767 occupavit
1916 735 2014 768 impe-

1162 776 1253 801 rium.
1290 773 1332 801 111.
1353 775 1418 802 Gn.
1443 774 1497 810 Qui
1521 775 1626 811 tyranni
1647 774 1828 802 crudelitatem
1852 776 1940 808 timet,
1967 780 2013 802 aut

1163 818 1215 844 vim
1235 817 1351 844 bostium
1370 822 1419 844 etc.
1439 817 1468 844 fr.
1491 819 1514 844 7.
1534 818 1555 852 ξ.
1575 819 1599 844 4.
1620 818 1671 853 Qu.
1691 828 1724 844 ex
1743 828 1764 845 c.
1786 819 1812 844 in
1832 828 1905 856 poss.
1924 820 1967 845 42.
1987 820 2012 845 4.

1163 860 1282 887 Remotis
1301 860 1397 888 Licinii
1416 862 1520 896 tyranni
1534 860 1770 887 constitutionibus
1784 866 1810 888 et
1828 861 1940 898 legibus.
1960 860 2011 889 Th.

1164 903 1194 930 C.
1214 903 1273 930 XV.
1299 905 1338 930 14.
1364 914 1384 930 c.
1406 905 1428 930 1.
1454 914 1475 930 c.
1495 905 1519 930 ·3.
1544 903 1577 930 dc
1602 904 1696 930 infirm.
1722 903 1747 931 b.
1773 914 1817 941 qu.
1843 914 1864 931 s.
1891 909 1942 941 tyr.
1961 904 2015 940 Ty-

1164 947 1246 978 ranni,
1267 951 1292 973 et
1310 946 1427 973 iudicum
1447 948 1512 978 eius,
1531 947 1614 982 gestis
1634 947 1781 974 infirmatis.
1802 946 1839 974 lb.
1860 957 1882 973 c.
1901 949 1926 974 2.
1947 957 1968 974 e.
1988 949 2013 974 5.

1163 989 1300 1021 Maximus,
1318 989 1517 1016 infandissimus
1537 994 1717 1025 tyrannorum.
1736 989 1773 1016 lb.
1793 1000 1814 1016 c.
1829 992 1852 1016 7.
1873 1000 1895 1017 c.
1910 992 1951 1017 10.
1971 989 2014 1017 Cf.

1162 1031 1232 1058 XVI.
1251 1034 1276 1058 2.
1297 1042 1316 1059 c.
1337 1034 1378 1059 47.
1399 1031 1431 1058 de
1451 1033 1532 1069 episc.
1556 1032 1620 1059 eccl.

1199 1075 1401 1108 TyrianuS·
1428 1074 1568 1107 (Adiect.)
1595 1077 1725 1110 Tyrius.
1765 1075 1809 1102 111.
1832 1077 1898 1104 Gn·
1919 1075 2016 1102 Cinna-

1163 1127 1290 1149 momum,
1311 1133 1343 1137 —
1368 1122 1484 1150 costum,
1509 1122 1710 1150 costamomum,
1731 1134 1763 1138 —
1788 1120 1872 1145 cassia
1893 1117 2014 1154 Tyriana

1165 1159 1213 1194 [al.
1233 1160 1359 1196 turiana‚]
1379 1160 1530 1196 xylocassia
1551 1165 1600 1187 etc.
1621 1160 1652 1187 i'r.
1674 1162 1713 1188 16.
1737 1162 1760 1196 §.
1781 1164 1804 1189 7.
1829 1162 1862 1188 de
1880 1160 2014 1199 publiean.

1163 1204 1205 1229 39.
1226 1204 1249 1229 4.

1199 1246 1349 1280 Tyriusn.
1395 1248 1444 1273 Aa
1465 1247 1584 1282 Tyrum
1605 1248 1780 1280 pertinens.
1826 1247 1869 1274 III.
1888 1249 1956 1275 Gn.
1983 1247 2014 1274 Si

1165 1290 1224 1326 quis
1243 1299 1386 1326 purpuram
1404 1289 1548 1326 stipulatus
1567 1291 1601 1316 sit
1614 1289 1778 1325 generaliter,
1798 1290 1893 1317 deiude
1906 1290 2014 1326 Tyriam

1164 1332 1316 1370 specialiter
1334 1336 1414 1370 petat.
1441 1332 1497 1359 Gai.
1517 1332 1562 1359 lv.
1586 1334 1628 1359 53.
1667 1331 1769 1359 Civitas
1796 1332 1946 1370 Tyriorum.
1972 1333 2014 1360 Cf.

1164 1386 1188 1402 v.
1208 1374 1305 1411 Tyrus,

1200 1420 1334 1452 Tyrus.
1359 1420 1554 1453 Metropolis
1576 1420 1693 1454 Syriae
1711 1420 1896 1446 Phoenices.
1916 1419 1935 1446 I.
1950 1420 2013 1454 Sy·

1166 1459 1307 1498 Tyriorum
1328 1461 1440 1494 colonia,
1459 1472 1483 1488 v.
1498 1462 1600 1493 civitas.
1621 1462 1660 1495 (in
1674 1461 1751 1497 Syria
1766 1460 1921 1496 Phoenice.)
1941 1462 1971 1489 t'r.
1987 1465 2011 1489 1.

1165 1514 1203 1541 pr.
1224 1504 1255 1531 sr.
1275 1506 1299 1531 8.
1319 1505 1340 1538 §.
1361 1506 1385 1531 4.
1405 1504 1438 1531 de
1458 1504 1558 1531 censib.
1577 1506 1674 1530 50.15.
1695 1514 1716 1531 c.
1729 1507 1754 1531 3.
1774 1505 1796 1538 §.
1817 1506 1840 1531 4.
1861 1504 1893 1531 de
1911 1515 2011 1532 summa

1165 1548 1248 1574 trinit.
1270 1549 1292 1574 1.
1313 1549 1336 1574 l.
1356 1557 1378 1574 c.
1399 1549 1421 1574 1.
1441 1547 1474 1574 de
1493 1552 1604 1585 metrop.
1623 1547 1714 1582 Beryt.
1735 1548 1776 1573 ll.
1795 1548 1837 1574 21.

1201 1592 1371 1624 Tzanga.
1409 1592 1514 1617 Genus
1537 1591 1764 1621 calceamenti,
1790 1589 1890 1627 (pedes
1915 1595 1942 1617 et
1960 1600 2013 1618 me-

1166 1633 1208 1660 dia
1228 1643 1302 1660 crura
1321 1633 1527 1672 constringens.)
1564 1632 1606 1659 111.
1627 1633 1694 1660 Gn.
1719 1631 1790 1659 Vsus
1809 1637 1959 1670 tzangarum
1978 1638 2014 1660 at-

1167 1686 1217 1712 que
1236 1676 1402 1708 braccarum,
1421 1691 1453 1695 —
1478 1675 1558 1712 Regis
1578 1675 1620 1702 vel
1640 1676 1742 1711 tzangis
1761 1676 1800 1702 uti
1818 1677 1899 1710 (intra
1919 1676 2012 1704 urbem

1168 1719 1212 1753 R.)
1232 1718 1280 1746 Th.
1300 1718 1371 1746 xlv.
1393 1720 1431 1746 10.
1451 1729 1473 1746 c.
1492 1721 1517 1745 2.
1537 1728 1576 1755 sq.
1596 1718 1629 1745 de
1647 1718 1739 1745 habitu
1758 1728 1810 1755 quo
1830 1720 1868 1746 uti
1886 1729 1930 1757 op.

1168 1875 1364 1921 Vaeans.
1384 1891 1513 1926 (Partic.)
1533 1892 1565 1926 ς.
1586 1893 1622 1919 1.
1651 1893 1782 1919 Viduas.
1819 1891 1850 1919 11.
1871 1893 1939 1926 ⁰1).
1962 1891 2013 1919 Va-

1167 1946 1229 1963 cans
1248 1936 1348 1962 mulier.
1368 1951 1400 1956 -—
1420 1935 1516 1973 Nupta.
1538 1934 1579 1962 Cf.
1600 1935 1625 1962 h.
1645 1945 1669 1962 V.
1694 1952 1720 1956 -
1743 1936 1773 1969 ἓ.
1789 1936 1824 1962 2.
1845 1936 2012 1968 Desertus,

1170 1980 1367 2005 Destitutus.
1404 1978 1423 2005 I.
1439 1980 1501 2013 Sy.
1521 1978 1596 2012 Quae
1615 1983 1690 2004 vacat
1709 1979 1881 2015 (possessio.)
1901 1977 1958 2005 Gai.
1979 1977 2011 2004 11.

1166 2024 1207 2048 51.
1248 2021 1406 2048 Absentiam
1425 2021 1527 2054 (loca.)
1552 2020 1682 2047 Vacantes
1710 2022 1828 2055 (terrae,
1851 2030 1873 2047 s.
1897 2021 1964 2057 agri,
1987 2029 2010 2046 v.

1166 2066 1266 2097 arcae.)
1292 2064 1341 2091 Th.
1361 2064 1393 2091 C.
1413 2063 1468 2090 Vll.
1493 2066 1535 2090 20.
1559 2074 1580 2090 c.
1600 2065 1624 2090 3.
1650 2074 1671 2090 c.
1691 2065 1714 2090 8.
1739 2074 1761 2090 c.
1783 2065 1822 2090 11.
1842 2063 1875 2090 de
1895 2068 2010 2090 veteran.

1166 2107 1224 2134 XV.
1247 2110 1268 2134 1.
1289 2118 1310 2134 c.
1330 2109 1371 2133 41.
1392 2106 1424 2133 (1(-
1443 2117 1505 2144 opp.
1525 2106 1589 2144 pub.
1609 2122 1641 2127 ·—-
1661 2107 1692 2140 §.
1710 2108 1747 2133 3.
1770 2108 1833 2140 Qui
1850 2108 2012 2133 danninum

1166 2161 1225 2177 non
1243 2152 1343 2177 habet.
1366 2151 1426 2182 Qui
1446 2151 1588 2176 heredem
1609 2156 1723 2177 nactus
1743 2160 1803 2176 non
1821 2155 1875 2175 est.
1911 2148 1931 2174 1.
1949 2149 2012 2183 Sy.

1166 2192 1253 2219 Vacua
1278 2193 1368 2229 (pars,
1389 2202 1410 2219 s.
1430 2193 1544 2229 portio.)
1568 2192 1598 2219 fr.
1620 2193 1659 2219 19.
1680 2192 1710 2219 fr.
1729 2194 1770 2219 59.
1791 2191 1823 2218 de
1842 2190 1929 2217 hered.
1949 2192 2012 2218 inst.

1164 2237 1205 2262 28.
1226 2238 1249 2262 5.
1270 2236 1299 2262 fr.
1319 2237 1343 2262 8.
1358 2245 1396 2273 pr.
1417 2234 1446 2261 fr.
1462 2237 1502 2262 12.
1521 2235 1554 2262 de
1572 2235 1603 2262 B.
1624 2234 1651 2262 P.
1671 2245 1692 2262 s.
1712 2240 1730 2261 t.
1749 2236 1791 2260 37.
1807 2235 1846 2259 ll.
1883 2233 1927 2260 111.
1943 2235 2010 2261 Gn·

1164 2279 1237 2305 Bona
1257 2279 1383 2310 vacantia,
1403 2282 1428 2304 et
1447 2278 1559 2310 caduca,
1579 2283 1605 2304 et
1624 2288 1652 2304 ea
1671 2287 1736 2314 quae
1754 2275 1868 2312 indignis
1888 2292 1920 2296 —
1942 2276 2012 2303 aufe-

1141 2343 1143 2360 .
1165 2327 1264 2348 runtur.
1286 2321 1335 2348 Th.
1355 2321 1386 2348 C.
1406 2320 1451 2347 XI.
1470 2322 1512 2348 30.
1532 2331 1554 2348 c.
1574 2322 1615 2347 26.
1636 2320 1668 2347 de
1686 2319 1746 2356 adp.
1771 2324 1796 2345 et
1815 2329 1892 2356 poen.
1913 2318 1955 2346 Cf.
1975 2319 2009 2346 X.

1141 2363 1143 2370 ’
1165 2368 1188 2391 8.
1209 2375 1229 2391 c.
1249 2367 1272 2390 5.
1293 2364 1325 2390 de
1345 2364 1405 2391 bon.
1430 2374 1485 2390 vac.
1505 2364 1538 2391 X.
1560 2365 1598 2390 10.
1619 2373 1641 2389 c.
1660 2364 1702 2389 20.
1728 2361 1761 2388 de
1785 2363 1859 2399 petit.
1886 2366 1913 2388 et.
1936 2361 2008 2389 ultro

1143 2429 1144 2443 2
1166 2407 1217 2434 dat.
1255 2407 1283 2433 Si
1302 2408 1419 2434 vacantia
1438 2407 1507 2433 bona
1524 2406 1589 2432 fisco
1608 2405 1784 2437 vindicentur,
1804 2404 1847 2431 vel
1866 2405 1888 2431 si
1908 2414 1939 2431 ex
1958 2404 2008 2431 alia

1144 2484 1145 2490 ἵ
1166 2460 1320 2486 quacunque
1343 2460 1420 2477 eausa
1444 2450 1511 2476 bona
1534 2448 1566 2474 ad
1585 2457 1643 2474 eum
1661 2452 1846 2484 pervenerunt.
1872 2446 1902 2473 fr.
1923 2448 1965 2474 20.
1985 2447 2008 2482 §.

1168 2495 1191 2520 7.
1211 2493 1244 2520 de
1263 2493 1351 2520 hered.
1370 2497 1423 2530 pet.
1442 2495 1466 2519 5.
1485 2493 1509 2518 3.
1529 2490 1559 2517 fr.
1578 2492 1619 2516 50.
1640 2500 1678 2527 pr.
1704 2489 1737 2516 de
1755 2500 1822 2516 man.
1843 2494 1945 2516 testam.
1965 2491 2007 2517 40.

1167 2537 1190 2562 4.
1229 2537 1360 2572 Quotiens
1379 2535 1436 2571 lege
1454 2533 1516 2561 Iulia
1536 2532 1603 2559 bona
1622 2534 1739 2559 vacantia
1759 2532 1790 2559 ad
1814 2532 1909 2559 fiscum
1928 2534 2009 2570 perti-

1167 2584 1237 2605 nent.
1262 2579 1291 2606 fr.
1311 2580 1352 2605 96.
1376 2578 1397 2611 §.
1418 2579 1440 2603 l.
1464 2575 1494 2602 fr.
1514 2577 1571 2601 114.
1596 2576 1618 2609 ξ.
1637 2578 1662 2602 2.
1687 2575 1720 2602 de
1738 2575 1813 2611 legat.
1834 2575 1852 2602 1.
1873 2576 1941 2609 (30.)
1978 2575 2008 2602 Si

1166 2621 1232 2648 fisco
1251 2622 1367 2648 vacantia
1386 2620 1453 2646 bona
1472 2618 1634 2650 deserantur,
1658 2619 1724 2651 (nec
1743 2618 1808 2644 velit
1826 2617 1895 2644 bona
1914 2617 2008 2654 adgno-

1167 2664 1262 2697 scere.)
1281 2664 1312 2691 sr.
1331 2665 1354 2690 6.
1374 2663 1395 2697 §.
1414 2664 1439 2688 3.
1459 2661 1491 2688 ad
1511 2661 1576 2688 S.C.
1602 2660 1680 2687 Treb.
1699 2662 1741 2687 36.
1762 2662 1785 2687 1.
1805 2660 1835 2687 sr.
1855 2663 1879 2687 2.
1899 2660 1932 2687 de
1951 2671 2009 2688 suc·

1167 2717 1233 2733 cess.
1254 2707 1332 2733 edict.
1349 2706 1391 2732 38.
1411 2707 1435 2731 9.
1472 2705 1545 2730 Bona
1565 2705 1690 2736 vacantia,
1710 2703 1826 2730 nondum
1846 2708 1931 2730 tamen
1944 2713 2008 2730 nun-

1167 2750 1239 2776 ciata.
1267 2749 1406 2776 Nuuciatio
1425 2747 1553 2774 bonorum
1572 2756 1626 2773 vac.
1651 2746 1681 2773 fr.
1703 2749 1742 2773 18.
1762 2746 1794 2773 de
1812 2756 1902 2784 usurp.
1922 2748 1963 2772 41.
1981 2747 2005 2772 3.

1167 2792 1196 2819 l'r.
1218 2793 1239 2818 1.
1260 2793 1281 2825 §.
1301 2794 1325 2818 2.
1345 2791 1377 2817 de
1396 2792 1451 2817 iurc
1474 2790 1541 2817 fisci.
1560 2791 1601 2816 49.
1623 2791 1662 2816 14.
1700 2789 1729 2816 Si
1753 2790 1812 2826 quis
1837 2800 1850 2816 a
1874 2789 1939 2816 fisco
1963 2787 2006 2814 be-

1167 2834 1315 2867 reditatem,
1335 2835 1410 2870 quasi
1428 2838 1572 2864 vacantem,
1592 2833 1690 2859 emerit.
1714 2832 1744 2858 fr.
1766 2834 1805 2858 13.
1829 2832 1850 2866 §.
1870 2833 1893 2858 9.
1913 2830 1946 2858 de
1965 2830 2007 2857 he-
