2197 3121
1031 159 1092 191 CO

216 247 336 283 Dignitas
356 245 559 272 consularitatis.
588 244 625 271 Ib.
646 243 689 270 Vl.
708 245 750 269 27.
771 253 792 269 c.
813 244 853 269 10.
873 241 906 268 (18
926 246 1010 278 agent.
1032 242 1057 268 in

216 289 269 316 reb.
308 288 454 315 Honorario
474 288 592 319 nomine,
612 297 625 312 a
645 296 746 313 summo
760 285 841 322 gradu
855 294 939 321 usque
952 284 984 311 ad
999 294 1058 311 con-

215 331 386 358 sular-itatem.
415 331 452 357 lb.
472 330 529 357 XII.
551 331 572 356 l.
594 339 614 356 c.
636 330 677 355 74.
698 330 721 363 9.
741 331 764 355 4.
785 328 817 355 de
837 328 970 354 decurion.

251 374 507 401 consularius.
528 372 671 405 (Adiect.)
701 373 904 398 Consularis.
932 370 974 396 III.
991 371 1056 398 Cn.

215 416 306 443 Honor
329 416 492 443 consulari-‘ie
515 415 657 451 dignitatis.
690 414 784 440 Iuliani-
803 413 866 450 epit.
887 423 946 439 nov.
972 423 993 439 c.
1014 415 1055 439 98.

215 460 236 494 9.
256 461 315 486 359.
353 459 458 488 Militia,
483 457 525 484 vel
545 457 692 484 consularia
718 457 766 491 [al.
788 455 950 489 consularis]
975 455 1057 493 ‹ligni-

215 508 262 528 tas.
291 503 312 536 9.
332 504 356 528 4.
376 501 394 528 I.
416 501 467 536 Qu.
487 500 556 526 mod.
577 501 618 527 ius
638 505 692 537 pot.
714 502 736 526 l.
757 502 797 526 12.
940 494 948 503 ἶ

252 545 489 572 Consulatus.
528 544 707 578 Dignitas,
732 553 753 569 v.
779 543 909 573 Munus,
935 542 1056 567 Consu-

215 590 285 614 lum.
328 587 346 613 I.
367 588 429 620 Sy.
463 585 608 612 Consulem
634 586 704 617 fieri,
733 583 908 611 Consulatum
936 583 1055 620 adipisci.

216 630 246 656 [Γ.
259 633 283 656 2.
304 630 325 664 9.
339 632 362 655 5.
383 629 415 655 de
434 628 522 655 donat.
540 630 582 655 39.
597 631 620 655 5.
658 627 700 654 III.
716 629 781 655 Gn.
801 626 846 653 Vti
866 627 928 653 dent
948 626 978 652 C.
994 626 1056 652 Seio
1077 636 1078 656 1

215 689 247 692 —
267 673 293 698 in
313 672 439 698 honorem
459 671 612 698 consulatus
632 670 690 697 CD.
711 686 743 690 -—
762 670 840 696 Seius
855 669 918 696 Cos.
939 669 1056 705 designa-

215 721 257 742 tus
277 720 331 747 est,
353 720 377 741 et
396 724 490 740 munus
509 714 606 745 edidit3
630 713 723 740 deinde
748 723 780 739 ex
799 711 856 739 Cal.
876 712 975 739 Ianuar.
996 722 1056 739 cou—
1077 712 1078 738 i

215 758 328 784 sulatum
354 759 490 793 ingressus
515 762 563 783 est.
595 756 625 783 fr.
648 758 689 782 36.
713 765 753 793 pr.
783 758 815 782 de
841 755 916 781 cond.
943 760 969 781 ct
988 755 1054 781 dem.

213 803 256 828 35.
278 803 300 827 1.
336 801 372 827 Et
390 801 416 826 in
436 805 557 837 praetura
577 804 603 825 et
622 798 760 825 consulatu
780 808 838 825 meo
858 797 1004 834 (quosdam
1025 808 1056 824 ex
1077 811 1079 840 ι’

214 845 299 870 servis
318 843 384 869 meis
404 843 519 869 vindicta
539 842 674 873 liberavi).
702 841 733 868 fr.
753 843 776 868 5.
802 841 834 868 de
853 851 964 867 manum.
984 840 1056 867 vind.
1077 845 1079 855 '¹

213 887 255 912 40.
275 888 299 912 2.
337 885 367 912 Si
387 886 448 922 quis
464 885 507 912 vel
526 894 653 911 summum
673 885 825 921 patriciatus
850 883 977 910 honorem
1004 884 1056 910 sue·
1077 881 1078 911 l

213 930 248 956 rit
272 933 444 957 consecutus.
473 929 529 954 sive
558 926 648 953 insulis
678 926 831 953 consulatus
856 926 988 953 honorarii
1013 931 1056 953 aut

213 971 339 998 ordinarii
358 971 438 997 suerit
456 969 602 1007 ampliatus.
623 980 644 996 c.
658 971 700 996 66.
714 980 753 1007 pr.
773 969 806 996 de
825 969 913 996 decur.
934 972 974 997 10.
995 971 1037 996 31.
1077 963 1078 994 l

249 1015 466 1042 consulere.
491 1013 522 1046 §.
537 1014 571 1039 1.
593 1014 789 1045 Consilium,
810 1023 830 1039 υ.
852 1014 985 1044 Curam,
1005 1014 1055 1039 ad-

212 1059 326 1084 hibere.
362 1057 455 1090 Opem
468 1057 571 1090 ferre.
600 1055 618 1082 I.
638 1057 699 1090 Sy.
719 1055 870 1087 Providere,
890 1055 1054 1092 Prospicere.

213 1099 243 1126 fr.
262 1101 304 1126 33.
324 1099 357 1126 de
375 1103 443 1136 pact.
463 1100 487 1124 2.
510 1099 549 1124 14.
574 1098 605 1125 fr.
621 1101 660 1125 12.
680 1099 702 1132 9
722 1100 745 1125 4.
767 1099 818 1134 Qu.
840 1098 897 1125 dies
917 1098 993 1134 legat.
1012 1099 1053 1124 36.
1076 1100 1077 1134 ᾗ

211 1144 236 1168 2.
274 1141 362 1168 Tueri.
392 1142 422 1168 fr.
439 1143 461 1168 l.
481 1151 540 1178 sqq.
561 1141 593 1167 de
607 1141 650 1168 off.
665 1141 717 1168 Prf.
731 1141 805 1178 Vigg.
827 1143 849 1168 l.
865 1144 905 1168 15.
932 1141 976 1168 111.
988 1143 1054 1169 Cn.
1076 1163 1077 1166 ,

212 1184 287 1212 Multi
306 1195 359 1211 non
379 1189 457 1211 notae
476 1194 552 1210 causa
572 1184 732 1211 exheredant
745 1184 824 1217 filios
844 1195 892 1211 nec
911 1190 940 1211 ut
959 1186 996 1211 eis
1010 1184 1056 1210 ob-

214 1228 276 1259 sint,
296 1227 343 1253 sed
363 1232 392 1253 ut
411 1227 449 1253 eis
468 1226 614 1253 consulant.
635 1227 665 1253 fr.
682 1228 720 1254 18.
741 1227 773 1253 de
793 1227 838 1254 lib.
860 1232 885 1254 et
903 1228 992 1265 posth.
1011 1228 1053 1254 28,
1075 1217 1077 1249 l

210 1273 236 1297 2.
274 1269 433 1297 Consulitur
460 1270 483 1296 ei
512 1272 576 1307 (per
599 1271 727 1297 actionem
751 1271 777 1296 in
805 1270 933 1304 factum),
961 1276 990 1297 ut
1017 1266 1076 1296 iu-}

213 1312 341 1340 demnitas
362 1313 385 1339 ei
403 1317 559 1350 praestetur.
592 1312 621 1339 fr.
642 1314 682 1339 63.
703 1313 735 1339 de
755 1313 830 1349 legat.
851 1314 881 1340 ΙΙ.
902 1314 978 1347 (31.)
1015 1313 1054 1339 111-
1075 1314 1076 1346 l

213 1355 349 1382 demnitati
369 1355 478 1382 alicuius
498 1355 600 1382 consuli
618 1366 707 1393 posse.
735 1356 765 1383 fr.
785 1358 827 1383 32.
846 1367 885 1394 pr.
911 1356 944 1383 de
968 1355 999 1382 Ν.
1021 1355 1052 1382 G.
1075 1351 1076 1355 ¹

211 1400 236 1425 3.
256 1400 280 1425 5.
308 1398 339 1425 sr.
351 1400 374 1425 7,
388 1398 447 1432 9-1.
468 1398 500 1425 de
514 1398 538 1425 d.
552 1409 584 1425 111.
599 1400 622 1424 4.
636 1400 660 1425 3.
699 1398 758 1425 Non
780 1404 948 1426 succurretur
961 1399 1052 1431 S.Cto,
1074 1418 1075 1421 =

211 1451 263 1478 quo
283 1441 437 1472 infirmitati,
456 1451 508 1468 non
523 1441 659 1468 calliditati
678 1442 815 1469 mulierum
835 1442 984 1469 consultum
1004 1447 1052 1469 est.
1074 1455 1075 1458 ¹

211 1495 232 1511 c.
251 1486 276 1510 5.
296 1484 329 1510 ad
347 1484 374 1510 S.
395 1483 425 1511 C.
446 1483 539 1510 Vellei.
564 1486 587 1511 4.
606 1486 648 1511 29.
692 1484 804 1512 Videtur
827 1485 993 1516 absolvisse.
1020 1501 1052 1505 —
1074 1482 1075 1513 i

210 1537 268 1553 uam
292 1528 357 1553 satis
382 1527 531 1553 consultum
555 1532 596 1553 est
615 1526 791 1561 (heredibus)
817 1528 905 1555 edicto
923 1528 955 1555 de
974 1528 1052 1555 furto.
1073 1519 1074 1525 ¹

211 1570 242 1596 fr.
262 1572 303 1596 59.
324 1570 345 1604 9.
366 1572 388 1596 1.
409 1570 441 1596 de
460 1580 526 1597 inan.
546 1575 648 1596 testam.
674 1572 715 1596 40.
736 1572 760 1597 4.
806 1571 886 1606 Quod
910 1573 932 1598 si
952 1571 1050 1603 fecerit,

210 1614 315 1649 utrique
334 1612 483 1639 consultum
503 1618 551 1639 est.
581 1613 610 1639 fr.
630 1615 672 1639 21.
692 1613 714 1646 9.
737 1615 759 1640 1.
779 1613 811 1640 (18
825 1614 857 1641 O‘.
872 1614 904 1641 N.
919 1614 950 1641 N.
970 1616 1012 1641 39.
1028 1616 1050 1641 l.

211 1656 389 1682 Acclamatum
409 1660 463 1682 est:
484 1671 516 1675 —
534 1656 571 1692 pii
591 1655 766 1692 Imperatores
785 1658 824 1683 sic
844 1657 999 1687 consulunt;
1018 1673 1050 1676 —

212 1699 297 1725 causis
321 1698 474 1729 consulitis,
499 1699 579 1735 quieti
605 1698 752 1726 consulitis.
782 1699 863 1726 Gesta
886 1701 912 1726 in
937 1700 998 1727 Seu.
1018 1700 1051 1726 de

211 1751 263 1767 rec.
283 1740 333 1767 Th.
354 1740 385 1767 C.
406 1741 496 1774 (ch.
515 1751 541 1778 p.
561 1742 598 1774 5.)
618 1758 651 1761 —
670 1742 701 1775 ξ.
720 1744 755 1769 8.
785 1744 966 1769 Comitium
986 1745 1050 1769 ali-

211 1786 302 1810 cuius
329 1790 486 1818 expetere.
523 1783 541 1810 I.
566 1785 627 1818 Sy.
661 1784 832 1820 Interrogare.
866 1785 896 1811 fr.
916 1787 940 1811 2.
965 1786 986 1819 9.
1007 1787 1048 1811 453.

211 1826 243 1852 de
262 1826 295 1852 Ο.
315 1825 334 1852 I.
356 1827 377 1852 l.
391 1828 415 1852 2.
452 1825 607 1862 Explorate,
626 1827 753 1857 Evocare.
772 1828 925 1864 Requirere,
946 1828 1050 1861 (volun-

209 1873 302 1901 tatem,
322 1879 346 1895 v.
366 1868 491 1895 iudicium
510 1868 630 1897 alterius.
651 1870 726 1903 etc.)
755 1870 785 1896 fr.
805 1873 829 1897 2.
854 1870 887 1896 de
910 1870 953 1897 off.
974 1870 1048 1897 Prae.

210 1911 287 1938 Caes.
308 1913 332 1937 l.
353 1913 392 1937 19.
423 1910 472 1937 Th.
493 1910 524 1938 C.
544 1911 589 1938 IX.
611 1913 650 1938 16.
676 1922 697 1938 c.
718 1914 740 1938 l.
760 1922 781 1938 c.
801 1914 825 1939 4.
849 1912 881 1939 de
900 1912 984 1939 males.
1003 1913 1048 1940 XI.

208 1956 250 1981 29.
270 1964 291 1980 c.
313 1955 336 1980 1.
356 1963 395 1990 sq.
416 1964 437 1980 c.
457 1955 481 1980 4.
506 1953 539 1980 de
557 1954 677 1980 relation.
714 1954 744 1981 II.
769 1957 836 1989 ΟΡ.
867 1955 1048 1993 Respondere,

209 2007 229 2024 s.
249 1996 388 2034 Responsa
408 1996 477 2022 dare.
505 1996 535 2022 fr.
551 1999 575 2022 5.
595 1998 617 2023 si
638 1997 765 2035 quadrup.
785 2000 808 2024 9.
825 2000 847 2024 1.
872 1998 903 2024 fr.
923 2001 963 2025 52.
985 1999 1006 2032 9.
1027 2001 1048 2025 l.

209 2039 242 2066 ad
259 2039 289 2066 L.
309 2039 378 2076 Aqu.
398 2041 422 2066 9.
441 2042 466 2065 2.
491 2038 522 2066 fr.
544 2041 584 2066 15.
603 2039 636 2066 de
655 2041 786 2077 publican.
810 2042 852 2067 39.
871 2042 895 2067 4.
924 2040 995 2067 Paul.
1017 2041 1047 2067 V.

207 2084 250 2108 21.
270 2082 308 2116 99.
327 2084 352 2108 3.
371 2092 411 2118 sq.
449 2081 492 2108 ΙΙΙ.
514 2083 580 2110 Gn.
613 2082 694 2118 Quod
720 2099 753 2102 ——
777 2083 856 2110 Coss.
880 2083 959 2110 verba
984 2083 1050 2110 fece-

209 2129 282 2157 runt,
302 2141 336 2144 —
355 2125 419 2161 quid
438 2125 471 2151 (18
490 2135 518 2151 ea
538 2135 566 2151 re
584 2125 642 2152 fieri
666 2131 784 2163 oportet,
809 2126 833 2152 d.
854 2136 875 2152 e.
895 2136 915 2153 r.
935 2127 970 2153 ita
990 2137 1050 2153 con-

209 2166 354 2194 suluerunt.
383 2167 413 2194 fr.
432 2169 457 2194 2.
477 2168 542 2201 9.1.
562 2167 594 2194 ad
608 2168 635 2194 S.
656 2168 687 2195 C.
702 2168 796 2196 Vellei.
817 2170 856 2195 16.
873 2171 895 2195 1.
933 2169 1050 2205 Diligen-

209 2214 250 2236 ter
272 2210 439 2247 explorabis,
462 2215 488 2236 et
510 2211 533 2236 si
559 2210 623 2247 quid
645 2211 697 2237 tale
720 2212 895 2248 compereriS,
924 2212 1048 2239 consules

209 2262 258 2278 nos
279 2257 308 2278 ut
325 2254 491 2280 aestimemus
511 2258 560 2280 etc.
594 2253 624 2280 sr.
647 2255 686 2280 14.
712 2254 745 2281 de
769 2255 812 2281 off.
837 2254 925 2281 Praes.
960 2257 982 2281 1.
1008 2257 1047 2282 15.

210 2294 280 2321 Fieri
298 2300 397 2331 potest,
422 2297 461 2322 sie
485 2300 570 2322 tamen
597 2302 626 2323 ut
645 2297 768 2323 consulto
788 2298 862 2334 prius
882 2297 1004 2335 Principe
1023 2303 1049 2324 et

210 2337 317 2364 iubente
336 2337 363 2364 id
380 2338 433 2365 fiat.
461 2338 491 2365 fr.
512 2340 552 2365 16.
572 2339 604 2366 ad
622 2339 652 2366 L.
673 2340 735 2367 Cor.
755 2340 788 2367 de
807 2341 882 2366 sicar.
902 2341 943 2366 48.
963 2343 986 2367 ὅ.
1019 2340 1048 2367 Si

210 2379 320 2406 Praeses
339 2379 391 2411 Pr.
410 2381 452 2407 vel
472 2383 531 2418 quis
551 2382 631 2415 alius,
653 2383 828 2414 consuluerit,
849 2387 875 2409 et
893 2382 925 2409 ad
945 2383 1049 2410 consul-

209 2424 335 2449 tationem
355 2424 410 2449 eius
429 2423 508 2450 fuerit
526 2426 691 2463 rescriptum.
717 2426 747 2452 fr.
768 2427 790 2452 l.
810 2426 832 2459 9.
852 2427 875 2452 l.
895 2425 928 2452 (18
946 2436 1005 2463 app.
1022 2431 1047 2452 et

208 2465 282 2492 relat.
307 2467 350 2492 49.
371 2467 392 2492 l.
427 2465 459 2492 cf.
478 2466 507 2493 fr.
526 2469 567 2494 32.
593 2468 615 2502 9.
637 2470 676 2495 14.
701 2468 733 2495 de
758 2478 808 2495 rec.
835 2478 877 2504 qu.
897 2468 950 2495 arb.
979 2470 1002 2495 4.
1023 2471 1046 2496 8.

208 2508 239 2534 fr.
259 2508 301 2533 48.
320 2517 360 2544 pr.
390 2507 422 2534 de
441 2509 497 2534 iure
514 2509 580 2537 fisci.
604 2512 646 2537 49.
667 2512 706 2538 14.
738 2511 770 2538 fr.
792 2513 831 2537 ll.
856 2510 889 2537 de
913 2511 1046 2538 decurion.

208 2552 250 2576 50.
269 2552 294 2575 2.
331 2549 444 2587 Legatos
464 2567 496 2571 —
514 2551 703 2580 Proconsulem
716 2563 792 2580 suum
805 2553 957 2587 (consulere
970 2564 1048 2591 opor·
1067 2571 1068 2578 .

208 2594 267 2625 tet),
289 2597 314 2618 et
334 2593 356 2618 is
375 2593 407 2619 ad
426 2593 632 2622 consultationes
648 2596 805 2633 Legatorum
819 2596 927 2623 debebit
938 2607 1047 2634 respon-

208 2635 278 2662 dere.
304 2635 334 2661 fr.
349 2636 372 2662 6.
392 2636 413 2669 9.
426 2638 451 2662 2.
472 2636 504 2663 de
523 2637 567 2663 oss.
586 2637 660 2665 Proc.
681 2644 707 2666 et
718 2639 780 2676 Leg.
802 2642 824 2666 l.
839 2641 878 2666 16.
916 2639 958 2666 De
976 2640 1044 2667 facto

208 2678 408 2705 consulentibus
428 2680 477 2709 (sc.
492 2679 636 2712 iudicibus)
656 2691 708 2708 non
727 2682 823 2709 debent
843 2682 981 2709 consilium
1000 2684 1045 2709 im-

207 2722 306 2758 pertire
325 2720 507 2754 (Praesides).
537 2722 567 2748 fr.
588 2724 628 2748 79.
648 2723 670 2756 9.
690 2725 712 2750 1.
739 2725 771 2752 (18
789 2725 866 2752 iudic.
890 2727 914 2752 5.
934 2727 957 2752 1.
994 2726 1044 2752 Ne-

207 2773 258 2800 que
281 2773 408 2800 responsa
432 2765 523 2800 utique
546 2766 645 2801 signata
669 2765 765 2793 dabant
789 2769 842 2801 (sc.
862 2768 964 2801 I.Cti),
996 2769 1047 2795 sed>

206 2805 361 2842 plerumque
384 2806 517 2834 iudicibus
540 2808 593 2845 ipsi
616 2808 780 2842 scribebant,
804 2816 848 2837 aut
870 2811 1041 2844 testabantur,

1074 1430 1075 1443 ι
1098 1415 1128 1442 C.
1149 1415 1167 1441 I.
1192 1417 1216 1442 2.
1242 1425 1263 1442 c.
1283 1417 1307 1442 9.
1337 1415 1449 1449 (ch.)
1479 1415 1511 1441 (18
1531 1414 1583 1441 div.
1603 1424 1683 1440 rescr.

1096 161 1133 191 N.
1881 164 1942 194 207

1103 243 1147 278 qui
1167 241 1227 269 illos
1248 241 1428 269 consulebant.
1456 243 1486 269 fr.
1506 245 1529 269 2.
1549 244 1571 277 9.
1592 246 1633 270 47.
1654 244 1685 270 de
1705 244 1738 271 O.
1758 244 1777 270 I.
1800 245 1822 270 l.
1841 246 1865 269 2.
1902 244 1942 270 Ex

1103 285 1170 311 facto
1190 296 1203 311 a
1217 284 1255 311 Fl.
1276 284 1409 322 Respecto
1429 291 1550 322 praetore
1563 286 1709 318 consultus,
1731 303 1763 306 —
1783 286 1880 313 Celsus
1893 285 1942 312 Re-

1102 333 1193 364 specto
1213 329 1304 354 suasit.
1330 328 1360 354 fr.
1379 330 1402 354 3.
1424 329 1446 362 9
1468 331 1492 355 l.
1512 329 1544 355 dc
1562 330 1655 355 minor.
1675 331 1698 356 4.
1719 331 1742 357 4.
1780 328 1942 356 consuleba-

1102 375 1155 399 tur.
1176 370 1239 407 quid
1259 370 1291 397 de
1311 370 1351 396 his
1372 372 1436 397 iuris
1457 372 1545 398 esset?
1564 372 1703 409 respondit
1722 377 1771 399 etc.
1797 373 1827 399 fr.
1847 374 1888 398 41.
1909 371 1942 398 de

1101 413 1131 439 R.
1152 413 1183 439 C.
1209 415 1249 439 12.
1270 415 1292 439 l.
1321 413 1351 439 t'r.
1372 415 1412 439 47.
1434 415 1454 447 9.
1475 417 1498 440 2.
1519 415 1551 441 de
1570 415 1657 441 hered.
1678 417 1739 442 inst.
1763 417 1804 441 28.
1824 417 1847 441 5.
1891 414 1942 441 Co—

1101 457 1168 493 piam
1189 466 1291 487 eorum,
1317 465 1385 492 quos
1411 456 1572 487 consuleret.
1598 458 1730 484 habuisse.
1769 456 1941 484 consulendo

1078 504 1079 512 ¹
1101 499 1284 536 prudentiores
1304 499 1413 535 adsequi
1433 510 1514 536 posse
1533 502 1676 527 scientiam.
1704 501 1734 527 fr.
1756 503 1795 527 lo.
1815 501 1847 527 dc
1868 500 1897 526 B.
1911 499 1940 526 P.

1100 544 1141 568 37.
1164 543 1184 568 l.
1219 541 1248 568 sr.
1268 543 1292 568 9.
1313 542 1335 575 9.
1353 543 1378 568 3.
1403 541 1435 568 dc
1455 543 1550 573 iur.,‹·t
1568 544 1628 570 facti
1648 545 1698 580 ign.
1722 546 1763 570 22.
1783 545 1806 570 6.
1843 543 1883 569 De
1903 553 1941 568 sa-

1101 584 1154 611 lute
1177 584 1322 622 Principis.
1351 595 1376 611 v.
1401 585 1580 617 dominorum,
1610 587 1650 613 De
1680 597 1779 613 summa
1801 587 1866 623 reip.
1891 590 1940 612 etc.

1100 628 1238 654 consulere
1257 628 1469 659 mathematicos,
1495 633 1542 654 etc.
1579 628 1651 655 Paul.
1676 629 1708 656 V.
1733 631 1775 656 21.
1799 629 1837 663 99.
1856 630 1880 655 3.
1901 638 1941 664 sq.

1077 695 1078 706 ἢ
1100 670 1170 697 Coll.
1190 670 1245 697 LL.
1265 670 1299 697 M.
1319 670 1377 697 XV.
1397 674 1421 697 2.
1442 670 1472 697 fr.
1495 672 1534 697 15.
1554 671 1576 704 9.
1598 673 1637 697 13.
1658 672 1690 698 de
1709 673 1785 698 iniur.
1805 674 1846 698 47.
1866 673 1907 697 10.

1136 722 1373 749 Consultare.
1412 723 1594 748 Consiliu'm
1612 729 1728 756 petere.
1757 722 1775 748 I.
1789 723 1851 756 Sy.
1872 721 1941 748 Con-

1101 764 1194 790 sulere.
1224 764 1254 790 fr.
1276 766 1297 790 l.
1319 765 1357 798 99.
1379 766 1400 790 l.
1421 774 1461 800 sq.
1481 764 1514 790 de
1533 775 1592 802 app.
1613 769 1638 790 et
1657 764 1732 791 relat.
1752 766 1793 791 49.
1815 767 1836 791 l.

1137 815 1384 842 Consultatio.
1422 816 1452 849 §.
1470 816 1505 842 l.
1535 817 1715 842 Scrutatio.
1743 814 1868 843 111οη.
1892 814 1941 841 fu-

1100 862 1171 888 tura,
1191 857 1239 883 sub
1260 857 1417 884 exsecrabili
1437 857 1637 889 consultatione,
1658 867 1824 894 cognoscere.
1845 857 1893 884 Th.
1909 857 1939 883 C

1100 900 1170 927 XVI.
1198 902 1238 926 10.
1267 910 1288 926 c.
1309 902 1331 926 9.
1357 900 1389 926 de
1409 910 1499 937 pagan.
1539 900 1608 927 Coll.
1633 900 1685 927 LL.
1711 901 1743 928 M.
1769 900 1828 927 XV.
1851 902 1875 926 2.
1908 916 1940 919 —

1100 944 1130 977 ξ.
1156 945 1190 970 2.
1221 945 1422 970 Provocaeio
1448 945 1584 970 comitii
1601 946 1760 975 alterins,
1785 945 1940 977 Anquisi-

1099 989 1153 1013 tio.
1191 986 1208 1013 1.
1230 988 1291 1020 Sy.
1316 985 1389 1012 Citra
1410 985 1610 1012 consultationis
1630 986 1744 1012 modum.
1780 985 1940 1012 Inconsultis

1099 1040 1128 1056 ac
1146 1028 1326 1056 nescientibus
1345 1028 1431 1054 nobis.
1460 1028 1510 1055 Th.
1531 1028 1561 1055 C.
1582 1029 1626 1055 IX.
1650 1031 1692 1055 35.
1717 1040 1738 1055 c.
1760 1031 1782 1055 1.
1808 1029 1840 1055 de
1864 1039 1940 1065 quae-

1076 1070 1077 1094 Ῐ
1099 1073 1177 1098 stion.
1214 1071 1244 1098 Il.
1266 1073 1332 1105 ΟΡ.
1362 1071 1540 1108 Rescriptum.
1569 1071 1639 1098 Coll.
1658 1071 1711 1098 LL.
1731 1071 1763 1098 M.
1783 1071 1801 1098 I.
1823 1073 1863 1097 11.
1891 1070 1940 1097 Re-

1099 1125 1236 1152 sponsum.
1266 1114 1352 1141 Vatic.
1373 1114 1394 1148 9.
1417 1116 1473 1140 115.
1511 1114 1552 1140 III.
1576 1116 1640 1142 (711.
1673 1115 1727 1141 Aut
1750 1125 1802 1141 nou
1821 1113 1940 1150 intelligo

1098 1158 1161 1195 quid
1182 1159 1230 1188 sit,
1250 1157 1282 1184 (18
1302 1168 1353 1194 quo
1373 1167 1414 1183 me
1434 1157 1613 1189 consulueris,
1638 1163 1681 1184 aut
1706 1157 1782 1184 valde
1801 1156 1881 1183 stulta
1900 1162 1941 1183 est

1098 1200 1257 1227 consultatio
1277 1205 1328 1227 tua.
1360 1200 1390 1227 l'r.
1410 1202 1452 1227 27.
1474 1200 1525 1236 Qu.
1541 1205 1641 1227 testam.
1657 1200 1703 1227 sac.
1718 1211 1743 1237 p.
1762 1201 1804 1226 28.
1820 1202 1842 1225 1.
1871 1199 1939 1234 Quia

1098 1243 1247 1275 dubitabat,
1272 1242 1304 1269 ad
1327 1243 1514 1280 Imperatorem
1538 1259 1570 1262 —
1594 1243 1697 1273 retulit,
1723 1242 1755 1269 ad
1778 1252 1855 1279 quam
1881 1252 1940 1268 con-

1075 1302 1076 1311 .
1098 1286 1267 1313 sultationem
1286 1296 1426 1313 successor
1445 1287 1500 1313 eius
1526 1302 1557 1305 —
1583 1286 1729 1322 rescripsit.
1758 1285 1788 1311 fr.
1811 1287 1849 1311 ll.
1874 1285 1896 1318 9.
1915 1287 1939 1310 2.

1098 1329 1130 1356 dc
1148 1330 1241 1356 minor.
1261 1330 1284 1356 4.
1304 1331 1328 1356 4.
1351 1329 1382 1356 cf.
1403 1329 1432 1356 sr.
1455 1331 1476 1356 l.
1497 1330 1518 1363 9.
1537 1331 1560 1355 1.
1581 1328 1613 1355 de
1632 1339 1691 1365 app.
1713 1333 1738 1354 et
1758 1327 1831 1354 relat.
1852 1329 1893 1354 49.
1917 1329 1938 1353 l.

1097 1372 1236 1410 Rescripta
1255 1372 1287 1399 ad
1301 1372 1522 1399 consultationem
1535 1372 1638 1403 emissa,
1659 1371 1699 1397 vel
1715 1371 1866 1397 emittenda.
1888 1370 1938 1397 Th.

1726 1413 1876 1440 Terminata
1902 1423 1940 1439 re-

1074 1475 1075 1480 =
1097 1459 1213 1495 scripto,
1238 1458 1281 1485 vel
1301 1458 1508 1487 consultatione.
1529 1458 1658 1494 quaestio.
1688 1457 1725 1483 Ib.
1744 1456 1790 1483 XI.
1808 1459 1850 1483 30.
1875 1467 1895 1483 c.
1915 1457 1938 1482 6.

1097 1501 1129 1528 de
1149 1512 1208 1539 app.
1229 1506 1254 1527 et
1272 1511 1349 1538 poen.
1380 1500 1599 1527 consultationes
1619 1499 1823 1536 relationesque.
1842 1499 1879 1525 l'b.
1893 1498 1938 1525 XI.

1096 1547 1137 1571 29.
1159 1555 1180 1571 c.
1200 1546 1224 1571 4.
1245 1544 1277 1570 (18
1297 1544 1416 1571 relation.
1454 1543 1542 1570 Verba
1562 1542 1750 1569 consultationi
1770 1544 1876 1569 inserta.
1908 1541 1938 1568 fr.

1072 1601 1074 1611 ι
1095 1590 1137 1614 34.
1157 1597 1197 1624 pr.
1218 1587 1251 1614 de
1268 1586 1345 1623 legat.
1365 1587 1396 1613 II.
1417 1587 1495 1621 (31.)
1534 1586 1609 1622 Quae
1628 1587 1654 1612 in
1674 1585 1867 1612 consultatione
1887 1584 1939 1611 col-

1096 1631 1146 1657 lata
1167 1635 1237 1657 sunt.
1265 1629 1295 1656 fr.
1318 1631 1357 1656 19.
1382 1630 1448 1664 9.1.
1474 1629 1506 1656 de
1530 1630 1622 1656 annuis
1642 1628 1718 1665 legat.
1742 1629 1784 1655 34.
1806 1629 1828 1654 1.
1872 1627 1939 1654 Sub-

1095 1675 1161 1700 iecta
1181 1672 1369 1700 consultationi
1388 1677 1469 1709 gesta.
1498 1672 1548 1699 Th.
1569 1671 1600 1699 C.
1619 1671 1664 1698 XI.
1684 1673 1725 1698 30.
1746 1682 1767 1697 c.
1786 1672 1828 1696 35.

1131 1725 1383 1752 consultator.
1429 1725 1492 1756 Qui
1515 1724 1691 1749 consilium
1717 1723 1862 1748 alterius
1885 1731 1937 1748 ex-

1071 1773 1072 1780 *
1093 1769 1185 1801 petit.
1222 1766 1265 1792 III.
1283 1767 1349 1793 Cn.
1374 1765 1480 1791 Caeteri
1499 1765 1548 1798 (sc.
1568 1764 1657 1798 I.Cti)
1677 1781 1709 1784 —
1729 1764 1816 1790 solum
1835 1763 1938 1790 consul-

1094 1809 1223 1835 tatoribus
1243 1808 1369 1841 (vacare)
1390 1808 1493 1845 potiuS,
1520 1818 1597 1844 quam
1616 1807 1719 1834 discere
1738 1806 1889 1833 volentibus
1909 1816 1938 1833 se

1094 1851 1270 1889 praestabant.
1300 1850 1330 1877 fr.
1350 1852 1374 1876 2.
1395 1851 1416 1884 9.
1436 1852 1478 1877 35.
1499 1849 1531 1876 de
1551 1850 1584 1877 O.
1604 1850 1622 1877 I.
1644 1852 1666 1876 1.
1685 1852 1710 1876 2.

1129 1903 1320 1930 consulte.
1348 1901 1472 1935 (Advb.)
1511 1903 1664 1933 Provide,
1686 1903 1936 1935 Circumspecte.

1093 1945 1136 1971 III.
1162 1947 1228 1973 Cn.
1259 1943 1403 1976 Consulte,
1429 1954 1457 1970 ac
1481 1954 1532 1981 pro
1555 1944 1619 1970 iuris
1644 1944 1752 1970 ratione.
1786 1953 1807 1970 c.
1835 1946 1875 1970 12.
1904 1943 1937 1970 de

1094 1988 1228 2014 collation.
1248 1988 1272 2014 6.
1294 1988 1333 2013 19.
1371 1986 1460 2019 Solet,
1481 2002 1514 2006 —
1533 1986 1581 2013 sed
1600 1986 1747 2013 consultius
1767 1991 1808 2012 est.
1827 1991 1875 2012 etc.
1904 1986 1935 2013 fr.

1094 2033 1134 2057 15.
1154 2040 1194 2066 sq.
1215 2029 1247 2056 de
1266 2034 1389 2056 trausact.
1409 2032 1433 2056 2.
1455 2032 1495 2056 15.
1523 2029 1596 2056 Paul.
1616 2029 1634 2055 l.
1656 2031 1677 2055 1.
1698 2029 1719 2063 9.
1733 2031 1757 2055 3.
1794 2029 1936 2065 Ambigere

1094 2083 1145 2099 non
1159 2073 1269 2104 debetis,
1289 2072 1337 2099 sed
1356 2072 1504 2099 consultius
1524 2072 1648 2103 feceritis,
1669 2072 1691 2097 si
1706 2076 1754 2098 etc.
1774 2073 1830 2098 c.1.
1850 2073 1878 2098 in
1892 2082 1934 2108 qu.

1093 2126 1145 2142 caS.
1165 2120 1213 2142 tut.
1233 2118 1257 2142 5.
1270 2117 1312 2142 36.
1345 2115 1472 2151 Quamvis
1493 2117 1546 2142 sint
1564 2120 1699 2141 auctorum
1718 2115 1864 2141 sententiae
1883 2114 1935 2141 dis-

1093 2160 1251 2190 sentientes,
1276 2163 1362 2185 tamen
1382 2158 1529 2185 consultius
1549 2158 1653 2184 videtur
1672 2163 1721 2184 etc.
1753 2168 1774 2184 c.
1794 2159 1818 2184 3.
1845 2157 1877 2183 de
1901 2157 1932 2183 A.

1093 2206 1120 2228 et
1137 2201 1168 2228 R.
1183 2201 1210 2228 P.
1231 2203 1254 2227 7.
1268 2202 1309 2228 32,
1347 2201 1377 2228 81
1398 2203 1456 2238 quis
1476 2201 1600 2228 audacius
1619 2211 1697 2237 quam
1715 2201 1862 2227 consultius
1881 2210 1934 2226 mo-

1092 2244 1178 2271 lietur.
1212 2243 1262 2270 Th.
1283 2244 1314 2270 C.
1339 2243 1398 2271 XV.
1424 2245 1447 2270 l.
1473 2254 1495 2270 c.
1514 2245 1556 2270 28.
1587 2243 1620 2270 de
1643 2254 1704 2281 opp.
1729 2244 1791 2281 pub.
1833 2244 1862 2270 Si
1881 2252 1933 2269 non

1093 2287 1214 2314 consulte
1237 2287 1375 2314 abstentus
1400 2291 1440 2313 est
1467 2286 1560 2319 (bonis
1579 2288 1722 2324 paternis).
1754 2297 1775 2313 c.
1795 2288 1818 2313 4.
1842 2286 1931 2312 arbitr.

1069 2337 1070 2346 ¹
1092 2335 1140 2357 tut.
1160 2333 1183 2357 5.
1203 2332 1245 2356 51.
1282 2329 1392 2356 Praetor
1411 2329 1608 2356 consultissime
1627 2331 1775 2356 intervenit.
1798 2329 1828 2355 fr.
1847 2329 1870 2354 8.
1891 2337 1930 2365 pr.

1092 2373 1125 2399 (18
1144 2372 1220 2399 cond.
1240 2374 1323 2399 instit.
1342 2374 1384 2399 28.
1406 2374 1428 2398 7.

1127 2428 1316 2454 consulto.
1351 2427 1472 2460 (Advb.)
1515 2429 1640 2459 Sciens,
1672 2429 1721 2454 Ex
1746 2427 1927 2460 proposito.

1091 2469 1121 2496 II.
1142 2471 1209 2504 ⁰1).
1237 2469 1288 2496 Per
1307 2480 1430 2496 errorem.
1459 2470 1490 2496 fr.
1510 2472 1550 2496 53.
1578 2469 1611 2496 de
1628 2470 1659 2496 R.
1679 2469 1697 2495 I.
1717 2471 1757 2494 50.
1779 2469 1818 2494 17.
1856 2467 1930 2494 Incu-

1091 2513 1136 2538 ria.
1174 2512 1326 2539 Oblivione.
1355 2512 1427 2539 Paul.
1447 2512 1478 2539 V.
1498 2515 1522 2539 3.
1544 2513 1565 2546 9.
1580 2514 1603 2539 6.
1625 2513 1653 2538 fr.
1667 2513 1708 2537 31.
1722 2521 1760 2547 pr.
1781 2510 1813 2537 (18
1826 2510 1927 2537 llberat.

1090 2555 1138 2591 leg.
1158 2557 1199 2582 34.
1214 2557 1237 2581 3.
1275 2555 1435 2582 Inconsulto.
1456 2555 1486 2582 fr.
1502 2558 1523 2582 l.
1538 2566 1577 2592 pr.
1597 2555 1634 2588 99
1651 2556 1671 2580 l.
1686 2563 1744 2590 sqq.
1764 2553 1831 2580 (1811.
1845 2564 1887 2590 qu.
1902 2555 1928 2580 iu

1092 2603 1194 2624 testam.
1215 2597 1265 2624 del.
1285 2600 1326 2624 28.
1340 2600 1364 2625 4.
1396 2598 1474 2625 Casu.
1505 2597 1636 2624 Coll.LL.
1648 2596 1680 2622 M.
1694 2596 1712 2622 I.
1727 2598 1766 2623 ll.
1803 2596 1845 2623 ΠΙ.
1862 2598 1928 2624 Cn.

1090 2640 1139 2667 Vel
1160 2640 1282 2667 consulto
1306 2642 1374 2667 circa
1398 2641 1526 2667 edendum
1550 2640 1734 2676 patrimonium
1759 2641 1929 2676 quantitatem

1088 2685 1227 2715 minuisse,
1255 2683 1297 2710 vel
1327 2684 1442 2710 evidenti
1466 2683 1556 2709 fraude
1579 2681 1675 2719 pupilli
1699 2682 1767 2708 bona
1790 2682 1926 2709 alienasse.

1088 2726 1117 2753 fr.
1136 2728 1158 2752 l.
1179 2727 1200 2760 9.
1222 2727 1244 2752 7.
1265 2726 1297 2752 de
1317 2727 1360 2753 off.
1381 2726 1432 2752 Prt'.
1452 2725 1497 2751 Vr.
1519 2727 1540 2750 l.
1563 2726 1603 2750 12.
1624 2724 1655 2751 cf.
1676 2724 1705 2751 fr.
1725 2728 1749 2751 5.
1769 2735 1808 2762 pr.
1829 2726 1880 2761 Qu.
1901 2727 1927 2752 vi

1087 2774 1131 2796 aut
1149 2768 1181 2795 cl.
1201 2770 1242 2795 43.
1261 2771 1303 2795 24.
1342 2768 1395 2803 Qui
1417 2766 1538 2793 consulto
1557 2767 1641 2794 filium
1660 2769 1874 2805 emancipaverat,
1894 2778 1927 2794 ne

1085 2822 1133 2849 pro
1151 2813 1303 2849 magistratu
1328 2812 1383 2837 eius
1408 2814 1519 2836 caveret.
1554 2809 1584 2836 fr.
1608 2812 1650 2837 38.
1675 2810 1697 2845 9.
1721 2813 1746 2837 4.
1775 2811 1807 2837 ad
1830 2811 1925 2838 munic.
