2197 3121
262 178 319 208 ¹62

258 258 417 286 Columbae.
437 268 503 294 quae
525 258 607 284 emitti
628 256 715 282 solent
734 255 766 281 de
786 254 956 281 columbario.
987 254 1016 281 fr.
1037 258 1060 280 δ.
1081 255 1102 287 3.

261 304 281 329 1.
302 302 318 328 1.
341 304 379 327 10.
399 304 423 327 2.

261 390 307 414 vel
323 389 487 421 porticus,
507 392 629 413 erctutm
649 386 798 410 sustinet.
819 383 939 411 111011.
954 383 982 408 si
997 382 1102 418 quando

259 440 399 457 marmora.
424 429 466 456 vel
487 429 635 458 columnae,
660 427 756 454 suerint
777 431 910 463 separatae
930 426 961 451 ab
982 425 1100 452 aedibus.

260 474 289 500 t‘r.
310 475 350 499 41.
375 473 413 506 33
433 475 457 498 2.
478 475 501 498 9.
536 471 568 497 de
587 470 664 506 legat.
686 470 703 496 I.
730 471 807 503 (30.)
839 469 911 496 Paul.
931 468 949 495 I.
969 471 1010 495 21.
1036 469 1058 502 3.
1077 472 1101 495 8.

259 515 514 543 Transfer-endorum
533 515 680 550 signorum.
704 512 746 539 vel
772 522 942 543 marmorum,
965 511 1008 538 vel
1033 511 1103 538 colu-

259 569 384 591 mnarum,
403 559 524 584 materias
544 558 717 594 requirentes.
745 555 794 582 Th.
810 555 840 581 (J.
854 554 912 581 XV.
929 557 951 581 1.
972 566 993 582 c.
1011 557 1049 581 14.
1070 555 1102 581 de

259 612 322 639 opp.
342 602 403 639 pub.
442 602 576 629 Servitus.
601 606 629 627 ut
654 601 680 627 in
699 600 824 637 parietem
845 600 901 624 eius
921 599 1103 633 tigna-inunit-

261 650 314 671 tere
334 645 395 671 milii
416 644 505 675 liceat,
530 654 662 681 supraque
687 654 716 669 ea
742 643 811 676 tigna
834 642 965 678 porticum
990 641 1103 667 ambula-

260 689 352 715 toriam
372 687 465 719 facere,
485 697 618 724 superque
638 696 696 712 eum
709 686 835 722 parietem
849 684 984 711 columnas
999 685 1104 710 structi-

260 731 298 758 les
318 732 460 768 imponere,
482 740 547 766 quae
568 734 664 756 tectum
684 729 803 765 porticus
824 727 1012 754 ambulator-iae
1026 728 1104 753 susti-

261 817 290 844 Υ.
316 821 339 843 ὅ.
360 820 384 844 2.

260 861 360 886 moveri
381 870 433 886 nou
453 863 577 896 possunt,
603 863 631 884 ut
651 857 794 883 columnaS.
822 857 852 883 t'r.
874 859 895 883 l.
916 857 938 890 3.
957 858 999 882 21.
1020 855 1052 882 de
1072 856 1102 882 Α.

261 948 275 973 i.
296 957 317 973 e.
343 947 494 973 Porticus

259 989 357 1016 aethris
377 988 566 1019 extenduntur,
591 988 654 1013 item
678 986 711 1013 de
736 986 778 1012 liis
803 996 869 1022 quae
895 990 955 1011 sunt
975 986 1043 1010 circa
1063 995 1104 1010 co-

261 1033 371 1059 lumnas.
403 1031 433 1058 fr.
455 1033 494 1057 12.
515 1031 537 1064 3.
557 1032 599 1057 20.
625 1029 657 1056 de
676 1031 750 1056 instr.
771 1029 819 1065 leg.
838 1030 880 1055 33.
901 1030 924 1055 7.
963 1028 1015 1063 Qui
1036 1028 1103 1053 eirca

261 1076 403 1106 columnas.
423 1079 465 1101 aut
486 1075 613 1100 stationes
633 1083 662 1099 se
681 1072 805 1100 occultet.
827 1073 866 1105 (ut
881 1071 1038 1098 creditorem
1052 1072 1103 1097 evi-

260 1119 322 1151 tet).
346 1118 377 1144 t'r.
399 1120 421 1144 7.
441 1118 462 1151 3.
484 1119 523 1143 13.
545 1127 577 1143 ex
597 1127 640 1153 qu.
662 1126 683 1142 c.
705 1117 731 1142 in
751 1125 823 1152 poss
844 1117 885 1141 42.
906 1117 929 1141 4.
959 1114 989 1140 fr.
1009 1116 1050 1140 36.
1071 1114 1103 1140 de
1125 1134 1126 1141 ,

1125 1175 1126 1179 .
1150 1157 1191 1184 tl.
1212 1159 1254 1184 32.
1275 1168 1296 1183 c.
1313 1160 1335 1184 l.
1355 1168 1394 1194 sq.
1415 1157 1447 1184 de
1467 1157 1637 1183 castrensian.
1669 1157 1788 1184 Comites
1808 1159 1876 1184 sacri
1896 1168 1924 1184 ac
1938 1160 1990 1196 pri-

1125 1217 1126 1234 1
1148 1202 1200 1227 vati
1214 1202 1304 1227 aerarii
1320 1200 1446 1227 illustres.
1466 1200 1503 1226 Ib.
1516 1199 1563 1226 XI.
1579 1201 1618 1226 18.
1633 1210 1655 1226 c.
1671 1203 1692 1227 l.
1713 1201 1767 1236 Qui
1780 1211 1793 1226 a
1808 1201 1896 1237 praeb.
1911 1202 1989 1228 tiron.

260 1162 314 1188 reb.
335 1166 401 1188 auct.
422 1160 474 1187 iud.
495 1161 536 1186 42.
556 1162 579 1186 5.

295 1205 522 1238 Comagena.
561 1201 603 1229 Cf.
623 1213 646 1228 v.
668 1201 880 1237 Commagenum.

294 1246 552 1275 Comanensis.

259 1292 373 1318 dociae
400 1291 551 1316 civitate.

598 1287 640 1314 ΙΙΙ.
667 1289 733 1315 Cn.

259 1333 478 1363 Ariaratensium,
508 1336 533 1357 et
561 1331 700 1357 Armeniae
730 1330 874 1361 secundae,
902 1329 1125 1361 Amasenoruxml

259 1376 450 1413 Helenoponti,
476 1380 501 1401 et
524 1374 783 1401 Diocaesariensium
803 1373 988 1410 Cappadociae
1012 1383 1103 1399 secun-

260 1420 307 1447 dae.
327 1420 414 1446 urbes.
434 1429 455 1445 c.
476 1420 516 1444 10.
536 1417 569 1444 de
588 1417 694 1454 agricol.
716 1418 756 1442 11.
776 1418 816 1443 47.
837 1416 869 1442 cs.
889 1416 919 1443 fr.
940 1417 963 1443 6.
983 1417 1004 1450 3.
1025 1418 1049 1443 9.
1070 1416 1102 1442 de
1124 1417 1125 1434 l

1124 1483 1125 1489 ,
1147 1461 1234 1486 comit.
1254 1470 1278 1486 v.
1299 1459 1395 1486 tribun.
1433 1458 1531 1486 Comes
1555 1459 1632 1495 primi
1657 1458 1766 1484 ordinis.
1796 1458 1833 1485 lb.
1857 1459 1926 1486 XIII.
1949 1462 1989 1487 11.

261 1467 389 1490 excusatt.
408 1463 449 1488 27.
473 1463 494 1487 1.

295 1507 538 1534 combUI'QI‘Q·
739 1505 884 1530 Flamma
911 1512 1101 1529 consumere.

592 1505 706 1536 frere,

259 1549 277 1575 l.
297 1550 357 1583 Sy.
385 1548 510 1574 Exurerc.
540 1546 612 1573 Paul.
634 1546 665 1573 V.
685 1548 727 1573 24.
748 1546 769 1580 3.
791 1547 813 1572 1.
844 1546 875 1572 fr.
895 1547 936 1572 57.
956 1555 996 1582 pr.
1021 1546 1101 1579 331.
1123 1553 1124 1570 2

260 1602 317 1628 sqq.
338 1591 370 1617 de
390 1595 473 1617 contr.
492 1595 551 1617 emt.
573 1592 612 1616 18.
629 1592 651 1616 1.
688 1589 813 1615 lucendio
834 1599 995 1615 consumere.
1015 1589 1101 1615 11:57.

259 1645 298 1672 pr.
318 1634 334 1660 l.
356 1636 396 1660 18.
418 1636 440 1660 l.
477 1633 520 1660 lII.
541 1634 606 1661 (711.
636 1632 664 1658 Si
685 1633 743 1668 quis
764 1633 789 1658 in
809 1631 934 1669 stipulam
953 1642 1039 1663 suam,
1059 1631 1101 1658 vel
1123 1648 1124 1656 η

259 1680 369 1716 spinam,
389 1676 581 1703 comburendae
601 1677 657 1702 eius
677 1685 766 1707 causa,
791 1676 877 1711 ignem
896 1676 1040 1702 immiserit.
1070 1675 1100 1701 sr.

257 1724 299 1748 30.
319 1721 341 1755 3.
360 1722 385 1747 ’3
411 1720 442 1746 ad
461 1719 491 1746 L.
512 1719 580 1755 Aqu.
603 1721 628 1746 9.
648 1721 672 1745 2.
715 1718 790 1754 Quos
810 1721 864 1751 (sc.
885 1719 980 1756 impios
999 1718 1100 1751 libros)
1122 1736 1123 1744 1

259 1764 376 1801 diligenti
397 1763 484 1789 studio
505 1763 611 1799 requiri.
632 1773 661 1788 ae
676 1761 781 1799 publice
795 1761 913 1787 comburi
927 1761 1100 1788 decernimus.

259 1807 308 1834 Th.
333 1807 364 1833 C.
383 1806 454 1832 XYI.
473 1809 497 1832 5.
518 1816 538 1832 c.
558 1807 600 1832 66.
620 1806 641 1840 3.
664 1807 684 1832 1.
706 1804 738 1831 de
757 1804 882 1831 haeretic.

293 1850 513 1877 comedere.
552 1849 582 1883 §0
604 1850 637 1875 l.
667 1851 775 1876 Edere.
812 1847 830 1874 l.
857 1849 919 1882 Sy.
947 1848 1100 1885 Depascere

275 1892 421 1930 glandem).
441 1892 471 1918 sr.
491 1893 514 1918 9.
535 1892 557 1925 3.
580 1894 600 1918 l.
622 1891 654 1917 ad
674 1891 761 1917 exhib.
783 1893 822 1917 10.
843 1892 866 1917 4.
888 1907 920 1910 —
940 1892 971 1924 ξ.
986 1893 1022 1918 2·
1043 1893 1100 1918 Ab·

258 1937 409 1971 ligurire.
448 1935 489 1961 Ill.
514 1936 579 1962 Cn.
609 1934 676 1963 Res.
697 1944 761 1970 quas
781 1933 889 1960 divortii
908 1939 1028 1971 tempore
1046 1944 1100 1961 mu·
1120 1946 1122 1951 ⁴

259 1980 307 2006 lier
326 1978 483 2010 comederit,
503 1977 664 2009 vendiderit,
689 1976 839 2009 donaverit,
864 1977 981 2013 qualibet
999 1978 1099 2004 ratione

259 2023 441 2049 consumserit.
462 2021 491 2047 fr.
510 2023 534 2047 3.
555 2021 577 2054 3.
595 2022 619 2047 3.
641 2020 673 2047 de
692 2025 740 2046 act.
761 2030 810 2046 rer.
830 2024 907 2046 amot.
929 2022 970 2046 25.
990 2022 1014 2046 2.

293 2066 437 2093 Comes.
475 2065 506 2098 §0
531 2065 565 2091 l.
595 2065 710 2091 socius
735 2065 767 2089 in
792 2066 1004 2090 commeando.
1042 2065 1097 2090 Pe-

258 2111 435 2143 dissequns.
477 2107 519 2134 III.
545 2108 610 2135 Gn.
645 2106 747 2133 Medico
771 2116 820 2132 suo
849 2106 1043 2139 contubernali,
1073 2111 1099 2133 et

259 2153 433 2178 communium
453 2150 649 2188 expeditionum
669 2150 772 2179 comiti.
797 2150 865 2176 inter
889 2154 990 2176 caetera
1009 2151 1044 2176 ita
1063 2149 1099 2176 le-

258 2199 370 2231 gaverat.
399 2194 428 2220 fr.
448 2196 489 2220 40.
510 2204 548 2231 pr.
573 2193 606 2220 de
631 2202 694 2219 auro
718 2203 769 2229 arg.
793 2194 835 2218 34.
855 2194 879 2218 2.
918 2192 985 2219 Cum
1009 2202 1098 2219 comes

257 2243 389 2265 matronae
409 2236 554 2263 abdueitur.
574 2236 605 2263 l'r.
626 2238 649 2263 l.
669 2236 690 2269 3.
709 2238 734 2262 2.
755 2235 784 2261 fr.
798 2237 821 2262 9.
836 2245 875 2272 pr.
896 2235 926 2261 fr.
943 2237 982 2262 15.
1003 2236 1041 2269 33.
1056 2237 1096 2261 17.
1119 2234 1121 2243 *

258 2291 317 2318 sqq.
342 2280 374 2307 de
398 2281 472 2306 iniur.
498 2281 539 2306 47.
560 2281 600 2306 10.
643 2280 696 2315 Qui
720 2288 802 2315 puero
827 2283 959 2316 stuprum,
983 2278 1097 2305 abducto

258 2324 289 2350 ab
309 2334 339 2350 eo
358 2322 400 2349 vel
420 2327 544 2359 corrupto
565 2323 672 2353 comite,
691 2323 862 2358 persuaserit.
883 2321 913 2347 sr.
936 2323 958 2347 l.
978 2322 1000 2356 3.
1020 2325 1045 2348 2.
1066 2322 1097 2348 de

259 2372 324 2394 extr.
345 2367 416 2393 crim.
437 2367 478 2391 47.
501 2367 538 2391 ll.
576 2365 644 2391 Ante
667 2366 764 2391 ostium
788 2366 843 2391 eius
868 2364 1001 2391 conclavis
1021 2364 1098 2391 liberi

257 2412 286 2441 3,
307 2414 330 2436 et
351 2411 368 2435 3
387 2408 492 2437 liberae.
512 2418 569 2434 cum
588 2408 657 2434 binis
677 2408 827 2439 comitibus,
848 2407 1006 2434 custodiant.
1028 2407 1058 2434 fr.
1075 2410 1096 2434 1.

258 2454 279 2487 3.
302 2455 341 2479 10.
361 2452 394 2478 de
413 2452 506 2488 inspic.
520 2455 619 2477 ventre.
637 2453 679 2477 25.
694 2453 717 2477 4.
739 2467 770 2470 —
790 2452 821 2484 ξ.
842 2451 877 2478 Β.
904 2452 968 2484 Qui
987 2452 1097 2478 Recto-

260 2498 304 2521 ris
329 2497 433 2526 Prov.‚
459 2496 588 2521 aliusve
611 2497 844 2529 magistratus,
869 2496 1048 2520 comitatui
1069 2501 1121 2524 er.

259 2540 424 2564 consortio
445 2539 634 2571 adscriptus
653 2544 705 2563 cst.
744 2537 761 2563 I.
782 2540 843 2571 Sy.
873 2537 926 2572 Qui
946 2541 1036 2563 estex
1057 2547 1098 2563 co—

261 2580 334 2606 hort«-
349 2582 436 2611 (vuius
451 2590 549 2609 eorum,
570 2580 614 2616 qui
629 2580 653 2605 iu
668 2580 827 2613 111.-·3.⁷istr.·1tu.
846 2584 1012 2616 potestateve
1026 2569 1109 2613 ctt-.).'

260 2624 312 2657 Qui
333 2625 399 2649 eirea
419 2634 477 2649 eum
498 2628 551 2650 est.
571 2623 614 2658 qui
635 2623 795 2659 provinciam
815 2624 887 2657 regit.
907 2623 937 2648 fr.
957 2625 998 2649 323.
1019 2623 1052 2649 do
1065 2623 1096 2649 R.

260 2666 290 2692 C.
320 2667 356 2691 l2.
381 2667 400 2691 1.
429 2666 457 2692 sr.
482 2668 501 2692 1.
523 2676 560 2703 pr.
590 2666 619 2691 t'r.
644 2668 667 2691 5.
697 2665 730 2691 de
757 2664 784 2691 L.
810 2665 855 2691 lul.
882 2671 962 2702 repet..
988 2667 1029 2692 218.
1056 2668 1095 2692 11.

261 2708 300 2734 III.
317 2710 382 2735 (7²1.
402 2709 481 2743 Quod
501 2709 533 2735 ad
554 2709 661 2745 legatos,
681 2713 807 2736 oratores.
828 2710 970 2735 comitesre
984 2710 1095 2742 (eorum.
1118 2727 1119 2731 .

260 2752 304 2788 qui
330 2752 466 2787 imperium
490 2757 680 2789 potestatemve
703 2750 829 2784 habt-nt).
855 2750 989 2778 adtinebit.
1021 2752 1051 2778 sr.
1073 2753 1094 2778 7.

259 2794 290 2820 ad
310 2793 339 2820 L.
360 2793 406 2819 lul.
427 2794 459 2819 (1(-
479 2796 502 2820 vi
522 2795 583 2831 pub.
604 2796 644 2821 43.
664 2796 687 2820 (i.
725 2794 835 2825 Eorum,
861 2794 904 2830 qui
928 2795 991 2830 reip.
1012 2805 1033 2820 e.
1053 2795 1096 2820 ab·

260 2842 328 2866 sunt.
348 2837 465 2865 comites.
486 2838 530 2872 qui
549 2842 610 2864 sunt
628 2839 695 2864 intra
708 2842 834 2864 statutum
847 2846 989 2863 numerum.
1010 2836 1038 2863 sr.
1053 2839 1094 2863 41.
1116 2841 1118 2864 ¹.

427 816 493 845 Res.
523 826 588 852 quae
614 820 725 852 propter
750 813 955 850 magnitudinem
977 812 1103 850 ponderis
1125 824 1126 830 ¹

1125 884 1126 887 ,
1148 861 1277 883 voratum.
1306 856 1342 882 Ib.
1356 856 1401 883 XI.
1415 857 1456 882 30.
1478 866 1498 882 c.
1513 858 1558 881 2⁸.
1575 855 1607 881 de.
1622 866 1680 892 app.
1697 860 1722 882 et
1740 866 1817 893 poen.
1855 856 1908 892 Qui
1922 861 1991 883 tran-

261 914 283 930 ν.
303 903 335 930 Α.
355 902 384 929 1¹.
404 905 445 928 41.
465 905 488 928 2.
510 902 540 927 es.
562 902 619 927 Gai.
640 900 684 927 IV.
701 902 741 926 17.
762 916 793 919 —
814 901 844 933 ς’.
857 901 892 926 2.
914 902 1102 931 Columnae,
1125 896 1126 902 ¹

550 944 592 970 111.
619 945 684 971 (711.
719 943 760 970 De
784 942 865 971 velis,
895 953 961 979 quae
987 943 1013 968 in
1039 942 1104 978 hyp-
1125 957 1126 960 =

1125 987 1126 1012 ἶ
1148 985 1180 1012 de
1199 985 1291 1012 bonor.
1313 985 1396 1011 codic.
1434 984 1531 1011 Comes
1552 989 1575 1011 et
1596 985 1731 1022 patricius.
1760 984 1797 1011 lb.
1817 985 1875 1012 XV.
1902 987 1941 1012 14.
1967 997 1989 1012 c.

597 1246 691 1272 Ciris
719 1255 755 1271 ex
785 1246 942 1276 Comana,
974 1245 1126 1282 Cappa-y

767 1287 816 1313 Per
844 1286 1050 1313 Comanensium
1078 1292 1125 1313 et*

983 172 1072 204 (201.
1099 190 1137 194 —
1163 171 1270 202 (2031.

1150 253 1171 287 3.
1191 256 1215 280 2.
1241 253 1273 280 de
1294 258 1422 279 exeusatt.
1448 255 1490 279 27.
1512 254 1533 279 1.
1576 254 1605 279 Si
1631 264 1697 290 quos
1723 256 1858 281 comitum.
1885 256 1925 282 rel
1946 255 1992 282 Le.-

1125 318 1126 323 .
1149 298 1199 332 gati
1220 298 1273 324 sui.
1299 306 1358 322 reos
1379 295 1487 322 Procos.
1508 297 1644 323 invenerit.
1675 296 1704 323 l'r.
1724 298 1748 323 (i.
1769 298 1789 331 3.
1812 300 1832 324 1.
1858 298 1890 325 de
1914 309 1989 336 poen.

295 345 490 371 Columna.
529 344 560 377 §-
581 345 614 369 l.
645 343 813 372 Pulcrum,
845 343 928 375 qtcod
958 342 1103 371 aedium,
1124 345 1126 371 ξ
1148 342 1189 366 48,
1212 342 1251 365 19.
1281 338 1312 365 cf.
1334 338 1363 365 t'r.
1386 340 1425 365 16.
1450 338 1483 365 de
1502 339 1545 365 off.
1566 339 1653 366 I'raes.
1682 342 1702 366 l.
1726 342 1764 366 18.

1806 340 1924 367 (ὀιηίῑυς
1944 341 1991 369 Lv-

1148 387 1275 417 gatorum.
1297 383 1340 418 qui
1362 381 1393 407 ad
1413 383 1553 410 aerarium.
1578 388 1619 409 aut
1641 384 1667 409 in
1687 384 1900 410 commentarium
1919 385 1991 411 Prin-

1148 426 1215 462 cipis
1236 425 1315 451 delati
1336 430 1406 451 sunt.
1439 424 1468 451 fr.
1487 426 1529 451 32.
1556 436 1587 452 ex
1613 436 1654 462 qu.
1676 436 1696 451 e.
1717 426 1774 452 mai.
1801 427 1824 452 4.
1844 428 1868 452 6.
1900 426 1928 453 1ἰ·.
1951 430 1990 454 12.

1148 470 1169 503 3.
1192 470 1213 494 l.
1235 468 1267 494 de
1286 473 1369 494 vacat.
1390 473 1414 494 et
1435 477 1524 494 excuS.
1544 470 1585 494 50.
1605 471 1628 495 5.
1650 485 1682 488 —
1706 469 1736 501 §-
1756 470 1793 495 3.
1818 471 1991 504 Principis

1146 513 1328 539 comitatui
1352 512 1518 542 addictus,
1548 512 1724 546 Dignitate
1753 513 1840 538 inter
1861 515 1990 546 palati-

1147 566 1200 582 nos
1217 556 1401 589 praeditus.
1438 553 1481 579 111.
1497 555 1562 580 (711.
1586 553 1615 580 Si
1631 556 1688 590 quis
1709 570 1741 574 —
1762 556 1787 581 in
1807 565 1991 592 quemcunque

1146 598 1270 624 iudicum.
1291 598 1423 623 comitum.
1444 596 1593 627 amicorum,
1613 597 1654 623 vel
1675 598 1849 634 palatinorum
1863 608 1989 630 meorum,

1147 641 1246 677 aliquid
1266 657 1299 660 —
1318 640 1430 677 probare
1448 649 1529 676 posse
1548 640 1665 667 confidit.
1694 640 1743 667 Th.
1769 640 1799 667 C.
1820 641 1865 667 IX.
1886 643 1908 667 l.
1930 652 1950 668 c.
1965 643 1989 668 4.

1147 684 1180 711 de
1200 694 1286 710 accuS.
1306 688 1332 710 et
1350 684 1428 709 inser.
1467 683 1520 717 Qui
1541 692 1598 708 cum
1619 682 1718 710 honore
1732 685 1864 715 comitum,
1885 685 1990 711 nomine

1124 731 1126 753 l
1147 729 1339 764 magistrorum,
1359 727 1499 753 memoriae
1518 726 1679 763 praefuerint
1698 732 1747 753 etc.
1777 726 1827 753 Th.
1843 726 1873 753 C.
1888 726 1934 753 XI.
1950 729 1989 753 16.

259 779 345 801 neant.
375 774 404 800 l'r.
424 776 448 800 8.
467 774 489 807 3.
512 775 533 800 1.
554 774 576 799 si
597 773 686 798 servit.
707 774 731 797 8.
752 773 775 796 5.
807 770 838 797 cs.
860 771 890 797 fr.
910 772 951 796 33.
973 770 1005 796 de
1026 769 1053 796 S.
1074 769 1102 796 P.
1125 774 1126 803 ff

1149 782 1170 797 c.
1192 772 1231 797 14.
1253 770 1285 796 de
1305 775 1370 796 extr.
1391 780 1411 796 s.
1427 769 1498 795 sord.
1537 769 1565 795 Si
1586 780 1598 794 a
1619 769 1748 798 rationali,
1768 770 1810 796 vel
1825 771 1929 802 comite,
1948 770 1990 797 vel

1149 814 1200 840 alio
1220 815 1265 850 qui
1285 823 1373 839 curam
1396 812 1495 839 fiscalis
1522 812 1652 838 eonunodi
1678 814 1756 849 gerit.
1777 829 1808 832 —
1830 813 1908 840 fuerit
1931 824 1991 851 pro-

1149 899 1289 936 quillitatis
1315 904 1420 926 nostrae
1442 899 1594 925 consistorii
1619 898 1669 924 dici
1695 900 1804 925 comites
1831 905 1989 926 meruerunt.

1148 943 1185 968 11).
1206 942 1250 969 ΥΙ.
1272 944 1312 968 12.
1333 953 1354 968 c.
1370 945 1392 968 l.
1413 942 1445 968 dc
1465 943 1552 968 comit.
1573 942 1714 967 consistor.
1734 941 1778 968 11.
1797 945 1839 968 22.
1859 954 1880 969 c.
1894 944 1989 977 531

1149 1030 1189 1054 14.
1209 1039 1248 1065 pr.
1269 1028 1302 1055 de
1322 1029 1416 1054 infirm.
1436 1028 1486 1054 his.
1525 1028 1622 1053 Comes
1642 1032 1666 1053 et
1686 1029 1809 1063 magister
1833 1028 1988 1056 officiorum.

1147 1072 1184 1098 Il).
1205 1071 1222 1098 I.
1243 1074 1267 1097 9.
1292 1082 1313 1097 e.
1335 1073 1356 1097 1.
1378 1071 1492 1104 (ch.)
1518 1070 1550 1097 de
1570 1070 1614 1096 oll'.
1634 1081 1699 1107 mag.
1720 1072 1763 1097 oll'.
1785 1071 1853 1098 YIII.
1878 1074 1902 1098 5.
1923 1082 1944 1099 c.
1964 1075 1988 1099 ὅ.

1147 1125 1187 1152 pr.
1207 1114 1240 1141 de
1259 1124 1338 1140 cursu
1356 1114 1418 1151 pub.
1457 1114 1554 1140 Comes
1574 1118 1598 1139 et
1615 1113 1767 1140 Castrensis
1787 1114 1814 1141 S.
1828 1114 1926 1151 palatii.
1952 1115 1989 1142 Ib.

1148 1244 1245 1270 Comes
1266 1248 1291 1270 et
1310 1249 1466 1281 procurator
1485 1243 1589 1270 divinae
1609 1242 1710 1269 domus.
1732 1243 1769 1269 Ib.
1790 1243 1834 1270 lx.
1849 1245 1890 1270 42.
1911 1255 1932 1270 c.
1949 1246 1989 1271 16.

1147 1287 1179 1314 de
1194 1287 1254 1313 bon.
1269 1297 1369 1324 proscr.
1401 1286 1511 1323 Ulsp.
1532 1286 1641 1312 comites
1661 1286 1858 1319 archiatrorum,
1879 1289 1989 1314 comites

1147 1330 1254 1363 stabuli,
1274 1346 1306 1350 ——
1326 1331 1435 1356 comites
1456 1330 1661 1366 dispositionum
1681 1333 1729 1355 etc.
1750 1329 1787 1355 lb.
1806 1329 1852 1356 XI.
1868 1332 1907 1357 18.
1929 1341 1950 1357 e.
1966 1333 1988 1357 l.

1148 1374 1201 1409 Qui
1221 1385 1233 1399 a
1253 1373 1342 1411 prael).
1363 1374 1441 1399 tiron.
1469 1373 1514 1399 XI.
1536 1374 1557 1399 1.
1579 1382 1600 1398 c.
1620 1373 1661 1398 29.
1682 1372 1714 1398 de
1739 1382 1833 1399 aunon.
1854 1378 1878 1399 et
1898 1374 1989 1400 tribut.

1147 1416 1260 1443 Tribuni
1280 1421 1305 1443 et
1324 1417 1434 1443 comites
1452 1416 1600 1442 inferiores
1627 1414 1665 1441 lb.
1685 1414 1740 1442 VII.
1762 1417 1801 1442 ll.
1822 1426 1844 1442 c.
1859 1418 1881 1443 l.
1897 1427 1936 1454 sq.
1957 1427 1990 1444 ue

1147 1514 1167 1529 c..
1190 1505 1229 1530 14.
1250 1513 1308 1539 sqq.
1330 1502 1362 1529 de
1382 1503 1506 1529 censitor.
1527 1506 1708 1539 peraequator.
1741 1518 1773 1521 —
1807 1502 1837 1535 §-
1859 1504 1898 1530 4.
1928 1506 1990 1531 Aa-

1147 1548 1396 1572 ministrationi
1424 1547 1694 1580 provinciarum,
1732 1547 1780 1571 vel
1810 1548 1988 1579 exercitui,

1144 1590 1342 1625 praefectus.
1381 1588 1423 1615 III.
1441 1590 1507 1616 (ΥΠ.
1538 1588 1567 1614 In
1582 1587 1753 1624 dignitatibus
1774 1589 1918 1620 constituti,
1939 1590 1955 1615 i.
1967 1599 1988 1616 e.

1146 1632 1274 1658 Rectores
1294 1641 1387 1668 provv.
1408 1636 1434 1658 et.
1453 1631 1580 1658 Comites.
1609 1630 1646 1657 Ib.
1662 1630 1718 1657 VII.
1737 1632 1761 1657 4.
1777 1641 1798 1657 c.
1810 1633 1852 1658 32.
1873 1631 1906 1658 de
1919 1642 1988 1669 erog.

1145 1676 1199 1702 mil.
1219 1685 1313 1702 annon.
1351 1674 1393 1701 Cl.
1407 1674 1456 1700 Yv.
1478 1674 1597 1700 Comites
1617 1679 1642 1700 et
1656 1673 1736 1700 duces
1750 1673 1913 1701 diversarum
1930 1685 1990 1712 pro-

1145 1719 1290 1745 vinciarum
1314 1722 1340 1743 et
1363 1717 1482 1744 limitum.
1511 1717 1548 1743 Ib.
1569 1717 1587 1743 I.
1608 1719 1631 1743 7.
1657 1727 1678 1743 c.
1698 1718 1722 1743 3.
1748 1716 1864 1750 OVck.)
1893 1718 1926 1745 de
1944 1718 1988 1745 off.

1146 1762 1211 1798 Mag.
1231 1761 1284 1788 mil.
1305 1761 1361 1788 VII.
1384 1763 1405 1787 L
1426 1771 1447 1787 c.
1467 1762 1490 1787 9.
1511 1760 1543 1786 de
1562 1759 1593 1786 R.
1613 1759 1646 1786 Μ.
1684 1759 1813 1786 Praefecti
1832 1759 1874 1786 Pr.
1895 1765 1921 1787 et
1938 1761 1990 1788 Co-

1146 1806 1237 1837 mites,
1263 1805 1306 1841 qui
1330 1815 1379 1841 per
1398 1804 1548 1841 provincias
1567 1804 1705 1829 constituti
1729 1808 1803 1834 sunt,
1829 1808 1878 1830 etc.
1911 1803 1949 1831 lb.
1969 1804 1988 1831 I.

1147 1850 1186 1875 16.
1207 1858 1228 1875 c.
1249 1850 1273 1874 6.
1294 1858 1333 1884 sq.
1354 1847 1458 1881 (ἵνά.)
1479 1846 1511 1873 de
1531 1846 1574 1872 off.
1595 1845 1669 1872 Rect.
1690 1846 1733 1872 Pr.
1766 1846 1886 1873 Comites
1901 1848 1989 1874 cuncti

1144 1892 1347 1928 provinciarmn.
1376 1891 1412 1917 lb.
1434 1890 1449 1917 l.
1469 1890 1487 1916 l.
1508 1900 1529 1916 e.
1551 1891 1573 1915 7.
1612 1889 1740 1921 Comites,
1760 1889 1802 1916 vel
1823 1889 1912 1922 duces,
1933 1891 1989 1926 qui-

1145 1934 1194 1960 bus
1214 1933 1343 1970 regendae
1361 1933 1469 1960 militiae
1493 1943 1554 1959 cura
1581 1933 1720 1959 commissa
1746 1937 1794 1958 est.
1823 1932 1861 1958 Ib.
1887 1931 1942 1959 VII.
1964 1934 1986 1959 l.

1144 1988 1166 2003 c.
1187 1979 1227 2004 18.
1248 1977 1280 2003 de
1299 1976 1330 2003 11.
1350 1976 1383 2003 M.
1404 1975 1460 2002 VII.
1480 1977 1521 2001 20.
1547 1986 1568 2002 c.
1590 1977 1630 2001 13.
1654 1975 1687 2001 de.
1705 1979 1820 2001 veteran.
1857 1974 1886 2001 ln
1906 1974 1988 2002 civili-

1144 2020 1193 2046 bus
1213 2021 1298 2046 causis
1319 2019 1439 2046 Vicarios
1459 2018 1609 2045 Comitibus
1633 2017 1745 2043 militum
1770 2019 1893 2044 convenit
1917 2023 1989 2045 ante-

1143 2063 1212 2090 ferri.
1244 2063 1281 2089 lb.
1301 2063 1319 2089 I.
1340 2065 1380 2088 15.
1401 2072 1422 2088 c.
1443 2063 1465 2088 7.
1486 2060 1591 2095 (wok.)
1611 2060 1643 2086 de
1663 2060 1707 2086 off.
1728 2059 1814 2086 Vicar.

1179 2106 1367 2133 Conlesor.
1405 2106 1580 2139 Prodigus.
1617 2102 1648 2129 II.
1675 2104 1742 2137 Op.
1774 2103 1814 2129 Ex
1838 2102 1986 2140 frugalitate

1143 2160 1188 2175 sua
1210 2148 1343 2186 peculium
1367 2147 1516 2184 adquirens:
1550 2146 1581 2172 fr.
1606 2147 1646 2172 18.
1670 2156 1710 2183 pr.
1739 2146 1771 2172 de
1795 2145 1882 2172 Aedil.
1908 2146 1986 2173 edict.

1142 2194 1184 2219 21.
1208 2194 1229 2218 l.

1180 2235 1370 2263 Cominus.
1391 2232 1514 2266 (Advb.)
1545 2233 1669 2259 Coram.
1704 2233 1739 2258 1η
1759 2242 1790 2258 re
1806 2235 1986 2266 prueseuti.

1143 2278 1185 2305 III.
1211 2279 1277 2306 (ἠ.
1303 2277 1453 2304 Continuus
1478 2280 1552 2301 actus
1571 2291 1604 2295 -
1623 2285 1683 2301 esse
1702 2273 1788 2303 debet.
1810 2290 1842 2293 —
1862 2279 1888 2301 ct
1907 2276 1986 2302 comi.

1143 2332 1192 2348 nus
1211 2320 1367 2358 responderi
1392 2318 1530 2356 stipulanti
1554 2322 1666 2355 oportet.
1696 2317 1726 2343 fr.
1748 2319 1805 2343 137.
1829 2328 1869 2355 pr.
1894 2317 1927 2344 de.
1951 2317 1982 2345 V.

1143 2366 1175 2392 0.
1196 2366 1237 2391 45.
1259 2366 1281 2390 l.
1324 2363 1366 2393 Si.
1392 2363 1467 2399 quasi
1493 2366 1646 2398 recepturus
1671 2371 1683 2387 a
1704 2360 1824 2387 debitore
1842 2365 1888 2387 tuo
1908 2362 1986 2388 comi—

1143 2419 1191 2435 nus
1211 2408 1362 2445 pecuniam,
1386 2404 1525 2432 reddidisti
1548 2405 1652 2441 pignuS.
1686 2404 1717 2430 sr.
1737 2406 1761 2430 3.
1787 2403 1819 2430 de
1843 2405 1913 2441 pign.
1934 2409 1983 2431 act.

1120 2450 1121 2456 ¹
1144 2453 1183 2478 13.
1204 2453 1227 2478 7.

1179 2493 1373 2521 Con-itari.
1410 2492 1441 2525 ᾗ.
1465 2491 1499 2516 l·
1535 2492 1633 2524 Sequi
1662 2493 1811 2516 alterum.
1850 2489 1891 2516 III.
1918 2491 1983 2518 (711.

1143 2536 1202 2563 Non
1224 2542 1322 2563 tantum
1342 2535 1467 2561 adversus
1488 2538 1619 2569 raptores.
1645 2533 1691 2559 sed
1718 2533 1794 2558 etiam
1819 2538 1909 2559 contra
1929 2543 1983 2561 eos,

1119 2576 1120 2596 l
1143 2580 1256 2616 quibos
1282 2579 1397 2605 comitati
1421 2578 1446 2603 in
1471 2577 1527 2612 ipsa
1552 2577 1688 2602 invasione
1712 2580 1738 2601 et
1762 2576 1851 2612 rapina
1878 2576 1982 2604 fuerint.

1118 2626 1119 2629 ’
1142 2623 1336 2649 constituimus.
1369 2631 1390 2647 e.
1413 2622 1434 2646 1.
1460 2620 1481 2653 3.
1501 2622 1525 2645 2.
1553 2619 1585 2645 de
1605 2624 1680 2656 raptu
1699 2620 1780 2655 virgg.
1805 2621 1829 2645 9.
1851 2620 1889 2644 13.

1932 2618 1983 2644 Co-

1142 2667 1230 2692 mitem
1250 2665 1368 2701 accipere
1388 2663 1514 2689 debemus
1534 2673 1605 2690 eum.
1625 2663 1669 2698 qui
1689 2663 1828 2688 comitetur
1847 2666 1872 2687 et
1891 2670 1982 2697 sequa-

1142 2714 1191 2735 tur.
1213 2708 1242 2734 sr.
1265 2709 1304 2733 15.
1325 2708 1407 2741 316,
1429 2706 1461 2732 de
1481 2707 1556 2732 iniur.
1576 2708 1617 2732 47.
1640 2708 1679 2732 10.
1711 2721 1743 2724 -
1772 2706 1803 2739 §.
1824 2705 1859 2731 Β.
1888 2705 1982 2730 Acce-

1140 2754 1217 2778 dere.
1255 2750 1285 2776 II.
1302 2752 1368 2783 ⁰11.
1399 2750 1452 2784 Qui
1473 2750 1660 2786 proprietatem
1681 2749 1827 2779 comitatur,
1847 2762 1879 2766 —-
1894 2747 1980 2782 Quem

1117 2790 1118 2795 ¹
1140 2805 1188 2831 per
1207 2804 1236 2820 se
1256 2794 1315 2830 quis
1335 2793 1465 2830 promisit,
1487 2793 1626 2818 Detractus
1647 2792 1700 2824 (sc.
1722 2790 1843 2822 ususl'r.).
1868 2789 1899 2815 sr.
1923 2791 1978 2818 126,

1140 2838 1161 2871 3.
1184 2839 1204 2863 l.
1225 2836 1257 2863 de
1277 2835 1308 2862 V.
1329 2836 1362 2862 O.
1383 2837 1423 2861 45.
1446 2837 1466 2862 1.
1504 2835 1546 2862 III.
1567 2836 1632 2862 Cn.
1652 2834 1711 2861 Non
1730 2833 1793 2860 mihi
1812 2842 1871 2859 esse
1890 2832 1979 2869 adqui-
