2197 3121
273 189 336 220 896

274 271 307 298 de
326 270 357 297 R.
377 269 394 296 1.
410 270 451 295 50.
469 269 507 295 17.
522 267 553 294 cf.
575 266 604 293 sr.
618 268 659 294 21.
679 265 712 292 de
731 270 786 303 opt.
805 265 855 301 leg.
874 266 916 292 33.
936 266 960 291 5.
996 263 1049 290 Pro
1068 262 1119 291 sol.

276 313 425 340 defendere.
446 312 475 338 l‘r.
496 314 537 337 42.
557 312 578 344 ξ.
600 312 623 337 ἶ.
643 309 676 336 de
695 319 799 342 procur.
817 310 842 335 3.
861 310 885 335 3.
1140 311 1141 326 l

309 368 470 395 solidus.
491 365 609 399 (Subst.)
631 365 782 391 Nummus
801 373 931 395 aureus,
951 361 1055 399 (primis
1075 361 1121 386 im·
1140 384 1142 392 .

277 411 342 448 perii
363 410 392 436 R.
418 408 582 446 temporibus
601 406 723 434 XLVam
748 405 830 432 librae,
854 407 908 432 auri
932 410 1032 443 partem
1056 398 1142 430 refe-⁴

276 463 345 485 rens,
359 452 551 490 posterioribus
566 461 629 477 vero
644 448 742 476 LXXII
756 449 816 482 am)
836 448 854 475 I.
866 450 928 483 sy.
948 448 1061 474 Aureus.
1077 445 1119 472 Cf.

277 496 301 523 h.
321 506 344 522 v.
382 495 424 521 III.
445 496 510 523 Gn.
531 494 642 521 Taxatio
663 492 738 519 haec:
765 491 890 524 „solidos
911 491 948 523 X,
969 490 1120 528 plurisve.“

277 539 308 565 sr.
330 539 385 564 192.
406 537 438 564 de
458 537 488 564 V.
509 538 537 564 S.
557 539 598 564 50.
620 538 659 562 16.
697 534 778 562 Multa
798 534 820 561 C
840 534 992 561 solidorum.
1015 533 1040 560 D
1061 531 1122 558 soli-

278 581 326 608 dos
346 581 442 607 inl'erre
462 581 527 607 fisco
553 580 649 606 iussus.
675 577 704 604 fr.
727 580 747 604 1.
773 578 794 611 §.
814 579 838 603 2.
866 577 898 603 de
918 576 1017 613 fugitiv.
1038 577 1078 602 ll.
1097 576 1120 601 4.

278 624 308 650 1“ι·.
328 625 370 650 34.
396 623 428 650 de
452 624 507 649 iure
531 623 598 649 fisci.
617 624 658 648 49.
681 622 720 647 14.
758 620 953 656 Obryzatorum
977 618 1122 645 solidorum

278 666 408 693 uniforme
427 667 547 703 pretium.
574 676 595 692 c.
615 667 638 691 3.
659 664 692 691 de
711 669 762 690 vet.
784 673 852 690 num.
872 667 927 700 pot.
949 663 988 688 ll.
1010 663 1050 688 10.
1087 660 1123 687 Vt

278 720 327 747 pro
351 709 427 736 XXV
457 709 532 735 libris
556 709 623 735 aeris
647 706 750 733 solidus
775 716 788 732 a
812 715 968 743 possessore
991 703 1122 731 reddatur.

279 752 329 780 Th.
350 752 380 779 C.
401 752 444 779 XI.
464 754 506 779 21.
528 762 548 778 e.
567 754 591 777 ¹2..
613 750 645 777 de
665 749 750 776 collat.
772 759 822 775 aer.
860 748 1078 784 Quotiescunque
1092 763 1123 767 —-

279 796 335 822 auri
354 805 439 821 massa
458 795 652 825 transmittitur,
672 793 698 818 in
712 791 810 818 LXXII
825 791 926 818 solidos
943 790 1009 817 libra
1028 790 1125 816 seratur
1145 795 1147 807 ¹

279 843 397 876 accepto.
417 838 454 864 lb.
474 837 532 864 XII.
552 839 575 864 6.
596 847 617 863 c.
639 837 678 862 13.
699 836 721 869 ξ.
743 837 764 862 l.
785 834 818 862 de
837 839 985 871 susceptor.
1006 832 1048 860 Cf.
1067 832 1124 860 XII.

280 883 294 891 .-

284 895 303 908 ι.
324 891 346 907 c.
364 883 386 907 l.
406 881 439 908 de
458 880 627 918 ponderator.

315 931 476 958 Solidus.
514 930 644 963 (Adieet.)
681 930 712 963 §0
733 931 767 956 1.
796 930 896 955 Totus
915 929 967 954 sui
987 928 1125 963 generis.

282 974 311 1000 Il.
333 976 401 1008 Op.
427 973 530 1004 Solida,
550 989 581 992 -
602 973 718 1008 Argenta
740 976 863 1008 cooperta
884 971 1014 1003 (mensa.)
1034 969 1063 996 t'r.
1084 970 1125 995 41.

280 1018 302 1052 §.
325 1019 346 1043 1.
371 1017 403 1043 de
424 1021 505 1043 contr.
526 1020 586 1041 emt.
607 1016 647 1041 18.
670 1017 691 1041 l.
716 1031 748 1034 —
779 1015 810 1047 ξ.
833 1016 868 1041 2.
889 1016 1020 1045 Plenus,
1041 1014 1126 1039 Inte-

279 1070 345 1095 ger.
383 1059 401 1085 I.
422 1060 483 1093 Sy.
503 1058 591 1089 Plena.
611 1057 703 1084 Solida
723 1057 906 1094 (proprietas.)
925 1056 956 1083 fr.
974 1057 1016 1082 ⁶26.
1035 1065 1074 1092 pr.
1094 1054 1126 1080 de

282 1113 330 1130 usu
351 1107 376 1128 et
400 1102 481 1128 usut‘r.
506 1101 553 1138 leg.
574 1103 615 1128 33.
634 1103 658 1127 2.
684 1100 714 1128 sr.
734 1103 776 1127 35.
801 1100 833 1126 de
852 1099 912 1126 bon.
934 1099 1020 1126 libert.
1040 1099 1082 1124 38.
1101 1100 1125 1123 2.

282 1145 313 1172 Il.
328 1147 396 1179 Op.
416 1144 518 1171 Nudus
538 1144 579 1171 Cl'.
594 1144 617 1170 h.
632 1155 656 1170 v.
684 1143 736 1170 Pro
756 1148 809 1170 rata
824 1147 905 1180 parte.
929 1141 1044 1168 Dimidia
1058 1150 1126 1178 pars.

284 1205 315 1209 —
336 1188 428 1215 Solida
448 1189 528 1220 (actio
549 1189 611 1218 etc.)
632 1186 689 1214 Gai.
710 1186 740 1213 11.
754 1188 813 1212 255.
833 1187 891 1211 256.
929 1184 971 1211 Ill.
989 1186 1055 1212 (Ἰι.
1075 1183 1127 1210 Ma-

283 1231 420 1263 nentibus,
445 1235 471 1257 et
490 1230 650 1257 solidissima
671 1231 697 1256 in
717 1234 873 1267 perpetuum
893 1228 1015 1254 firmitate
1035 1226 1128 1253 duran-

282 1274 354 1301 tibus
375 1273 450 1307 (his.)
476 1273 541 1300 δον,
563 1273 639 1300 Marc.
661 1272 692 1298 de
712 1273 821 1299 matrim.
842 1272 930 1297 Sonat.
950 1270 992 1296 111.
1013 1271 1037 1296 4.
1062 1280 1083 1296 c.
1105 1272 1126 1296 1.

282 1318 305 1350 §.
325 1319 349 1343 2.
386 1317 480 1343 Aetate
506 1316 604 1344 solida.
629 1320 654 1341 et
679 1316 780 1351 integro
801 1324 920 1351 corpore.
950 1313 1000 1339 Th.
1020 1312 1051 1339 C.
1072 1312 1128 1339 VII.

283 1362 326 1386 20.
347 1370 368 1386 c.
383 1361 423 1386 1⁴2.
443 1360 465 1393 ξ.
482 1361 503 1385 1.
525 1358 556 1385 de
574 1363 689 1385 veti-rau.
727 1357 847 1384 Solidum
867 1356 1066 1394 perfectumque
1085 1355 1129 1382 do-

283 1404 400 1430 minium.
425 1402 461 1428 lb.
483 1401 550 1428 vlll.
573 1404 611 1428 18.
639 1411 660 1427 0.
683 1402 703 1426 l.
730 1401 767 1434 ἐξ.
790 1402 810 1426 1.
831 1402 854 1426 3.
880 1399 911 1425 de
936 1404 1043 1426 matern.
1067 1399 1128 1425 bon.

284 1446 417 1472 Infirmata
437 1446 580 1482 scriptura.
601 1458 634 1463 —
654 1443 766 1469 solidam
786 1444 982 1469 successionem
1002 1443 1128 1468 obtinere.

286 1499 307 1516 e.
328 1491 352 1515 4.
373 1488 405 1515 de
424 1489 471 1514 iur.
492 1492 517 1513 et
537 1487 596 1513 sacti
622 1487 672 1522 ign.
694 1488 716 1512 1.
738 1487 777 1512 IS.
815 1485 930 1512 Pretium
954 1485 1080 1517 solidum,
1105 1489 1128 1511 et

286 1541 457 1569 quaecunque
477 1546 508 1550 —-
529 1530 696 1561 deberentur,
718 1529 886 1566 (praestare.)
907 1528 936 1555 l'r.
953 1530 994 1554 31.
1014 1529 1036 1562 §.
1056 1530 1078 1554 1.
1098 1527 1130 1554 de

285 1574 316 1601 R.
336 1574 366 1601 C.
390 1576 428 1600 12.
450 1575 472 1600 l.

321 1616 534 1644 solitarius.
555 1615 672 1648 (Subst.)
693 1614 734 1641 Cl'.
754 1625 778 1640 V.
798 1624 839 1651 sq.
858 1615 880 1648 ξ.
902 1616 922 1641 1.

320 1659 532 1687 solitarius.
553 1658 681 1691 (Adiect.)
702 1658 733 1691 §.
748 1659 782 1684 1.
806 1659 839 1684 1η
858 1658 1040 1684 solitudine
1060 1667 1131 1683 eon·

286 1705 435 1730 stitutum
473 1701 491 1727 l.
508 1702 570 1736 Sy.
591 1701 760 1728 monasticus.
782 1700 824 1726 Cf.
844 1699 868 1725 h.
888 1710 912 1725 v.
937 1699 1067 1735 Quisquis
1081 1699 1131 1726 Ma·

287 1745 469 1776 nichaeorum,
494 1746 562 1770 vitae
582 1744 714 1770 solitariae
734 1743 859 1772 salsitate.
880 1748 983 1768 coetum
1002 1742 1131 1768 bonorum

287 1788 360 1825 fugit.
398 1788 539 1814 Solitarius
559 1789 596 1824 (p.
617 1797 645 1813 se
665 1787 735 1824 pos.)
757 1785 806 1812 Th.
828 1786 857 1812 C.
873 1785 944 1812 XVI.
964 1787 988 1811 5.
1008 1796 1028 1811 c.
1049 1787 1071 1812 9.
1092 1795 1131 1822 pr.

288 1831 320 1858 de
339 1831 436 1858 haeret.
474 1830 516 1857 III.
537 1832 602 1858 Cn.
629 1830 781 1860 Solitariae,
808 1834 833 1855 ct
858 1829 934 1864 longo
959 1829 1044 1865 spatio
1065 1829 1133 1854 inu-r

288 1884 318 1901 se
335 1875 438 1911 positae
459 1873 566 1899 insulae.
588 1873 624 1899 lh.
645 1883 666 1899 c.
686 1875 727 1898 53.
765 1871 807 1898 Ad
826 1871 969 1897 solitariam
989 1872 1067 1896 vitam
1087 1872 1132 1897 mi-

289 1926 371 1953 grare.
392 1916 430 1942 lul
459 1926 498 1952 ep.
519 1926 578 1942 nov.
600 1926 620 1942 c.
641 1918 665 1942 4.
686 1916 768 1950 §.1:3.
791 1931 820 1935 -—
842 1915 872 1947 ᾖ.
889 1915 924 1941 2.
946 1916 1085 1940 Caelehs.
1114 1913 1131 1940 l.

290 1960 353 1994 Sy.
373 1957 502 1984 Viduitas.
524 1959 646 1985 Solitaria
661 1960 722 1985 vita.
742 1957 809 1984 Nov.
824 1957 912 1984 Maior.
928 1956 960 1982 de
979 1957 1132 1982 sauctimon.

290 2001 335 2029 IV.
354 2003 378 2028 6.
400 2011 421 2027 c.
443 2003 464 2026 1.
485 2001 506 2034 ξ,
526 2004 549 2027 5.
587 2002 697 2039 Interpr.
719 2001 751 2027 ad
771 2000 820 2027 Th.
842 2000 872 2026 C.
893 1999 934 2026 III.
958 2001 995 2025 16.
1016 2010 1036 2026 c.
1057 2002 1080 2025 2.
1101 2000 1133 2025 (10

291 2044 384 2083 repud.
414 2060 444 2064 —
475 2043 505 2077 ᾗ.
526 2045 562 2070 3.
595 2046 656 2077 Qui
683 2046 817 2080 singula
846 2045 1016 2069 dumtaxat
1042 2045 1133 2077 prole

289 2089 461 2123 praeditus
479 2093 535 2112 est.
564 2086 606 2112 111.
619 2088 685 2114 Cn.
706 2086 746 2113 Dc
761 2085 867 2117 caelibe,
888 2085 961 2117 orbo,
977 2090 1002 2111 et
1015 2085 1133 2111 solitario

291 2135 374 2168 patre.
394 2129 455 2166 le.
476 2128 544 2155 XIII.
564 2129 661 2161 (rubr.)
1154 2133 1156 2158 t,

327 2180 576 2207 Solitum-ilia.
616 2181 808 2206 Hostiarum
829 2181 927 2205 trium
948 2181 1133 2213 diversige-

293 2225 394 2255 neris,
418 2225 572 2248 maiorum
588 2224 799 2252 mimorumve,
815 2223 1002 2247 immulatio.
1023 2221 1133 2249 lII.(7n.

294 2265 414 2293 Secunda
435 2265 519 2302 spolia
540 2266 564 2290 in
586 2265 675 2291 Martis
695 2274 775 2293 aram.
805 2265 830 2289 in
845 2268 955 2300 Campo,
980 2264 1135 2290 solitaurilia

294 2314 352 2335 utra
371 2308 483 2334 voluerit
503 2307 613 2333 cau-dito.
634 2307 663 2333 L.
684 2306 782 2333 Numae
802 2306 892 2343 Pomp.
914 2308 937 2332 4.

329 2359 458 2386 Solito.
479 2358 591 2390 (Advb.)
617 2360 664 2384 Ex
684 2369 774 2385 more.
811 2357 854 2384 111.
876 2359 941 2385 Cn·
961 2358 1076 2383 Octavas
1096 2368 1136 2383 so-

295 2402 342 2428 lite
367 2403 524 2428 constitutas
545 2417 574 2420 —
601 2400 738 2438 dependat.
765 2400 815 2427 Th.
836 2401 866 2427 C.
887 2400 930 2426 IV.
957 2402 996 2426 12.
1021 2411 1040 2426 c.
1061 2402 1084 2426 6.
1105 2400 1136 2426 dc
1158 2400 1159 2407 ¹

296 2445 389 2481 vectig.
404 2449 429 2469 ct
449 2453 540 2469 comm.

331 2495 512 2522 solitudo.
550 2494 581 2527 §.
595 2495 627 2520 l.
649 2495 750 2527 Regio
770 2497 903 2520 deserta.
925 2497 1081 2521 Secessus.
1107 2493 1136 2520 Il.

299 2538 366 2571 ⁰1).
394 2537 504 2563 Deserta
530 2536 585 2562 loca
606 2541 631 2563 et
651 2541 739 2562 vastae
758 2537 923 2563 solitudini-s,
946 2553 975 2557 -
1001 2536 1137 2563 Civitates.

299 2579 413 2617 Oppida.
435 2579 484 2605 Th.
505 2578 534 2605 C.
554 2578 625 2605 XYI.
639 2581 662 2605 3.
684 2589 705 2605 e.
723 2581 744 2604 1.
765 2589 803 2615 sq.
825 2580 856 2605 de
876 2579 994 2605 monach.
1032 2579 1059 2605 Iu
1079 2590 1138 2605 con-
1159 2569 1160 2582 l

300 2627 404 2659 spectu.
426 2638 456 2641 —
476 2622 504 2648 In
524 2621 666 2647 solitudine
686 2623 795 2652 (iniuria
817 2622 906 2653 sacta.)
927 2623 957 2648 sr.
978 2624 1001 2648 7.
1021 2623 1043 2656 ξ.
1063 2624 1086 2649 8.
1107 2622 1138 2648 de
1159 2626 1160 2635 ¹

300 2665 375 2690 iniur.
390 2666 430 2690 -17,
452 2666 491 2690 lo.
529 2664 571 2690 111.
588 2666 654 2692 Cn.
674 2665 786 2702 Captarc
805 2664 963 2691 solitudines
983 2675 1012 2691 ac
1031 2670 1137 2691 secreta.

301 2705 350 2732 Th.
371 2706 401 2732 C.
421 2707 476 2733 XII.
499 2709 520 2734 l.
541 2718 561 2733 e.
582 2709 622 2733 (33.
647 2707 679 2733 de
704 2708 837 2734 decurion.
875 2706 902 2732 Iu
926 2713 1055 2735 extremas
1078 2707 1139 2734 soli-

301 2748 406 2775 tudines
425 2749 562 2776 amandari.
583 2750 620 2776 II).
639 2748 696 2776 XV.
715 2752 752 2777 12.
774 2761 794 2776 e.
814 2752 837 2776 3.
858 2749 890 2776 de
909 2750 1013 2785 gladiat.
1050 2751 1138 2787 Equos

302 2792 329 2818 in
347 2791 489 2817 solitudine
508 2792 615 2819 relictos
634 2792 771 2819 abducere.
792 2792 862 2819 Cott.
881 2792 933 2819 LL.
954 2793 986 2819 Μ.
1006 2793 1051 2820 XI.
1071 2796 1137 2820 8.-

303 2834 334 2868 §-
354 2835 389 2861 2.
417 2835 520 2861 Vidua
539 2837 691 2862 conditio.
717 2837 914 2862 Caelibatus.
951 2835 981 2862 II.
997 2838 1064 2870 Op.
1087 2836 1139 2863 Nu-

1097 180 1189 212 SOL.

1163 263 1275 300 ptiarum
1294 266 1422 299 potestas,
1441 271 1463 288 s.
1482 261 1625 289 arbitrium.
1646 261 1696 289 Th.
1710 261 1740 289 C.
1754 261 1796 288 111.
1811 263 1851 288 16.
1869 272 1890 289 c.
1903 264 1927 289 2.
1947 263 1969 297 §.
1982 264 2004 289 l.

1166 305 1198 331 de
1218 304 1310 342 repud.

1197 348 1349 375 SolItus.
1377 346 1507 380 (Partic.)
1537 349 1731 380 Consuetus,
1752 349 1923 382 Frequens.
1959 347 2004 375 III.

1164 391 1231 418 Gn.
1255 390 1327 417 Vrbe
1346 390 1515 422 interdicere.
1540 396 1565 417 et
1588 392 1680 428 quavis
1699 390 1748 417 alia
1767 390 1905 417 solitarum
1924 391 2006 426 regio-

1164 443 1233 460 num.
1253 432 1283 460 fr.
1306 435 1327 459 1.
1348 434 1369 467 §.
1390 435 1430 459 13.
1451 433 1483 460 de
1503 434 1545 460 off.
1565 433 1616 460 Prf.
1637 433 1682 460 Vr.
1704 435 1726 460 1.
1748 435 1787 459 12.
1825 432 1854 459 Si
1874 443 1927 459 non
1945 433 2006 460 talis

1165 476 1223 502 data
1243 477 1278 502 sit
1297 475 1443 508 satisdatio,
1462 475 1509 503 sed
1528 476 1605 503 solita
1621 477 1715 503 cautio.
1735 476 1765 503 sr.
1779 478 1802 502 5.
1816 486 1856 513 pr.
1871 476 1903 503 de
1917 475 2006 503 hered.

1165 524 1217 556 pet.
1229 521 1252 545 5.
1263 520 1287 546 3.
1312 518 1442 545 Solatiuin
1461 519 1577 551 solitum,
1597 519 1707 557 Species
1726 518 1819 545 solitas
1839 519 2008 556 (praestare.)

1165 562 1196 588 t‘r.
1218 563 1256 588 13.
1279 562 1301 596 §.
1324 564 1344 588 l.
1370 572 1461 588 comm.
1485 561 1573 599 praed.
1597 564 1620 589 8.
1640 564 1664 588 4.
1694 561 1743 588 Th.
1764 561 1796 588 C.
1814 561 1860 588 XI.
1881 564 1903 589 l.
1924 572 1945 589 c.
1963 563 2007 588 24.

1167 605 1199 632 de
1218 614 1275 632 ann.
1296 609 1321 631 et
1340 604 1430 631 tribut.

1200 648 1412 675 Sollemnis.
1450 646 1491 674 Cf.
1511 657 1535 674 v.
1556 646 1696 674 Solemnis.

1201 692 1354 722 Sollers,
1375 700 1396 717 s.
1416 691 1554 718 solers.
1575 690 1704 724 (Adiect.)
1730 692 1934 723 1ndustrius,
1954 691 2010 717 Pe-

1167 736 1260 760 ritus.
1297 733 1339 761 III.
1362 735 1428 762 Gn.
1449 733 1649 769 Sagacissimam
1669 743 1756 760 curam
1770 739 1796 760 et
1809 733 2011 760 solertissimam

1168 786 1274 814 operam
1299 776 1502 803 accommodare.
1527 775 1578 803 Th.
1598 776 1628 803 C.
1648 775 1719 803 XVI.
1739 778 1763 803 5.
1786 787 1807 803 c.
1827 778 1868 803 40.
1892 777 1914 810 §.
1934 777 1958 802 8.
1978 775 2012 802 de

1168 820 1265 846 haeret.
1302 819 1378 855 Quae
1396 835 1428 839 —
1449 819 1534 845 solers
1554 819 1688 855 diligentia
1707 820 1880 857 praeparavit.
1900 819 1938 845 lb.
1951 817 2010 845 XV.

1168 865 1192 889 5.
1213 873 1233 889 c.
1249 864 1270 889 l.
1291 862 1324 889 de
1343 867 1456 900 spectac.
1493 862 1592 889 Solerti
1611 862 1740 889 custodiri
1754 862 1883 898 indagine.
1902 861 1940 888 lb.
1953 860 2010 888 VII.

1170 907 1209 932 16.
1230 916 1250 931 c.
1270 907 1294 931 2.
1316 905 1348 931 de
1367 905 1406 932 lit.
1426 910 1452 931 et
1471 906 1526 931 itin.
1548 910 1614 932 cust.

1203 949 1403 980 Solle-tter,
1423 958 1443 974 s.
1463 948 1643 975 solerter.
1676 947 1800 981 (Advb.)
1832 949 2010 975 Industrie.

1169 991 1212 1018 III.
1230 993 1296 1019 Cn.
1316 991 1411 1018 Munus
1432 991 1522 1022 acturi,
1542 991 1576 1016 ita
1597 996 1671 1017 caute
1690 995 1768 1027 atque
1788 992 1822 1017 ita
1842 990 1965 1017 sollerter
1983 994 2013 1017 ut

1170 1039 1218 1061 etc.
1251 1034 1288 1060 lb.
1313 1033 1356 1060 Vl.
1380 1035 1422 1059 29.
1448 1043 1469 1059 c.
1493 1034 1516 1059 6.
1541 1032 1573 1059 de
1597 1035 1692 1061 curios.
1731 1033 1812 1069 Quod
1836 1033 1942 1070 quidem
1965 1042 2014 1070 per

1148 1088 1149 1097 ¹
1170 1087 1272 1103 omnem
1290 1076 1407 1103 Africam
1425 1075 1598 1102 solertissime
1617 1077 1716 1103 servari
1735 1082 1848 1115 oportet.
1868 1077 1904 1104 Ib.
1917 1076 1975 1103 XII.
1991 1077 2013 1103 1.

1171 1130 1191 1146 e.
1211 1121 1252 1145 27.
1273 1119 1306 1145 de
1326 1119 1460 1145 decurion.

1205 1163 1401 1192 Sollertia,
1427 1172 1447 1188 S.
1467 1162 1642 1188 Solertia.
1678 1162 1709 1196 §.
1729 1164 1764 1189 1.
1789 1165 1936 1195 Peritia,
1961 1164 2013 1189 ln-

1171 1208 1309 1233 dustria.
1347 1205 1391 1231 III.
1408 1206 1474 1232 Cn.
1494 1204 1605 1231 theres
1625 1204 1714 1231 dolum
1733 1207 1809 1232 etiam
1829 1205 1927 1232 bonum
1945 1205 2015 1232 dice-

1172 1249 1243 1280 bant,
1263 1253 1288 1274 et
1307 1258 1355 1285 pro
1369 1247 1488 1274 sollertia
1502 1247 1551 1274 hoc
1566 1257 1659 1274 nomeu
1677 1248 1847 1285 accipiebant.
1868 1248 1897 1275 fr.
1913 1251 1934 1275 l.
1955 1249 1976 1283 §.
1989 1249 2014 1275 3.

1173 1292 1205 1318 de
1229 1291 1253 1318 d.
1277 1301 1310 1317 in.
1330 1293 1353 1317 4.
1373 1292 1397 1317 3.
1436 1290 1537 1317 Morum
1561 1290 1700 1322 honestas,
1729 1292 1875 1327 mentisque
1898 1290 2015 1317 solertia.

1173 1335 1223 1362 Th.
1243 1334 1274 1361 C.
1294 1334 1324 1361 II.
1346 1335 1386 1360 17.
1411 1344 1432 1360 c.
1454 1336 1476 1360 l.
1501 1334 1523 1367 §.
1546 1336 1566 1360 1.
1592 1333 1624 1360 de
1648 1333 1673 1360 h.
1698 1343 1740 1370 qu.
1765 1343 1823 1360 ven.
1843 1338 1892 1360 aet.
1929 1333 2015 1369 Nego-

1173 1377 1255 1405 tiandi
1275 1394 1303 1398 —
1326 1387 1449 1403 exercere
1469 1376 1611 1403 solertiam.
1632 1376 1669 1403 lb.
1681 1376 1750 1403 XIII.
1771 1378 1792 1402 1.
1814 1386 1834 1402 c.
1853 1378 1877 1402 2.
1898 1385 1918 1402 c.
1938 1377 1962 1402 5.
1983 1374 2016 1402 de

1174 1421 1248 1448 lustr.
1264 1420 1323 1447 coll.
1340 1437 1369 1440 —
1391 1421 1422 1454 ἓ.
1438 1421 1523 1447 1.Α.
1546 1421 1679 1447 Titulus
1698 1420 1903 1446 honorarius.
1922 1418 2015 1453 LSy.

1174 1465 1318 1491 Sinceritas
1343 1464 1429 1496 (tua.)
1461 1463 1497 1489 lb.
1517 1462 1561 1489 XI.
1584 1464 1605 1489 l.
1631 1473 1652 1489 c.
1674 1463 1713 1488 13.
1737 1461 1770 1488 de
1793 1472 1851 1488 ann.
1877 1466 1903 1488 et
1924 1461 2015 1488 tribut.

1174 1507 1215 1534 111.
1236 1509 1301 1535 011.
1325 1507 1367 1533 De
1386 1506 1481 1543 quibus
1501 1505 1608 1532 solertia
1628 1510 1671 1531 tua
1690 1506 1835 1532 sinceritati
1855 1509 1960 1531 nostrae
1978 1514 2018 1531 re·

1174 1550 1241 1577 tulit.
1268 1549 1337 1577 Coll.
1358 1549 1410 1576 LL.
1430 1549 1462 1576 Μ.
1488 1548 1546 1575 XV.
1569 1550 1594 1575 3.
1622 1564 1653 1567 —
1683 1548 1714 1581 ξ.
1734 1549 1770 1574 2.
1797 1549 2016 1580 Machinatio,

1177 1596 1288 1621 Fraus.
1326 1592 1368 1619 111.
1381 1594 1447 1620 Cn.
1468 1591 1559 1618 Fallax
1578 1596 1604 1618 et
1623 1596 1710 1627 arguta
1725 1590 1840 1617 solertIa.
1861 1589 1911 1617 Th.
1926 1590 1957 1618 C.
1971 1590 2016 1617 IX.

1177 1639 1216 1663 17.
1237 1647 1258 1663 c.
1279 1638 1302 1662 6.
1321 1635 1352 1662 de
1372 1634 1472 1672 sepulc.
1493 1634 1555 1661 viol.

1209 1679 1436 1706 Sollicitare.
1466 1678 1544 1710 §.L
1568 1679 1725 1708 Turbare,
1747 1678 1956 1703 Commovere.
1973 1675 2016 1702 111.

1176 1724 1242 1750 sn.
1262 1721 1388 1758 Lapidem
1408 1720 1468 1746 hinc
1488 1730 1606 1751 movere,
1628 1725 1721 1746 terram
1741 1719 1898 1751 sollicitare,
1918 1723 1944 1745 et
1963 1729 2018 1745 cae-

1176 1766 1271 1802 spitem
1290 1764 1396 1790 vellere.
1417 1764 1466 1790 Th.
1482 1764 1511 1790 C.
1526 1763 1570 1790 IX.
1587 1765 1626 1789 17.
1647 1774 1667 1789 c.
1682 1765 1706 1788 5.
1726 1772 1764 1799 pr.
1785 1762 1817 1789 de
1835 1761 1935 1799 sepulc.
1955 1761 2018 1788 viol.

1176 1807 1241 1834 Nov.
1262 1807 1320 1834 Yat.
1339 1807 1381 1834 111.
1402 1807 1459 1834 eod.
1479 1806 1510 1833 ll.
1527 1808 1568 1832 23.
1589 1817 1609 1833 c.
1626 1808 1647 1832 l.
1662 1816 1700 1843 pr.
1729 1806 1888 1842 Quicunque
1902 1821 1934 1825 —
1947 1814 2020 1831 mun·

1176 1851 1237 1878 dum
1256 1850 1409 1877 sollicitant.
1429 1850 1479 1876 Th.
1500 1849 1530 1876 C.
1544 1849 1615 1876 XVI.
1629 1851 1652 1876 5.
1674 1860 1694 1876 c.
1710 1850 1750 1875 18.
1770 1848 1802 1875 de
1815 1848 1912 1874 haeret.
1932 1848 2019 1884 Quos-

1177 1904 1278 1930 cunque
1299 1910 1328 1913 —
1354 1904 1454 1930 poenae
1477 1892 1589 1919 formido
1614 1892 1753 1923 sollicitat,
1777 1891 1953 1918 absolvamus.
1981 1890 2018 1917 lb.

1177 1937 1220 1963 lx.
1234 1940 1276 1963 35.
1296 1947 1317 1962 c.
1331 1938 1354 1962 4.
1375 1936 1407 1962 de.
1427 1935 1523 1971 indulg.
1540 1937 1610 1962 crim.
1626 1951 1657 1955 -
1678 1936 1709 1969 ξ.
1721 1937 1755 1962 2.
1773 1936 1927 1966 Tentare,
1941 1936 2018 1961 Pro-

1178 1990 1299 2007 zvocare.
1336 1979 1355 2005 I.
1381 1980 1442 2013 Sy.
1471 1978 1641 2005 Persuadere.
1667 1978 1708 2004 Cf.
1729 1977 1753 2004 h.
1774 1987 1798 2004 v.
1834 1976 1877 2003 111.
1899 1978 1965 2004 Gn·
1989 1975 2018 2002 Si

1177 2023 1308 2049 volentem
1329 2022 1434 2058 quidem
1458 2023 1581 2053 retineat,
1608 2031 1660 2047 non
1684 2026 1770 2047 tamen
1794 2021 1851 2046 sine
1876 2019 2019 2046 calliditate

1178 2068 1391 2096 circumventum.
1410 2064 1452 2091 vel
1466 2064 1612 2092 seductum.
1627 2064 1668 2090 vel
1683 2063 1862 2090 sollicitatum.
1882 2062 1911 2088 fr.
1923 2064 1948 2088 3.
1961 2062 1982 2095 §.
1993 2063 2017 2088 5.

1178 2109 1209 2136 de
1229 2109 1273 2135 lib.
1294 2108 1362 2135 hom.
1383 2107 1440 2134 exli.
1461 2110 1502 2134 43.
1521 2109 1563 2133 29.
1601 2108 1688 2143 Quive
1707 2106 1804 2133 milites
1828 2105 2019 2137 sollicitaverit,

1155 2159 1156 2164 ¹
1178 2152 1362 2181 concitaverit.
1388 2161 1440 2187 quo
1460 2150 1556 2176 seditio
1576 2150 1736 2176 tumultusve
1755 2148 1881 2175 adversus
1900 2147 2018 2184 rempub.

1179 2196 1230 2221 liat.
1251 2194 1280 2220 sr.
1302 2196 1324 2220 l.
1344 2195 1365 2227 ξ.
1388 2195 1409 2219 l.
1430 2193 1461 2219 ad
1482 2192 1509 2219 L.
1531 2193 1577 2219 Iul.
1596 2194 1654 2219 mai.
1668 2194 1709 2218 45.
1724 2195 1747 2218 4.
1768 2190 1837 2217 Paul.
1853 2189 1884 2216 V.
1897 2191 1939 2216 29.
1959 2191 1980 2224 ξ.
1997 2192 2019 2217 1.

1179 2238 1277 2265 Servos
1297 2236 1398 2263 alienos
1418 2237 1461 2272 qui
1481 2235 1672 2267 sollicitaverit,
1692 2239 1735 2261 aut
1754 2234 1928 2270 interceperit.
1948 2232 1980 2259 sr.
1994 2234 2018 2259 6.

1179 2291 1217 2318 pr.
1238 2280 1270 2306 de
1290 2279 1318 2305 L.
1340 2279 1400 2305 Fut).
1426 2279 1458 2304 de
1478 2279 1544 2316 plag.
1565 2280 1606 2304 48.
1628 2280 1666 2304 15.
1688 2277 1718 2304 cl'.
1744 2276 1773 2302 [Γ.
1794 2278 1835 2302 50.
1856 2275 1887 2302 de
1907 2280 1975 2313 pact.
1994 2278 2019 2303 ‘Z-

1182 2326 1221 2350 1-1.
1242 2324 1298 2349 Gai.
1318 2322 1359 2348 III.
1383 2324 1438 2348 195.
1459 2322 1488 2348 fr.
1513 2324 1532 2348 1.
1557 2322 1594 2355 ᾖς’.
1613 2322 1637 2346 3.
1656 2322 1678 2345 5.
1699 2319 1732 2345 dn
1751 2329 1827 2344 servo
1848 2328 1914 2345 corr.
1936 2320 1975 2345 ll.
1994 2320 2018 2345 3.

1182 2366 1292 2403 Nuptias
1313 2365 1415 2391 nobili-s
1435 2375 1510 2391 nemo
1531 2363 1647 2391 redimat.
1668 2372 1742 2387 nemo
1763 2361 1896 2388 sollicitet.
1917 2361 1967 2388 Th.
1987 2361 2017 2388 C.

1182 2409 1224 2435 III.
1238 2411 1259 2434 T.
1281 2419 1302 2435 c.
1319 2410 1339 2434 l.
1360 2418 1397 2445 pr.
1418 2407 1449 2433 de
1469 2411 1541 2444 nupt.
1570 2406 1646 2432 Novo
1662 2404 1799 2441 privilegio
1818 2404 2019 2431 sollicitabimus

1182 2456 1231 2481 (sc.
1250 2457 1388 2477 veteranos
1408 2450 1535 2480 nostros.)
1555 2453 1583 2474 ut
1602 2452 1649 2473 etc.
1672 2447 1752 2473 tatic.
1773 2448 1872 2481 §.19³

1215 2495 1452 2522 §unit-ilatio.
1490 2493 1520 2525 ξ.
1536 2492 1570 2517 l·
1592 2492 1799 2522 Provocatio,
1820 2491 2018 2517 Adteneatio.

1182 2537 1224 2564 III.
1246 2539 1312 2565 ΓΠ.
1336 2536 1529 2562 sollicitatione
1548 2534 1700 2570 suscipere,
1726 2538 1768 2559 aut
1788 2532 1963 2558 occultatione
1982 2542 2021 2559 ce-

1183 2580 1235 2606 lare
1255 2580 1388 2613 (colonum
1409 2578 1470 2609 etc.)
1490 2576 1540 2602 Th.
1561 2576 1591 2603 C.
1613 2576 1643 2602 1.
1664 2578 1686 2602 9.
1707 2586 1727 2601 c.
1747 2579 1771 2601 2.
1791 2575 1823 2601 (10
1842 2575 1914 2610 sugit..
1934 2574 2020 2601 colon.

1184 2623 1248 2649 1111.
1263 2626 1286 2649 5.
1308 2633 1328 2649 c.
1343 2624 1384 2647 55.
1405 2620 1436 2646 de
1456 2630 1534 2645 eursu
1551 2619 1611 2656 pub.
1627 2635 1656 2639 —
1678 2619 1708 2651 ξ.
1721 2619 1756 2645 2.
1772 2620 2020 2652 Interpellatio‚

1183 2667 1331 2692 Eraclia.
1356 2663 1396 2690 111.
1411 2664 1476 2691 Cn.
1496 2662 1649 2688 Saltuenses
1669 2660 1764 2687 fundos
1779 2676 1810 2680 —
1824 2661 1938 2697 opprimi
1952 2659 2020 2687 mole

1183 2708 1357 2744 reliquorum,
1382 2715 1412 2731 eo
1437 2705 1507 2741 quod
1531 2705 1563 2732 ad
1587 2704 1734 2731 ordinarios
1762 2703 1915 2730 sollicitatio
1939 2707 2020 2729 trans-

1182 2751 1258 2777 ducta
1282 2750 1399 2776 latiorem
1419 2747 1585 2785 ‹lc-pendendi
1607 2746 1728 2785 praebuit
1751 2746 1907 2773 facultatem.
1931 2745 1967 2772 lb.
1987 2743 2018 2771 V.

1184 2795 1222 2819 13.
1243 2803 1264 2819 c.
1283 2794 1325 2819 31.
1346 2791 1451 2824 (wc-k.)

1215 2835 1459 2863 Sollicitatur.
1484 2835 1682 2868 Corruplor,
1702 2834 1898 2868 [testigatur.
1926 2829 1944 2856 1.
1957 2830 2019 2864 Sy.

1958 2872 2023 2899 Cor-
