2197 3121
260 190 320 220 124

294 270 508 300 caviuatio.
534 272 721 305 Sophisma,
743 272 934 297 Samnitas.
972 269 1014 296 ΠΙ.
1030 270 1097 297 Gn·
1119 270 1123 328 ι

260 314 290 341 Si
309 313 428 341 calvitur.
448 329 480 333 --
500 313 560 340 inde
581 318 603 339 et
625 313 758 340 cavillatio
777 313 846 340 dicta
867 318 915 339 est.
937 313 966 339 l'r.
979 314 1038 339 233.
1058 321 1099 349 pr.

260 357 293 384 de
312 356 343 383 Υ.
364 358 392 383 S.
417 358 457 383 50.
480 358 519 382 16.
559 356 722 387 Restituere,
748 357 806 383 sine
830 356 882 383 ulla
906 357 972 382 iuris
996 354 1101 381 cavilla·
1121 345 1123 402 ἱ

260 401 339 426 tione.
373 400 403 426 t'r.
422 402 463 426 55.
493 399 526 425 de
550 399 624 425 cond.
649 404 675 425 et
698 399 766 426 dem.
791 401 834 426 35.
856 401 878 425 l.
925 397 1101 425 cavillatione

260 444 393 470 submota.
417 458 449 462 —
473 442 662 468 obsecundent.
700 442 750 469 Th.
770 443 800 469 C.
826 442 870 469 Xl.
895 443 937 467 31.
968 451 988 467 c.
1014 442 1037 467 4.
1068 440 1101 467 dc

260 497 343 523 repar.
363 485 459 523 appell.

296 530 436 562 Cauno.
473 530 668 564 Praefectus
693 538 867 562 cauponae.
910 526 928 552 1.
954 527 1015 561 Sy.
1048 527 1101 562 Qui

261 582 404 609 cauponam
423 576 535 597 exercet.
562 571 592 597 fr.
608 573 631 597 1.
651 571 673 605 5.
687 572 711 597 5.
732 576 801 597 naut.
822 579 931 607 caupon.
951 571 976 595 4.
995 572 1020 596 9.
1057 568 1100 595 111.
1124 577 1125 586 ¹

260 616 326 643 (511.
358 614 471 645 Mutae.
492 624 634 651 caupones.
653 613 799 640 stabularii.
819 612 890 649 quod
910 613 1039 648 cuiusque
1053 611 1103 638 sal·
1123 606 1125 631 l

260 668 321 684 vum
340 657 394 683 sore
414 658 569 694 receperint.
590 657 620 683 fr.
636 658 658 683 l.
678 667 717 694 pr.
738 656 754 682 l.
775 656 791 682 l.
811 658 835 682 4.
855 657 878 682 9.
899 655 931 682 cf.
952 654 982 681 fr.
997 656 1021 681 4.
1041 655 1062 689 5.
1077 657 1101 680 2.
1124 666 1125 687 1

261 700 293 726 de
313 700 336 726 li.
357 710 399 736 qu.
420 705 474 726 not.
495 700 581 726 insam.
600 702 625 726 3.
645 702 669 726 2.
708 700 802 735 Caupo
822 701 877 731 (sc.
896 697 1043 724 mercedem
1063 708 1103 723 ac—
1124 691 1125 735 J

261 744 355 780 cipit).
380 748 407 770 ut
430 744 546 770 viatores
570 753 674 769 manere
694 744 719 769 in
740 751 856 779 caupona
876 742 998 779 patiatur.
1027 740 1057 767 fr.
1077 742 1101 767 5.
1124 757 1125 766 η

260 797 299 823 pr.
320 791 389 813 nant.
410 797 484 824 caup.
505 789 528 812 4.
549 788 572 813 9.
611 786 686 821 Quae.
710 786 735 811 in
761 785 888 822 cauponis
914 794 989 811 usum
1013 789 1102 821 parata

260 835 328 856 sunt.
357 829 430 856 Paul.
449 829 494 856 lll.
515 832 539 855 (5.
560 830 581 862 5.
601 830 642 854 61.
1124 850 1125 863 ¹

294 873 488 906 Caupona.
530 874 675 899 Taberna
694 874 935 898 esculentorum
952 872 1103 905 potulen-

260 922 428 950 torumque
453 916 676 942 vendibilium.
720 915 911 948 Hospitium
941 917 1125 939 mercena-³

260 961 351 985 rium.
388 958 429 984 111.
451 959 517 985 (711.
548 958 729 994 Quaecunque
749 958 775 983 in
795 966 925 994 caupona.
944 956 987 982 vel
1006 957 1033 982 in
1051 966 1103 982 me·
1123 942 1125 981 i

259 1003 351 1028 ritorio
371 1000 490 1028 stabulo.
511 1000 693 1027 diversorium
711 1001 845 1037 perierint.
875 998 947 1025 Paul.
967 998 997 1025 11.
1016 1000 1058 1024 31.
1079 999 1101 1032 5.

261 1047 300 1071 16.
339 1045 391 1080 Qui
411 1054 542 1081 caupona.
562 1043 606 1070 vel
624 1043 745 1081 propola.
764 1042 807 1069 vel
826 1042 980 1073 tabernaria.
1000 1040 1101 1068 lucrum

261 1088 385 1114 familiare
409 1092 532 1113 sectetur.
572 1086 622 1113 Th.
646 1086 677 1113 C.
701 1085 745 1112 XI.
772 1088 811 1112 10.
837 1096 858 1112 c.
887 1087 908 1111 1.
939 1095 971 1110 ne
995 1094 1067 1121 oper.
1089 1095 1102 1110 a
1123 1084 1125 1102 l

260 1131 347 1158 collat.
377 1132 452 1167 Quae
466 1130 633 1156 tabernarum
647 1128 859 1157 exercemlarum.
880 1127 1101 1159 instruendarum‚
1123 1126 1125 1158 ἓ

260 1175 378 1211 pistrini.
398 1183 532 1210 cauponae
551 1183 641 1200 causa.
663 1172 729 1198 sacta
748 1176 889 1209 parataque
908 1175 978 1196 sunt.
1009 1170 1039 1196 fr.
1061 1172 1100 1196 15.
1123 1174 1124 1193 t

260 1227 298 1254 pr.
325 1217 356 1244 cf.
377 1217 407 1243 sr.
428 1218 468 1242 13.
489 1226 528 1253 pr.
556 1215 588 1242 de
608 1217 682 1242 instr.
703 1215 751 1251 leg.
776 1216 818 1241 33.
839 1216 861 1240 7.
899 1214 970 1240 Inter
989 1215 1101 1251 optimas
1123 1228 1125 1251 ἲ

260 1260 464 1286 lectissimorum
482 1258 594 1285 militum
614 1263 711 1284 turmas
736 1258 865 1284 neminem
889 1268 903 1283 e
922 1267 1029 1283 numero
1049 1266 1103 1283 ser·
1123 1262 1125 1289 s

259 1313 352 1330 vorum
379 1302 493 1329 dandum
522 1312 580 1328 esse
609 1301 787 1329 decernimus.
822 1310 888 1326 neve.
921 1310 954 1326 ex
983 1309 1125 1338 caupona¹

260 1345 379 1374 ductum.
414 1345 455 1372 vel
489 1356 521 1372 ex
552 1345 709 1371 famosarum
740 1345 894 1370 ministeriis
925 1343 1100 1369 tabernarum.
1123 1358 1124 1385 1

260 1388 309 1416 Th.
330 1388 361 1416 C.
383 1389 437 1415 Vll.
464 1390 503 1415 13.
528 1398 549 1415 c.
569 1389 593 1414 8.
622 1387 654 1414 de
678 1389 756 1413 tiron.
798 1387 921 1414 Viatores
945 1396 1050 1412 manere
1074 1387 1101 1412 in

259 1442 376 1470 caupona
395 1433 456 1469 pati.
476 1447 509 1451 -—
529 1431 617 1457 Gratis
637 1432 663 1457 iu
683 1440 800 1468 caupona
815 1430 959 1456 devertere.
979 1428 1010 1456 fr.
1024 1431 1048 1456 5.
1060 1439 1100 1466 pr.

259 1475 290 1501 t'r.
310 1478 334 1501 6.
353 1485 392 1512 pr.
412 1479 481 1501 naut.
503 1484 576 1511 caup.
595 1475 619 1500 4.
639 1475 663 1500 9.

295 1518 524 1551 Cauponius.
554 1516 692 1551 (Adit-ct.)
730 1519 777 1543 Ad
798 1526 979 1551 cauponam
996 1517 1102 1550 perti-

260 1572 343 1587 nens.
380 1562 622 1595 Cauponarius.
664 1560 682 1586 Ι.
708 1561 769 1594 Sy.
807 1560 963 1596 Cauponae,
997 1558 1102 1596 Caupo-

260 1605 330 1630 nium
349 1604 594 1638 (instrumentum).
629 1603 701 1630 Paul.
721 1602 764 1629 ΠΙ.
788 1604 812 1629 6.
837 1603 859 1636 5.
878 1604 920 1628 61.
945 1602 976 1628 fr.
996 1603 1036 1628 13.
1060 1612 1100 1639 pr.

259 1647 289 1673 t'r.
312 1649 350 1672 15.
370 1657 409 1684 pr.
430 1646 460 1673 sr.
476 1649 515 1673 17.
535 1647 557 1681 5.
572 1649 596 1673 2.
618 1647 650 1673 de
669 1648 743 1673 instr.
763 1645 839 1682 legat.
859 1646 901 1671 33.
922 1647 944 1671 7.
976 1645 1018 1672 III.
1034 1647 1100 1673 Gn.
1122 1675 1123 1682 ἵ

259 1690 335 1726 Quae
353 1690 380 1716 in
399 1689 534 1727 lupanario
554 1700 583 1716 se
602 1690 747 1727 prostituit.
767 1704 800 1708 --
819 1688 849 1714 Si
869 1698 927 1724 qua.
947 1693 975 1714 ut
988 1688 1100 1721 adsolet,
1122 1696 1123 1711 ¹

259 1734 285 1759 in
304 1733 410 1759 taberna
431 1734 566 1771 cauponia.
586 1733 629 1759 vel
648 1743 698 1769 qua
717 1731 775 1763 alia.
794 1731 891 1769 pudori
909 1741 958 1757 suo
978 1741 1030 1757 non
1044 1742 1100 1769 par-

260 1777 302 1802 cit.
322 1775 352 1802 sr.
372 1778 421 1803 43
433 1787 472 1813 pr.
493 1776 524 1803 de
544 1776 574 1802 R.
596 1775 626 1802 N.
646 1778 688 1802 23.
705 1777 730 1801 2.
767 1774 895 1805 Piston—s.
916 1779 941 1800 et
961 1775 987 1801 in
1006 1785 1101 1812 caupo·
1122 1785 1123 1789 ¹

259 1820 303 1845 nio
327 1820 476 1851 institores,
503 1824 528 1845 et
553 1819 661 1851 tbcaria,
690 1828 851 1854 mercesque.
885 1817 917 1843 fr.
938 1819 978 1843 15.
998 1827 1038 1854 pr.
1067 1817 1099 1843 de

259 1863 334 1888 instr.
353 1861 403 1897 leg.
422 1864 464 1888 33.
479 1864 502 1888 7.
540 1861 676 1888 Tabernae
694 1862 845 1898 campeniae.
865 1860 1031 1896 Cauponium
1050 1861 1100 1894 (in-
1121 1870 1122 1874 ¹

259 1905 453 1937 strumentum).
474 1904 504 1931 sr.
526 1906 564 1931 13.
585 1915 624 1942 pr.
645 1904 675 1930 fr.
697 1905 737 1929 15.
756 1913 796 1940 pr.
816 1903 846 1930 fr.
869 1905 907 1929 17.
928 1903 949 1937 5.
963 1906 987 1929 2.
1007 1903 1042 1930 ib.
1056 1905 1098 1930 33.
1121 1917 1122 1920 ¹

260 1949 282 1974 7.
304 1948 333 1974 t'r.
353 1949 394 1974 43.
415 1948 436 1982 5.
457 1948 480 1973 9.
501 1947 533 1973 de
552 1947 583 1973 R.
604 1946 635 1973 N.
655 1949 696 1973 23.
716 1948 740 1972 2.

295 1991 430 2018 Causa.
459 1991 491 2024 §.
506 1992 540 2017 1.
561 1992 675 2021 Ratio,
694 1991 957 2016 Fundamentum.
977 1988 1019 2015 III.
1033 1990 1098 2017 Cn.

259 2033 290 2060 Et
315 2035 353 2060 rei
376 2034 506 2070 aequitas,
535 2038 559 2059 et
584 2043 660 2060 causa
684 2032 763 2059 edicti
789 2031 870 2058 efficit
894 2037 942 2059 etc.
974 2032 1005 2058 fr.
1025 2034 1049 2059 6.
1076 2033 1099 2058 si
1121 2044 1123 2055 ε

259 2077 339 2103 tabul.
360 2082 462 2103 testam.
483 2076 546 2103 null.
565 2078 607 2103 35.
627 2078 651 2102 6.
681 2075 710 2101 t'r.
734 2077 754 2101 l.
775 2085 814 2112 pr.
839 2085 871 2101 ex
896 2085 938 2111 qu.
964 2085 985 2102 c.
1009 2076 1098 2101 maior.

260 2122 283 2146 4.
302 2122 326 2146 6.
364 2121 448 2157 Saepe
472 2121 555 2146 iustae
580 2130 609 2146 ac
632 2119 795 2145 necessariae
820 2128 913 2144 causae
937 2134 970 2137 —
993 2118 1100 2144 trahunt

259 2162 400 2200 sponsalia.
430 2163 460 2189 sr.
483 2165 522 2189 17.
547 2163 579 2189 do
599 2161 715 2199 sponsal.
740 2164 781 2187 23.
803 2163 825 2188 1.
863 2162 893 2187 Si
912 2171 1002 2197 magna
1022 2171 1100 2187 causa

259 2205 452 2232 alienandarum
471 2216 557 2232 rerum
576 2206 698 2242 mancipi,
718 2204 940 2241 obligationisque
954 2205 1100 2241 suscipien-

259 2248 319 2276 dae.
339 2249 502 2275 interveniat.
533 2250 589 2275 Gai.
609 2249 627 2275 I.
650 2251 707 2275 192.
744 2248 830 2285 Supra
850 2247 968 2279 modum,
997 2252 1023 2274 et
1041 2249 1099 2274 sine

259 2301 349 2323 causa,
378 2292 403 2317 in
431 2302 523 2318 servos
552 2302 615 2319 suos
643 2292 752 2318 saevire.
800 2292 864 2317 Sine
893 2301 970 2317 causa
993 2300 1099 2317 servum

259 2345 334 2361 suum
353 2334 482 2361 occidere.
513 2335 550 2361 lb.
575 2335 593 2361 1.
618 2336 659 2361 53.
685 2335 714 2361 sr.
736 2336 759 2361 1.
784 2335 806 2368 5.
826 2337 850 2360 2.
875 2334 909 2360 de
932 2333 957 2360 h.
986 2344 1029 2370 qu.
1049 2335 1098 2360 sui.

261 2380 282 2404 l.
302 2380 326 2404 6.
362 2377 419 2404 ltoc
442 2378 511 2404 enim
534 2388 697 2414 nequaquam
722 2387 799 2404 servo
824 2375 1030 2415 permittendum
1049 2381 1098 2409 est,

259 2422 308 2447 nisi
329 2431 361 2447 ex
381 2422 467 2447 causis
487 2423 608 2457 receptis
629 2421 658 2448 t‘r.
676 2423 696 2448 1.
711 2422 732 2454 5.
747 2424 770 2447 ὅ.
791 2420 822 2447 es.
843 2421 864 2455 5.
887 2423 908 2446 l.
929 2419 961 2446 de
981 2420 1024 2446 off.
1046 2419 1098 2446 Prf.
1120 2425 1122 2439 ¹

258 2464 304 2490 Vr.
333 2466 354 2490 l.
383 2466 421 2490 12.
463 2463 503 2490 Ex
527 2474 652 2490 concessa
677 2474 753 2490 causa
783 2464 925 2497 (iudicium
950 2462 1098 2496 deserere).
1120 2478 1122 2482 ·

259 2507 289 2532 tr.
312 2509 350 2533 115.
375 2508 427 2542 Qu.
447 2506 538 2533 satisd.
559 2517 613 2543 cog.
633 2509 657 2533 2.
671 2510 695 2533 ὅ.
733 2507 762 2533 Si
781 2508 864 2533 iustas
884 2515 976 2532 causas
995 2505 1097 2537 habeat,

259 2559 305 2576 cur
323 2550 389 2575 nolit
409 2554 457 2576 etc.
477 2550 508 2577 t'r.
527 2551 568 2576 45.
588 2560 627 2587 pr.
648 2549 680 2575 de
699 2559 802 2586 procur.
827 2552 851 2576 3.
870 2551 895 2575 3.
933 2548 1013 2584 Quod
1032 2550 1096 2585 reip.

260 2603 281 2618 e.
301 2592 378 2621 afuit.
403 2592 444 2618 vel
464 2603 495 2620 ex
515 2592 564 2619 alia
582 2594 651 2619 iusta
670 2602 746 2619 causa
767 2592 907 2629 impeditus
927 2597 976 2618 ete.
1005 2591 1035 2618 fr.
1057 2593 1096 2618 17.

259 2636 280 2669 5.
300 2637 323 2661 3.
345 2634 377 2660 de
396 2645 466 2662 usur.
490 2638 532 2662 22.
554 2638 576 2662 1.
617 2635 697 2672 Apud
721 2635 870 2661 Praetorem
894 2651 926 2654 —
951 2635 1039 2671 quaeri
1064 2651 1096 2654 —

259 2677 292 2704 de
311 2688 387 2703 causa
408 2681 599 2706 transactionis.
625 2678 655 2705 fr.
675 2681 699 2705 8.
719 2679 741 2712 5.
761 2681 785 2704 ὅ.
807 2678 838 2704 cs.
860 2679 881 2711 5.
904 2680 942 2704 17.
963 2678 996 2705 de
1015 2683 1097 2705 trans-

259 2725 308 2746 act.
327 2722 351 2746 2.
374 2722 412 2746 15.
455 2722 483 2747 Si
504 2732 568 2758 quas
588 2722 684 2749 habere
703 2731 732 2747 se
751 2730 842 2747 causas
862 2723 1040 2748 excusationis
1059 2732 1097 2748 ar-

258 2762 411 2795 bitrabitur,
431 2763 505 2790 adeat
525 2776 556 2791 ex
575 2775 655 2792 more.
684 2764 768 2791 Vatic.
788 2765 809 2798 5.
833 2766 888 2790 155.
927 2765 1029 2791 Causae
1042 2765 1096 2791 sere

259 2806 409 2833 huiusmodi
428 2806 515 2833 solent
535 2807 654 2843 adli-gari.
682 2808 712 2834 sr.
731 2810 754 2834 8.
775 2809 812 2842 55.
833 2810 856 2834 8.
877 2817 916 2844 sq.
938 2807 953 2833 Ι.
975 2807 990 2833 Ι.
1010 2811 1034 2834 2.
1055 2810 1094 2834 15.

259 2850 290 2876 et'.
310 2850 340 2877 sr.
359 2852 401 2877 31.
421 2850 443 2884 5.
463 2852 486 2876 2.
512 2850 543 2876 de
563 2850 593 2876 N.
614 2851 646 2878 G.
665 2853 689 2878 3.
709 2854 732 2878 5.
772 2850 887 2879 Concilii
911 2860 1014 2878 causam
1038 2861 1095 2878 exa-

1124 492 1125 506 ;
1149 484 1205 509 141.
1225 493 1284 519 sqq.
1310 482 1351 509 111.
1372 485 1396 508 3.
1417 484 1456 509 73.
1491 481 1552 519 vlp.
1577 483 1618 510 111.
1643 486 1666 510 3
1697 483 1752 510 vn.
1778 486 1801 511 4.

1122 2214 1123 2220 =
1144 2207 1185 2231 35.
1205 2207 1229 2231 2.

1121 2240 1123 2259 ³
1145 2249 1257 2275 actionis
1282 2257 1359 2273 causa
1383 2246 1447 2283 quid
1470 2256 1553 2281 agere.
1589 2245 1619 2271 sr.
1640 2246 1662 2270 l.
1687 2245 1709 2278 5.
1729 2246 1752 2271 l.
1781 2244 1813 2272 de
1839 2246 1882 2273 off.
1908 2246 1982 2275 Proc.

1076 188 1133 218 CA
1137 188 1175 216 V.

1143 270 1251 299 minare,
1283 284 1314 288 —
1342 268 1462 305 probare.
1495 268 1525 295 sr.
1547 270 1569 295 l.
1595 269 1618 302 5.
1637 272 1662 296 2.
1689 269 1722 297 de
1745 271 1788 298 off.
1814 271 1877 299 Cos.
1904 274 1925 299 l.
1947 274 1985 299 10.

1144 311 1173 338 Si
1193 311 1321 339 vindicta.
1346 310 1415 348 apud
1434 311 1589 344 concilium,
1613 313 1681 338 iusta
1707 323 1783 339 causa
1807 316 1988 342 manumissio-

1144 355 1186 380 nis
1210 354 1354 391 adprobata
1377 353 1463 380 fuerit.
1497 354 1554 381 Gai.
1581 354 1597 380 1.
1623 356 1666 381 38.
1686 366 1726 392 sq.
1758 356 1789 382 ct'.
1815 358 1854 383 18.
1879 359 1921 385 29.
1945 360 1986 384 32.

1145 396 1207 434 Hp.
1232 396 1251 423 Ι.
1280 399 1320 423 12.
1340 406 1379 433 sq.
1409 395 1480 423 coll.
1503 396 1556 423 LL.
1576 397 1610 424 Μ.
1630 398 1701 424 XH.
1727 400 1752 425 2.
1772 409 1812 435 sq.
1848 400 1889 427 Ex
1908 401 1935 427 S.
1955 400 1987 427 C.

1146 440 1315 476 permittitur.
1336 449 1439 467 causam
1459 441 1556 466 erroris
1576 441 1696 477 probare.
1726 442 1783 468 Gai.
1804 442 1821 468 1.
1841 444 1882 468 67.
1897 453 1936 479 sq.
1957 443 1986 470 11.

1843 484 1932 511 Certis
1956 496 1987 513 ex

1147 526 1233 552 causis
1252 525 1361 552 Praetor
1380 525 1562 552 auctoritatem
1586 536 1659 553 suam
1682 529 1829 564 praeponit.
1867 528 1924 555 Gai.
1944 528 1987 555 IV.

1148 570 1204 595 139.
1242 568 1282 595 Ex
1302 568 1398 605 quibus
1419 569 1505 594 causis
1525 569 1551 594 in
1572 569 1701 606 integrum
1721 572 1824 597 restitui
1843 572 1937 608 possit.
1957 571 1987 598 t'r.

1146 613 1187 638 51.
1208 621 1248 648 pr.
1268 611 1300 638 de
1319 621 1424 648 procur.
1443 613 1467 637 3.
1486 612 1511 637 3.
1533 611 1565 638 cf.
1585 611 1615 638 fr.
1635 615 1659 639 3.
1680 612 1712 639 de
1731 614 1757 639 in
1777 614 1823 640 int.
1843 619 1906 641 rest.
1925 616 1949 641 4.
1967 617 1987 641 1.

1146 670 1179 673 —
1198 654 1229 687 §-
1248 655 1283 682 2·
1315 656 1457 682 Occasio.
1496 654 1514 680 1.
1539 655 1601 689 Sy.
1634 654 1718 691 Origo
1738 656 1887 683 introducta
1907 662 1947 684 est
1966 668 1987 684 a.

1147 697 1261 724 Causam
1281 696 1368 723 edicto
1389 696 1469 723 dedit.
1490 696 1520 723 sr.
1542 699 1564 723 1.
1584 698 1606 730 5.
1626 699 1650 724 5.
1671 698 1704 724 de
1722 699 1820 736 postul.
1840 701 1864 726 3.
1886 702 1908 727 1.
1937 700 1988 728 Oc-

1147 742 1217 767 casio
1237 741 1364 774 (mortis).
1393 739 1464 766 Coll.
1483 739 1536 766 LL.
1556 739 1590 766 M.
1612 739 1629 766 1.
1651 742 1691 767 10.
1711 751 1751 778 sq.
1789 742 1818 769 11.
1838 744 1906 777 01).
1935 743 1989 780 Qui

1147 784 1172 809 in
1192 784 1256 813 rixa.
1277 792 1354 809 causa
1373 783 1454 819 magis
1479 793 1556 819 quam
1583 783 1732 816 voluntate,
1757 784 1928 813 homicidium
1947 787 1989 814 ad-

1147 827 1225 852 misit.
1246 826 1276 852 t'r.
1298 827 1320 852 1.
1340 826 1362 859 5.
1382 828 1406 852 3.
1427 825 1460 852 ad
1479 825 1508 851 L.
1529 825 1592 852 Cor.
1613 825 1645 851 de
1665 827 1740 853 sicar.
1760 829 1800 854 45.
1821 830 1844 854 8.
1883 829 1911 855 Si
1931 830 1989 867 ipse

1147 869 1197 895 hoc
1212 869 1361 900 adfectavit.
1381 868 1424 894 vel
1438 878 1542 895 causam
1555 870 1695 905 praestitit.
1716 885 1748 889 —-
1768 870 1831 897 Sine
1844 871 1906 899 dolo
1920 872 1988 899 malo

1147 913 1239 949 ipsius.
1260 911 1290 938 fr.
1304 914 1328 938 2.
1349 912 1370 945 5.
1385 912 1409 938 9.
1430 912 1453 937 si
1472 922 1515 948 qu.
1536 917 1615 938 cautt.
1635 915 1659 938 2.
1682 914 1720 938 11.
1759 912 1801 940 111.
1816 915 1881 942 Gn.
1901 915 1988 943 Causa

1146 956 1227 991 magis
1247 954 1406 981 donationis.
1427 964 1503 990 quam
1517 954 1634 981 conditio
1649 955 1749 981 dandae
1761 958 1887 993 pecuniae
1900 960 1990 985 existi·

1146 998 1210 1024 mari
1230 997 1344 1024 debebit.
1365 997 1395 1023 fr.
1415 999 1439 1023 2.
1459 997 1482 1030 5.
1503 999 1525 1024 7.
1546 997 1579 1024 de
1598 997 1732 1024 donation.
1752 1001 1794 1025 39.
1813 1001 1836 1026 5.
1873 1001 1907 1027 Et
1926 1012 1989 1029 sane

1146 1041 1210 1067 haee
1235 1050 1312 1067 causa
1337 1045 1391 1071 est3
1415 1050 1475 1066 nam
1498 1050 1575 1067 causa
1598 1042 1624 1067 in
1647 1043 1831 1078 praeteritum.
1854 1052 1939 1080 poena
1962 1046 1989 1072 in

1146 1083 1262 1110 futurum
1276 1083 1416 1110 confertur.
1434 1083 1467 1109 tr.
1483 1085 1523 1110 12.
1539 1083 1571 1110 de
1585 1084 1660 1110 cond.
1675 1089 1701 1110 et
1714 1084 1780 1112 dem.
1800 1088 1842 1112 35.
1858 1088 1880 1113 1.
1909 1088 1990 1123 Quod

1147 1128 1211 1153 iuris
1231 1131 1272 1153 est
1291 1128 1317 1153 in
1336 1126 1401 1153 salsa
1421 1126 1652 1159 demonstratione.
1673 1126 1723 1153 boc
1741 1128 1784 1154 vel
1803 1130 1884 1165 magis
1903 1135 1943 1156 est
1962 1131 1989 1157 in

1147 1170 1212 1196 salsa
1232 1180 1317 1196 causa.
1338 1169 1367 1196 fr.
1390 1171 1430 1196 17.
1450 1170 1471 1203 5.
1491 1171 1515 1195 2.
1536 1169 1570 1196 ib.
1589 1171 1631 1196 35.
1653 1172 1675 1196 1.
1701 1170 1732 1197 cf.
1754 1170 1814 1208 le.
1827 1172 1926 1199 XXIV.
1949 1175 1987 1200 19.

1147 1213 1215 1245 Hoc,
1236 1218 1265 1240 ut
1283 1214 1429 1240 immissum
1448 1212 1571 1245 habeam.
1590 1223 1639 1250 per
1657 1223 1761 1240 causam
1780 1216 1844 1251 tigni
1862 1216 1989 1252 possideo

1147 1257 1261 1283 habendi
1280 1255 1472 1282 consuetudine
1497 1255 1546 1289 [al.
1566 1256 1809 1290 consuetudinem}
1837 1256 1867 1284 fr.
1887 1259 1929 1285 20.
1947 1269 1987 1296 pr.

1147 1300 1179 1327 de
1199 1300 1226 1327 S.
1246 1299 1275 1326 P.
1296 1299 1327 1326 V.
1347 1302 1371 1325 ὅ.
1391 1301 1415 1325 2.
1453 1298 1534 1334 Quod
1553 1304 1638 1325 metus
1658 1309 1735 1325 causa
1753 1304 1855 1335 gestum
1875 1302 1932 1328 erit.
1956 1318 1987 1322 —

1147 1343 1229 1379 Quod
1247 1344 1282 1375 vi,
1301 1347 1422 1369 metusve
1441 1351 1526 1368 causa.
1551 1341 1582 1368 fr.
1598 1343 1620 1367 1.
1641 1341 1693 1377 Qu.
1707 1346 1767 1368 met.
1782 1352 1804 1369 c.
1823 1345 1847 1370 4.
1867 1346 1891 1371 2.
1928 1345 1989 1372 Dis-

1147 1386 1221 1419 cidit.
1244 1397 1269 1413 v.
1288 1385 1418 1422 Repudii.
1443 1395 1547 1411 causam
1570 1389 1712 1422 praestare.
1736 1384 1767 1411 sr.
1787 1387 1811 1412 6.
1834 1386 1867 1413 de
1892 1387 1988 1415 divort.

1145 1431 1187 1455 24.
1207 1432 1232 1455 2.
1256 1428 1287 1455 fr.
1308 1430 1348 1455 11.
1373 1428 1456 1462 513.
1481 1427 1514 1454 ad
1532 1427 1562 1453 L.
1582 1427 1629 1454 lul.
1650 1427 1683 1454 de
1702 1427 1783 1455 adult.
1806 1431 1847 1456 48.
1867 1432 1892 1457 5.
1934 1432 1989 1467 Qui

1146 1473 1239 1498 mortis
1253 1482 1357 1498 causam
1371 1471 1491 1508 quolibet
1503 1470 1582 1497 modo
1596 1470 1726 1507 praebuit.
1746 1487 1778 1491 ——
1799 1472 1852 1508 Qui
1872 1473 1988 1501 adhibita

1146 1517 1185 1547 vi,
1206 1520 1231 1542 et
1251 1517 1326 1552 quasi
1344 1525 1434 1547 manu.
1460 1524 1564 1541 causam
1583 1514 1675 1540 mortis
1694 1514 1869 1551 praebuisset.
1894 1516 1925 1543 fr.
1945 1519 1977 1544 51

1146 1569 1185 1596 pr.
1206 1558 1238 1585 cf.
1258 1559 1288 1585 fr.
1305 1561 1328 1585 7.
1342 1559 1364 1593 5.
1379 1561 1402 1585 6.
1423 1558 1456 1584 ad
1473 1557 1503 1584 L.
1523 1558 1592 1594 Aqu.
1612 1558 1636 1584 9.
1655 1558 1679 1583 2.
1719 1558 1773 1593 Qui
1792 1557 1881 1595 aliquo
1894 1569 1989 1596 genere

1146 1602 1192 1628 teli
1210 1602 1343 1628 hominem
1361 1601 1466 1633 occidit.
1486 1601 1613 1627 mortisve
1632 1609 1736 1626 causam
1755 1602 1895 1638 praestitit.
1914 1602 1986 1630 Paul.

1147 1645 1178 1672 V.
1196 1647 1238 1672 23.
1259 1645 1281 1679 5.
1300 1647 1324 1671 2.
1351 1645 1383 1671 cf.
1403 1645 1425 1679 5.
1446 1646 1468 1670 1.
1489 1644 1519 1670 fr.
1532 1645 1556 1669 4.
1571 1643 1592 1677 5.
1608 1645 1630 1669 1.
1651 1642 1681 1669 sr.
1703 1644 1744 1669 15.
1763 1653 1803 1680 pr.
1823 1644 1856 1671 ad
1873 1644 1903 1672 L.
1924 1645 1987 1673 Cor.

1146 1688 1178 1715 de
1198 1690 1244 1715 sic.
1268 1690 1309 1714 48.
1329 1689 1353 1714 8.
1383 1704 1415 1707 -
1449 1687 1479 1720 §-
1499 1688 1537 1713 3.
1567 1687 1680 1720 Culpa.
1719 1685 1761 1712 111.
1787 1688 1852 1714 (7η.
1883 1688 1988 1724 Quodsi

1146 1742 1230 1768 neque
1249 1731 1334 1758 mulae
1353 1741 1438 1767 neque
1458 1729 1577 1756 homines
1597 1729 1623 1755 in
1643 1738 1720 1755 causa
1741 1735 1843 1762 essent,
1868 1731 1916 1758 sed
1934 1742 1988 1759 mu.

1145 1774 1185 1801 lae
1203 1775 1317 1801 retinere
1336 1784 1402 1800 onus
1422 1773 1585 1809 nequissent.
1616 1771 1646 1798 fr.
1666 1773 1707 1798 52.
1728 1772 1750 1806 5.
1770 1775 1794 1799 2.
1816 1773 1848 1800 ad
1866 1773 1896 1800 L.
1917 1775 1986 1812 Aqu.

1144 1820 1168 1845 9.
1187 1820 1212 1844 2.
1249 1816 1307 1843 Nisi
1327 1816 1394 1843 forte
1413 1816 1521 1842 morbus
1541 1819 1584 1841 aut
1603 1814 1727 1841 valetudo
1747 1816 1773 1841 in
1788 1826 1866 1842 causa
1880 1818 1924 1849 sit,
1943 1823 1988 1845 aut

1145 1861 1193 1887 alia
1212 1862 1280 1887 iusta
1300 1870 1378 1887 causa
1397 1858 1546 1895 adrogandi.
1567 1858 1597 1884 fr.
1618 1860 1658 1884 15.
1679 1859 1701 1893 5.
1721 1860 1745 1885 2.
1766 1859 1798 1885 de
1817 1859 1906 1897 adopt.
1927 1863 1949 1888 l.
1963 1863 1985 1888 7.

1145 1903 1179 1930 Vt
1200 1903 1301 1935 doceat,
1321 1908 1418 1930 metum
1437 1903 1463 1929 in
1483 1912 1561 1928 causa
1580 1901 1671 1934 fuisse,
1692 1907 1720 1928 ut
1739 1907 1788 1929 etc.
1808 1903 1839 1929 fr.
1860 1905 1899 1930 14.
1919 1904 1942 1938 5.
1960 1905 1985 1931 3.

1145 1948 1197 1983 Qu.
1217 1951 1278 1973 met.
1299 1957 1320 1973 c.
1340 1948 1364 1972 4.
1383 1948 1408 1972 2.
1428 1961 1460 1965 ——
1480 1946 1511 1979 §.
1533 1947 1573 1972 4.
1602 1947 1736 1977 Gratia,
1761 1947 1898 1978 Favere,
1923 1949 1986 1975 Ra-

1121 1997 1122 2000 ’
1144 1993 1236 2017 tione
1253 1992 1375 2016 habita.
1412 1989 1430 2015 Ι.
1452 1990 1514 2022 Sy.
1543 1988 1641 2014 Gratia.
1666 1987 1723 2014 Gai.
1743 1987 1761 2014 Ι,
1784 1990 1822 2014 19.
1848 1987 1908 2026 ΠΙ).
1930 1989 1985 2017 VII.

1146 2035 1168 2059 1.
1206 2032 1325 2059 Nomine.
1354 2032 1411 2058 Gai.
1430 2031 1448 2057 I.
1470 2033 1510 2057 13.
1538 2029 1599 2066 Ylp.
1620 2029 1638 2055 1.
1660 2031 1699 2056 ll.
1720 2030 1750 2056 fr.
1764 2032 1788 2057 4.
1808 2031 1869 2064 5.1.
1890 2031 1922 2059 dc
1941 2032 1984 2059 off.

1145 2077 1201 2102 eius
1221 2077 1263 2102 cui
1282 2074 1367 2101 mand.
1390 2076 1411 2100 l.
1431 2076 1472 2100 21.
1498 2073 1528 2099 fr.
1547 2075 1571 2099 2.
1597 2072 1629 2099 de
1648 2072 1720 2099 seriis
1744 2075 1768 2099 2.
1790 2076 1829 2100 12.
1865 2074 1897 2101 II.
1918 2076 1985 2109 ΟΡ.

1144 2119 1209 2145 Eius
1229 2128 1314 2144 eausa.
1335 2133 1367 2137 ——
1387 2117 1415 2143 In
1435 2116 1524 2142 odium
1544 2117 1608 2148 eius,
1628 2125 1649 2142 S.
1671 2115 1770 2142 Contra
1784 2117 1878 2154 ipsum.
1897 2117 1928 2144 fr.
1942 2119 1984 2145 40.

1145 2172 1184 2199 pr.
1205 2161 1237 2188 de
1257 2160 1371 2187 condiet.
1391 2159 1478 2186 imleb.
1500 2161 1539 2185 12.
1559 2160 1582 2185 6.
1612 2158 1642 2185 fr.
1661 2160 1703 2185 30.
1724 2160 1745 2193 5.
1767 2161 1789 2186 7.
1813 2159 1845 2186 ad
1863 2159 1894 2187 L.
1914 2160 1984 2189 falc.

1267 2204 1308 2230 Ill.
1324 2205 1390 2232 Cn.
1410 2202 1587 2233 Yenditionis.
1606 2201 1649 2228 vel
1669 2201 1828 2233 donationis,
1847 2203 1888 2229 vel
1903 2208 1985 2231 trans-

1145 2292 1222 2318 Caes.
1250 2293 1272 2317 1.
1294 2292 1333 2317 19.
1376 2289 1510 2321 Paratum,
1534 2299 1558 2315 v.
1584 2288 1778 2319 constitutum.
1807 2288 1918 2316 alicuius
1945 2291 1983 2317 rei

1145 2346 1230 2362 causa.
1269 2334 1298 2361 fr.
1319 2335 1376 2360 195.
1401 2334 1423 2367 5.
1442 2334 1466 2359 3.
1492 2332 1522 2359 fr.
1541 2332 1600 2358 239.
1625 2331 1646 2364 5.
1668 2332 1690 2356 7.
1716 2329 1749 2356 dc
1773 2330 1803 2357 Υ.
1829 2331 1856 2358 S.
1880 2334 1922 2359 50.
1941 2334 1982 2360 16.

1143 2379 1185 2407 ld.
1212 2377 1283 2414 quod
1306 2378 1358 2404 mei
1382 2386 1460 2403 causa
1479 2374 1604 2401 confecit.
1628 2384 1714 2400 meum
1734 2374 1927 2410 quodammodo
1946 2376 1983 2402 in-

1144 2426 1318 2448 strumentum
1336 2419 1399 2446 mihi
1418 2419 1468 2445 edi.
1488 2418 1518 2444 fr.
1538 2419 1562 2443 4.
1582 2417 1604 2451 5.
1625 2418 1647 2443 l.
1668 2416 1700 2443 de
1719 2417 1830 2444 edendo.
1849 2420 1874 2444 2.
1895 2419 1935 2445 13.
1949 2434 1982 2438 —

1144 2466 1174 2499 §0
1196 2466 1233 2492 5.
1258 2466 1368 2495 Finis,
1388 2462 1611 2495 Propositum.
1633 2462 1752 2487 Modus.
1790 2460 1833 2487 111.
1846 2462 1911 2488 Gn.
1930 2461 1983 2489 De-

1143 2508 1206 2535 disti
1225 2510 1279 2541 (sc.
1300 2515 1404 2533 servum
1424 2505 1449 2531 in
1469 2503 1680 2540 quaestionem),
1704 2503 1753 2529 sub
1778 2514 1806 2529 ea
1831 2514 1920 2537 causa,
1946 2509 1982 2537 ut,

1144 2553 1166 2577 si
1185 2555 1318 2588 repertum
1338 2550 1364 2575 in
1383 2558 1414 2574 eo
1438 2557 1491 2573 non
1515 2552 1597 2578 esset,
1622 2546 1778 2573 redderetur
1801 2547 1857 2573 tibi.
1889 2547 1919 2573 fr.
1941 2549 1981 2574 15.

1143 2594 1175 2620 de
1195 2594 1308 2620 condiet.
1329 2602 1350 2618 c.
1370 2591 1421 2617 dat.
1444 2592 1483 2616 12.
1498 2591 1521 2616 4.
1552 2590 1592 2616 Ex
1608 2591 1814 2616 contrectatione
1828 2599 1918 2616 eorum
1930 2588 1982 2616 fur-

1143 2642 1196 2663 tum
1217 2637 1312 2663 secisse
1330 2634 1448 2665 videtur.
1468 2634 1527 2669 quia
1547 2643 1599 2659 non
1618 2634 1645 2659 in
1665 2643 1719 2659 eam
1739 2643 1843 2659 causam
1860 2632 1982 2659 videntur

1142 2685 1256 2717 accepta.
1286 2677 1357 2705 Paul.
1378 2677 1406 2703 11.
1426 2678 1468 2703 31.
1488 2677 1510 2710 5.
1529 2678 1571 2703 29.
1609 2677 1678 2712 Quia
1696 2675 1730 2702 ob
1751 2685 1854 2702 causam
1871 2675 1979 2712 accepit.

1141 2733 1188 2749 nec
1209 2721 1353 2759 improbam
1373 2730 1485 2746 eausam.
1505 2730 1557 2746 non
1577 2721 1651 2746 timet
1669 2719 1869 2745 condictionem.
1888 2717 1918 2744 fr.
1940 2719 1979 2744 15.

1141 2765 1173 2792 de
1193 2774 1306 2802 praescr.
1326 2774 1367 2790 vv.
1388 2765 1428 2789 19.
1448 2765 1471 2789 5.
1492 2763 1523 2789 cs.
1545 2762 1568 2789 fr
1588 2765 1609 2789 1.
1629 2763 1651 2796 5.
1670 2765 1694 2788 2.
1715 2762 1746 2789 t'r.
1761 2764 1784 2788 6.
1804 2761 1836 2788 de.
1855 2759 1931 2786 cond.
1945 2761 1979 2787 ob

1140 2814 1209 2846 turp.
1230 2819 1251 2834 e.
1272 2809 1312 2833 12.
1333 2809 1356 2833 5.
1394 2807 1488 2833 Omne.
1508 2805 1580 2843 quod
1598 2805 1686 2837 datur,
1706 2810 1749 2831 aut
1768 2804 1802 2831 ob
1821 2813 1875 2830 rem
1895 2803 1979 2836 datur.

1141 2857 1184 2879 aut
1203 2851 1237 2878 ob
1258 2860 1368 2878 causam.
1399 2851 1428 2877 fr.
1451 2852 1472 2876 l.
1492 2859 1531 2886 pr.
1556 2848 1590 2875 ib.
1612 2850 1651 2874 12.
1670 2850 1694 2874 5.
1725 2847 1756 2874 cf.
1775 2846 1805 2873 fr.
1825 2848 1866 2872 52.
1887 2846 1916 2873 sr.
1936 2848 1978 2873 65.
