2197 3121
949 156 1028 186 DIV
1054 174 1092 179 —
1117 154 1221 187 DOC.
1877 157 1942 187 299

216 242 371 272 ministrari,
396 240 496 267 libellis
520 240 624 268 duobus
648 244 692 265 aut
711 238 795 265 tribus
815 238 923 265 diurnis.
953 236 1003 264 Tb.
1024 236 1055 264 C.
1076 239 1078 258 l
1101 239 1141 264 13.
1161 238 1225 271 5.1.
1245 236 1275 263 fr.
1296 238 1336 263 14.
1357 237 1388 264 de
1407 237 1451 264 oss.
1471 236 1559 264 Praes.
1582 239 1603 264 l.
1626 238 1665 264 18.
1703 237 1766 263 Divi
1779 236 1884 263 Fratres
1904 247 1941 263 re-

216 285 260 311 IX.
280 286 305 311 3.
327 295 347 311 c.
368 286 390 310 7.
411 284 443 310 de
463 289 528 310 cust.
549 293 616 310 reor.
1099 281 1271 317 scripserunt.
1297 279 1380 306 Vatic.
1400 280 1421 314 5.
1443 282 1500 307 154.
1521 280 1552 307 fr.
1572 282 1596 307 6.
1623 281 1644 314 5.
1667 280 1739 306 l.-fr.
1761 281 1784 306 7.
1805 279 1837 306 de
1856 279 1886 306 R.
1906 280 1940 307 D.

251 328 444 354 mutin-as.
459 326 587 359 (Adiect.)
608 323 914 358 Dint11rnus.1.Sy.
928 323 1055 360 Longum,
1077 318 1079 362 ζ
1102 325 1124 349 1.
1143 326 1166 349 ὅ.
1191 322 1221 349 t'r.
1245 324 1269 349 3.
1295 322 1327 349 de
1350 324 1377 349 iu
1400 324 1441 350 ius
1464 333 1521 350 voc.
1547 325 1570 350 2.
1596 325 1620 350 4.
1659 322 1723 349 Tam
1744 323 1805 349 DD.
1826 322 1940 355 Fratres.

216 371 354 397 Diutinum
375 371 512 407 (tempus.)
532 369 562 395 fr.
576 370 617 394 25.
638 378 676 405 pr.
698 367 729 393 de
743 377 820 404 poen.
835 368 876 393 48.
890 368 928 393 19.
956 365 1055 402 Longa.
1077 382 1079 404 ἶ
1101 376 1177 402 quam
1200 376 1248 403 per
1271 375 1299 392 se
1324 366 1356 392 l).
1377 366 1480 392 Marcus
1505 367 1651 403 rescripsit.
1677 366 1698 400 5.
1719 368 1741 392 6.
1762 365 1779 392 1.
1801 365 1833 392 de
1852 375 1941 392 excuS.

215 413 325 440 Diutina
345 413 525 450 (possessio.)
551 411 580 438 sr.
601 412 642 437 43.
667 421 705 447 pr.
730 410 800 444 5.1.
827 409 859 436 de
878 409 909 435 A.
931 419 954 435 v.
975 409 1006 435 A.
1026 408 1055 435 P.
1077 406 1079 445 ¹3
1102 414 1148 435 tut.
1170 411 1191 435 1.
1211 411 1253 435 25.
1290 408 1353 435 Divi
1373 408 1487 435 Severus
1512 414 1537 435 et
1561 410 1719 436 Antoninus.
1763 409 1824 434 Divi
1843 408 1942 435 Princi-

216 457 258 481 41.
277 457 301 481 2.
328 455 357 482 fr.
377 457 401 481 3.
427 455 457 481 fr.
478 458 501 481 9.
527 454 559 480 de
579 453 631 480 div.
656 459 735 490 temp.
755 462 869 489 praescr.
889 454 930 478 44.
950 454 975 478 3.
1013 451 1055 478 III.
1077 449 1078 453 ¹
1105 462 1161 489 peS.
1182 452 1212 478 fr.
1232 453 1272 479 30.
1293 451 1357 484 5.1.
1378 451 1410 477 de
1429 452 1501 478 inoff.
1522 457 1622 478 testam.
1643 455 1666 478 5.
1685 454 1710 478 2.
1730 451 1759 478 fr.
1776 452 1815 477 14.
1836 451 1868 478 de
1886 451 1941 477 reb.

218 500 284 526 Gn.
308 498 416 524 Diutina
436 498 608 534 possessione
632 506 732 533 capere.
757 495 787 521 fr.
806 496 848 521 36.
872 494 903 520 fr.
923 496 963 520 43.
990 495 1055 528 5.1.
1078 518 1079 523 .
1100 505 1153 521 eor.
1174 505 1216 531 qu.
1237 505 1258 521 s.
1278 499 1325 521 tut.
1344 496 1386 520 27.
1406 495 1430 520 9.
1450 494 1480 520 fr.
1502 496 1524 520 1.
1544 495 1566 529 5.
1586 497 1610 521 9.
1631 495 1663 521 de
1682 494 1711 521 L.
1732 494 1812 521 Corn.
1832 493 1865 520 de
1884 493 1940 520 fals.

217 540 250 567 de
269 541 301 567 A.
320 551 344 567 v.
365 541 396 567 Α.
417 539 445 566 Ρ.
464 542 505 566 41.
529 542 553 566 2.
580 539 609 565 fr.
632 541 670 565 13.
696 539 717 572 5.
737 541 760 564 2.
785 537 816 564 fr.
842 538 882 563 18.
907 537 937 564 sr.
961 540 1003 564 21.
1024 538 1056 564 de
1078 568 1079 579 ἵ
1101 539 1141 564 48.
1164 540 1203 564 10.

217 594 307 620 usurp.
327 585 368 609 41.
387 585 411 609 3.
448 582 625 619 Praescriptio
646 582 761 608 diutinae
779 581 968 618 possessionis
988 580 1018 607 fr.
1032 583 1056 607 9.
1078 581 1079 603 l
1136 582 1294 607 Docere.
1332 581 1363 614 §0
1392 581 1427 606 1.
1466 581 1711 611 Demonstrare,
1740 581 1890 607 Probare.
1922 579 1941 606 Ι.

217 626 250 653 ‹le
269 626 321 652 div.
341 631 419 662 temp.
439 636 555 662 praescr.
574 627 616 651 44.
635 627 660 651 3.
1101 624 1162 657 Sy.
1187 623 1345 659 Desiguare‚
1365 622 1522 650 Ostendere.
1542 623 1574 649 fr.
1600 625 1639 649 14.
1663 623 1685 656 5.
1704 624 1728 649 3.
1767 622 1818 658 Qu.
1838 626 1899 648 met.
1920 632 1941 648 c.

251 668 505 695 niutan-nitas.
544 670 732 703 Longitudo
751 668 914 701 temporis.
933 666 974 692 111.
991 668 1056 694 (ἠ.
1078 689 1079 709 ἶ
1101 667 1124 692 4.
1144 668 1168 692 2.
1189 666 1218 692 sr.
1241 668 1279 692 lo.
1300 677 1339 703 pr.
1360 667 1382 692 si
1402 667 1491 692 servit.
1511 667 1535 693 8.
1556 668 1579 692 5.
1617 666 1740 692 Probare.
1761 665 1791 691 fr.
1811 667 1834 691 6.
1855 675 1894 701 sq.
1911 664 1941 691 fr.

217 712 406 738 Diuturuilatis
427 711 504 737 nobis
524 712 673 737 memoriam
693 711 719 736 in
738 720 829 736 aevum
847 709 1005 745 relinquere.
1026 709 1055 736 fr.
1078 713 1079 745 ᾗ
1101 710 1124 735 S.
1145 719 1184 745 sq.
1206 708 1238 735 de
1257 709 1360 746 probat.
1380 710 1421 734 22.
1440 710 1464 735 3.
1485 708 1515 735 fr.
1536 711 1559 736 7.
1580 708 1612 736 de
1632 713 1758 735 excusatt.
1778 710 1819 734 27.
1841 710 1863 734 l.
1893 707 1942 734 Va-

216 756 276 780 220.
297 754 318 787 5.
338 757 361 780 ῑ5
383 753 415 779 de
435 753 466 780 V.
486 754 514 780 S.
535 757 575 780 50.
598 755 638 780 16.
675 752 828 789 Temporis,
848 762 872 778 v.
892 751 976 789 Longi
995 757 1057 779 tem-
1078 781 1079 798 ¹
1100 752 1144 777 tic.
1164 752 1201 785 55.
1221 754 1280 778 240.
1300 754 1359 778 270.
1380 761 1420 788 sq.
1457 751 1500 778 Ill.
1522 753 1587 779 Gn.
1615 752 1719 778 Docere
1739 750 1818 777 debet
1836 752 1872 782 is.
1898 751 1943 787 qui

216 797 299 834 poris,
320 796 435 823 diuturn.
456 797 486 823 fr.
506 799 547 823 57.
568 798 633 831 5.1.
653 795 686 822 de
704 795 735 822 R.
755 795 786 821 Ν.
807 797 848 822 23.
868 797 892 821 2.
912 805 933 821 c.
953 797 977 821 2.
1004 795 1056 830 Qu.
1078 803 1079 827 j
1101 794 1193 820 obiicit
1217 796 1414 832 exceptionem,
1440 810 1472 814 —
1497 805 1544 821 nec
1568 794 1668 821 suflicit
1691 795 1713 820 ei
1734 793 1873 820 ostendere
1893 798 1941 820 etc.

216 849 270 866 non
294 838 370 865 obiic.
396 839 412 865 l.
436 845 453 866 t.
479 850 518 877 pr.
539 842 562 866 7.
581 842 622 866 35.
668 839 850 865 Diuturnitate
875 839 1056 875 possessionis
1078 844 1080 881 ξ
1102 837 1131 864 t'r.
1151 839 1175 863 2.
1195 838 1261 871 5.1.
1283 837 1315 864 de
1335 837 1359 864 d.
1380 848 1412 864 m.
1434 848 1489 865 exc.
1509 838 1551 864 44.
1571 839 1595 864 4.
1633 837 1687 873 Qui
1707 836 1778 867 dicit,
1794 852 1825 856 -—
1840 836 1902 862 licet
1916 837 1943 862 in

216 887 290 920 parta
310 883 447 909 securitas.
468 893 488 909 c.
510 885 532 909 7.
552 882 584 909 de
602 891 717 919 praescr.
737 881 754 908 l.
774 886 792 908 t.
812 883 835 908 7.
853 882 895 907 33.
1078 883 1080 914 Ι
1102 881 1272 917 exceptione,
1297 880 1393 907 docere
1418 880 1497 907 debet
1516 885 1565 907 etc.
1590 880 1620 906 fr.
1643 881 1682 906 18.
1703 880 1724 914 5.
1746 882 1768 906 l.
1788 879 1820 906 de
1839 879 1942 916 probat.

251 925 476 952 Diuturnus.
514 925 652 958 (Adiect.)
694 927 754 952 Per
777 927 909 959 longum
933 930 1056 958 tempus
1078 926 1080 931 '
1100 925 1142 950 22.
1164 925 1204 949 13.
1241 922 1298 949 Hoc
1317 923 1402 949 solum
1417 925 1550 950 remittere
1566 924 1648 950 actori
1664 922 1853 949 confessoriam
1866 923 1944 948 actio-

216 970 445 995 continuatus.
480 968 499 994 1.
525 969 587 1002 Sy.
618 967 778 999 Invcterata,
797 967 937 1004 Perpetua,
956 966 1056 1003 Longa,
1078 980 1079 998 ς
1102 977 1168 998 nem.
1189 976 1221 992 ne
1244 976 1354 992 necesse
1377 966 1471 992 habeat
1497 966 1592 993 docere
1617 971 1665 992 etc.
1690 965 1721 992 fr.
1740 967 1782 991 23.
1808 965 1892 999 5.11.
1912 964 1944 991 ad

216 1011 349 1037 Diuturna
369 1010 575 1043 (consuetudo.)
600 1010 630 1037 fr.
649 1012 691 1037 32.
711 1011 777 1045 5.1.
802 1010 832 1037 fr.
851 1012 893 1037 33.
913 1010 943 1037 fr.
962 1012 1004 1036 35.
1025 1009 1057 1036 de
1078 1008 1080 1028 ³¹
1101 1009 1131 1037 L.
1150 1009 1202 1045 Aq.
1222 1010 1245 1035 9.
1266 1011 1290 1035 2.
1328 1008 1356 1035 Si
1376 1008 1510 1041 docuerit,
1530 1025 1561 1029 —
1582 1008 1729 1035 indubitate
1753 1009 1876 1046 impetrat
1895 1013 1944 1036 etc.

216 1053 270 1080 LL.
297 1056 320 1080 1.
345 1056 369 1080 3.
394 1053 425 1080 fr.
450 1055 473 1080 6.
498 1064 538 1090 pr.
577 1054 628 1089 Qu.
655 1055 703 1080 cui.
728 1055 800 1080 univ.
820 1064 888 1080 nom.
907 1055 932 1079 3.
951 1054 975 1079 4.
1012 1052 1056 1079 ΙΙΙ.
1078 1050 1080 1080 J
1102 1052 1132 1079 fr.
1154 1054 1176 1078 l.
1196 1053 1217 1086 5.
1239 1053 1280 1078 44.
1306 1051 1338 1078 de
1362 1062 1427 1088 aqua
1448 1056 1519 1088 quot.
1543 1053 1584 1078 43.
1609 1054 1650 1078 20.
1689 1051 1756 1078 Cum
1776 1067 1808 1071 —
1829 1051 1861 1078 de
1887 1052 1945 1078 iure

217 1098 284 1125 Gn.
310 1096 339 1123 Si
359 1097 417 1132 quis
438 1096 562 1122 diuturno
582 1107 631 1123 usu
652 1102 677 1123 ct
696 1096 772 1133 longa
792 1098 867 1133 quasi
886 1097 1058 1134 possessione
1102 1106 1150 1122 suo
1171 1095 1291 1126 doceret.
1318 1100 1439 1132 superata
1465 1094 1533 1131 apud
1558 1094 1670 1121 iudicem
1691 1111 1722 1114 —
1743 1098 1795 1121 no‘n
1819 1104 1944 1132 provoca-

217 1142 271 1174 (ius
290 1150 371 1176 aquae
391 1139 524 1166 ducendae
544 1145 654 1166 nanctus
674 1140 729 1173 sit.)
754 1139 785 1166 fr.
806 1142 846 1166 10.
866 1150 905 1176 pr.
926 1140 948 1166 si
967 1140 1049 1165 servit
1102 1143 1183 1165 verat.
1203 1138 1232 1164 l'r.
1255 1139 1294 1164 16.
1314 1148 1354 1175 pr.
1376 1138 1428 1173 Qu.
1448 1142 1503 1174 pot.
1528 1139 1570 1164 20.
1596 1139 1620 1164 4.
1658 1136 1717 1163 Non
1737 1139 1822 1163 minus
1841 1147 1945 1164 accusa-

216 1184 240 1210 8.
260 1185 284 1209 5.
322 1182 400 1209 Nulla
421 1183 590 1219 usucapionis
610 1184 804 1220 praerogativa,
827 1182 870 1209 vel
890 1182 1007 1209 diuturni
1025 1183 1054 1208 si·
1080 1204 1081 1207 .
1103 1187 1186 1208 torem
1210 1181 1242 1208 ad
1267 1180 1398 1212 docenda,
1424 1190 1490 1217 quae
1513 1179 1620 1210 detulit.
1646 1190 1723 1216 quam
1743 1190 1815 1206 reum
1834 1179 1866 1206 ad
1885 1190 1945 1216 pur—

216 1226 291 1252 lentii
314 1226 496 1262 praescriptio
522 1235 543 1252 c.
571 1227 592 1252 l.
617 1225 650 1251 de
674 1236 766 1252 comm.
791 1236 840 1252 rer.
867 1226 943 1252 alien.
967 1228 991 1252 4.
1015 1227 1056 1252 52.
1079 1237 1081 1243 ’
1102 1225 1194 1261 ganda,
1214 1234 1280 1261 quae
1300 1228 1384 1260 negat,
1404 1239 1437 1242 —
1456 1233 1556 1259 urgere.
1577 1222 1627 1249 Th.
1648 1222 1679 1249 C.
1700 1223 1744 1249 IX.
1764 1225 1805 1249 37.
1827 1233 1847 1249 c.
1868 1225 1892 1248 2.
1913 1222 1945 1249 de

215 1268 351 1295 Iucubatio
372 1268 507 1299 diuturna,
532 1273 576 1294 aut
599 1268 702 1295 novella
724 1269 863 1306 professio.
884 1279 905 1295 c.
925 1270 949 1295 3.
969 1279 1001 1295 ne
1020 1269 1057 1295 rei
1103 1267 1192 1299 abolit.
1230 1267 1267 1299 ld,
1287 1266 1319 1293 de
1339 1276 1390 1303 quo
1411 1267 1551 1302 cogitatum
1576 1276 1629 1292 uon
1649 1265 1766 1292 docetur.
1786 1265 1816 1292 fr.
1836 1267 1859 1292 9.
1880 1266 1901 1299 5.
1920 1266 1945 1292 3.

215 1311 314 1338 domin.
335 1313 357 1338 7.
377 1313 419 1338 3⁸.
458 1310 586 1337 Custodia
607 1310 736 1338 diuturna.
762 1312 812 1338 Th.
833 1311 863 1338 C.
884 1311 928 1338 IX.
948 1313 972 1338 3.
992 1322 1013 1338 c.
1033 1313 1056 1337 6.
1079 1337 1080 1342 ,
1103 1311 1136 1338 de
1156 1315 1279 1336 transact.
1298 1311 1323 1336 2.
1344 1311 1383 1335 15.
1421 1309 1515 1336 Sacrae
1540 1310 1743 1335 constitutiones
1766 1308 1871 1335 docent.
1896 1307 1946 1334 Va-

216 1354 249 1381 de
268 1354 370 1381 custod.
390 1364 458 1380 reor.
1079 1357 1081 1365 ¹
1104 1355 1148 1380 tic.
1169 1354 1192 1387 5.
1216 1354 1273 1379 149.
1294 1368 1326 1372 —
1347 1353 1377 1386 5¹.
1398 1354 1433 1379 2.
1455 1354 1634 1379 Certiorem
1653 1354 1777 1388 facere.
1814 1350 1857 1377 111.
1879 1352 1945 1378 Gn.

249 1397 471 1431 Divulgare.
509 1399 640 1424 Publici
670 1399 757 1424 iuris
784 1399 907 1434 facere.
950 1397 968 1424 I.
995 1399 1057 1432 Sy.
1079 1388 1080 1399 ¹
1102 1397 1145 1423 De
1163 1406 1212 1422 usu
1231 1406 1312 1432 aquae
1332 1411 1364 1415 -
1384 1395 1535 1422 Praesidem
1554 1394 1597 1422 Pr.
1617 1394 1706 1421 doceri
1725 1398 1856 1431 oportere.
1876 1392 1906 1420 fr.
1921 1395 1945 1419 2.

215 1439 338 1476 Vulgare.
375 1439 412 1466 lb.
434 1439 465 1466 V.
487 1441 509 1466 1.
535 1450 555 1467 c.
576 1442 600 1466 9.
626 1440 659 1466 de
683 1440 753 1476 legit.
778 1440 888 1468 heredit.
908 1441 953 1468 IX.
973 1443 1014 1468 42.
1035 1451 1056 1468 c.
1079 1429 1080 1440 ¹
1103 1440 1135 1467 de
1154 1445 1220 1466 extr.
1241 1448 1314 1475 cogn.
1335 1441 1376 1465 50.
1398 1440 1438 1464 13.
1459 1438 1503 1471 (cf.
1523 1448 1547 1464 v.
1568 1438 1680 1464 Doctus.
1701 1438 1722 1471 5.
1745 1437 1780 1470 1.)
1800 1452 1832 1456 —-
1852 1437 1883 1471 §.
1908 1437 1946 1463 3.

216 1485 257 1510 14.
278 1483 311 1509 de
330 1483 391 1509 bon.
411 1492 512 1519 proscr.
550 1483 591 1509 Ill.
612 1484 678 1511 Gn.
698 1483 727 1510 Si
746 1483 797 1510 hoc
816 1485 901 1511 animo
921 1485 1058 1511 recitatum
1079 1511 1080 1514 ,
1104 1486 1285 1514 Instruere,
1306 1483 1499 1508 Instituere.
1537 1480 1555 1507 I.
1574 1481 1635 1515 Sy.
1664 1479 1820 1517 Discipulos
1841 1479 1945 1510 docere,

216 1531 401 1553 testamentum
422 1531 470 1557 est.
491 1542 523 1545 —
545 1531 572 1552 ut
591 1525 686 1552 iudicia
706 1531 806 1553 secreta
827 1529 896 1559 eius,
917 1529 961 1564 qui
980 1532 1059 1553 testa·
1079 1522 1081 1545 ¹>
1102 1526 1252 1557 instituere,
1273 1535 1293 1551 s.
1313 1524 1459 1556 Instruere,
1484 1523 1593 1550 artibus.
1619 1523 1668 1550 Th.
1693 1522 1725 1549 C.
1744 1522 1815 1549 XIV.
1836 1524 1859 1549 9.
1881 1533 1902 1549 c.
1921 1524 1945 1548 3.

216 1573 259 1595 tus
280 1574 328 1601 est,
348 1568 554 1605 divulgarentur.
573 1569 604 1595 fr.
626 1571 648 1595 1.
668 1569 689 1602 5.
709 1571 751 1596 38.
771 1570 863 1608 depos.
884 1572 924 1597 16.
943 1573 968 1598 3.
1004 1570 1059 1598 Μο-
1079 1583 1081 1600 ;
1103 1580 1142 1607 pr.
1162 1570 1227 1603 5.1.
1254 1568 1286 1594 de
1306 1567 1375 1594 stud.
1396 1566 1497 1593 liberal.
1522 1567 1579 1593 urb.
1599 1566 1630 1593 R.
1667 1566 1789 1597 Domus,
1813 1566 1946 1602 Magister,

216 1611 284 1638 biles
303 1616 388 1638 autem
409 1622 450 1638 res
464 1613 537 1638 —iu
556 1611 670 1639 medium
684 1612 797 1649 proferri
811 1613 993 1650 divulgarique
1006 1624 1058 1640 non
1079 1610 1081 1632 ἶ
1103 1613 1270 1649 Praeceptor.
1290 1610 1320 1637 sr.
1341 1613 1364 1637 5.
1385 1612 1406 1645 5.
1426 1612 1450 1636 3.
1471 1610 1501 1636 sr.
1521 1611 1545 1636 6.
1566 1609 1598 1636 ad
1611 1608 1641 1635 L.
1654 1609 1723 1645 Aqu.
1743 1610 1767 1636 9.
1780 1611 1804 1635 2.
1825 1608 1868 1635 IH.
1883 1610 1945 1636 Gn.

217 1655 339 1690 patimur.
377 1654 444 1681 Nov.
466 1653 515 1681 Th.
535 1654 566 1681 Π.
587 1655 619 1681 de
638 1655 664 1682 h.
686 1666 728 1692 qu.
749 1666 788 1693 sp.
808 1667 878 1683 mun.
897 1657 916 1683 I.
935 1659 976 1683 22.
997 1667 1019 1683 c.
1032 1659 1057 1683 2.
1079 1648 1081 1687 l
1104 1657 1173 1692 Quia
1192 1665 1245 1681 non
1266 1654 1400 1681 faciendae
1420 1654 1530 1680 iniuriae
1549 1662 1625 1679 causa
1639 1652 1809 1689 percusserit,
1829 1650 1876 1678 sed
1894 1661 1947 1678 mo-

218 1697 240 1730 5.
264 1698 288 1722 3.
325 1696 392 1723 Nota
417 1703 480 1724 sunt
504 1702 583 1734 atque
607 1698 728 1725 omnibus
753 1699 884 1736 divulgata
910 1700 1058 1733 (decreta.)
1104 1699 1183 1726 nendi
1207 1703 1233 1724 et
1257 1697 1369 1723 docendi
1394 1707 1479 1723 causa.
1506 1696 1536 1723 fr.
1556 1698 1580 1722 5.
1606 1695 1627 1728 5.
1647 1696 1671 1720 3.
1695 1693 1712 1720 l.
1731 1696 1755 1720 9.
1775 1696 1799 1720 2.
1847 1693 1901 1729 Qui
1920 1695 1946 1720 in

219 1738 269 1765 Tb.
290 1738 321 1765 C.
339 1740 410 1766 XVI.
431 1743 454 1766 S.
475 1751 496 1767 c.
515 1743 557 1767 26.
577 1740 610 1767 de.
628 1741 683 1768 Iud.
1102 1742 1153 1768 hoc
1173 1741 1305 1767 dumtaxat
1330 1739 1488 1766 conductum
1513 1739 1599 1765 locum
1618 1736 1744 1769 habebat,
1770 1741 1797 1763 ut
1823 1736 1859 1763 ibi
1879 1746 1946 1773 opus

253 1782 482 1816 Divulgatio.
537 1786 777 1818 Promulgatio.
827 1784 869 1812 ΙΙΙ.
901 1786 966 1813 Cn.
1015 1785 1058 1812 Ad
1080 1813 1082 1821 ⁴
1104 1784 1193 1814 saciat.
1218 1783 1260 1809 vel
1285 1782 1385 1808 doceat.
1411 1782 1440 1808 t'r.
1464 1784 1488 1808 5.
1514 1782 1536 1815 5.
1561 1783 1585 1808 3.
1611 1780 1644 1806 de
1667 1779 1692 1806 h.
1713 1789 1756 1816 qu.
1777 1779 1855 1806 effud.
1876 1781 1900 1806 9.
1920 1780 1945 1805 3.

219 1826 335 1851 omnium
353 1826 471 1851 notitiam
484 1827 622 1862 pervenire
636 1827 782 1853 edictorum
796 1827 974 1863 divulgatione
987 1838 1060 1865 prae-
1081 1847 1082 1856 ,
1104 1827 1203 1853 Servos
1222 1830 1299 1856 artes.
1318 1835 1342 1851 v.
1363 1825 1510 1856 artificium.
1531 1824 1634 1851 docere..
1655 1822 1685 1849 fr.
1700 1824 1723 1849 6.
1744 1822 1777 1849 de
1796 1823 1906 1859 impens.
1921 1823 1947 1848 in

220 1869 307 1904 cipiat.
345 1867 413 1893 Nov.
433 1867 556 1895 Antliem.
577 1869 608 1895 de
627 1869 728 1896 mulier.
749 1869 792 1896 VI.
814 1872 836 1896 1.
856 1880 878 1896 c.
899 1872 920 1897 1.
941 1871 962 1904 5.
982 1873 1006 1897 5.
1080 1860 1083 1882 7
1104 1880 1147 1896 res
1166 1869 1219 1896 dot.
1239 1870 1281 1894 25.
1303 1870 1324 1894 1.
1345 1868 1376 1894 fr.
1397 1870 1436 1894 12.
1457 1868 1490 1894 de
1509 1867 1585 1903 legat.
1599 1866 1642 1893 III.
1663 1866 1730 1899 (32.)
1750 1864 1890 1897 Pictorem,
1904 1870 1947 1891 aut

255 1911 385 1937 Divus.
418 1911 449 1944 §-
470 1912 504 1937 1.
538 1913 630 1937 Deus.
662 1911 705 1938 111.
729 1914 795 1940 Cn.
826 1913 904 1940 Divis
922 1919 1060 1950 parentum
1105 1913 1239 1939 librarium
1263 1912 1366 1938 docere.
1392 1912 1421 1937 fr.
1446 1915 1487 1937 23.
1512 1911 1545 1937 de
1571 1910 1601 1936 R.
1622 1908 1654 1936 V.
1674 1910 1698 1935 6.
1720 1910 1742 1934 1.
1781 1908 1834 1943 Qui
1853 1910 1894 1934 ius
1914 1909 1947 1934 ci-

218 1963 293 1979 saeer
311 1954 380 1979 esto!
412 1952 452 1979 Fr.
472 1952 525 1980 LL.
546 1953 651 1981 Romuli
671 1954 721 1981 Nn.
741 1958 764 1982 2.
803 1955 888 1982 Servii
909 1956 991 1983 Tullii
1010 1956 1059 1983 No.
1105 1956 1157 1982 vile
1177 1955 1281 1981 docent.
1301 1954 1385 1981 Vatic.
1406 1954 1506 1988 5150.

220 1998 243 2022 1.
265 2012 296 2015 -
317 1996 348 2028 §-
370 1997 404 2022 2.
429 1997 562 2023 Titulus
586 2000 786 2025 honorarius
805 2001 998 2033 Principum
1018 2002 1060 2032 R,
1081 2017 1083 2024 ν
1139 1998 1293 2025 Docilis.
1318 1996 1447 2030 (Adiect.)
1472 1999 1518 2023 Ad
1535 1998 1721 2022 discendum
1738 1999 1904 2028 promtus,
1923 2003 1945 2020 v.

216 2045 292 2073 post
315 2045 443 2065 mortem
470 2041 500 2065 in
524 2042 595 2066 deos
619 2043 806 2067 relatorum.
844 2041 862 2068 Ι.
883 2043 946 2077 Sy.
977 2043 1059 2069 Deus.
1082 2062 1083 2065 ¹
1106 2044 1238 2068 idonens
1287 2040 1330 2066 ΙΙΙ.
1351 2041 1416 2068 Cn.
1442 2040 1517 2075 Quae
1541 2039 1614 2065 rudia
1638 2042 1699 2064 sunt
1725 2038 1775 2070 (sc.
1796 2036 1946 2073 mancipia.)

220 2081 303 2108 vatic.
324 2082 361 2115 55
383 2083 440 2107 195.
458 2084 517 2108 210.
537 2085 597 2109 220.
615 2085 675 2109 247.
712 2083 834 2110 Divinus.
856 2083 904 2111 Th.
926 2084 956 2111 C.
978 2085 1020 2112 VI,
1036 2088 1059 2111 4.
1081 2103 1083 2125 4
1105 2084 1266 2121 simpliciora
1285 2094 1352 2115 esse,
1374 2088 1399 2109 et
1419 2081 1450 2108 ad
1469 2082 1614 2108 ministeria
1634 2082 1746 2118 aptiora.
1767 2084 1793 2105 et
1812 2079 1945 2106 dociliora,

222 2134 242 2150 c.
263 2126 302 2151 17.
322 2124 354 2151 de
372 2124 457 2151 Praet.
478 2130 503 2151 e‘t
517 2126 569 2161 Qu.
583 2126 703 2158 Divinae,
718 2126 802 2153 Divae
821 2128 996 2160 (memoriae.)
1022 2128 1059 2155 lb.
1082 2128 1083 2138 ¹
1105 2127 1134 2154 l'r.
1154 2129 1196 2153 37.
1216 2126 1248 2153 de
1267 2126 1353 2153 Aedil.
1374 2125 1451 2152 edict.
1471 2127 1512 2151 21.
1537 2126 1559 2151 1.
1598 2124 1651 2159 Qui
1676 2132 1801 2159 aquarum
1824 2123 1946 2148 inventos

222 2166 239 2192 l.
258 2166 273 2192 1.
293 2177 314 2193 c.
335 2168 375 2193 18.
396 2167 426 2194 cf.
447 2167 509 2194 lust.
525 2169 555 2195 C.
577 2179 598 2195 c.
617 2171 659 2195 23.
679 2169 763 2195 mand.
784 2171 807 2196 4.
821 2171 864 2196 35.
884 2180 906 2196 c.
929 2172 951 2197 7.
972 2171 1004 2197 de
1018 2182 1061 2197 na·
1105 2171 1199 2198 duetus
1224 2175 1249 2196 et
1272 2169 1366 2195 modos
1391 2167 1471 2194 docili
1496 2167 1635 2193 libratione
1655 2165 1805 2192 ostendunt.
1845 2164 1894 2191 Th.
1915 2164 1944 2190 C.

223 2214 273 2234 tur.
291 2209 336 2236 lib.
355 2212 379 2236 5.
397 2212 440 2236 27.
477 2210 508 2237 II.
533 2213 600 2245 Op.
629 2211 704 2243 Divi.
725 2228 758 2232 —
776 2212 868 2239 Nostri
888 2213 1059 2251 (Principes.)
1082 2222 1083 2241 1
1104 2214 1173 2240 xm.
1193 2215 1216 2240 4.
1238 2223 1259 2239 e.
1279 2214 1302 2238 3.
1324 2212 1356 2238 de
1375 2221 1463 2238 excus.
1484 2210 1550 2237 artis.

224 2250 308 2277 vatic.
328 2252 442 2285 55125.
463 2255 519 2280 149.
541 2256 600 2280 247.
620 2255 650 2280 t'r.
670 2256 694 2281 3.
714 2256 750 2289 55.
772 2258 794 2282 1.
815 2266 854 2292 sq.
875 2256 908 2282 de
927 2257 970 2283 011¹.
984 2257 1059 2284 Proc.
1082 2246 1083 2252 .
1139 2256 1381 2284 Doni-uenus.
1419 2253 1547 2287 (Adiect.)
1585 2254 1632 2278 Ad
1652 2253 1859 2278 Docimaeum
1879 2259 1945 2283 spe-

225 2293 302 2320 Caes-
322 2295 344 2319 1.
366 2296 404 2321 19.
441 2295 591 2323 Secundum
614 2298 654 2323 ius
674 2302 763 2328 vetus.
788 2303 814 2324 et
832 2300 960 2336 rescripta
980 2300 1061 2326 Divo·
1105 2307 1210 2331 ctaus,
1236 2300 1404 2333 Phrygiae
1428 2298 1564 2323 laniaris
1592 2296 1774 2322 civitatem.
1812 2292 1855 2319 111-
1880 2293 1945 2319 Gn.

225 2346 290 2365 rum.
311 2338 563 2376 constitutionesque
587 2345 699 2366 nostras.
731 2340 780 2367 Th.
807 2341 836 2367 C.
856 2342 914 2368 XII.
935 2345 975 2369 ll.
995 2353 1016 2369 c,
1038 2345 1059 2369 l.
1105 2343 1211 2369 Praeter
1230 2342 1308 2367 trium
1328 2340 1491 2367 metallorum
1512 2337 1695 2369 debitoribus,
1717 2336 1864 2365 Docimeni.
1884 2333 1945 2360 Pro-

224 2380 246 2413 ς’,
266 2381 290 2405 2.
310 2378 342 2405 de
362 2389 414 2405 cur.
433 2381 531 2408 calend.
552 2382 773 2415 Constitutiones,
793 2394 857 2420 quas
877 2385 910 2411 D.
931 2384 1061 2412 Constan-
1107 2386 1242 2416 conensis,
1267 2389 1292 2410 et
1311 2383 1487 2413 TroadensiS.
1512 2381 1691 2407 concessimus
1715 2380 1822 2415 reliqua.
1842 2377 1879 2403 lb.
1898 2376 1944 2403 XJ.

225 2423 305 2453 tinus,
323 2423 537 2460 posterioresque
556 2425 705 2463 Principes,
731 2437 761 2453 ac
780 2437 828 2453 nos
849 2427 964 2454 tulimus.
985 2428 1022 2454 lb.
1042 2428 1060 2454 l.
1105 2432 1147 2455 25.
1168 2440 1189 2455 c.
1209 2430 1232 2454 9.
1254 2427 1285 2454 ci‘.
1307 2437 1327 2453 c,
1350 2428 1388 2452 ll.
1409 2425 1441 2452 de
1461 2424 1559 2460 indulg.
1580 2424 1660 2450 debit.

228 2467 249 2490 l.
271 2475 290 2490 c.
311 2465 335 2489 6.
361 2474 400 2500 pr.
426 2464 456 2490 cf.
478 2475 499 2491 c.
518 2469 541 2493 5.
562 2468 665 2503 OVck.)
690 2469 722 2496 de
747 2475 830 2496 const.
851 2470 893 2497 Pr.
931 2470 973 2496 ΙΙΙ.
996 2472 1061 2498 (711.
1141 2473 1293 2499 Doctor-
1322 2470 1497 2504 Magister,
1517 2470 1722 2500 Praeceptor.
1745 2463 1787 2489 111.
1809 2464 1874 2490 Gn.
1893 2461 1945 2488 Ma-

226 2507 289 2543 lfflP-
310 2506 386 2532 Titus
405 2507 554 2536 Antoninus
575 2513 720 2549 rescripsit.
746 2529 777 2532 —
803 2514 863 2540 Div.
890 2524 994 2550 quoque
1014 2513 1062 2540 Ha·
1083 2521 1084 2540 1
1107 2516 1181 2551 gistri
1200 2513 1348 2540 studiorum
1367 2511 1551 2547 doctoresque.
1573 2509 1622 2535 Th.
1643 2508 1673 2534 C.
1694 2506 1761 2533 XIII.
1781 2508 1805 2532 3.
1826 2515 1846 2531 c.
1867 2506 1890 2530 5.
1912 2503 1945 2530 de.

226 2550 333 2576 drianus
352 2551 496 2586 rescripsit.
517 2551 547 2578 fr.
566 2554 588 2579 8.
609 2554 641 2581 de
654 2555 751 2592 postul.
765 2558 790 2583 3.
806 2558 827 2583 1.
864 2557 934 2583 Ante
954 2556 1061 2583 sormam
1083 2542 1084 2582 i
1107 2557 1199 2584 medic.
1224 2561 1249 2583 et
1272 2555 1340 2593 pros.
1359 2555 1491 2581 Doctores
1515 2557 1688 2586 auctoresque
1712 2549 1946 2582 (Eunomianorum

227 2604 239 2620 a
264 2593 296 2619 D.
322 2592 409 2619 Marco
433 2593 518 2620 datam
546 2594 578 2621 D.
598 2595 659 2624 Pius
684 2600 828 2636 rescripsit.
854 2599 885 2626 fr.
911 2601 951 2626 10.
971 2610 1010 2636 pr.
1030 2599 1062 2626 de
1107 2600 1252 2630 facinoris.)
1272 2599 1309 2625 lb.
1329 2598 1400 2625 XVI.
1421 2600 1444 2623 5.
1465 2607 1486 2623 c.
1500 2598 1541 2622 31.
1556 2605 1595 2630 sq.
1616 2593 1647 2619 de
1662 2592 1758 2618 haeret.
1795 2589 1898 2617 Medici.
1913 2605 1944 2609 -—

226 2641 294 2674 pact.
318 2638 342 2662 2.
370 2638 407 2662 14.
449 2636 510 2662 Divi
535 2637 637 2665 Marcus
661 2646 686 2666 et
707 2641 806 2668 Lucius
825 2643 1061 2679 (rescripserunt.)
1106 2643 1279 2678 grammatici,
1304 2646 1329 2668 et
1348 2640 1514 2678 professores
1534 2638 1577 2663 alii
1596 2636 1757 2665 litterarum,
1778 2638 1803 2660 et
1823 2633 1944 2659 doctores

226 2679 313 2706 vatic.
339 2680 375 2713 δὲ.
398 2681 455 2706 168.
474 2681 533 2706 240.
559 2680 589 2706 cf.
616 2680 646 2708 fr.
665 2684 706 2709 57.
730 2684 751 2717 §.
772 2687 794 2711 1.
818 2684 850 2711 de
873 2685 904 2712 R.
925 2685 957 2712 N.
976 2687 1017 2712 23.
1037 2688 1062 2711 2.
1084 2676 1085 2725 l
1107 2686 1200 2721 legum.
1220 2695 1241 2711 c.
1262 2686 1285 2710 6.
1306 2684 1339 2710 de
1357 2683 1424 2721 prof.
1445 2688 1470 2709 et
1489 2680 1581 2707 medic.
1603 2680 1642 2704 10.
1662 2680 1702 2703 52.

227 2721 257 2748 sr.
276 2723 317 2748 24.
339 2722 370 2748 de
390 2727 437 2748 tut.
457 2727 483 2748 et
502 2733 555 2749 cur.
576 2723 627 2750 dat.
646 2726 689 2751 26.
708 2728 731 2752 5.
768 2727 801 2754 D.
818 2728 921 2755 Marcus
941 2739 999 2755 cum
1013 2728 1062 2755 fra·
1084 2730 1086 2765 i
1142 2728 1340 2756 Doctrina.
1360 2728 1437 2761 §.L
1458 2726 1558 2751 Actus
1577 2722 1757 2748 erudiendi.
1776 2719 1868 2753 LSy.
1881 2718 1944 2744 Eru-

227 2769 267 2790 tre
285 2774 342 2791 suo.
380 2765 443 2791 Divi
461 2765 564 2792 Marcus
583 2771 609 2792 et
628 2766 797 2796 Commodus.
822 2771 852 2797 fr.
873 2773 895 2798 7.
920 2772 950 2798 sr.
969 2774 1011 2799 31.
1032 2771 1064 2798 de
1085 2778 1086 2782 ¹
1108 2771 1182 2803 ditio,
1202 2771 1344 2797 Institutio.
1371 2769 1420 2795 Th.
1442 2767 1471 2793 C.
1492 2765 1536 2791 XI.
1558 2766 1598 2791 16.
1619 2774 1640 2790 c.
1662 2766 1701 2790 15.
1726 2774 1746 2789 c.
1768 2764 1806 2788 le.
1828 2761 1859 2787 de
1879 2764 1942 2786 extr.

228 2806 256 2833 L.
278 2807 358 2834 Corn.
379 2808 411 2834 de
431 2808 487 2834 sals.
507 2811 548 2835 48.
570 2811 609 2835 10.
653 2809 724 2836 Coll.
747 2811 800 2839 LL.
819 2813 852 2840 M.
872 2813 916 2841 IV.
935 2816 960 2841 3.
981 2814 1012 2841 cf.
1032 2814 1063 2841 fr.
1108 2824 1129 2841 S.
1150 2813 1220 2840 sord.
1239 2813 1308 2840 Xlll.
1331 2814 1356 2838 3.
1377 2822 1397 2837 c.
1418 2812 1458 2836 11.
1483 2808 1516 2835 de
1534 2807 1626 2834 medic.
1652 2811 1676 2832 et
1700 2805 1766 2843 pros.
1787 2802 1941 2839 Disciplina.

1444 2852 1502 2879 :38⁴⁶
