2197 3121
255 177 320 208 286

255 260 287 293 §.
308 260 344 286 2.
377 259 472 289 Labi,

257 303 325 329 cium
343 306 436 328 manet.
457 315 489 319 —
509 299 621 336 Dilapso
641 308 680 324 eo.
699 298 730 324 fr.
750 299 774 324 6.
794 308 834 335 pr.
854 297 887 324 de
905 296 938 323 R.
958 297 992 323 D.
1014 298 1036 322 1.
1056 297 1081 322 8.

290 345 529 372 nilne-erare.
554 343 750 368 Exinanire.
771 340 813 367 111.
825 341 891 368 Cn.
910 340 984 366 Bona
1003 349 1051 365 sua
1065 339 1103 366 di·
1125 341 1126 361 1

257 386 396 415 lacerando
404 384 591 422 etdissipando
601 384 726 422 profudit.
738 383 901 410 sr.1.deeur.
913 382 1053 409 furios-27.
1062 384 1102 409 10.
1124 399 1125 422 ἶ

290 429 538 457 „ilat-eratio-
576 429 697 454 Lae-³⁸¹0.
742 427 784 454 111.
815 428 881 454 Gn.
918 425 978 452 Non
1002 425 1104 462 absque

257 473 379 512 publicae
404 472 472 498 dila‹
466 471 599 498 erationis
624 470 791 497 incommodo
816 469 916 501 (officia
939 473 1045 505 peracta
1064 478 1104 495 re-

257 515 404 554 petuntur.)
424 514 473 541 Th.
494 514 525 541 C.
546 513 591 540 IX.
610 514 652 540 26.
673 524 694 541 c.
715 516 739 540 3.
760 513 792 540 ad
811 512 841 539 L.
862 511 909 538 lul.
929 511 962 538 de
981 511 1049 538 amb.
1124 510 1126 538 ,¹

292 558 505 586 nilaniare.
543 559 714 588 Scindere,
747 557 919 583 Sauciure
961 553 1126 592 111011.)

258 601 359 629 occid·
353 612 398 628 ·re.
418 617 450 620 —
470 600 513 627 vel
533 600 659 627 dilaniare
679 600 773 636 poenis
793 597 908 635 publicis
925 607 1031 634 corpus.
1051 596 1101 624 Th.

257 645 289 672 C.
310 645 354 671 IX.
377 646 416 670 12.
438 655 459 670 c.
481 646 504 670 1.
525 643 557 670 de
577 641 678 669 emend.
698 652 798 668 servor.

293 687 530 721 Bilapidare.
590 688 718 713 Temere
757 693 961 716 consumere,
1002 685 1103 711 Deco-

259 741 361 766 quere.
399 730 442 756 111.
462 731 528 757 Cn.
566 729 620 765 Qui
640 729 741 765 accepit
766 728 817 760 (sc.
837 727 997 764 pecuniam.)
1023 731 1049 753 et
1067 725 1105 753 dj-
1125 726 1127 761 1

257 774 385 812 lapidavit
403 772 447 799 vel
465 772 589 810 perdidit.
614 772 644 798 fr.
672 773 711 797 ll.
731 771 753 804 5.
774 772 797 796 6.
819 769 851 797 de
870 770 963 796 minor.
983 771 1006 796 4.
1027 771 1051 796 4.
1072 768 1104 796 cf.
1126 767 1127 780 ¹

258 818 289 844 fr.
307 819 350 843 25.
370 817 392 851 5.
414 818 454 842 11.
474 815 507 841 de
531 814 619 841 hered.
643 815 718 851 petit.
738 816 762 840 5.
781 815 806 840 3.
844 812 881 839 Vt
900 829 933 832 —
952 812 1032 839 iidem
1051 817 1106 839 tue·
1126 848 1127 851 Ἴ

257 865 349 888 rentur
367 859 451 886 bona.
475 868 507 884 ne
531 857 747 895 dilapidarentur.
768 856 799 883 sr.
820 858 842 883 1.
863 866 902 893 pr.
924 855 956 882 de
976 855 1047 892 legit.
1067 860 1106 881 tn·
1126 856 1128 897 1

257 909 308 930 tor.
327 904 369 929 26.
389 904 413 928 4.
452 901 591 937 Quidquid
612 900 658 927 ille
676 899 841 937 dilapidavit,
860 900 918 936 ipse
938 898 970 925 de
987 899 1105 936 propriis
1126 898 1128 910 1

258 947 338 974 rebus
359 947 494 972 instauret.
515 943 567 970 Th.
586 943 617 970 C.
637 942 695 970 XII.
715 944 739 969 6.
759 954 781 969 c.
803 944 825 968 l.
846 942 878 969 de
897 946 1047 979 susceptor.

294 988 541 1021 nilapidatio.
563 988 772 1018 Deminntio,
786 987 964 1012 Absurntio.
983 985 1026 1011 111.
1038 986 1104 1013 Cn.

258 1033 430 1070 Propriorum
455 1029 609 1067 dilapidatio
635 1029 778 1059 bonorum.
801 1033 845 1054 ant
864 1028 1011 1054 latrociniis
1031 1027 1106 1054 adro-

258 1081 329 1113 gata.
354 1079 397 1101 aut
422 1073 535 1100 sortasse
558 1072 699 1108 naufragiis
726 1071 903 1108 incendioque
922 1071 1034 1097 conflata
1055 1075 1104 1097 etc.

259 1118 309 1146 Th.
329 1117 361 1144 C.
381 1116 425 1143 IV.
444 1118 486 1142 20.
507 1126 528 1142 c.
551 1117 572 1142 l.
611 1115 664 1151 Qui
688 1115 750 1141 bon.
775 1125 806 1142 ex
830 1114 860 1141 L.
884 1114 932 1141 Iul.
958 1114 990 1141 cs.
1009 1114 1056 1140 XI.
1081 1115 1104 1140 1.

260 1173 281 1189 c.
302 1162 343 1188 18.
363 1160 396 1186 de
415 1169 510 1185 annon.
531 1163 556 1185 et
574 1158 665 1185 tribut.

294 1204 480 1231 Dilatare-
519 1202 550 1234 ξ.
578 1203 612 1228 1.
650 1203 771 1228 Latum
790 1203 943 1237 efficere.
981 1199 1012 1226 11.
1037 1201 1105 1234 ⁰1).

259 1248 450 1283 Coangustare.
482 1244 524 1271 Cf.
545 1244 569 1271 h.
590 1254 614 1270 v.
634 1245 656 1278 5.
678 1246 700 1271 l.
738 1244 780 1270 lil.
801 1246 866 1272 Cn.
904 1243 944 1270 Ne
964 1244 1023 1280 quis
1043 1242 1107 1269 dila-

259 1295 305 1322 tet.
326 1293 369 1316 aut
383 1288 520 1326 producat.
540 1292 584 1314 aut
597 1287 737 1324 deprimat.
751 1292 795 1314 aut
809 1291 948 1323 exaggeret
967 1287 1030 1320 (iter
1043 1287 1105 1320 etc.)

259 1333 291 1361 fr.
312 1335 337 1359 3.
362 1332 384 1366 5.
406 1333 446 1357 15.
472 1331 505 1358 de
523 1332 580 1357 itin.
601 1335 687 1367 actuq.
707 1331 775 1367 priv.
799 1332 841 1357 43.
866 1332 907 1356 19.
932 1329 964 1356 ef.
987 1329 1019 1356 fr.
1040 1332 1063 1356 1.
1083 1330 1105 1364 5.

260 1378 300 1404 ll.
321 1375 354 1402 de
373 1376 422 1401 riv.
442 1375 483 1400 43.
503 1376 545 1400 21.
584 1373 648 1400 Sive
667 1373 802 1400 derivetur
821 1383 896 1410 aqua,
918 1387 948 1392 —-
968 1373 1011 1400 vel
1031 1374 1054 1400 si
1069 1372 1107 1400 di-

260 1420 358 1447 latetur
377 1423 427 1445 etc.
448 1417 478 1443 fr.
500 1419 522 1443 l.
542 1417 626 1450 5.15.
647 1416 680 1443 de
699 1417 798 1443 flumin.
817 1418 860 1443 43.
881 1418 921 1443 12.
951 1432 984 1436 —
1012 1415 1043 1449 ἕ.
1069 1417 1106 1442 2.

261 1465 458 1492 Producere,
483 1461 673 1486 Extendere.
711 1459 753 1486 111.
779 1461 846 1488 Cn.
870 1458 1016 1496 Tempora,
1041 1469 1106 1495 quo-

259 1516 317 1533 rum
337 1508 413 1531 erunt
431 1502 569 1534 curricula,
588 1513 641 1529 non
661 1502 812 1529 dilatentur.
832 1501 882 1529 Th.
897 1501 929 1529 C.
944 1502 974 1528 11.
995 1504 1019 1528 4.
1040 1512 1061 1529 c.
1081 1504 1105 1528 4.

261 1549 295 1576 de
314 1547 424 1575 denunc.
444 1556 468 1572 v.
489 1545 550 1572 edit.
571 1546 603 1572 cl'.
623 1546 645 1580 5.
665 1548 689 1573 2.
709 1545 728 1572 I.
747 1545 781 1572 de.
798 1544 829 1571 B.
850 1544 878 1571 P.
897 1546 922 1572 3.
941 1546 966 1571 9.

295 1590 450 1618 Bilatio.
479 1591 684 1623 Prorogatio
702 1590 871 1623 temporis.
899 1588 918 1614 l.
938 1589 1001 1622 Sy.
1022 1587 1108 1614 Susti-

260 1635 317 1661 neri
337 1633 523 1669 cognitionem.
560 1631 723 1658 Dilationem
742 1632 834 1668 accipi.
854 1630 884 1658 sr.
904 1632 945 1657 36.
965 1641 1005 1668 pr.
1019 1630 1052 1657 de
1071 1632 1108 1657 iu·
1129 1626 1130 1663 1

261 1678 312 1704 dic.
332 1679 356 1703 5.
378 1678 400 1702 1.
438 1675 469 1702 Π.
491 1677 558 1709 ΟΡ.
579 1675 661 1711 Magis
681 1673 751 1700 velle
769 1673 923 1701 dilationem
941 1675 1010 1711 pati,
1031 1684 1108 1710 quam

261 1722 288 1748 in
308 1719 552 1757 repraesentatione
572 1717 764 1744 deductionem.
791 1717 820 1744 sr.
840 1719 882 1744 24.
902 1718 924 1751 5.
943 1720 968 1743 2.
988 1717 1038 1744 sol.
1058 1728 1108 1743 ma-

261 1765 330 1790 trim.
350 1765 392 1789 24.
411 1763 435 1788 3.
474 1761 516 1788 lll.
538 1762 604 1788 Cn.
629 1760 764 1787 Interdum
783 1770 848 1797 pura
867 1760 1006 1797 stipulatio
1026 1771 1059 1787 ex
1080 1770 1109 1787 re

261 1808 319 1844 ipsa
338 1805 491 1832 dilationem
516 1805 594 1841 capit.
621 1804 651 1830 fr.
672 1805 713 1830 73.
738 1803 770 1829 de
790 1802 822 1829 Υ.
842 1803 875 1829 Ο.
894 1806 937 1830 45.
960 1805 981 1830 l.
1019 1803 1050 1830 Si
1069 1813 1109 1829 ur—

262 1854 322 1885 geat
340 1859 384 1875 aes
404 1848 526 1875 alienum
546 1851 572 1872 et
597 1846 688 1873 dilatio
712 1846 835 1873 damnum
859 1847 894 1872 sit
918 1846 1035 1873 adlatura
1056 1856 1110 1872 cre-

263 1891 403 1918 ditoribus.
425 1890 455 1917 fr.
476 1891 499 1916 7.
519 1890 541 1923 5.
562 1891 603 1915 11.
641 1890 692 1925 Qu.
719 1900 751 1916 ex
775 1900 796 1916 c
821 1890 847 1916 in
871 1899 945 1926 poss.
970 1891 1012 1915 42.
1031 1890 1056 1915 4.
1077 1889 1108 1916 ct.

263 1934 294 1962 ir.
320 1936 342 1960 7
367 1944 406 1970 pr.
432 1932 464 1959 de
487 1932 554 1958 adm.
579 1937 604 1958 et
629 1942 684 1969 per.
708 1934 750 1959 26,
775 1935 798 1959 7.
836 1932 936 1958 Dilatio
955 1932 1110 1969 longissima

263 1977 362 2004 danda.
388 1986 454 2013 quae
478 1976 505 2001 in
530 1980 633 2012 tempus
657 1975 804 2012 pubertatis
829 1975 949 2002 extiahet
968 1976 1109 2011 negotium.
1131 1979 1133 1988 ¹

263 2021 295 2048 fr.
315 2022 339 2047 6.
359 2030 398 2057 pr.
419 2019 451 2045 (le
472 2018 551 2045 Carb.
572 2017 649 2044 edict.
669 2020 710 2044 37.
730 2021 769 2045 10.
807 2018 835 2045 ln
855 2020 1028 2045 transmarina
1047 2018 1111 2045 dila-

264 2065 336 2090 tione
355 2063 484 2089 mensium
504 2061 549 2087 lx.
569 2062 684 2098 spatium
703 2077 736 2080 —
756 2061 886 2088 sul'lieere.
913 2061 962 2088 Th.
983 2061 1014 2088 C.
1034 2061 1065 2088 Il.
1086 2063 1109 2088 7.
1132 2067 1133 2073 ¹

265 2118 287 2132 e.
307 2108 331 2132 4.
351 2105 383 2131 de
403 2104 475 2131 dilat.
512 2104 542 2130 ln
568 2104 618 2130 hoe
642 2103 795 2131 dilationem
816 2105 885 2133 dari.
906 2110 934 2131 ut
954 2115 985 2131 ex
1005 2105 1111 2142 provin-

268 2150 307 2175 cia
326 2148 432 2175 codices
451 2147 609 2174 adserantur.
629 2147 660 2174 fr.
674 2149 715 2173 45.
735 2158 774 2184 pr.
795 2148 828 2174 de
842 2148 920 2175 iudie.
941 2150 964 2174 5.
980 2150 1003 2174 1.
1023 2147 1054 2174 t'r.
1067 2150 1109 2173 28.
1132 2139 1134 2161 ‘⁸

265 2192 288 2225 5.
311 2192 332 2217 1.
357 2190 389 2217 de
414 2200 472 2227 app.
497 2195 522 2217 et
541 2190 615 2217 relat.
640 2192 681 2216 49.
704 2192 725 2217 l.
763 2190 813 2217 Th.
834 2192 866 2218 C.
886 2191 902 2218 l.
924 2191 940 2218 1.
961 2202 982 2217 c.
1004 2193 1026 2217 1.
1064 2190 1111 2217 hn-
1133 2195 1134 2224 1

267 2239 372 2271 peti-are
398 2232 551 2260 dilationem
575 2234 607 2260 ab
631 2238 791 2260 accusatore.
820 2234 850 2261 fr.
877 2237 916 2261 11.
940 2235 962 2268 5.
982 2235 1006 2260 9.
1030 2233 1062 2260 ad
1081 2233 1110 2260 L.

267 2277 314 2304 lul.
339 2276 372 2303 de
395 2276 475 2302 adult.
499 2279 541 2302 48.
564 2279 588 2303 5.
626 2276 654 2303 ln
680 2276 838 2314 capitalibus
862 2279 917 2310 (sc.
943 2277 1047 2309 causis)
1066 2286 1111 2303 reo
1133 2273 1134 2283 ³

268 2326 322 2346 tres
341 2319 491 2349 dilationes.
511 2320 657 2346 accusatori
677 2319 743 2346 duae
762 2319 818 2346 dari
833 2325 953 2358 possunt.
975 2320 1004 2346 fr.
1019 2321 1059 2346 1⁰.
1080 2320 1111 2346 cl'.

268 2364 299 2389 fr.
320 2364 344 2388 7.
364 2361 397 2388 de
416 2362 496 2388 seriis.
515 2364 539 2387 2.
561 2364 600 2388 12.

303 2405 526 2433 Dilatorius.
564 2405 702 2437 (Adia-t.)
743 2407 954 2433 Dilaeivuem
981 2416 1113 2440 parans.
1134 2389 1137 2433 1

271 2449 300 2475 11.
323 2451 390 2483 ΟΡ.
410 2447 564 2474 Dilatoriae.
586 2463 616 2467 —
637 2447 813 2475 Peremtoriae
828 2450 1035 2486 (exceptiones.)
1055 2448 1112 2475 Gai.

270 2491 313 2518 lv.
336 2493 392 2517 120.
413 2501 474 2528 sqq.
490 2492 547 2516 125.
567 2490 597 2516 Τι’.
616 2492 640 2516 3.
661 2490 694 2516 de
713 2502 784 2518 exce.
805 2494 847 2518 44.
860 2494 882 2518 l.
903 2491 1020 2520 111οη.
1038 2491 1113 2519 Tem·

271 2534 376 2570 porales
401 2539 479 2570 atque
503 2532 640 2560 dilatoriae
664 2539 726 2559 sunt
750 2536 805 2567 (se.
826 2535 1023 2572 exceptiones.)
1047 2545 1114 2571 qnae
1136 2529 1137 2564 1

270 2586 323 2602 ιιοιι
342 2587 447 2614 semper
467 2576 553 2603 locum
572 2576 670 2602 habent
688 2582 737 2603 etc.
763 2577 793 2604 fr.
812 2579 837 2604 3.
862 2578 879 2605 l.
899 2579 941 2604 44.
962 2579 985 2604 l.
1028 2577 1115 2604 Etiam
1136 2568 1137 2572 .

271 2630 303 2645 ex
324 2630 435 2656 persona
456 2619 593 2646 dilatoriae
613 2620 783 2656 exceptiones
807 2620 1003 2657 intelliguntur.
1023 2620 1115 2658 quales

271 2667 333 2688 sunt
353 2664 520 2697 cognitoriae.
558 2663 615 2690 Gai.
635 2662 679 2689 1V.
700 2665 758 2689 124.

307 2704 496 2736 Dilectus,
517 2715 538 2732 s.
559 2707 752 2734 aelectus.
784 2706 902 2739 (Subst.)
927 2707 959 2739 ἓ.
979 2708 1013 2733 l.
1035 2708 1115 2733 Con-

273 2748 415 2780 scriptio
434 2750 586 2775 militum.
624 2748 666 2775 111.
687 2750 753 2777 Gn.
778 2749 832 2785 Qui
851 2749 954 2775 iniussn
974 2749 1115 2786 Imperato-

275 2791 311 2816 ris
330 2789 430 2815 bellum
444 2793 563 2825 gesserit.
577 2791 736 2819 dilectumve
748 2791 877 2820 habuerit.
892 2793 1035 2818 exercitum
1049 2802 1117 2819 com·
1138 2812 1139 2827 .

275 2833 420 2870 paraverit,
445 2832 636 2861 sollicitaverit.
679 2834 751 2861 Paul.
773 2834 803 2861 V.
828 2836 870 2861 29.
896 2835 966 2868 5.1.
991 2834 1022 2861 t'r.
1041 2837 1065 2862 3.
1085 2835 1117 2862 ad
1138 2828 1140 2850 ⁴¹

1139 2881 1140 2897 ι

1084 170 1167 201 DIL.

499 258 666 284 Corruere.
703 254 734 281 ll.
754 255 822 289 Op.
860 253 993 290 Quamdiu
1014 252 1104 280 aediti-
1125 253 1127 276 1
1150 252 1180 280 L.
1200 252 1248 279 lul.
1268 253 1327 279 mai.
1346 253 1388 279 48.
1407 255 1432 283 4,
1460 254 1503 281 Ad
1522 254 1652 282 delectum
1672 265 1725 282 non
1743 256 1913 293 respondere.
1940 256 1992 283 De-

1149 295 1235 323 lectus
1255 306 1303 334 per
1321 295 1422 323 bellum
1440 297 1564 325 indictus.
1585 298 1616 325 sr.
1636 300 1660 326 4.
1679 299 1779 332 5510.
1799 301 1840 325 12.
1860 299 1892 326 de
1910 299 1942 327 R.
1958 299 1991 326 M.

1148 341 1189 366 49.
1211 340 1251 366 16.
1271 338 1303 366 cf.
1329 338 1360 366 fr.
1385 341 1427 366 20.
1452 350 1544 368 comm.
1570 341 1650 368 divid.
1677 343 1717 367 10.
1737 342 1762 367 3.
1798 340 1930 379 Tempore
1949 342 1992 369 de.-

1148 382 1233 409 lectus
1257 381 1380 418 agitandi.
1418 382 1468 410 Th.
1493 383 1524 410 C.
1549 383 1604 411 Ul.
1632 385 1671 410 13.
1696 393 1718 410 e.
1738 385 1779 410 10.
1805 383 1838 410 de
1860 386 1938 411 tiron.
1959 401 1992 405 —-

1148 426 1179 459 §.
1200 427 1236 452 ᾖ.
1257 426 1425 457 Dilectus,
1447 427 1464 453 i.
1484 437 1506 453 e.
1526 428 1698 463 Adfectus,
1717 428 1822 453 Amor.
1858 427 1901 454 111.
1925 430 1992 456 Cu.

1149 468 1305 496 Concubina
1312 468 1343 495 ab
1352 478 1434 495 uxore
1444 468 1503 496 solo
1514 469 1612 496 dilectu
1620 474 1764 506 separatur.
1772 469 1845 496 Paul.
1852 470 1882 497 11.
1889 473 1931 498 20.
1939 472 1961 505 5.
1970 473 1991 498 l.

1182 512 1368 546 Diligens.
1388 511 1509 545 (Partic.)
1530 513 1562 546 ξ.
1583 514 1618 540 1.
1640 514 1824 539 Studiosus.
1860 513 1896 539 111
1927 515 1993 542 Cn.

1148 554 1215 581 luris
1228 554 1323 582 civilis.
1343 560 1448 592 praeter
1460 559 1577 581 veterem
1590 560 1616 582 et
1634 555 1702 582 bene
1715 554 1850 582 fundatam
1862 557 1993 593 peritiam,

1149 598 1225 624 auxie
1245 597 1366 634 diligens.
1386 597 1416 624 t'r.
1438 599 1478 624 17.
1499 597 1532 624 de
1550 598 1607 624 iure
1625 603 1692 635 patr.
1711 600 1753 626 37.
1775 600 1816 625 14.
1845 614 1878 618 —
1910 599 1942 632 ξ.
1958 599 1994 625 8.

1125 664 1126 679 ἦ
1149 643 1350 673 Αιϊιινιιιιιε,
1371 643 1519 667 Sedulus.
1555 640 1598 667 111.
1622 642 1688 668 Cn.
1725 641 1784 675 Sed,
1798 641 1863 668 haec
1882 641 1995 677 diligens

1125 707 1126 712 ,
1149 683 1301 710 observatio
1321 699 1353 703 —
1373 684 1483 709 remissa
1502 688 1550 710 est.

1584 683 1641 710 Gai.
1661 684 1692 711 11.
1714 686 1771 711 109.
1808 684 1937 721 Alioquin
1957 683 1996 710 di-

1149 726 1272 762 ligentior
1291 727 1474 764 interpretatio
1489 743 1521 746 —
1536 728 1657 764 exposita
1676 733 1724 754 est.
1744 728 1781 755 lb.
1801 727 1844 755 llI.
1865 729 1906 754 54.
1944 726 1996 754 Cu-

1149 769 1263 795 stodiam
1283 769 1480 802 (commodatae
1499 771 1553 803 rei)
1578 769 1730 806 diligentem
1754 772 1834 799 debet
1852 775 1995 808 praestare.

1126 824 1128 841 v,
1150 812 1180 838 fr.
1200 814 1224 838 5.
1246 812 1268 846 5.
1287 814 1312 839 5.
1332 812 1363 839 fr.
1385 814 1424 839 18.
1445 823 1486 850 pr.
1507 813 1636 840 commod.
1658 815 1697 840 13.
1716 815 1742 841 6.
1767 814 1797 841 l'r.
1816 817 1841 842 3.
1862 813 1895 840 de
1914 814 1995 851 peric.

1151 860 1176 881 et
1197 865 1290 882 comm.
1310 856 1351 882 18.
1371 856 1395 882 6.
1432 855 1473 882 Ne
1492 855 1601 882 alterius
1621 861 1666 883 aut
1688 856 1845 894 negligentia
1863 862 1908 883 aut
1926 857 1997 894 cupi-

1151 898 1219 924 ditas
1238 898 1309 930 huic,
1328 899 1374 934 qui
1393 898 1506 935 diligens
1520 899 1578 931 suit,
1597 904 1700 926 noceat.
1720 899 1751 926 fr.
1765 902 1789 926 6.
1808 900 1831 934 5.
1843 902 1868 926 2.
1889 899 1921 926 de
1941 899 1996 926 reb.

1150 946 1217 967 auct.
1239 940 1292 967 iud.
1311 943 1353 967 42.
1373 943 1397 968 5.
1434 941 1554 968 Prudens
1575 947 1600 968 et
1619 942 1733 979 diligens
1752 943 1887 980 paterl'am.
1908 942 1939 969 sr.
1954 944 1996 969 54.

1150 994 1190 1021 pr.
1211 984 1244 1010 de
1262 984 1294 1010 Α.
1306 984 1336 1011 E.
1347 983 1379 1010 V.
1400 986 1440 1011 19.
1456 987 1479 1011 1.
1516 985 1638 1021 Diligens
1657 985 1793 1023 paterfam.
1814 990 1839 1011 et
1858 985 1996 1012 honestus.

1150 1027 1223 1054 Paul.
1244 1026 1262 1053 1.
1284 1029 1324 1054 13.
1343 1027 1374 1054 Β.
1393 1028 1415 1061 5.
1435 1029 1460 1054 9.
1497 1027 1526 1054 Si
1549 1029 1610 1065 ipse
1629 1044 1662 1048 —
1681 1028 1760 1055 homo
1780 1028 1892 1065 diligens
1913 1033 1954 1055 est
1972 1033 1998 1054 et

1150 1070 1288 1097 studiosus
1307 1070 1443 1107 paterfam.
1464 1070 1495 1098 fr.
1514 1073 1557 1097 25.
1577 1071 1610 1098 de
1628 1071 1731 1108 probat.
1751 1073 1792 1098 22.
1805 1073 1830 1098 3.
1869 1071 1998 1107 Quamvis

1150 1124 1251 1151 pauper
1277 1118 1330 1145 est,
1353 1112 1441 1140 fidelis
1465 1118 1553 1140 tamen
1578 1119 1605 1140 et
1629 1114 1750 1151 diligens.
1775 1114 1805 1141 fr.
1826 1116 1850 1141 8.
1871 1114 1904 1141 de
1923 1124 1997 1151 susp.

1151 1161 1231 1183 tutor.
1255 1157 1297 1182 26.
1322 1158 1363 1182 10.
1399 1156 1604 1184 Exactissimam
1627 1157 1790 1194 diligentiam
1808 1173 1841 1177 —-
1861 1162 1998 1194 praestare

1151 1199 1328 1237 compellitur,
1347 1209 1396 1226 nec
1409 1199 1510 1226 sufficit
1523 1201 1546 1226 ei
1565 1200 1675 1227 eandem
1687 1200 1850 1236 diligentiam
1863 1199 1998 1231 adhibere,

1151 1253 1228 1279 quani
1247 1243 1304 1269 suis
1322 1242 1403 1269 rebus
1422 1242 1544 1275 adhibet,
1564 1245 1587 1270 si
1607 1243 1674 1270 alius
1693 1242 1845 1279 diligentior
1864 1243 1999 1270 custodire

1151 1286 1257 1323 poterit.
1283 1285 1314 1312 fr.
1339 1287 1362 1312 l.
1389 1286 1411 1320 5.
1437 1288 1460 1313 4.
1487 1285 1520 1312 de
1539 1285 1573 1313 Ο.
1593 1291 1619 1313 et
1637 1286 1669 1313 Α.
1689 1287 1731 1312 44.
1752 1287 1776 1312 7.
1801 1285 1832 1312 fr.
1852 1288 1894 1312 25.
1914 1286 1997 1320 §.16.

1152 1328 1211 1356 fam.
1232 1329 1324 1356 ercisc.
1345 1331 1386 1356 10.
1405 1331 1430 1356 2.
1468 1328 1555 1366 Culpa
1575 1334 1661 1356 autem
1680 1329 1763 1361 abest,
1783 1329 1807 1355 si
1826 1329 1913 1355 onmia
1932 1328 1999 1355 facta

1151 1377 1222 1404 sunt,
1243 1382 1310 1408 quae
1328 1371 1549 1408 diligentissimus
1564 1374 1677 1410 quisque
1690 1372 1880 1399 observaturus
1894 1370 1998 1398 suisset.

1152 1414 1183 1442 tr.
1202 1417 1244 1442 25.
1265 1415 1286 1449 5.
1308 1417 1330 1442 7.
1350 1415 1429 1442 locat.
1449 1417 1490 1442 19.
1529 1415 1585 1442 .sr.
1606 1417 1646 1442 18.
1666 1426 1705 1453 pr.
1726 1413 1855 1442 commod.
1871 1416 1911 1441 13.
1925 1415 1950 1441 6.
1968 1414 1998 1441 si.

1152 1459 1193 1484 11.
1213 1458 1235 1492 5.
1249 1460 1273 1484 5.
1293 1458 1326 1485 de
1344 1459 1438 1485 minor.
1452 1460 1476 1485 4.
1490 1433 1526 1486 4
1553 1458 1583 1485 Si
1602 1460 1662 1495 quis
1681 1468 1734 1484 non
1753 1457 1786 1484 ad
1804 1468 1863 1484 eum
1882 1457 1999 1489 modum,

1152 1511 1230 1538 quem
1248 1501 1384 1528 hominum
1404 1507 1496 1529 natura
1515 1501 1661 1534 desiderat,
1686 1500 1799 1537 diligens
1833 1505 1881 1528 est.
1905 1500 1938 1527 fr.
1956 1501 1998 1526 32.

1153 1545 1245 1582 depos.
1267 1546 1307 1571 16.
1326 1546 1351 1571 3.

1186 1588 1413 1622 Diligenter.
1428 1587 1543 1622 (Advb.)
1558 1589 1732 1620 dcem-ate,
1748 1589 1999 1621 Circumspecte.

1152 1630 1183 1657 II.
1205 1632 1272 1665 Op.
1310 1630 1460 1667 Diligenter
1483 1641 1513 1657 ae
1535 1630 1665 1663 fideliter,
1685 1646 1718 1651 ——
1737 1630 1832 1658 Parum
1855 1629 2001 1667 prudenter

1153 1673 1273 1706 (faeere.)
1294 1673 1324 1700 fr.
1344 1676 1368 1700 6.
1388 1674 1454 1707 5.1.
1475 1673 1508 1700 de
1531 1679 1598 1700 cust.
1624 1679 1650 1700 et
1674 1674 1733 1700 exh.
1754 1675 1795 1699 48.
1814 1675 1839 1700 3.
1877 1671 2001 1699 Transla-

1154 1717 1220 1748 titie,
1241 1732 1274 1735 —
1293 1716 1456 1753 Diligentius
1481 1718 1651 1754 (persequi.)
1677 1716 1747 1744 coll.
1766 1715 1820 1743 LL.
1839 1715 1873 1743 Μ.
1893 1714 1938 1742 IV.
1960 1716 2000 1741 11.

1154 1759 1197 1786 111.
1224 1760 1291 1787 Cn.
1322 1759 1396 1786 Bene
1420 1765 1446 1786 et
1469 1759 1609 1796 diligenter
1632 1761 1750 1796 (negotia
1767 1759 1906 1796 gessisse.)
1926 1759 1957 1785 fr.
1975 1760 2000 1785 3.

1131 1830 1132 1838 ἵ
1154 1804 1176 1837 5.
1203 1804 1226 1829 7.
1252 1802 1286 1829 de
1309 1808 1422 1830 contrar.
1449 1808 1497 1829 tut.
1521 1805 1563 1829 27.
1588 1806 1612 1830 4.
1654 1802 1817 1839 Diligentius
1841 1807 1920 1839 atque
1943 1812 2002 1828 exa·

1131 1842 1132 1848 ¹
1155 1847 1223 1872 etius
1249 1846 1371 1879 (causam
1395 1847 1581 1882 cognoscere.)
1619 1846 1676 1873 Gai.
1704 1845 1724 1872 Ι.
1753 1847 1795 1872 93.
1831 1845 1916 1883 quue
1933 1855 1948 1871 a
1966 1844 2000 1871 D.

1156 1888 1242 1916 Nerva
1260 1888 1450 1921 introductum,
1468 1894 1562 1926 postea
1581 1900 1595 1916 a
1614 1889 1714 1916 Senatu
1727 1905 1760 1909 -—
1774 1887 1926 1925 diligentius
1940 1897 2002 1913 con-

1155 1934 1277 1959 stitutum
1296 1937 1345 1958 est.
1377 1932 1438 1970 le.
1457 1932 1556 1959 XXIV.
1575 1934 1617 1959 28.
1654 1932 1726 1959 Dum
1746 1941 1876 1962 curamus,
1896 1935 1925 1957 ut
1943 1929 2001 1956 dili-

1155 1976 1260 2012 gentius
1279 1975 1357 2001 nobis
1377 1980 1482 2002 cautum
1501 1976 1544 2002 sit.
1574 1975 1630 2002 Gai.
1650 1975 1693 2002 III.
1714 1976 1772 2001 117.
1810 1974 1939 2009 Quamvis
1958 1982 2002 2010 pa-

1157 2029 1213 2045 rum
1237 2018 1378 2055 diligenter
1403 2028 1433 2044 ea
1456 2028 1518 2056 pars
1542 2018 1608 2054 legis
1631 2018 1731 2054 scripta
1755 2018 1798 2043 sit.
1836 2015 1873 2042 Ib.
1894 2015 1937 2042 111.
1957 2017 1999 2041 47.

1156 2061 1369 2097 Diligentissime
1389 2070 1546 2098 expressum
1569 2065 1610 2087 est
1628 2059 1733 2093 (eodem
1756 2059 1909 2096 rescripto.)
1930 2057 2000 2085 coll.

1155 2103 1210 2131 LL.
1230 2104 1264 2130 M.
1284 2103 1330 2130 xl.
1351 2105 1374 2130 7.

1191 2146 1414 2181 Diligentfln.
1446 2146 1477 2179 ξ.
1498 2147 1532 2172 l.
1565 2147 1667 2179 Cura,
1691 2146 1917 2172 Providentia.
1955 2143 1999 2170 111.

1157 2191 1224 2218 011.
1256 2189 1327 2216 luter
1346 2189 1514 2216 insolentiam
1532 2189 1700 2219 incuriosam,
1720 2192 1746 2214 et
1765 2187 1928 2224 diligentiam
1947 2196 2001 2213 non

1133 2244 1135 2263 ,ν
1157 2233 1334 2265 ambitiosam,
1360 2231 1472 2258 multum
1496 2233 1614 2258 interest.
1633 2231 1664 2257 fr.
1682 2232 1724 2257 33.
1749 2241 1788 2268 pr.
1816 2230 1849 2257 de
1868 2240 1939 2257 usur.
1958 2232 2001 2256 22.

1159 2279 1180 2303 l.
1219 2276 1349 2313 Per-quam
1368 2276 1446 2302 nimia
1466 2274 1537 2311 dilig.
1574 2273 1770 2300 Inconsiderata
1790 2273 1861 2310 dilig.
1881 2273 1912 2300 fr.
1926 2275 1951 2300 6.
1969 2272 2002 2299 de

1134 2321 1135 2332 ¹
1158 2320 1219 2346 bon.
1239 2319 1351 2346 damnat.
1371 2320 1413 2345 48.
1432 2320 1475 2344 20.
1495 2317 1536 2344 Fr.
1551 2316 1584 2344 de
1599 2316 1617 2343 1.
1638 2316 1665 2343 F.
1679 2317 1701 2350 5.
1715 2319 1740 2343 2.
1778 2317 1821 2343 Ad
1840 2316 2002 2352 diligentiam

1134 2365 1135 2387 1
1158 2363 1245 2399 legum
1264 2362 1383 2389 revocari
1403 2366 1429 2388 et
1448 2360 1649 2387 observantiam.
1669 2359 1699 2386 l'r.
1715 2361 1736 2386 1.
1757 2370 1797 2397 pr.
1818 2359 1851 2386 de
1869 2359 1946 2386 milit.
1965 2363 2002 2384 te-

1158 2411 1234 2432 stam.
1253 2407 1295 2432 29.
1318 2407 1339 2431 1.
1360 2404 1390 2431 t'r.
1410 2405 1452 2430 88.
1471 2403 1494 2437 5.
1515 2404 1554 2429 17.
1575 2402 1607 2429 de
1627 2402 1703 2438 legat.
1723 2402 1754 2429 ll.
1779 2403 1848 2437 (31.)
1885 2401 2002 2439 Diligen-

1160 2450 1221 2475 tiam
1241 2453 1266 2474 et
1285 2446 1492 2474 sollicitudiuem
1510 2445 1590 2472 rebus
1609 2445 1714 2472 debere.
1739 2446 1770 2472 fr.
1789 2447 1831 2472 57.
1857 2455 1897 2482 pr.
1917 2445 1950 2472 de
1969 2444 2000 2471 V.

1159 2491 1187 2519 S.
1207 2493 1249 2517 50.
1271 2492 1311 2517 16.
1349 2490 1403 2525 Qui
1427 2492 1482 2521 (se.
1503 2488 1622 2521 fructus)
1643 2488 1780 2525 diligentia
1801 2493 1827 2515 et
1845 2499 1925 2526 opera
1945 2489 2001 2514 eius

1159 2538 1346 2573 pervenerunt.
1370 2532 1400 2558 fr.
1423 2534 1466 2558 48.
1489 2542 1528 2569 pr.
1553 2531 1586 2558 de
1610 2532 1641 2558 A.
1666 2531 1696 2558 R.
1720 2531 1755 2558 D.
1775 2532 1816 2557 41.
1844 2533 1866 2558 l.
1902 2530 1946 2558 Ad
1965 2531 2001 2556 in-

1160 2577 1311 2604 struendam
1335 2575 1496 2611 diligentiam
1520 2574 1661 2601 iudicantis
1680 2590 1713 2594 -—
1732 2575 1889 2610 interrogari
1912 2583 2000 2611 posse.

1160 2621 1190 2648 fr.
1210 2622 1252 2647 34.
1273 2619 1305 2646 de
1324 2617 1390 2645 adm.
1410 2623 1436 2644 et
1454 2627 1510 2655 per.
1533 2619 1575 2643 26.
1595 2619 1618 2644 7.
1644 2633 1676 2637 —
1701 2618 1732 2650 §.
1756 2619 1793 2645 ἓ.
1812 2618 1999 2646 Industria,

1161 2665 1348 2693 Sedulitas,
1368 2663 1457 2688 circa
1476 2663 1669 2688 commodum
1689 2662 1844 2687 alterius.
1880 2658 1911 2685 lI
1933 2660 2001 2691 ⁰1¹·

1137 2706 1255 2744 *Culpa
1274 2705 1305 2731 fr
1325 2706 1366 2731 68.
1387 2714 1425 2741 pr.
1446 2703 1479 2730 de
1499 2709 1581 2730 contr.
1602 2708 1661 2730 emt.
1683 2705 1721 2730 18.
1744 2705 1766 2729 1.
1803 2702 1846 2729 111.
1869 2702 1935 2729 Gn·
1961 2700 2001 2727 Fi-

1160 2749 1219 2776 dem
1239 2753 1265 2774 et
1284 2747 1445 2783 diligentiam
1469 2748 1604 2783 (exigere,
1628 2756 1651 2773 v.
1679 2746 1816 2784 probare.)
1839 2744 1869 2771 fr.
1888 2745 1912 2770 3.
1933 2743 1956 2777 5.
1976 2745 1999 2769 5.

1161 2791 1194 2819 ἀι
1213 2792 1269 2818 iure
1288 2791 1321 2817 li.
1309 2791 1355 2817 sci.
1375 2791 1416 2817 49.
1437 2792 1476 2817 14.
1501 2790 1558 2817 Gai.
1578 2789 1597 2816 I.
1615 2792 1675 2816 200
1712 2790 1746 2816 Et
1765 2789 1859 2815 bonam
1877 2786 1956 2813 fidem
1976 2791 2002 2812 et

1163 2839 1280 2863 exactam
1299 2833 1461 2869 diligentiam
1479 2837 1621 2871 praestare.
1658 2832 1731 2859 Paul.
1750 2831 1769 2858 1.
1789 2832 1812 2857 4.
1832 2831 1898 2864 5.1.
1918 2829 1999 2856 sr.68.
