2197 3121
1040 152 1132 182 PAR.

212 243 252 270 aq.
272 232 316 259 III.
337 235 394 260 114.
423 233 484 271 le.
505 233 598 260 XXIII.
620 235 641 259 7.
662 242 701 269 sq.
726 232 845 259 XXVIII.
866 234 889 258 4.
928 233 969 259 III.
989 234 1055 261 Cn.
1077 238 1079 242 ‘

211 276 235 302 Α
250 276 403 313 parentibus
424 281 477 303 eta
498 275 746 302 coemtionatoribus
767 277 929 313 (mancipari,
949 286 972 302 v.
987 286 1056 302 man-
1076 301 1078 312 Ι

213 320 282 356 cipio
303 319 408 356 accipi.)
428 318 484 345 Gai.
499 318 517 344 1.
533 319 618 345 118.a.
640 320 696 344 123.
717 320 772 345 166.
813 319 888 354 Quae
908 322 956 349 (sc.
976 320 1056 345 actio-
1076 314 1078 331 ³

210 362 276 393 nes)
301 363 327 388 in
356 366 480 398 parentes
505 361 659 387 dominosve
682 361 736 387 dari
765 361 859 388 solent.
888 360 924 387 Id.
944 361 988 387 IV.
1013 363 1053 388 69.

210 403 337 430 Parentes
357 413 456 435 omneS,
477 404 521 440 qui
540 403 637 430 habent
656 403 754 430 liberos
774 405 799 430 in
818 408 957 442 potestate.
979 403 1008 430 [ι’.
1029 405 1052 430 8,

211 457 250 484 pr.
277 446 309 473 de
333 446 357 472 I1.
382 456 425 482 qu.
450 447 498 472 sui.
525 448 547 472 1.
567 448 591 472 6.
621 446 676 473 Gai.
702 446 720 472 I.
743 448 798 473 144.
835 445 984 477 Posthumi,
1010 447 1053 482 qui

210 494 273 526 post
291 493 400 515 mortem
419 489 535 526 parentis
555 494 706 517 nascuntur.
732 489 762 516 fr.
782 492 806 516 3.
826 489 848 523 §.
869 491 890 515 l.
912 488 944 515 de
963 490 1051 515 iniust.
1075 495 1076 502 ¹

210 537 278 569 rupt.
298 533 339 558 28.
359 533 384 558 3.
422 531 522 558 Omnes
542 531 685 558 liberorum
704 542 847 569 personae,
864 547 895 551 —-
921 533 943 557 si
963 533 989 557 in
1008 542 1053 569 po-

211 580 304 601 testate
323 575 439 612 parentis
461 579 530 600 sunt.
555 574 611 601 Gai.
632 574 648 601 I.
671 577 727 601 117.
766 574 819 610 Qui
844 584 875 600 ex
895 579 1051 601 testamento

209 618 326 654 parentis
347 617 457 644 heredes
476 617 544 643 facti.
560 633 592 636 —
612 617 710 649 Liberi,
730 618 774 654 qui
794 617 825 643 ab
846 616 990 643 hereditate
1008 628 1051 654 pa·
1072 638 1073 647 ,

208 661 291 686 rentis
310 670 339 686 se
358 659 548 686 abstinuerunt.
570 659 632 697 le.
652 660 708 686 XII.
728 663 751 686 4.
770 659 854 686 XXII.
868 662 909 686 24.
930 660 986 686 Gai.
1008 660 1049 686 III.
1072 678 1073 683 .

207 704 248 729 67.
269 718 300 721 —-
321 703 352 736 §.
366 704 404 729 -l-
425 705 547 730 Paron-3
567 704 751 737 Principis,
772 705 788 728 i.
803 713 822 728 e.
841 704 979 729 Titulus
998 705 1049 730 lto-

206 748 377 775 norarius,
402 748 473 778 (tam
499 745 684 772 decessoribus
707 744 803 781 singuli
823 746 950 782 cuiusque
969 745 1050 783 Impe-

206 788 310 819 ratoris,
331 798 407 824 quam
421 790 540 826 patriciis
554 789 718 820 concessus.)
755 788 797 814 III.
813 790 879 815 Cu.
899 788 1048 815 Secundum

205 835 322 857 veterem
352 831 568 857 consuetudinem
596 836 731 868 parentum
760 835 917 857 nostrorum.
947 830 996 857 Th.
1017 831 1047 858 C.

205 872 261 899 VII.
275 875 319 899 20.
341 884 362 900 c.
378 875 401 900 9.
422 873 454 900 de
473 879 586 900 veteran.
624 873 686 899 Divi
706 878 829 910 parentes
849 875 933 900 nostri
952 878 1048 900 statue·

204 921 273 942 runt.
299 916 336 942 Ib.
356 916 414 942 XII.
436 918 457 942 1.
484 927 504 943 c.
526 918 583 942 105.
606 915 638 942 de
658 916 790 942 decurion.
829 916 977 943 Salubriter
997 921 1047 943 sta·
1069 922 1070 949 t

204 960 269 985 tutis
289 958 455 996 Principum,
474 963 611 996 pareutum
630 964 793 987 nostrorum.
813 960 1046 996 (praescriptum.)
1069 975 1070 987 ³

205 1012 225 1028 c.
239 1003 278 1028 ll.
300 1001 332 1028 de
351 1011 436 1028 accus.
451 1003 474 1028 9.
488 1004 511 1027 2.
549 1000 638 1028 Sacris
658 1003 891 1029 constitutionibus
910 1007 1047 1039 parentum

204 1049 356 1071 nostrorum
376 1045 567 1077 (continetur.)
593 1043 677 1071 Ya'tic.
696 1045 717 1078 ξ.
737 1047 796 1071 270.
833 1045 866 1071 D.
888 1045 965 1072 Titus
984 1045 1046 1071 Ant.

202 1097 298 1124 parens
319 1092 410 1113 noster
429 1087 563 1120 (statuit.)
588 1087 625 1113 ΙΙ).
651 1088 672 1121 ξ.
693 1089 752 1113 314.
778 1087 808 1114 ct'.
834 1098 855 1114 c.
875 1089 898 1114 4.
925 1088 956 1114 ad
977 1087 1045 1114 S.C.
1068 1095 1069 1098 ’

203 1129 283 1156 Tim-b,
297 1131 320 1157 6.
335 1131 375 1156 49.
406 1129 437 1155 V.
452 1129 493 1156 CI.
514 1134 539 1156 et
559 1129 595 1156 ill.
616 1130 699 1156 Praes.
720 1130 760 1156 Pr.
781 1141 876 1167 parens
896 1132 1046 1167 amicusque
1067 1140 1069 1154 s

202 1178 300 1199 noster.
327 1172 376 1198 Th.
398 1171 428 1198 C.
448 1172 492 1198 XI.
515 1174 537 1198 l.
561 1183 583 1199 c.
604 1174 627 1199 6.
652 1173 684 1199 de
708 1184 801 1199 annon.
823 1178 847 1199 et
866 1174 955 1200 tribut.
982 1173 1043 1199 Iust.
1066 1174 1068 1199 i

201 1214 232 1242 C.
253 1225 274 1241 c.
294 1217 318 1241 4.
338 1214 371 1241 de
390 1214 467 1242 locat.
482 1217 505 1241 4.
521 1216 561 1241 65.
591 1215 743 1248 Volusiane,
764 1216 859 1249 (l'raef.
872 1216 930 1248 Vr.)
949 1226 1045 1254 parens

203 1259 338 1284 carissime
358 1263 437 1294 atque
456 1259 647 1285 amantissime!
667 1259 789 1286 Consult.
810 1264 860 1285 vet.
880 1259 959 1286 I.Cti.
980 1269 1001 1285 c.
1021 1259 1043 1285 9.

200 1300 268 1327 Nov.
289 1300 339 1327 Th.
359 1300 389 1327 II.
410 1311 442 1327 ne
462 1300 574 1327 duciani.
595 1301 613 1328 I.
632 1303 654 1328 2.
677 1312 696 1328 c.
719 1304 740 1329 1.
760 1303 781 1336 ξ.
801 1304 825 1328 3.

236 1368 394 1410 Ρᾶῑῐὲῐε.
432 1384 463 1417 §.
481 1385 516 1410 1.
543 1386 678 1410 Parium
697 1387 865 1421 factumve
890 1386 986 1410 edere.
1023 1382 1041 1409 I.

197 1425 260 1459 Sy.
280 1425 365 1452 Edere
385 1426 522 1463 (partum.)
547 1426 588 1453 Cf.
608 1427 634 1453 h.
653 1437 677 1453 v.
704 1428 725 1461 ξ.
748 1429 769 1454 1.
807 1427 887 1453 Eniti.
912 1427 952 1453 Cl'.
974 1426 997 1453 h.
1017 1437 1041 1452 v.

197 1468 219 1501 §.
239 1470 262 1494 2.
299 1467 451 1495 Procreare.
472 1469 529 1496 Gai.
547 1469 565 1496 I.
585 1472 626 1496 84.
664 1469 695 1496 ll.
714 1472 781 1504 Op.
800 1470 929 1496 Abortum
950 1469 1040 1496 tacere..
1063 1482 1064 1504 3

197 1510 239 1537 Cs.
258 1521 283 1537 v.
303 1511 424 1538 Abortio.
461 1511 504 1538 III.
524 1514 589 1540 Gn.
609 1512 696 1539 Primo
716 1518 793 1550 partu
812 1523 905 1544 unum,
925 1512 1040 1539 secundo
1063 1522 1064 1537 ι

196 1558 251 1580 tres
270 1555 381 1591 peperit.
402 1554 432 1580 fr.
455 1556 494 1580 15.
515 1565 553 1592 sq.
575 1555 608 1582 dr
628 1561 698 1582 statu
717 1555 785 1582 hom.
809 1557 828 1582 1.
843 1559 866 1582 5.
887 1556 916 1582 fr.
933 1557 989 1582 137.
1009 1555 1041 1582 de

196 1595 228 1622 V.
249 1596 276 1623 S.
296 1599 337 1623 50.
360 1598 399 1623 16.
437 1596 589 1633 Peregrina,
614 1600 636 1625 si
656 1598 734 1635 vulgo
759 1599 922 1635 conceperit,
947 1598 1041 1625 deinde

198 1639 265 1664 civis
284 1639 315 1665 R.
336 1639 402 1665 facta
422 1641 457 1666 sit
477 1645 502 1666 et
521 1642 612 1678 pariat,
633 1643 716 1668 civem
736 1641 766 1667 R.
788 1642 863 1678 parit.
883 1641 938 1668 Gai.
959 1642 977 1668 1.
998 1643 1039 1668 92.

198 1680 229 1707 cl'.
250 1682 291 1708 88.
311 1692 370 1719 sqq.
396 1681 457 1719 le.
478 1682 509 1709 V.
532 1685 570 1710 10.
609 1683 714 1710 Falsum
741 1689 794 1716 est,
819 1694 875 1710 eam
894 1686 1039 1722 peperisse,
1062 1699 1063 1706 ι

197 1725 239 1750 cut
256 1730 373 1751 mortuae
393 1725 463 1752 filius
484 1732 606 1753 exsectus
632 1732 680 1753 est.
705 1727 735 1753 fr.
757 1729 813 1753 132.
839 1728 860 1761 §.
883 1729 904 1753 1.
926 1727 941 1753 I.
961 1727 977 1753 l.
998 1729 1038 1753 50.
1061 1747 1062 1751 .

198 1768 238 1792 16.
269 1766 299 1793 Si
317 1773 379 1804 post
398 1773 508 1795 mortem
527 1771 577 1796 viri
592 1786 622 1789 —
637 1780 704 1796 uxor
718 1780 748 1797 rx
768 1779 798 1796 eo
818 1771 957 1807 pepererit.
978 1769 1038 1806 ΠΡ.

194 1808 266 1835 XVI.
289 1811 310 1835 1.
336 1810 366 1836 fr.
387 1812 410 1837 8.
435 1812 456 1845 §.
478 1813 499 1837 l.
525 1812 557 1838 de
582 1814 637 1838 suis
662 1818 687 1838 et
711 1812 780 1848 legit.
806 1814 847 1839 375.
870 1814 908 1839 16.
946 1812 1040 1839 Mulier

194 1856 254 1878 ante
280 1851 336 1878 dies
355 1853 446 1885 XXX,
471 1864 546 1890 quam
572 1856 713 1892 parituram
738 1865 766 1881 se
785 1860 872 1892 putat,
898 1855 1038 1882 denunciet
1060 1866 1061 1871 ¹

194 1899 243 1921 etc.
271 1894 300 1921 fr.
322 1897 345 1921 1.
370 1896 392 1929 ξ.
414 1899 453 1922 10.
474 1897 506 1923 de
526 1899 618 1934 inspic.
639 1903 738 1924 ventre.
758 1900 799 1924 25.
820 1901 842 1924 4.
881 1897 1037 1934 Praegnans,

194 1947 260 1974 quae
279 1943 327 1964 etc.
348 1948 368 1964 s.
384 1938 491 1971 Venter,
511 1941 555 1976 qui
574 1942 663 1973 (suum
682 1941 804 1967 heredem
824 1942 956 1978 pariturus
976 1944 1037 1972 est.)

193 1980 224 2006 fr.
243 1982 285 2006 30.
311 1981 347 2014 ξξ.
371 1983 391 2007 1.
413 1992 451 2018 sq.
478 1981 510 2008 de
529 1983 560 2009 A.
580 1994 604 2010 v.
625 1983 658 2009 Ο.
679 1983 709 2010 Η.
729 1986 770 2010 29.
790 1987 813 2010 2.
852 1984 881 2010 Si
900 1984 949 2010 bos
968 1984 1037 2021 apud

192 2022 275 2049 furem
289 2025 419 2060 concepit,
434 2041 464 2044 -—
479 2026 615 2063 pariatque
634 2027 703 2064 apud
722 2027 787 2053 suris
801 2026 932 2053 heredem.
952 2026 982 2053 fr.
996 2029 1035 2054 10,

193 2066 214 2099 §.
233 2067 257 2092 2.
283 2065 316 2092 de
339 2076 428 2104 usurp.
448 2069 489 2094 41.
509 2070 532 2094 3.
558 2085 589 2088 —
614 2070 644 2103 §.
664 2071 699 2097 ἓ.
725 2071 896 2105 Efficere,
922 2071 1035 2097 Conci-

193 2110 290 2141 liare,
315 2111 447 2136 Parare.
493 2110 511 2137 1.
537 2112 599 2146 Sy.
624 2112 747 2139 Formare
771 2112 987 2148 (obligationem,
1011 2123 1034 2140 v.

194 2152 343 2184 actionem.)
362 2152 392 2178 fr.
413 2154 435 2178 7.
457 2163 496 2190 pr.
517 2154 553 2187 ἕξ
570 2157 591 2180 1.
605 2157 628 2181 4.
643 2165 682 2192 sq.
703 2155 735 2181 de
754 2160 821 2192 pact.
841 2157 865 2181 2.
888 2157 926 2181 14.
964 2155 1035 2183 Vtile

194 2192 279 2219 facere
298 2194 565 2229 (fideicommissum.)
585 2197 641 2224 Par.
656 2199 785 2224 actionem
803 2197 1034 2233 (fideicommissi.)

194 2234 266 2261 Paul.
287 2235 329 2262 IV.
351 2239 372 2263 1.
396 2239 418 2272 §.
438 2240 462 2265 6.
504 2239 546 2266 III.
567 2241 633 2267 011.
662 2240 691 2266 Si
716 2240 782 2267 bene.
807 2240 949 2268 collocatae
973 2247 1034 2269 sunt

193 2278 319 2314 pecunIae
337 2279 472 2315 publicae.
492 2298 524 2301 —
545 2288 570 2309 et
588 2284 699 2309 maxime
719 2285 741 2309 si
760 2284 863 2320 parient
883 2294 982 2311 usuras.
1003 2285 1032 2311 fr.
1054 2302 1056 2310 t

192 2322 233 2346 33.
254 2330 293 2357 pr.
313 2320 344 2346 de
364 2331 433 2349 usur.
453 2326 494 2351 22,
516 2327 537 2351 1.
576 2325 630 2352 Suo
653 2331 681 2352 ut
701 2327 813 2362 quisque
833 2332 920 2353 sumtu
939 2343 971 2346 ——
991 2338 1034 2365 pa·

194 2363 242 2388 riat
261 2372 316 2388 eam
336 2365 444 2400 copiam.
464 2367 513 2394 Th.
534 2367 564 2394 C.
584 2369 617 2395 X.
640 2370 678 2395 19.
700 2379 720 2394 c.
741 2369 765 2395 8.
786 2369 818 2395 de
837 2369 933 2396 metali.
971 2370 1033 2397 Col-

193 2405 299 2440 legium,
326 2406 396 2441 quod
419 2408 605 2437 immunitatem
625 2413 716 2448 pariat.
741 2412 771 2438 sr.
791 2413 814 2438 5.
839 2413 860 2446 §.
882 2414 904 2438 7.
924 2412 957 2439 de
976 2415 1031 2440 iure
1053 2443 1054 2447 Ἰ

1877 155 1940 185 679

1100 243 1159 260 nem
1177 235 1273 271 pariat,
1298 234 1377 261 altera
1397 235 1495 262 nullius
1514 236 1638 262 momenti
1657 236 1699 261 sit.
1725 235 1754 261 fr.
1777 237 1798 261 1.
1823 236 1844 269 ξ.
1863 237 1888 262 3.
1908 236 1940 262 do

1077 282 1078 286 ¹
1100 276 1189 314 stipul.
1210 287 1309 304 servor.
1329 281 1370 304 45.
1389 280 1414 305 3.
1435 278 1466 305 cf.
1487 278 1517 305 fr.
1537 280 1578 304 42.
1598 279 1619 312 §.
1638 280 1662 304 2.
1683 278 1716 305 de
1735 288 1839 315 procur.
1858 280 1882 304 3.
1897 280 1921 305 3.

1141 329 1298 366 Parare·
1323 339 1353 371 §.
1368 340 1403 365 l.
1424 341 1600 374 Adparere,
1619 340 1818 373 Comparere.
1846 337 1863 364 I.
1877 339 1938 372 Sy.

1098 380 1241 418 Adparere.
1261 381 1291 408 fr.
1311 383 1335 407 5.
1355 392 1393 418 pr.
1414 382 1435 415 ξ,
1455 384 1478 408 5.
1499 381 1531 408 de
1550 381 1580 407 R.
1602 381 1632 407 V.
1653 383 1676 408 6.
1698 383 1719 408 1.
1745 381 1774 408 sr.
1794 383 1835 408 34.
1856 381 1888 407 (Ie
1906 381 1937 407 R.

1098 422 1116 449 I.
1136 426 1176 450 50.
1203 426 1242 450 17.
1283 424 1327 450 III.
1348 425 1413 452 Gn.
1443 424 1472 451 Si
1496 440 1527 444 —
1552 425 1680 460 contingit
1704 434 1736 451 ne
1760 425 1937 462 proscriptum

1098 471 1176 497 esset,
1194 466 1236 493 vel
1256 477 1307 494 non
1327 471 1431 504 pareret
1451 466 1495 500 [al.
1516 471 1626 504 pateret,
1646 477 1668 493 v.
1685 467 1800 505 adparet,
1820 477 1841 494 s.
1862 467 1937 504 adpa-

1074 509 1076 541 ᾗ
1097 510 1186 543 reret]
1207 509 1236 536 fr.
1254 512 1292 536 11.
1312 510 1333 544 ξ.
1347 511 1371 536 4.
1391 509 1424 536 de
1443 510 1525 536 instit.
1546 515 1594 536 act.
1613 512 1651 536 14.
1671 512 1695 536 3.
1733 510 1800 537 Cum
1815 526 1846 530 —-
1861 520 1937 546 quae-

1097 551 1154 578 dam
1179 563 1210 579 ex
1234 552 1275 579 his
1299 554 1353 585 (sc.
1372 553 1472 588 signis)
1498 563 1550 578 non
1574 558 1667 590 parcnt
1692 553 1740 586 [al.
1762 553 1936 590 comparent]

1096 594 1125 620 fr.
1147 596 1169 620 7.
1190 594 1222 621 de
1241 595 1271 622 B.
1290 595 1319 622 P.
1340 605 1360 621 s.
1381 600 1398 622 t.
1415 596 1456 622 37.
1479 597 1517 621 11.
1556 595 1693 632 Quidquid
1713 601 1788 633 paret
1807 595 1839 622 N.
1860 594 1936 631 Negi-

1096 636 1166 664 dium
1185 638 1215 664 A.
1236 638 1333 674 Aget-io
1353 638 1414 664 dare
1434 638 1518 664 facere
1538 643 1668 676 oportere.
1690 655 1720 659 —
1742 639 1770 665 Si
1789 643 1871 676 paret,
1890 638 1935 664 ho-

1094 681 1189 706 minem
1209 691 1240 707 ex
1260 682 1316 707 iure
1335 681 1478 716 Quiritium
1498 681 1529 707 A.
1549 681 1637 717 Agerii
1658 692 1723 708 esse.
1754 681 1809 708 Gai.
1829 681 1873 708 IV.
1892 682 1934 708 41.

1094 722 1125 749 cf.
1145 723 1186 750 III.
1206 724 1247 750 91.
1272 723 1316 751 IV.
1336 726 1360 750 4.
1379 725 1421 750 34.
1463 724 1544 751 Iudex
1568 723 1599 750 N.
1620 724 1758 760 Negidium
1782 724 1811 750 A.
1837 724 1934 761 Aget-io

1069 786 1070 792 .
1093 765 1159 792 H.S.
1173 766 1198 793 Χ
1211 766 1291 793 millia
1312 766 1466 797 condemna;
1488 768 1511 793 si
1530 777 1582 793 non
1602 772 1684 804 paret,
1703 767 1819 794 absolve.
1839 767 1876 793 Id.
1890 766 1933 793 IV.

1069 830 1070 836 .
1093 810 1134 835 43.
1154 811 1196 835 46.
1216 820 1255 846 sq.
1275 812 1316 836 50.
1337 820 1375 846 sq.
1396 811 1437 836 86.
1457 809 1498 837 Cf.
1519 810 1548 836 L.
1565 810 1633 836 Gall.
1653 810 1775 847 Cis-Alp.
1794 809 1812 836 Ι,
1832 812 1873 836 30.
1893 819 1932 846 sq.

1093 853 1134 877 40.
1172 851 1271 887 Quanti
1290 863 1318 879 ea
1338 863 1380 879 res
1400 854 1457 880 erit.
1495 853 1594 889 Quanti
1618 863 1673 879 eam
1697 863 1751 879 rem
1774 862 1833 879 esse
1851 857 1932 890 paret.

1069 898 1070 921 1
1093 894 1122 920 I'r.
1143 896 1201 920 179.
1227 894 1258 920 l'r.
1279 896 1388 934 193.de
1407 895 1438 922 V.
1460 895 1487 922 S.
1507 898 1548 922 50.
1570 897 1609 922 16.
1630 912 1661 915 -
1686 897 1716 929 §0
1736 897 1772 922 2.
1796 897 1932 922 Praesto

1069 955 1070 965 1
1091 947 1168 968 esse,
1189 939 1312 964 Adesse.
1342 938 1359 964 I.
1375 940 1436 973 Sy.
1456 938 1584 965 Praesens
1605 949 1671 965 esse.
1691 938 1722 964 fr.
1737 940 1778 964 47.
1798 938 1931 974 §§.2.s11.

1092 979 1124 1005 de
1143 979 1217 1016 legat.
1238 980 1256 1006 I.
1277 981 1352 1013 (30.)
1390 981 1431 1007 III.
1453 983 1519 1009 Gn.
1547 981 1658 1019 Copiam
1679 982 1720 1008 sui
1739 981 1823 1008 facere
1842 982 1868 1007 in
1887 991 1932 1018 pu-

1068 1034 1070 1039 ·
1091 1022 1174 1054 blico,
1198 1022 1288 1059 ibique
1313 1034 1412 1060 parere.
1437 1024 1467 1051 fr.
1488 1027 1510 1051 7.
1535 1025 1556 1058 ξ.
1578 1026 1617 1051 13.
1643 1024 1694 1060 Qu.
1715 1034 1748 1050 ex
1768 1034 1788 1051 c.
1808 1025 1835 1050 in
1859 1034 1931 1061 poss.

1068 1064 1069 1080 ³
1091 1067 1131 1091 42.
1152 1067 1175 1091 4.
1197 1065 1227 1091 cl'.
1253 1065 1283 1091 sr.
1302 1068 1343 1092 32.
1369 1067 1389 1100 ξ.
1413 1069 1451 1093 12.
1471 1067 1503 1093 de
1522 1078 1573 1094 rec.
1594 1078 1636 1104 qu.
1657 1067 1711 1093 arb.
1730 1069 1754 1093 4.
1774 1070 1798 1094 8.
1834 1065 1856 1092 L
1875 1065 1932 1092 dies

1090 1108 1126 1134 ibi
1147 1107 1231 1140 faciat,
1251 1113 1275 1134 et
1294 1108 1400 1145 publice
1413 1115 1510 1146 pareat,
1531 1115 1556 1136 et
1569 1110 1719 1137 volentibus
1733 1109 1859 1136 adversus
1873 1119 1931 1135 eum

1067 1161 1068 1172 ι
1090 1161 1165 1187 agere
1184 1151 1349 1188 respondeat.
1370 1151 1416 1178 Iul.
1437 1163 1477 1189 ep.
1497 1163 1556 1179 nov.
1578 1164 1598 1179 c.
1612 1154 1653 1179 88.
1673 1154 1694 1187 ξι.
1707 1154 1766 1179 337.
1796 1152 1930 1183 Officium,

1066 1208 1068 1230 ζ
1090 1193 1161 1230 quod
1180 1193 1228 1220 tibi
1248 1199 1330 1230 paret.
1351 1194 1400 1221 Th.
1421 1195 1452 1221 C.
1472 1195 1541 1222 XIV.
1555 1197 1579 1221 3.
1600 1206 1621 1221 c.
1638 1198 1675 1222 12.
1697 1195 1728 1222 de
1747 1197 1839 1233 pistor.
1867 1194 1930 1221 Pro-

1066 1232 1067 1274 }
1089 1236 1142 1263 bati
1163 1237 1218 1262 eius
1239 1236 1334 1269 officii,
1360 1238 1385 1264 in
1405 1248 1458 1274 quo
1478 1243 1576 1275 parent.
1606 1238 1643 1265 lb.
1664 1238 1731 1265 VIII.
1752 1241 1774 1265 7.
1795 1250 1816 1265 c.
1837 1240 1875 1265 13.
1897 1238 1929 1264 de

1065 1278 1067 1292 ²
1089 1279 1140 1305 div.
1161 1279 1230 1305 offic.
1253 1295 1282 1299 —-
1304 1280 1334 1313 §0
1351 1282 1388 1306 3.
1411 1282 1650 1316 Obtemperure,
1673 1283 1817 1316 Obsequi.
1836 1281 1928 1316 [Sy.

1065 1308 1066 1356 l
1088 1322 1286 1359 Obtemperare.
1307 1322 1348 1349 Cf.
1369 1323 1393 1349 h.
1413 1334 1436 1350 v.
1457 1324 1478 1358 ξ.
1501 1325 1521 1349 l.
1559 1324 1602 1350 III.
1622 1326 1688 1352 Cn.
1711 1324 1806 1351 Parere
1824 1324 1929 1355 debere,

1087 1375 1107 1391 s.
1129 1375 1237 1391 necesse
1257 1365 1360 1392 habere.
1390 1365 1502 1393 Parendi
1523 1369 1705 1394 necessitatem
1719 1367 1822 1393 habere.
1843 1366 1872 1393 fr.
1888 1368 1927 1392 13.

1064 1415 1065 1444 ἢ
1087 1408 1118 1434 ad
1138 1407 1166 1434 L.
1188 1407 1257 1434 fate.
1278 1410 1318 1435 35.
1339 1411 1362 1435 2.
1389 1409 1418 1436 1”ι·.
1441 1411 1496 1436 167.
1521 1410 1543 1444 ᾗ.
1565 1412 1587 1437 1.
1611 1411 1640 1437 t'r.
1662 1412 1719 1437 169.
1744 1420 1783 1447 pr.
1809 1409 1841 1436 de
1858 1409 1889 1436 R.
1910 1409 1927 1435 1.

1063 1452 1064 1473 l
1086 1453 1126 1477 50.
1150 1453 1187 1478 17.
1209 1451 1239 1478 cf.
1260 1451 1290 1477 fr.
1311 1453 1351 1478 10.
1372 1452 1393 1484 ς’.
1413 1454 1436 1478 3.
1458 1452 1490 1478 de
1509 1453 1534 1479 h.
1554 1464 1596 1490 qu.
1618 1458 1646 1480 ut
1664 1453 1761 1490 indign.
1774 1454 1817 1480 34.
1830 1454 1854 1479 9.
1875 1452 1928 1488 Qui

1063 1507 1064 1519 t
1086 1495 1195 1532 imperio
1219 1495 1385 1529 magistratus
1409 1505 1461 1521 non
1485 1497 1578 1532 paruit.
1604 1496 1634 1522 fr.
1656 1498 1713 1523 199.
1738 1496 1770 1522 de
1789 1495 1820 1522 R.
1843 1495 1861 1522 I.
1885 1497 1927 1521 50.

1063 1558 1064 1567 2
1088 1539 1127 1563 17.
1164 1537 1245 1563 Extra
1266 1538 1427 1563 territorium
1448 1539 1487 1564 ius
1508 1538 1604 1565 dicenti
1626 1540 1731 1576 impune
1745 1549 1797 1565 non
1813 1543 1925 1576 paretur.

1062 1599 1063 1602 ¹
1086 1579 1114 1606 sr.
1135 1581 1177 1606 20.
1203 1579 1235 1606 de
1259 1580 1351 1606 iurisd.
1376 1582 1400 1606 2.
1423 1583 1443 1606 l.
1466 1597 1497 1600 -—
1526 1581 1557 1615 ξ.
1579 1583 1618 1608 4.
1644 1583 1793 1615 lmplere,
1820 1583 1926 1608 Satis-

1079 1625 1202 1658 facere.
1240 1622 1258 1649 1.
1274 1624 1336 1658 Sy.
1355 1623 1474 1660 Implew.
1495 1623 1536 1650 Cf.
1551 1624 1575 1650 h.
1596 1634 1619 1650 v.
1640 1625 1660 1658 ξ.
1680 1626 1703 1650 3.
1741 1624 1826 1655 Stare,
1845 1623 1926 1650 Satis-

1062 1680 1063 1685 =
1084 1665 1169 1692 facere
1189 1667 1368 1698 (sententiae.)
1390 1666 1418 1693 I'r.
1442 1669 1480 1693 ll.
1501 1667 1538 1700 ἕξ.
1560 1669 1582 1694 l.
1602 1669 1626 1693 3.
1646 1667 1676 1693 fr.
1698 1668 1738 1693 13.
1757 1667 1779 1701 ξ
1800 1669 1822 1692 1.
1843 1666 1873 1692 fr.
1883 1667 1924 1692 253.

1061 1713 1063 1724 ¹
1084 1709 1104 1742 ξ.
1119 1711 1143 1734 2.
1165 1708 1193 1735 fr.
1211 1710 1252 1735 32.
1273 1709 1294 1742 ξ.
1312 1711 1350 1735 16.
1370 1708 1403 1735 de
1422 1719 1472 1735 rec.
1494 1720 1536 1746 qu.
1557 1710 1609 1736 arb.
1625 1711 1647 1735 4.
1662 1711 1685 1736 S.
1723 1709 1834 1736 Solvere
1852 1710 1926 1746 (pen-

1083 1752 1205 1784 sionem.)
1242 1750 1338 1777 Parere
1358 1752 1523 1788 (pensioni.)
1547 1752 1577 1779 fr.
1598 1754 1638 1779 54.
1659 1753 1680 1787 ξ.
1702 1755 1723 1779 1.
1743 1752 1820 1779 locat.
1841 1754 1881 1779 19.
1900 1754 1924 1777 2.

1060 1801 1062 1822 ;
1083 1793 1123 1819 III.
1148 1795 1214 1821 Gn.
1243 1794 1295 1829 Qui
1320 1795 1385 1820 intra
1405 1794 1503 1821 LXnm
1524 1811 1555 1815 —
1580 1806 1675 1822 annum
1699 1797 1784 1822 neutri
1807 1795 1858 1831 legi
1881 1805 1925 1832 pa-

1082 1837 1171 1862 ruerit.
1194 1836 1255 1873 le.
1274 1836 1345 1863 XVI.
1365 1839 1388 1863 3.
1408 1837 1491 1864 XVlt.
1514 1840 1534 1864 1.
1577 1838 1704 1871 Efficere,
1733 1849 1765 1865 ne
1789 1843 1925 1875 pareretur

1060 1887 1061 1890 ¹
1082 1878 1132 1915 legi
1153 1879 1348 1912 (venditionis.)
1369 1880 1398 1906 t'r.
1418 1882 1459 1907 38.
1481 1891 1518 1917 pr.
1540 1881 1571 1907 de
1591 1883 1682 1909 minor.
1702 1883 1726 1908 4.
1746 1884 1770 1908 4.
1790 1881 1820 1908 fr.
1840 1883 1863 1907 6.
1883 1891 1922 1918 pr.

1082 1921 1114 1947 de
1133 1921 1161 1948 L.
1182 1924 1313 1949 commiss.
1336 1924 1374 1949 18.
1394 1925 1418 1950 3.
1462 1923 1503 1950 Ad
1531 1924 1674 1961 parendum
1699 1924 1803 1962 placitis
1828 1934 1873 1950 eos
1893 1941 1922 1944 —-

1058 1957 1060 2004 l
1081 1964 1106 1990 b.
1127 1964 1143 1990 f.
1163 1970 1244 2001 urget.
1266 1976 1286 1992 c.
1309 1967 1348 1992 14.
1368 1965 1453 1993 mand.
1472 1969 1496 1993 4.
1510 1968 1551 1993 35.
1589 1967 1632 1999 Si,
1650 1967 1760 2005 parendi
1778 1967 1922 1994 conditioni

1058 2010 1059 2038 l
1082 2017 1173 2040 causa,
1198 2008 1245 2034 tibi
1266 2008 1363 2035 dedero
1383 2009 1415 2036 X.
1441 2009 1470 2036 sr.
1492 2012 1514 2036 l.
1540 2010 1561 2044 ξ
1583 2012 1605 2037 l.
1631 2010 1663 2037 de
1683 2010 1759 2037 cond,
1780 2020 1849 2037 cauS.
1869 2009 1921 2036 dat.

1083 2052 1120 2076 12.
1145 2052 1169 2077 4.
1211 2050 1271 2077 Non
1297 2051 1380 2078 videri
1406 2052 1520 2079 mandati
1545 2053 1690 2080 conditioni
1714 2055 1839 2090 paritum,
1864 2063 1921 2079 cum

1080 2098 1127 2119 etc.
1149 2093 1178 2120 fr.
1199 2095 1240 2120 59.
1261 2095 1282 2128 §.
1302 2096 1325 2121 6.
1345 2095 1430 2121 mand.
1446 2097 1484 2122 17.
1502 2097 1524 2122 l.
1544 2095 1575 2122 cf.
1595 2096 1625 2122 fr.
1640 2098 1680 2122 12.
1699 2107 1738 2133 pr.
1759 2096 1791 2122 de
1809 2106 1920 2122 manum.

1079 2141 1181 2163 testam.
1201 2138 1242 2163 40.
1263 2139 1286 2164 4.
1324 2136 1512 2165 Conditionem
1532 2139 1645 2170 trahere,
1671 2140 1711 2165 cui
1735 2138 1810 2165 facile
1829 2149 1921 2176 parere

1056 2202 1057 2207 ,
1079 2180 1173 2216 possit.
1199 2179 1229 2206 fr.
1249 2182 1290 2206 23.
1315 2181 1336 2214 ξ.
1359 2183 1381 2207 l.
1408 2181 1440 2208 de
1464 2181 1552 2208 hered.
1578 2183 1637 2208 inst.
1657 2183 1699 2208 28,
1723 2184 1747 2208 5.
1771 2181 1801 2208 fr.
1822 2184 1862 2209 97.
1887 2181 1919 2208 de

1055 2210 1057 2238 l
1080 2221 1155 2248 cond.
1176 2227 1201 2248 et
1219 2222 1285 2249 dem.
1305 2225 1346 2250 35.
1370 2226 1390 2250 l.
1428 2224 1457 2250 Si
1484 2224 1589 2261 quidem
1608 2226 1695 2261 paruit
1714 2225 1866 2251 conditioni.
1887 2239 1918 2243 —

1055 2261 1056 2299 l
1079 2264 1183 2300 Quodsi
1203 2275 1255 2291 non
1274 2267 1372 2303 patitur
1391 2266 1468 2293 heres
1487 2269 1580 2304 pareri.
1607 2267 1636 2294 fr.
1656 2269 1679 2294 3.
1703 2268 1724 2301 §.
1747 2269 1767 2294 l.
1788 2267 1820 2293 de
1839 2271 1918 2292 statu-

1077 2307 1122 2333 Iib.
1147 2309 1186 2334 40.
1208 2310 1230 2334 7.
1272 2308 1410 2336 Voluntati
1438 2309 1555 2336 defuncti
1580 2310 1736 2338 solvendum
1760 2309 1917 2347 praestando

1054 2355 1055 2384 t
1077 2360 1177 2387 parere.
1201 2350 1231 2377 fr.
1251 2353 1292 2377 94.
1313 2351 1345 2378 ad
1364 2351 1392 2378 L.
1413 2352 1482 2379 Falc.
1501 2355 1543 2379 35.
1562 2355 1586 2380 2.

1114 2406 1343 2439 ParhIppus.
1364 2408 1541 2434 Iumentum
1555 2419 1668 2435 cursus
1681 2410 1820 2442 publici,
1834 2410 1916 2441 quod

193 2449 297 2474 immun.
316 2450 357 2474 50.
377 2450 400 2475 6.
437 2449 630 2480 Liberationcm
649 2465 741 2491 parere
763 2456 834 2487 (rem
854 2465 901 2491 pro
922 2458 1032 2492 pecunia
1052 2467 1054 2476 ·
1073 2455 1208 2482 ΡΤαθῖθΓ
1227 2459 1387 2475 ”umerum
1408 2451 1528 2477 i¹¹⁸l¹¹¹¹l
1548 2453 1704 2485 exigitur.
1742 2449 1761 2475 1·
1780 2451 1842 2484 sy·
1866 2449 1915 2476 ve·

192 2490 331 2523 solutam.)
356 2491 386 2517 fl.⁴
406 2494 447 2518 26-
471 2493 491 2526 ξ
513 2496 538 2520 4=
561 2496 593 2522 de
617 2497 692 2524 cond
718 2497 805 2524 indssb‘
832 2500 871 2524 1..)-
891 2500 915 2524 6,
940 2498 969 2525 [Γ.
989 2501 1030 2526 98.
1052 2493 1054 2516 l
1075 2490 1154 2517 redus
1174 2496 1246 2517 extra
1266 2490 1384 2517 ordinem
1404 2499 1557 2520 commotus.
1581 2493 1630 2520 Th.
1651 2493 1680 2519 C.
1701 2492 1811 2518 VIR-5.
1832 2502 1852 2518 c.
1874 2494 1913 2519 14.

191 2534 212 2566 ᾗ,
234 2535 256 2559 1,
277 2533 309 2559 de
328 2533 406 2560 solut,
426 2536 468 2561 46,
487 2537 512 2561 3
549 2537 728 2567 Diuturnstate
754 2542 934 2578 Posspssionis
958 2547 1029 2579 parta
1051 2543 1053 2551 ν
1074 2543 1114 2570 pr.
1134 2534 1155 2567 ξ
1177 2535 1198 2559 l.
1219 2533 1251 2559 de
1271 2544 1349 2560 cursu
1368 2535 1429 2572 pub.
1468 2536 1510 2562 ΙΙΙ.
1531 2537 1596 2563 Cn.
1624 2535 1656 2561 Vt
1679 2535 1848 2572 parhippum,
1871 2535 1914 2561 vel

192 2577 329 2602 securitas
353 2586 375 2602 e.
396 2579 417 2603 7.
438 2577 470 2603 de
488 2577 505 2604 I.
526 2583 543 2604 t.
563 2589 676 2616 praescr.
697 2585 720 2609 7.
739 2586 781 2610 33.
818 2585 860 2610 An
880 2584 934 2610 litis
953 2587 1029 2611 aesti-
1050 2579 1052 2598 ⁴
1075 2577 1245 2607 “vel'tasium⁷
1265 2576 1355 2604 nunus
1374 2579 1491 2615 accipim·
1516 2578 1552 2604 HJ-
1574 2588 1594 2604 θ’

190 2619 269 2644 matio
295 2618 381 2645 oblata
406 2619 588 2648 alienationem
611 2625 709 2659 pariat?
733 2626 763 2653 fr.
782 2629 806 2653 3.
833 2628 853 2660 §.
873 2629 897 2653 2.
921 2627 955 2654 de
973 2628 1028 2654 reb.

191 2670 243 2687 eor.
269 2671 310 2697 qu.
337 2671 356 2687 s.
382 2667 428 2688 tut.
452 2665 494 2689 27.
514 2664 538 2690 9.
579 2664 710 2694 Prodesse
733 2669 927 2701 iusiurandum,
947 2687 978 2690 —
1004 2677 1029 2698 et

190 2705 371 2740 exceptionem
389 2714 488 2741 parere,
507 2717 530 2732 v.
551 2708 686 2735 actionem.
708 2710 736 2736 fr.
752 2713 775 2738 9.
796 2713 817 2746 ξ.
832 2714 855 2739 6.
876 2713 908 2739 de
921 2715 1026 2741 iureiur.

191 2748 230 2772 12.
250 2749 274 2773 2.
298 2746 329 2773 fr.
351 2748 373 2773 7.
398 2748 420 2780 ξ.
441 2749 480 2774 16.
505 2749 553 2776 sol.
579 2752 688 2777 matrim.
707 2754 748 2779 24.
766 2755 790 2780 3.
816 2755 847 2782 fr.
868 2757 906 2782 11.
930 2767 970 2793 pr.
995 2756 1027 2783 de

1611 2580 1626 2594 ⁴)
1629 2580 1644 2595 ·)

1673 2578 1694 2611 ς.
1717 2579 1738 2604 1.
1758 2577 1775 2604 1.
1795 2577 1812 2604 1.
1849 2578 1914 2614 Qui.

1074 2618 1123 2645 bus
1149 2629 1197 2645 nos
1221 2620 1273 2656 ipsi
1296 2620 1322 2645 in
1346 2622 1482 2647 evectione
1502 2637 1533 2640 —
1558 2620 1682 2647 veredum
1707 2631 1763 2647 cum
1782 2620 1912 2659 pai-hippo

1050 2667 1051 2703 ἐ
1073 2661 1153 2687 tribui
1172 2662 1335 2689 iusserimus.
1355 2663 1391 2689 lb.
1413 2673 1432 2689 c.
1453 2664 1493 2689 29.

1109 2716 1284 2744 Pal-iare.
1322 2720 1516 2751 Exaequare
1540 2724 1673 2752 accepta
1696 2725 1724 2745 et
1747 2722 1830 2748 data.
1868 2721 1909 2747 III.

1049 2753 1050 2785 l
1072 2759 1138 2786 Cn.
1158 2758 1187 2785 Si
1207 2760 1229 2786 ei
1249 2770 1368 2786 nummos
1387 2760 1539 2796 prorogavit
1552 2765 1643 2793 emtor,
1664 2772 1722 2789 cum
1735 2764 1759 2790 ei
1772 2765 1910 2800 pariaverit

190 2789 251 2825 imp.
270 2790 295 2816 in
315 2799 357 2816 res
377 2789 431 2817 dot.
450 2793 491 2817 25.
512 2793 535 2818 1.
573 2792 608 2820 Vt
631 2793 711 2820 altera
735 2796 870 2832 stipulatio
890 2799 1025 2835 obligatio—
1048 2788 1050 2839 l
1072 2801 1115 2835 [al.
1135 2803 1273 2839 paruerit]
1295 2802 1325 2828 fr.
1345 2804 1368 2828 4.
1390 2803 1410 2836 ξ,
1431 2804 1453 2828 5.
1474 2802 1506 2829 de
1525 2813 1635 2831 manum.
1655 2807 1696 2833 40,
1718 2808 1739 2832 1.

1047 2846 1050 2862 t
