2197 3121
1040 168 1138 199 ANT.
1909 177 1944 207 71

221 251 247 276 in
266 249 343 276 bonis
363 254 423 275 sunt
443 248 626 281 (hereditariae
646 247 714 280 res),
734 252 871 284 antequam
890 247 998 284 (aliquis
1019 248 1062 274 he:

220 302 262 319 res
283 292 414 323 exsistat).
435 293 490 318 Gai.
510 291 540 318 II.
561 292 584 318 9.
621 291 688 317 Esse
707 296 913 328 praeposterum,
934 296 992 317 ante
1012 301 1060 317 nos

220 335 366 372 locupletes
387 335 451 362 dici.
472 344 548 371 qnam
567 333 778 370 adquisierimus.
808 333 839 360 fr.
858 335 900 360 63.
920 344 959 371 pr.
979 333 1011 360 ad
1030 333 1059 360 L.

220 377 290 404 falc.
310 380 351 404 35.
370 380 395 404 2.
432 377 582 409 Dece-dere,
603 382 741 413 antequam
761 378 820 410 (res
843 392 875 396 —-
894 378 949 412 geri
969 387 1060 414 coepe-

220 422 275 453 rit).
296 420 326 446 fr.
345 422 369 447 6.
390 420 421 447 de
441 420 532 447 iurisd.
553 422 577 446 2.
599 421 622 446 l.

254 463 443 490 AnterIOr.
468 465 578 495 Prior,
598 465 804 490 Praecedens.
830 461 860 488 II.
877 464 943 496 ΟΡ.
963 462 1058 489 Iunior.

219 505 296 533 Post.
321 516 341 532 S.
366 505 474 538 Postea.
500 506 599 537 editus,
630 516 654 531 v.
679 510 763 531 natus.
792 505 813 538 5.
833 506 857 531 3.
886 504 904 531 I.
931 504 963 531 de
988 505 1057 541 legit.

219 559 275 585 agn.
295 559 365 574 succ.
384 550 408 575 3.
428 551 452 574 2.
478 559 498 574 c.
520 550 559 574 10.
581 558 619 584 sq.
646 548 678 574 de
697 553 779 574 natur.
799 547 844 573 lib.
870 549 894 573 5.
914 550 956 574 27.
994 547 1058 574 Tam

218 592 362 617 anteriores
383 591 465 627 leges.
487 601 562 627 quam
582 590 744 627 Principales
766 591 977 617 constitutiones.
999 591 1019 624 5.
1033 592 1056 617 6.

217 633 236 660 I.
257 634 288 660 de
307 634 360 660 mil.
380 638 480 660 testam.
500 635 525 659 ⁵2.
541 635 580 659 11.
617 634 770 660 Anteriores
790 633 850 659 DI).
864 632 1010 670 Principes.
1025 649 1057 652 —

217 676 315 703 Nostra
339 677 464 713 (Digesta
485 678 559 708 etc).
589 677 610 710 5.
630 679 653 702 2.
678 675 696 702 I.
722 676 753 702 de
778 681 837 702 emt.
862 675 938 702 vend.
967 678 991 702 3.
1014 677 1056 701 24.

218 720 292 755 Quae
312 719 344 745 ad
363 729 459 745 novum
474 719 615 756 capitulum
629 719 769 755 pertinent.
791 734 824 738 ——-
844 718 918 754 Quae
933 718 1001 755 apud
1015 729 1057 744 an-

217 764 339 789 teriorem
359 762 471 788 iudicem
497 763 656 799 propositae.
686 772 706 787 c.
726 764 751 787 4.
776 761 808 788 de
828 767 906 798 temp.
927 766 953 787 et
971 771 1054 798 repar.

216 815 275 842 app.
297 807 319 831 7.
339 806 380 831 63.
417 805 459 831 Ill.
484 807 548 833 Cn.
576 804 669 830 Fiscus
694 820 727 823 —
751 805 846 841 privati
870 806 927 830 iure
946 814 994 841 pro
1015 814 1056 830 an-

215 848 358 874 terioribus
378 858 439 874 snae
459 848 635 874 successionis
654 848 781 884 temporis
802 849 891 874 utitur.
917 847 947 873 fr.
967 849 990 873 fi.
1016 857 1054 884 pr.

215 890 248 917 de
262 892 317 916 iure
331 891 396 916 fisci.
416 892 458 917 49.
474 893 513 916 14.
543 889 623 925 Quod
637 890 799 926 superlluunl
813 901 845 916 ex
859 891 987 916 anteriore.
1002 901 1055 916 cre-

215 933 270 959 dito
291 935 399 970 accepit.
419 933 449 959 sr.
471 935 510 959 12.
531 933 552 966 5.
572 936 596 959 5.
623 934 674 968 Qu.
694 934 789 970 potior.
810 935 851 959 20.
871 935 895 960 4.
932 933 1054 960 Praeten-

214 976 276 1003 dere
296 978 424 1002 anteriora
444 976 542 1009 (iura).
569 986 590 1002 c.
611 977 634 1002 7.
654 976 675 1009 5.
695 978 719 1002 2.
740 975 772 1002 de
790 987 905 1013 praescr.
924 977 1010 1002 XXX.
1031 978 1053 1002 7.

213 1020 255 1045 39.
293 1019 379 1045 Reddi
398 1019 574 1046 anterioribus
594 1019 689 1045 ol'liriis
727 1018 776 1045 Th.
797 1019 827 1045 C.
847 1019 903 1045 XII.
924 1021 947 1045 l.
971 1029 992 1045 c.
1013 1020 1053 1045 78.

213 1061 246 1088 de
270 1061 404 1088 decurion.
450 1061 636 1088 Anterioribus
661 1062 855 1091 sanctionibus.
884 1062 927 1088 vel
955 1063 1052 1088 veteris

213 1106 291 1136 iuris7
312 1104 353 1130 vel
372 1105 479 1130 nostris,
500 1115 520 1130 c.
540 1106 564 1130 3.
585 1104 629 1130 ubi
649 1109 674 1131 et
694 1115 733 1141 ap.
755 1115 796 1141 qu.
818 1115 891 1141 cogn.
911 1107 935 1131 2.
956 1107 997 1131 47.

246 1149 462 1175 Antestare·
490 1149 700 1174 Praecellere.
729 1147 746 1174 I.
764 1149 824 1182 Sy.
844 1148 984 1180 Anteferri⁷
999 1148 1052 1174 An—

211 1191 309 1228 teponi.
348 1189 397 1216 Th.
418 1190 448 1217 C.
468 1190 486 1216 I.
508 1192 548 1216 15.
569 1200 589 1216 c.
610 1192 632 1217 7.
653 1190 756 1223 (ch.)
777 1191 809 1217 de
829 1191 872 1217 off.
893 1191 979 1217 Yivar.

245 1234 452 1260 Antestari.
473 1235 520 1259 Ad
537 1235 757 1260 testimonium
777 1244 901 1268 rogare.
926 1234 967 1260 III.
985 1236 1049 1262 (ἴη.

210 1276 239 1302 Si
259 1277 284 1302 in
304 1277 344 1302 ius
364 1281 453 1307 vocat.
474 1277 499 1302 ni
519 1277 546 1307 it.
567 1281 718 1302 antestator.
755 1275 784 1302 L.
804 1276 861 1303 XII.
882 1277 965 1303 Tabb.
985 1277 1003 1304 I.
1027 1279 1048 1303 l.

209 1319 332 1356 Impubes
356 1319 484 1356 libripens
509 1329 567 1345 esse
591 1329 642 1345 non
670 1324 772 1356 potest,
801 1329 887 1356 neque
917 1322 1048 1347 antestari.

209 1361 251 1388 Fr.
271 1362 339 1388 Livii
359 1362 441 1388 Drusi
460 1362 515 1388 Icti.
535 1362 586 1398 Ap.
606 1362 732 1388 Priscian.
753 1367 799 1388 art.
819 1373 925 1399 gramm.
946 1363 1012 1390 VIII.

244 1405 492 1432 AntevenIre.
530 1404 571 1431 Cf.
591 1405 772 1432 Antevertere.

243 1449 510 1474 Antevertere.
557 1448 737 1482 Oeenpare,
765 1451 970 1477 Praevenire.
1006 1449 1048 1476 III.

209 1491 274 1517 Cn.
312 1490 417 1525 Quodsi
437 1506 469 1509 —
487 1490 634 1516 voluntaria
653 1496 737 1517 morte
756 1491 915 1529 supplicium
933 1497 1049 1519 antever-

208 1534 240 1559 tit
260 1532 304 1566 [al.
324 1533 480 1566 antevenit}
501 1543 522 1559 c.
542 1535 566 1559 2.
588 1533 638 1569 Qu.
659 1539 760 1561 testam.
781 1535 827 1562 sac.
848 1546 873 1572 p.
893 1537 916 1562 6.
936 1537 978 1562 22.

241 1576 489 1603 .>ἱιιῐί(·111·θε1ἰ5.
528 1578 706 1603 Convenlio
729 1580 764 1604 de
788 1588 844 1604 usn
865 1581 912 1605 rei
928 1581 1047 1614 pigno-

206 1624 314 1650 ratae.
346 1621 377 1645 in
407 1621 504 1645 vicem
531 1621 705 1654 frnrtnnm
733 1623 892 1654 pecuniae
923 1624 1047 1648 debitae

207 1663 342 1688 cedente.
379 1661 397 1688 I.
422 1663 483 1695 Sy.
516 1661 655 1688 Pecuniam
682 1662 755 1695 dare.
782 1669 808 1689 ut
833 1665 890 1690 vice
909 1674 1046 1690 usurarnm

208 1702 330 1734 (domum
349 1704 531 1737 inhabitaret)
982 1742 987 1743 .

207 1750 235 1771 ut
254 1745 354 1772 fructus
374 1748 400 1772 in
418 1748 502 1773 vicem
516 1757 653 1774 usurarum
667 1754 880 1785 consequeretur.
909 1749 1046 1776 Antichre-

207 1789 244 1813 sis
264 1787 338 1814 sacta.
365 1789 396 1815 fr.
418 1791 457 1815 ll.
483 1790 547 1823 5.1.
575 1790 607 1816 de
631 1792 701 1827 pign.
726 1794 767 1818 20.
788 1794 810 1818 1.
840 1792 871 1818 cf.
897 1792 926 1818 fr.
946 1794 987 1819 33.
1014 1792 1045 1818 de

206 1832 275 1867 pigo.
297 1836 344 1857 act.
367 1833 406 1857 13.
426 1833 449 1858 7.
470 1842 491 1858 e.
513 1834 552 1858 14.
573 1842 594 1858 c.
616 1835 655 1859 17.
676 1834 708 1860 de
728 1844 798 1860 usur.
820 1837 843 1860 4.
863 1836 904 1860 32.

572 1705 609 1731 Ea
629 1705 685 1742 lege
704 1708 903 1743 possessionem
922 1706 1045 1741 obligare.

205 1968 226 1985 c.
247 1960 270 1985 8.
290 1969 329 1996 pr.
356 1958 388 1985 de
406 1960 478 1985 inoff.
499 1959 585 1986 donat.
605 1963 629 1987 3.
649 1963 690 1987 29.
728 1961 783 1988 XL.
805 1961 873 1993 dieS.
895 1964 938 1999 qui
959 1965 1043 2000 auspi-

204 2002 244 2028 cio
264 2003 478 2028 caerimoniarum
497 2003 620 2039 paschale
640 2008 742 2040 tempus
762 2005 912 2041 anticipant.
942 2005 990 2032 Th.
1011 2006 1041 2032 C.

203 2043 247 2070 ΙΧ.
266 2046 308 2071 35.
330 2055 351 2071 c.
371 2047 395 2071 4.
421 2044 453 2071 de
473 2047 618 2081 quaestion.
656 2047 685 2073 Si
704 2046 750 2073 lite
769 2057 812 2073 res
832 2049 971 2085 anticipata
990 2059 1042 2075 non

204 2092 251 2114 est.
273 2097 293 2113 c.
313 2089 337 2114 2.
359 2087 390 2114 de
409 2089 502 2122 vectig.
524 2093 547 2114 et
568 2098 659 2116 comm.
679 2092 703 2116 4.
723 2091 764 2116 61.
785 2090 816 2117 cf.
837 2090 920 2118 Vatic.
941 2092 962 2125 5.
983 2094 1023 2119 12.

237 2131 408 2157 Anticus.
438 2122 578 2165 (Adiect.)
616 2134 772 2160 ⁴&ationis
800 2135 962 2160 Anterum
992 2137 1063 2161 ‹Ie-¹

203 2174 318 2200 victor.
359 2173 400 2200 III.
420 2175 485 2201 Gn.
515 2173 579 2211 Imp.
600 2174 676 2201 Caes.
696 2175 768 2202 Flav.
788 2176 961 2207 Iustinianus.
981 2178 1041 2204 Ala-

204 2216 351 2248 mannicus,
377 2215 520 2249 Gothicus,
544 2233 576 2236 —
599 2218 711 2244 Anticus
731 2224 779 2245 etc.
817 2219 857 2246 Cf.
877 2230 901 2246 v.
921 2220 1041 2247 Alaman-
1061 2231 1062 2236 ¹

204 2267 286 2284 meus.

238 2301 475 2333 Antidotum,
510 2312 534 2329 v.
565 2303 777 2331 Antidotum

203 2349 267 2370 illm
291 2350 403 2371 contra
428 2355 584 2372 venenum.

204 2433 263 2454 emt.
293 2430 333 2454 1⁸.
359 2430 380 2454 1.
426 2430 500 2465 Quae
524 2430 610 2457 alendi
634 2442 711 2458 causa
736 2432 900 2466 biberentur,
929 2445 980 2471 quo
1011 2437 1037 2461 in

203 2481 310 2497 numero
335 2471 479 2499 antidotum
508 2483 560 2500 non
589 2479 637 2501 est.
668 2475 698 2501 sr.
722 2478 746 2502 5.
770 2486 809 2513 pr.
838 2475 870 2503 dc
893 2487 963 2514 penu
987 2478 1036 2514 leg.

201 2516 243 2540 33.
263 2515 287 2540 9.

235 2556 465 2584 Antinomia.
490 2560 622 2586 Sanctio
642 2563 828 2594 contraria,
848 2564 897 2589 vel
915 2565 1036 2590 discre-

201 2609 291 2634 pans.
328 2599 358 2626 II.
379 2602 441 2634 011.
471 2600 631 2635 Concordia,
652 2603 855 2641 Consequentia.
885 2615 905 2632 c.
928 2608 949 2632 1.
970 2607 991 2640 5.
1011 2608 1034 2633 8.

201 2642 234 2668 de
253 2647 304 2668 vet.
324 2643 379 2668 iure
398 2643 481 2669 enucl.
505 2645 527 2669 1.
548 2646 588 2671 17.

235 2685 509 2713 Antiochensis.
539 2686 674 2722 (Adiect.)
711 2692 759 2716 Aa*
780 2693 954 2719 civitatem
973 2695 1035 2720 An-

200 2729 356 2754 tiochiam
379 2732 555 2762 pertinens.
595 2730 812 2760 Antiochensium
836 2733 916 2761 Caele
934 2751 967 2754 —
987 2736 1035 2772 Sy-

200 2771 254 2797 riae
274 2771 365 2796 civitas
386 2770 415 2797 l'r.
429 2773 469 2798 37.
490 2772 522 2799 de
541 2772 595 2799 reb.
616 2779 681 2801 auct.
701 2776 753 2802 iud.
773 2778 814 2803 42.
827 2779 851 2804 5.
888 2778 917 2804 Iu
936 2778 1034 2806 Pisidia

201 2829 233 2833 —
253 2813 356 2841 colonia
374 2814 598 2843 Antiochensium.
626 2817 656 2844 fr.
676 2819 699 2845 8.
720 2820 741 2853 5.
761 2822 809 2847 10:
822 2821 854 2848 de
874 2822 971 2849 censib.
990 2825 1031 2850 50.

1066 1858 1067 1872 ³
1090 1852 1188 1867 corion.

239 1874 474 1907 Assnfieipare.
494 1877 705 1909 Praecipere,
728 1878 901 1910 Occupare.
920 1877 962 1903 III.
979 1879 1043 1905 Cn.
1065 1896 1066 1899 =

205 1916 259 1952 Qui
288 1916 406 1942 consitiis
435 1926 586 1953 supremum
613 1918 738 1944 iudicium
766 1920 843 1945 antic.
872 1920 1042 1946 contendunt.
1065 1934 1066 1937 ¹

1064 1959 1066 1980 Ἰ
1088 1969 1119 1995 de.
1143 1968 1214 1995 fund.
1238 1969 1383 2008 limitroph.
1410 1973 1448 1998 11.
1469 1974 1509 1998 59,
1543 1971 1592 1998 Th.
1618 1972 1648 1999 C.
1674 1972 1718 1999 ΙΧ.
1741 1975 1783 2000 32.
1809 1983 1829 2000 c.
1851 1975 1872 1999 l.
1893 1973 1925 2000 (le

1063 2005 1065 2034 s
1087 2011 1140 2038 Nili
1159 2022 1243 2048 agger.
1280 2013 1398 2050 Antiqui.
1432 2014 1469 2041 lb.
1489 2014 1543 2042 HI.
1564 2017 1604 2042 15.
1625 2026 1645 2042 c.
1667 2017 1689 2042 1.
1714 2016 1746 2042 de
1769 2021 1829 2042 terr.
1849 2016 1923 2043 limit.

828 2299 1062 2344 medicamen-J

626 2346 668 2373 III.
691 2348 756 2374 Cn.
786 2347 920 2381 Antidoti,
946 2355 971 2376 et
991 2350 1038 2376 alia
1060 2368 1061 2385 3

203 2385 330 2422 quaedam
348 2386 460 2413 salubria
480 2387 674 2415 medicamenta.
703 2389 733 2415 sr.
752 2391 794 2416 35.
814 2391 835 2424 5.
854 2393 878 2417 2.
904 2391 935 2418 de
956 2398 1037 2419 contr.
1059 2388 1061 2431 J

1083 252 1085 292 ᾗ
1108 252 1148 277 15.
1186 251 1265 287 Quod
1285 256 1309 277 et
1329 252 1568 285 Antiochensibus.
1590 259 1614 280 et
1634 260 1793 282 caeterarum
1813 257 1946 284 civitatum

1083 300 1084 303 ’
1106 294 1211 321 fabricis
1232 311 1263 314 —
1283 295 1444 331 praebeatur.
1466 307 1487 323 c.
1508 299 1531 323 4.
1552 297 1583 323 (le
1603 303 1688 325 metat.
1711 301 1750 325 12.
1770 301 1810 325 41.

1140 338 1408 365 Antioehcnus.
1428 338 1508 365 Itlein.
1537 340 1578 366 III.
1591 342 1655 367 Cn.
1676 341 1873 376 Magistratnuin
1887 353 1944 369 cen-

1105 390 1150 406 sns
1169 381 1349 407 Antiochenae
1373 392 1420 418 per
1439 382 1541 418 Syriam
1567 384 1688 410 eivitatiS.
1718 385 1766 411 Th.
1788 386 1817 412 C.
1838 385 1894 412 XII.
1921 388 1942 412 l.

1104 434 1125 449 c.
1146 425 1205 450 169.
1225 423 1257 450 de
1276 424 1409 450 decurion.
1447 425 1561 452 Decurio
1582 426 1762 454 Antiochenae
1782 429 1942 466 splendidis-

1104 468 1184 493 simae
1204 468 1325 493 eivitatis.
1351 478 1371 493 c.
1392 469 1432 493 (52.
1454 467 1510 494 eod.
1533 471 1572 495 lo.
1592 471 1633 496 31.

1137 510 1350 537 Antiochia.
1389 512 1518 537 Civitas
1538 514 1667 547 Syriae.
1691 515 1765 539 item
1793 516 1941 548 Mesopo-

1080 555 1236 584 'tamiaffi
1266 563 1331 579 enm
1360 555 1495 587 regione
1517 556 1572 580 illi
1595 558 1773 583 adtributa.
1810 556 1852 583 III.
1876 558 1942 584 Cn.

1103 595 1269 631 Magistratus
1290 595 1402 622 Comitis
1424 595 1556 628 Orientis,
1582 603 1606 623 et
1625 598 1756 625 Praesidis
1775 600 1940 632 Antiochiae,

1103 649 1168 664 unus
1189 639 1230 664 sit.
1260 638 1349 665 Iulian.
1370 640 1432 676 epit.
1452 650 1511 666 nov.
1532 650 1552 665 e.
1569 642 1608 666 15.
1623 642 1643 674 5.
1658 644 1698 668 55.
1728 642 1856 669 Thermae
1871 643 1940 680 apud

1078 669 1080 678 ›
1101 681 1275 708 Antiochiam.
1305 681 1354 708 Th.
1375 681 1406 708 C.
1426 681 1442 708 1.
1464 682 1479 708 l.
1501 693 1521 708 c.
1543 685 1600 710 131.

1134 726 1354 756 Antiochus.
1400 726 1518 752 Nomen
1548 729 1639 754 servi.
1682 727 1814 756 111.(”ἠ.
1848 729 1939 756 Actori

1077 763 1079 774 ¹
1100 778 1148 793 suo
1163 767 1294 794 Antiocho
1314 767 1371 794 data
1392 767 1521 794 libertate.
1540 768 1570 795 sr.
1586 771 1626 796 97.
1647 770 1679 796 de
1698 770 1772 805 legat.
1792 771 1834 798 III.
1855 772 1922 805 (32)

1134 811 1384 844 Antiphon-na.
1431 813 1518 844 Quae
1545 815 1682 839 maritas
1711 816 1807 840 uxori
1834 817 1941 850 largi-

1100 860 1165 883 lar.
1187 856 1282 888 qnasi
1301 857 1551 881 remunerandae
1570 857 1654 882 dotis
1671 858 1796 891 gratia.
1816 857 1857 883 111.
1873 859 1939 885 (ΥΠ.

1100 896 1184 931 Quasi
1203 896 1355 933 antipherna
1376 896 1438 923 haec
1458 902 1569 933 possunt
1584 898 1702 935 intelligi.
1723 904 1745 925 et
1761 909 1812 925 non
1826 900 1938 938 simplex

1100 939 1214 965 donatio.
1240 949 1261 965 c.
1280 941 1322 964 20.
1342 949 1380 976 pr.
1401 939 1433 965 de
1453 939 1539 966 donat.
1560 941 1591 967 A.
1611 940 1642 967 N.
1663 944 1686 968 5.
1706 944 1730 968 3.

1132 982 1357 1015 Antiquam.
1400 984 1579 1018 Abrogare,
1606 985 1774 1011 oblivioni
1797 989 1936 1013 tradere.

1098 1024 1116 1050 I.
1136 1026 1197 1059 Sy.
1229 1024 1372 1060 Abrogare.
1402 1024 1442 1051 Cf.
1463 1024 1487 1051 h.
1507 1035 1530 1051 v.
1574 1026 1615 1052 III.
1640 1029 1705 1055 (Ἶι.
1735 1028 1802 1055 Cum
1822 1045 1854 1048 -
1875 1039 1937 1055 sane

1098 1068 1233 1103 antiquum
1261 1072 1312 1094 est.
1342 1072 1367 1093 et
1395 1069 1488 1093 merito
1513 1069 1640 1104 antiquari
1669 1076 1781 1107 oportet.
1813 1082 1834 1098 c.
1856 1074 1877 1098 l.
1904 1072 1936 1098 de

1480 1110 1528 1142 tt,
1549 1112 1664 1139 eiusdem
1684 1115 1814 1140 universis
1834 1115 1935 1141 actibus

1708 1156 1757 1183 Th.
1778 1156 1808 1183 C.
1828 1157 1872 1184 IX.
1892 1160 1934 1184 40.

1369 1196 1456 1223 Nullis
1481 1199 1586 1234 penitus
1610 1199 1710 1225 viribus
1735 1201 1876 1236 scriptura.
1901 1216 1933 1220 —

1097 1121 1169 1137 usuc.
1190 1110 1338 1136 transform.
1360 1112 1382 1136 7.
1401 1112 1442 1136 31.

1096 1155 1250 1190 antiquatis.
1270 1155 1356 1179 omnia
1375 1159 1520 1180 mutescant
1541 1159 1665 1192 tempora.

1096 1208 1116 1223 c.
1138 1199 1178 1223 17.
1199 1197 1231 1223 de
1250 1207 1326 1234 poen.

1095 1245 1212 1277 tempore
1231 1241 1371 1277 antiquata,
1392 1245 1503 1267 taxetur.
1534 1240 1571 1267 lb.
1592 1241 1635 1268 IV.
1655 1244 1679 1268 4.
1700 1252 1721 1268 c.
1741 1244 1764 1269 6,
1785 1243 1816 1269 (Ie
1831 1248 1932 1270 testam.

1095 1288 1120 1309 et
1140 1283 1223 1309 codic.

1127 1326 1389 1359 Antiquarius.
1428 1329 1578 1354 Codicum
1596 1330 1795 1363 descriptor,
1816 1330 1933 1356 Libra-

1093 1371 1172 1396 rius.
1209 1368 1252 1395 III.
1272 1370 1336 1396 Cn.
1367 1369 1552 1406 AntiquarioS.
1578 1371 1610 1398 ad
1633 1371 1808 1399 bibliothecae
1828 1372 1933 1398 codices

1086 1411 1303 1455 fomponendoffi
1328 1411 1371 1438 vel
1392 1423 1441 1449 pro
1460 1418 1591 1440 vetustate
1609 1415 1782 1452 reparandos,
1807 1415 1844 1441 IV
1862 1425 1932 1451 grae-

1094 1465 1138 1481 cos
1159 1460 1184 1481 et.
1202 1454 1236 1481 ΙΙΙ
1255 1454 1364 1485 latinos.
1390 1456 1524 1483 scribendi
1542 1459 1656 1494 peritos.
1677 1458 1770 1494 (legi).
1803 1458 1840 1484 Ib.
1860 1458 1931 1484 XIV.

1092 1500 1115 1524 9.
1136 1509 1156 1524 c.
1176 1500 1200 1524 2.
1221 1497 1253 1524 de
1272 1498 1341 1524 stud.
1362 1498 1462 1526 liberal.
1499 1500 1662 1537 Antiquarii.
1688 1502 1732 1537 qui
1757 1501 1885 1528 habentur
1904 1503 1930 1528 ln

1092 1542 1196 1567 scriniis
1216 1543 1363 1568 memoriae.
1390 1552 1411 1568 c.
1427 1544 1466 1569 10.
1487 1543 1519 1569 de
1538 1545 1649 1580 proxim.
1671 1544 1698 1570 S.
1718 1545 1796 1571 scrin.
1818 1546 1913 1571 1219.

1126 1585 1360 1617 Antiquatio.
1406 1587 1620 1622 Infirmaeio,
1654 1589 1839 1614 Revoeaeio.
1886 1586 1930 1613 III.

1092 1628 1157 1654 011.
1189 1627 1311 1653 Infanti-'w
1330 1627 1499 1655 abolitionem
1518 1631 1706 1666 permittimus.
1727 1635 1751 1656 et
1771 1635 1930 1656 caeterarum

1090 1680 1233 1707 poenarum
1252 1671 1465 1706 antiquationem.
1487 1682 1507 1698 c.
1519 1675 1542 1698 4.
1563 1672 1594 1698 ad
1614 1672 1640 1698 S.
1656 1673 1686 1699 C.
1701 1672 1811 1699 Tei-tull.
1832 1674 1855 1698 6.
1869 1674 1911 1698 56.

1124 1713 1353 1746 ,Antiquitas-
1394 1715 1425 1747 §.
1457 1716 1490 1741 l.
1532 1717 1726 1747 Anno-vitas,
1767 1717 1927 1742 Vetustas.

1091 1756 1132 1782 Ill.
1154 1758 1219 1784 Cn.
1254 1756 1394 1782 Anteriore
1412 1762 1530 1793 tempore
1549 1757 1664 1784 adscitos
1683 1759 1740 1795 ipsa
1759 1768 1869 1794 aequum
1888 1762 1929 1784 est:

1090 1800 1243 1835 antiquitate
1263 1798 1375 1825 defendi.
1405 1799 1453 1825 Th.
1476 1800 1506 1826 C.
1525 1800 1582 1826 XII.
1604 1802 1626 1826 l.
1647 1811 1668 1827 c.
1689 1803 1728 1827 74.
1749 1802 1770 1835 5.
1792 1803 1814 1827 l.
1834 1801 1866 1827 de
1885 1800 1928 1827 de-

1231 1840 1344 1877 Propter
1367 1843 1529 1878 antiquitatis
1549 1844 1684 1870 incertum.
1717 1844 1754 1871 Ib.
1778 1844 1796 1870 1.
1816 1846 1840 1870 4.
1861 1854 1882 1870 c.
1900 1845 1925 1870 3.

1090 1883 1202 1917 (ch.)
1223 1884 1255 1910 de
1274 1894 1393 1921 respons.
1413 1885 1489 1922 prud.
1518 1902 1550 1905 -
1580 1887 1610 1920 δ.
1630 1888 1665 1913 2.
1695 1889 1809 1914 Aenum
1828 1889 1927 1914 maio-

1088 1937 1161 1953 rum.
1203 1926 1221 1953 I.
1242 1928 1303 1961 Sy.
1335 1927 1424 1954 Prisca
1448 1928 1596 1965 dispositio.
1639 1929 1772 1956 Vetustas.
1801 1940 1822 1957 c.
1840 1932 1865 1956 2.
1885 1940 1924 1967 sq.

1086 2070 1118 2073 —
1155 2055 1186 2088 §0
1213 2057 1249 2081 3.
1285 2058 1482 2090 Prudentia,
1518 2060 1714 2085 Auctoritas
1743 2061 1922 2092 LCtoram,

1087 2099 1142 2124 Ius
1161 2100 1266 2124 civile.
1303 2099 1322 2125 I.
1342 2101 1403 2134 Sy.
1432 2101 1542 2137 Antiqui
1562 2102 1642 2135 (iuris
1662 2102 1837 2135 conditores).
1874 2102 1924 2129 Ve-

1086 2145 1167 2173 teres,
1192 2140 1325 2168 vetustas.
1361 2142 1417 2169 Gai.
1439 2143 1456 2170 I.
1479 2145 1535 2171 196.
1556 2144 1586 2170 cf.
1607 2143 1648 2170 Pr.
1668 2144 1686 2171 I.
1714 2145 1764 2180 Qu.
1784 2145 1853 2172 mod.
1874 2150 1920 2172 tut.

1086 2185 1107 2209 l.
1121 2185 1163 2209 22.
1178 2194 1199 2209 c.
1214 2185 1236 2210 l.
1257 2189 1285 2211 ut
1297 2190 1346 2211 act.
1361 2190 1386 2212 et
1406 2186 1436 2212 ab
1450 2186 1505 2213 her.
1525 2188 1548 2213 4.
1564 2189 1603 2213 ll.
1619 2197 1639 2213 c.
1654 2189 1677 2213 5.
1688 2198 1727 2224 pr.
1742 2189 1763 2222 5.
1778 2190 1800 2215 l.
1821 2188 1920 2215 denec.

1084 2225 1172 2252 hered.
1187 2227 1210 2252 6.
1222 2228 1263 2254 27.
1297 2227 1437 2255 Prudentia
1457 2231 1569 2265 antiqua.
1590 2240 1611 2255 c.
1627 2231 1666 2256 13.
1681 2240 1738 2267 sqq.
1759 2231 1790 2258 de
1809 2232 1875 2258 usus.
1896 2236 1921 2258 et

1084 2268 1164 2295 habit.
1182 2271 1206 2296 3.
1226 2271 1267 2296 33.
1304 2270 1346 2297 ΙΙΙ.
1370 2272 1435 2299 (7η.
1463 2272 1542 2309 Apud
1562 2272 1689 2299 Catonem
1708 2274 1775 2301 bene
1794 2275 1920 2311 seriptum

1083 2311 1163 2338 refert
1181 2314 1332 2349 antiquitas.
1353 2314 1374 2348 5.
1396 2316 1435 2341 12.
1455 2314 1474 2341 I.
1495 2315 1527 2341 de
1546 2315 1633 2353 adopt.
1655 2319 1677 2343 l.
1698 2319 1737 2343 11.
1775 2317 1847 2343 quta
1866 2316 1920 2354 pla-

1083 2355 1175 2385 citum.
1194 2366 1218 2381 v.
1239 2365 1369 2385 normam.
1389 2359 1559 2394 antiquitatis.
1580 2370 1600 2385 c.
1621 2361 1644 2386 4.
1665 2359 1697 2386 de
1716 2360 1789 2386 aedis.
1809 2361 1874 2396 priv.
1893 2361 1917 2386 8.

1084 2399 1123 2424 10.
1152 2397 1194 2424 Pr.
1215 2398 1232 2424 Ι.
1254 2398 1304 2434 Qu.
1324 2399 1393 2426 mod.
1413 2405 1460 2427 tut.
1481 2402 1525 2428 fin.
1546 2404 1568 2428 1.
1588 2404 1629 2428 22.
1649 2418 1681 2422 —
1705 2403 1734 2435 ξ.
1756 2404 1794 2429 4.
1820 2404 1918 2429 Ante·

1082 2442 1206 2467 riorum
1234 2443 1427 2477 Principum
1452 2450 1590 2471 statuta.
1630 2445 1650 2471 1.
1676 2446 1736 2479 Sy.
1768 2444 1916 2472 Priscorum

1059 2483 1060 2486 ’
1082 2482 1233 2520 Principum
1253 2486 1402 2512 constituta.
1436 2486 1485 2513 Th.
1506 2486 1536 2513 C.
1556 2487 1625 2514 XIV.
1646 2490 1668 2514 1.
1693 2498 1713 2514 c.
1732 2488 1757 2514 3.
1777 2487 1809 2514 de
1828 2488 1915 2516 (Iecur.

1082 2526 1138 2552 urb.
1157 2526 1188 2553 R.
1230 2525 1260 2552 ΙΙ.
1283 2529 1348 2561 Op.
1379 2528 1519 2556 Parentum
1538 2535 1686 2556 nostrorum
1705 2531 1853 2562 auctoritas.
1872 2531 1915 2558 vel

1081 2574 1170 2595 nostra
1189 2570 1324 2597 serenitas
1351 2571 1389 2598 Ib.
1407 2572 1478 2599 XVI.
1500 2574 1539 2599 ll.
1559 2583 1580 2599 c.
1599 2574 1623 2598 3.
1643 2572 1675 2598 de
1694 2572 1766 2609 relig.
1795 2573 1913 2601 Novitas.

1080 2610 1147 2637 Nov.
1167 2614 1208 2638 23.
1229 2623 1250 2638 c.
1270 2614 1293 2639 3.

1113 2655 1342 2688 Anfiquitus.
1361 2656 1480 2689 v(Advb.)
1511 2658 1607 2689 Olim,
1627 2659 1762 2685 Pridem.
1790 2659 1832 2686 ΙΠ.
1847 2661 1912 2687 Cn·

1078 2696 1231 2733 Antiquitas
1244 2699 1354 2735 probata
1368 2704 1393 2725 et
1407 2704 1507 2725 servata
1524 2701 1649 2726 tenaciter
1662 2702 1832 2729 consuetudo.
1853 2714 1873 2729 c.
1887 2704 1910 2729 3.

1080 2739 1130 2775 Qu.
1151 2741 1185 2766 sit
1204 2740 1272 2777 long.
1294 2752 1382 2767 consu.
1408 2745 1430 2767 ὅ,
1451 2743 1490 2767 53.
1532 2741 1583 2768 Iam
1608 2745 1763 2780 antiquitus,
1788 2750 1812 2771 et
1831 2745 1911 2772 SCtis

1078 2787 1104 2808 et
1123 2784 1355 2811 constitutionibus
1374 2783 1536 2820 Principum,
1556 2785 1660 2813 tributa.
1684 2787 1713 2814 fr.
1736 2790 1774 2814 17.
1794 2789 1815 2822 5.
1837 2790 1858 2814 I.
1879 2788 1911 2814 (lc

1077 2830 1202 2852 excusatt.
1222 2828 1263 2853 27.
1284 2829 1307 2853 l.
1345 2827 1418 2862 Quae
1437 2827 1558 2855 instituto
1578 2831 1720 2866 antiquitus
1740 2841 1810 2858 more
1829 2830 1910 2857 defer-
