2197 3121
1036 141 1134 173 GRA.

1885 144 1947 174 405

220 229 452 253 distinctiones
478 228 648 261 singulae,
679 227 725 251 vel
752 227 1002 259 dispositiones.
1040 223 1058 250 1.
1082 224 1196 257 lcipue
1214 228 1242 249 el
1262 225 1519 257 Peloponnesum
1539 222 1944 257 comprehendens.[ILCn.

220 271 280 304 Sy.
300 268 396 295 Locus.
417 269 446 295 fr.
468 271 490 294 4.
511 268 544 295 de
564 270 651 295 iniust.
672 273 740 305 rnpt.
760 269 840 294 283.
862 268 946 294 1ἰ·.53.
966 267 998 293 de
1017 267 1060 293 he-

219 312 273 338 red.
294 314 354 338 inst.
374 314 416 338 2³5.
437 314 459 337 5.
480 311 510 338 sr.
530 314 553 337 2.
574 312 594 345 5.
610 312 633 337 4.
654 311 686 337 de
700 311 729 337 B.
745 310 771 336 P.
792 321 812 336 s.
833 315 850 337 t.
870 312 912 336 37.
934 312 972 335 11.
989 309 1057 336 Coll.

218 354 271 381 LL.
292 355 324 381 M.
345 355 403 381 XII.
424 357 447 380 5.
485 354 577 380 Statio.
616 353 698 380 Ordo.
724 353 773 380 Th.
800 353 830 380 C.
851 353 903 379 Vll.
932 355 953 378 1.
975 363 996 379 c.
1019 354 1057 378 10.

219 397 251 424 de
270 397 301 423 R.
321 397 355 424 M.
376 396 430 423 VII.
449 398 473 423 3.
494 407 515 423 c.
534 398 558 422 2.
591 396 642 432 Qu.
663 398 688 423 in
708 396 788 433 gradu
808 395 892 433 praef.
926 395 1056 430 Dignitas,

218 439 324 466 Titulus
345 439 485 475 dignitatis.
511 439 540 465 fr.
560 440 601 465 49.
628 439 660 465 (le
683 439 712 465 11.
734 439 765 465 N.
790 441 831 465 23.
851 440 874 464 2.
899 438 928 464 I'r.
958 439 995 463 14.
1015 448 1056 474 pr.

218 484 239 517 5.
262 485 282 508 1.
303 482 336 509 de
355 493 424 508 mun.
445 487 470 508 et
489 482 548 509 hon.
568 484 610 508 50.
632 485 653 509 4.
675 482 724 508 Th.
745 482 762 508 I.
782 484 806 508 9.
827 492 847 508 c.
862 483 885 507 3.
906 480 1010 513 (ch.)
1025 480 1057 507 de

218 525 262 551 off.
282 525 346 561 Mag.
367 525 436 551 oflic.
474 524 515 551 III.
535 526 600 552 (m.
625 525 666 551 Ad
687 525 801 551 honores
820 534 867 561 per
886 523 981 559 gradus
1000 534 1057 560 per—

218 569 330 594 tinentes
350 573 451 594 sumtus
472 567 599 601 (honeste
620 568 730 600 sactus.)
750 567 780 593 fr.
800 569 840 593 45.
860 577 899 604 pr.
920 566 953 593 de
972 565 1002 593 N.
1024 566 1056 592 G.

216 612 240 636 3.
260 613 283 636 5.
304 610 335 636 ct'.
356 610 386 636 fr.
406 612 430 636 3.
450 611 471 644 5
494 612 533 636 15.
555 610 586 636 tl·-
605 621 674 637 mun.
703 615 728 636 et
747 610 807 636 bon.
827 612 868 636 50.
888 612 912 636 4.
950 609 1056 636 Inferio-

217 655 266 685 τῖε,
287 669 318 673 —-
337 653 526 679 Antecedentis
552 653 648 689 gradus
669 652 832 686 (homines.)
861 651 891 678 fr.
912 654 953 678 49.
974 652 1006 678 (18
1025 651 1056 678 R.

216 696 248 722 N.
268 698 308 722 23.
328 698 352 722 2.
390 696 498 722 Militiae
517 696 621 732 gradus.
659 695 762 721 Gradus
777 695 897 721 deiectio.
918 695 948 721 fr.
963 697 1003 721 44.
1024 695 1056 721 de

215 739 289 765 milit.
310 743 410 765 testam.
435 741 476 765 29.
504 741 525 765 l.
552 739 581 765 rr.
606 741 630 765 3.
657 738 693 772 §51
720 740 742 764 1.
767 740 790 764 ε».
810 739 834 764 9,
856 739 895 763 14.
919 740 960 764 20.
982 738 1012 765 fr.
1032 740 1055 763 5.

216 792 253 819 pr.
274 781 306 808 (18
326 781 356 808 R.
377 781 409 808 Μ.
430 783 470 808 49,
493 784 531 808 l6.
570 781 723 813 Poenarum,
743 791 766 807 v.
787 780 983 812 Custodiarmm
1002 790 1056 816 gra-

215 825 273 851 dus.
293 824 323 851 fr.
342 826 384 850 28.
404 825 441 858 55.
464 827 501 850 13.
527 835 567 861 sq.
592 824 624 850 dc
647 834 724 861 poen.
749 825 790 850 48.
820 825 859 850 19.
897 823 994 854 Primo.
1014 828 1057 849 aut

215 867 341 899 secundo,
360 867 402 893 vel
423 868 499 894 etiam
519 867 644 894 ulteriore
661 866 750 903 gradu,
770 866 881 892 liberum
895 871 921 893 et
934 865 1056 892 heredem

214 911 359 936 instituere.
390 910 446 936 Gai.
471 910 500 936 II.
526 911 582 936 154.
607 909 638 936 cs.
666 911 721 936 174.
748 910 805 935 176.
832 909 892 946 le.
912 909 994 935 XXII.
1013 911 1055 935 33.

215 953 245 980 fr.
265 955 306 979 53.
327 953 358 979 de
378 953 466 979 hered.
487 954 546 979 inst.
566 954 607 978 28.
620 954 644 978 5.
682 952 735 987 Qui
752 957 814 989 post
835 962 892 978 eum
912 952 1055 978 secundum

213 995 320 1031 gradum
344 997 370 1022 in
396 995 474 1021 tutela
499 995 627 1022 habuerit.
654 994 710 1021 Gai.
730 994 749 1021 1.
771 997 828 1022 170.
866 995 937 1021 Inter
956 995 1054 1022 medias

213 1038 339 1065 heredum
359 1039 553 1069 institutiones.
574 1048 597 1064 v.
618 1039 686 1064 inter
705 1037 816 1074 g1·aduS‚
837 1038 1003 1065 exheredare.
1023 1038 1053 1065 fr.

211 1083 236 1107 3.
257 1081 279 1114 5.
299 1082 321 1107 4.
343 1080 375 1106 de
394 1080 437 1106 lib.
459 1085 484 1106 et
503 1081 592 1117 postll.
612 1084 653 1107 28.
672 1083 696 1106 2.
722 1080 751 1106 fr.
772 1082 795 1107 3.
822 1081 844 1114 5.
863 1083 887 1107 2,
913 1081 945 1108 de
964 1083 1053 1108 iniust.

213 1129 281 1161 rupt.
306 1124 347 1149 ⁸28.
371 1124 395 1149 3.
437 1123 532 1151 Heres.
557 1123 599 1149 vel
624 1123 769 1160 legitimus,
795 1124 837 1150 vel
858 1124 957 1150 electus
978 1129 1054 1151 testa-

212 1171 298 1192 mento
322 1165 444 1201 graduve.
470 1166 519 1192 Th.
547 1166 577 1192 C.
602 1166 658 1192 XII.
686 1168 706 1192 l.
738 1177 759 1192 c.
786 1168 843 1193 107.
868 1167 900 1193 de
920 1167 1052 1193 docui-ion.

211 1208 330 1235 Intestati
350 1208 426 1234 datur
445 1209 475 1234 Β.
496 1208 524 1235 P.
544 1219 591 1246 per
611 1208 658 1235 VII
678 1209 781 1245 gradus.
811 1209 872 1247 le.
892 1210 1012 1236 XXVIII.
1029 1213 1051 1236 7.

212 1251 242 1278 cf.
264 1253 303 1277 ll.
325 1250 381 1277 Gai.
401 1251 443 1277 111.
463 1254 504 1278 27.
525 1262 584 1289 sqq.
605 1252 634 1278 l'r.
657 1254 678 1278 l.
698 1263 738 1289 pr.
765 1252 816 1288 Qu.
843 1253 908 1279 ordo
928 1254 953 1279 in
973 1253 1003 1279 B.
1023 1253 1051 1280 P.

209 1295 251 1320 38.
274 1296 313 1320 15.
342 1310 374 1313 —
403 1294 434 1327 δ.
459 1296 497 1321 4.
519 1296 652 1321 Classes
675 1298 841 1329 singulae,
864 1299 910 1322 vel
928 1298 1053 1322 numeri

209 1339 416 1372 singulorum
437 1339 598 1370 ordinum,
619 1340 651 1364 in
670 1340 758 1364 serie
777 1346 998 1374 cognatorum.
1019 1339 1049 1365 II.

211 1381 278 1413 ⁰1).
299 1379 429 1405 Omnibus
449 1379 535 1407 simul.
556 1396 587 1399 -
607 1379 663 1411 His,
684 1382 727 1417 qui
747 1383 867 1417 proximo
881 1381 961 1418 gradu
981 1387 1050 1413 sunt,

210 1422 284 1456 (dare
304 1422 495 1454 hereditatem.)
521 1423 577 1448 Gai.
598 1422 639 1448 111.
662 1425 700 1449 11.
726 1424 757 1449 cl‘.
778 1424 795 1450 I.
819 1426 875 1451 164.
897 1425 945 1451 Th.
967 1425 997 1451 C.
1018 1424 1049 1452 V.

210 1467 233 1492 1.
253 1476 274 1491 c.
296 1467 318 1491 l.
338 1465 370 1491 de
390 1465 459 1501 legit.
480 1465 590 1492 heredit.
628 1465 717 1497 Prior,
738 1483 769 1486 -—
790 1467 924 1493 Inferioris
944 1468 1049 1502 gradus,

209 1508 368 1544 (cognatus.)
390 1508 420 1534 fr.
440 1511 464 1535 2.
486 1508 518 1534 de
537 1518 606 1534 succ.
627 1508 704 1535 edict.
724 1511 765 1536 38.
787 1512 810 1536 9.
843 1510 885 1537 111.
901 1512 966 1538 Cn.
987 1511 1050 1537 Gra-

209 1550 257 1577 dus
278 1554 326 1584 (sc.
340 1552 515 1587 cognationis)
535 1551 598 1577 dicti
618 1557 706 1578 sunta
721 1553 893 1580 similitudine
912 1554 1048 1580 scalarum.

209 1593 239 1619 fr.
261 1596 299 1620 10.
321 1594 386 1627 5.1.
407 1594 439 1620 de
459 1594 528 1630 grad.
549 1594 720 1621 otacilio-315.
738 1598 775 1622 10.
813 1596 904 1623 Potior
918 1598 976 1633 quis
991 1607 1049 1623 esse

209 1636 295 1667 debet,
315 1647 366 1663 non
387 1636 472 1663 solum
492 1636 572 1673 gradu
591 1639 710 1673 generis.
734 1639 781 1665 sed
801 1644 826 1665 et
845 1640 992 1666 substantia
1011 1641 1049 1667 rei

209 1678 349 1705 familiaris.
374 1679 446 1705 Paul.
471 1679 500 1705 II.
521 1681 562 1705 28.
583 1681 603 1713 5.
624 1682 647 1706 2.
686 1681 802 1709 Gradum
822 1683 923 1711 dicere.
943 1683 985 1709 vel
1005 1693 1048 1709 no-

209 1732 267 1747 men
292 1722 408 1758 collegii.
433 1738 464 1741 ——
490 1727 515 1749 et
539 1723 579 1748 ius
604 1725 767 1759 cognationis
788 1727 942 1762 exprimere.
963 1726 1046 1752 vatic.

208 1765 230 1797 5.
249 1766 308 1790 210.
345 1764 374 1790 Si
394 1766 428 1792 iS.
454 1766 497 1801 qui
522 1767 548 1791 in
572 1776 602 1791 eo
622 1766 702 1801 gradu
722 1772 775 1799 est.
804 1769 830 1794 in
855 1773 986 1805 potestate
1005 1769 1047 1794 ha-

207 1806 267 1832 beat
287 1817 352 1834 cum.
374 1808 416 1843 qui
436 1808 498 1833 mihi
519 1807 637 1844 longiore
663 1810 744 1845 gradu
764 1811 806 1836 sit.
831 1810 867 1837 Ib.
893 1811 915 1844 5.
934 1813 993 1838 301.
1014 1812 1045 1837 cf.

208 1849 264 1875 Gai.
285 1849 326 1875 III.
346 1851 387 1875 27.
425 1850 552 1886 Adgnatis
578 1851 694 1878 defertur
718 1852 863 1883 hereditaS.
889 1859 968 1890 prout
988 1856 1046 1891 quis
1068 1845 1070 1861 l

208 1891 317 1918 alterum
348 1892 427 1927 gradu
462 1895 646 1930 praecesserit.
698 1895 802 1930 Quodsi
833 1895 922 1932 plures
955 1897 1046 1923 eodem

204 1934 285 1970 gradu
305 1936 467 1967 consistunt,
488 1936 579 1969 (simul
599 1937 792 1969 admittuntur.)
813 1937 884 1965 Paul.
910 1939 952 1966 IV.
979 1943 1002 1966 8.
1023 1941 1044 1974 5.

207 1979 246 2003 17.
270 1976 329 2014 le.
355 1978 452 2004 XXVI.
482 1981 505 2004 5.

207 2019 242 2046 du
262 2030 380 2056 quaeque
399 2031 511 2058 persona
537 2023 578 2048 sit.
601 2022 629 2049 l'r.
659 2025 696 2050 10.
718 2024 738 2057 5.
762 2026 784 2050 9.
812 2024 843 2050 (18
868 2025 937 2060 grad.
959 2031 984 2052 et
1003 2026 1045 2052 ad-

205 2062 248 2089 fin.
268 2065 309 2089 38.
331 2065 370 2089 1⁰.
413 2064 537 2101 Quinque
560 2065 654 2101 gradus
679 2066 750 2103 pleni
775 2069 878 2104 excepti
903 2074 964 2095 sunt
988 2073 1043 2101 (sc.

204 2104 261 2141 lege
292 2105 416 2137 Cincin.)
452 2112 478 2133 et
510 2118 541 2134 ex
566 2113 640 2134 sexto
672 2119 721 2135 una
752 2120 872 2146 persona.
905 2110 989 2138 Vatic.
1022 2113 1043 2146 5.

204 2149 264 2174 299.
284 2148 315 2174 cf.
334 2150 371 2182 55.
390 2151 449 2176 ⁶298.
465 2152 522 2176 301.
561 2150 634 2177 Vltra
656 2154 908 2188 consanguineorum
928 2154 1041 2190 gradum.

553 1981 666 2014 Quoties
693 1982 842 2017 quaeritur.
870 1988 967 2018 quanto
991 1994 1046 2019 gra·
1067 2014 1068 2029 χ

205 2190 262 2215 Gai.
281 2190 322 2217 III.
344 2193 382 2217 14.
408 2191 468 2229 le.
493 2192 590 2219 XXVI.
615 2195 638 2219 6.
677 2195 729 2230 Qui
756 2196 781 2221 in
800 2200 933 2232 potestate
951 2207 1042 2234 paren-

206 2232 268 2258 tium
288 2238 360 2264 sunt.
384 2235 441 2261 sive
463 2237 575 2272 primum
599 2237 706 2272 gradum
731 2237 873 2264 liberorum
898 2239 1041 2271 obtineant.

206 2290 236 2293 —
256 2275 312 2300 sive
331 2276 485 2304 inferiorem.
518 2278 575 2305 Gai.
596 2279 612 2305 l.
632 2281 673 2305 99.
711 2280 765 2315 Qui
784 2291 816 2306 ex
835 2281 916 2317 gradu
935 2282 1042 2309 adscen-

205 2316 329 2343 dentiuln.
349 2318 391 2344 vel
409 2319 632 2351 descendentium.
653 2324 773 2355 (uxorem
793 2323 938 2356 duxerint.)
959 2325 988 2351 fr.
999 2327 1040 2352 (is.

204 2358 236 2385 de
255 2358 285 2385 R.
306 2359 337 2385 N.
357 2362 398 2386 23.
417 2364 440 2388 2.
477 2363 588 2400 Cognati
609 2376 641 2391 ex
660 2370 811 2392 transverso
826 2367 914 2402 gradu.
937 2367 1040 2405 le.V.
1063 2371 1064 2385 ἢ

203 2403 226 2427 5.
247 2401 303 2428 Gai.
324 2402 342 2428 1.
363 2404 404 2428 60.

240 2445 398 2471 Graece·
419 2446 530 2480 (Advb.)
554 2451 686 2483 Lingua
703 2462 825 2485 graeca
844 2463 1039 2486 eoepressnm.

203 2486 220 2512 1.
242 2487 302 2520 Sy.
323 2486 438 2514 Graecus
458 2498 550 2516 serum.
570 2491 629 2519 Vox
649 2503 747 2529 graeca.
769 2494 825 2521 Gai.
841 2495 882 2521 III.
898 2498 938 2522 93.
954 2495 1038 2523 Verba
1062 2499 1063 2502 ’

201 2539 298 2563 ⁴graeca.
330 2529 396 2556 NOV.
417 2530 466 2557 Th.
486 2531 515 2557 11.
536 2532 568 2558 de
586 2539 686 2562 testam.
707 2536 725 2562 1.
748 2539 785 2563 16.
807 2548 827 2563 c.
851 2540 871 2564 l.
892 2539 913 2572 5
934 2540 957 2565 S.
995 2539 1037 2565 III.
1061 2534 1063 2552 J

202 2573 267 2599 (7η.
305 2571 333 2597 Si
362 2574 420 2608 quis
449 2573 528 2600 latine
555 2576 765 2613 interrogaverit,
796 2581 988 2617 respondeatur
1016 2554 1062 2617 eil

200 2624 299 2650 graece.
325 2614 354 2640 sr.
382 2617 404 2641 1.
425 2616 445 2649 5.
465 2617 489 2642 6.
509 2616 541 2643 (18
561 2617 592 2644 ν,
612 2619 644 2645 Ο.
664 2623 704 2647 45.
726 2624 748 2648 1.
792 2623 892 2650 Graece
912 2625 1038 2661 scripturn
1060 2644 1061 2667 ¹

200 2655 468 2690 (fideicommissum.)
489 2658 548 2696 le.
568 2661 652 2687 XXV.
673 2664 696 2688 9.
716 2664 771 2690 Gai.
793 2665 822 2691 11.
843 2668 902 2692 ¹281.
935 2667 979 2692 Gr.
1000 2677 1038 2693 re·
1060 2674 1061 2692 1

201 2700 308 2736 scripsit
328 2699 379 2731 (ad
398 2700 536 2737 epistolam
560 2703 803 2740 Antiochensium.)
823 2708 854 2734 fr.
873 2711 897 2735 3.
918 2708 950 2735 de
970 2715 1036 2736 cust.
1059 2700 1061 2754 i

200 2746 226 2768 et
244 2741 302 2768 exh.
323 2743 364 2768 48.
383 2744 407 2768 3.

234 2785 410 2812 Graecia·
446 2788 600 2821 Europae
628 2791 735 2824 regio,
760 2793 915 2821 Achaiam
942 2805 1034 2829 prae-

1103 264 1209 296 Romae,
1229 274 1276 291 seu
1296 266 1417 301 antiquae
1437 266 1570 297 Graeciae,
1591 268 1639 298 (sc.
1651 266 1799 291 certaminis
1814 266 1881 291 sacri
1895 275 1944 290 mc-

1103 308 1153 332 rito
1173 308 1317 340 coronati.)
1338 318 1358 333 c.
1383 309 1404 334 l.
1429 308 1460 334 de
1485 308 1574 334 athlet.
1600 309 1639 333 10.
1662 309 1703 333 53.
1741 309 1814 343 Quas
1835 307 1943 334 Graecia

1103 349 1219 386 adpellat
1242 353 1384 384 ἐπιδημίας.
1411 350 1440 377 sr.
1466 353 1489 377 4.
1519 352 1540 385 5.
1564 353 1587 377 5.
1613 350 1645 377 de
1668 350 1711 376 off.
1737 349 1812 376 Proc.
1837 354 1862 376 et
1880 349 1942 385 Leg.

1104 393 1126 417 l.
1152 394 1190 418 16.

1138 443 1387 469 Graecianus.

1138 493 1350 520 Graecitas.
1388 494 1519 527 Lingua
1541 496 1673 520 Graeca.
1712 493 1742 520 II.
1763 495 1830 528 ΟΡ.
1849 493 1942 519 Roma-

1102 545 1149 561 nae
1169 535 1334 572 eloquentiae
1353 535 1479 562 doctrina.
1504 551 1536 554 —
1561 535 1692 562 Facundia
1711 537 1867 573 graecitatis
1891 536 1940 562 Th.

1102 577 1132 604 C.
1152 577 1223 604 XIV.
1243 580 1266 604 9.
1287 588 1308 604 c.
1328 579 1352 604 3.
1372 578 1394 611 5.
1416 579 1437 604 l.
1458 577 1490 604 de
1509 578 1578 605 stud.
1598 578 1698 605 liberal.
1719 580 1775 606 urb.
1795 579 1870 606 Rom.

1138 629 1320 655 Graecus.
1364 630 1412 655 Ad
1434 631 1604 656 Graeciam
1627 632 1803 664 pertinens.
1840 629 1859 656 I.
1878 631 1941 664 Sy.

1102 670 1218 697 Graecia.
1239 672 1341 697 Graeci.
1361 671 1391 697 I‘r.
1411 673 1435 698 4.
1455 672 1477 705 5.
1500 674 1521 697 1.
1542 671 1574 698 dc
1594 671 1618 698 h.
1639 682 1681 709 qu.
1702 677 1755 699 not.
1775 672 1861 699 infam.
1880 674 1904 698 3.
1915 675 1940 698 2.

1102 713 1133 739 ct'.
1154 713 1184 740 fr.
1205 716 1228 740 4.
1249 715 1270 748 5.
1291 717 1314 740 5.
1335 714 1367 740 de
1387 714 1430 740 oll'.
1451 714 1525 741 Proc.
1546 719 1572 740 et
1590 714 1652 751 Leg.
1668 717 1690 741 l.
1704 717 1742 741 16.
1779 716 1882 742 Atticae
1896 715 1941 742 do-

1102 758 1208 789 ctrinae,
1228 756 1345 784 Graecus
1365 758 1580 793 (grammaticus)
1606 757 1655 784 Th.
1676 758 1706 784 C.
1725 757 1793 784 XIII.
1813 761 1837 784 3.
1857 768 1878 785 c.
1899 760 1939 784 11.

1102 799 1134 825 de
1159 799 1252 826 medic.
1279 805 1304 826 et
1327 801 1394 837 pros.
1432 800 1474 826 III.
1500 802 1566 828 Gn.
1597 800 1738 833 Maximus,
1762 811 1786 827 v.
1808 802 1939 833 Summus,

1101 842 1171 879 apud
1191 842 1307 868 Graecos
1328 848 1434 875 (orator
1453 844 1519 877 etc.)
1545 844 1575 870 fr.
1601 845 1640 870 16.
1665 845 1686 878 5.
1707 845 1730 870 6.
1751 844 1783 870 de
1802 855 1878 882 poen.
1898 846 1939 870 48.

1102 887 1142 911 19.
1162 885 1193 911 sr.
1212 886 1271 911 236.
1292 895 1329 922 pr.
1351 885 1382 911 de
1402 885 1433 912 V.
1453 886 1480 912 S.
1501 888 1542 912 50.
1563 888 1603 912 16.
1647 887 1727 922 Quod
1747 887 1840 914 Graeci
1859 889 1939 919 aiunt,

1100 938 1124 954 v.
1144 932 1248 954 vocant.
1269 928 1298 954 l'r.
1319 930 1342 954 3.
1372 928 1392 961 5.
1413 930 1436 954 6.
1461 929 1494 955 de
1517 929 1619 957 incend.
1644 931 1725 956 ruina.
1750 932 1791 957 47.
1812 934 1835 957 9.
1856 930 1888 957 cf.
1908 931 1938 956 fr.

1099 973 1141 996 35.
1162 971 1228 1004 5.1.
1249 970 1281 996 de
1300 981 1332 997 m.
1353 982 1374 997 c.
1395 971 1455 998 don.
1475 973 1516 997 39.
1536 974 1559 998 6.
1580 972 1610 998 t'r.
1631 975 1654 999 5.
1675 973 1734 1006 5.1.
1754 973 1785 1000 sr.
1801 975 1840 1000 19.
1860 973 1893 1000 de
1908 973 1938 999 V.

1100 1014 1127 1040 S.
1149 1017 1189 1040 50.
1211 1015 1251 1040 16.
1289 1013 1331 1040 Ad
1344 1024 1461 1050 graecam
1480 1024 1570 1041 vocem
1590 1026 1753 1053 expressum.
1774 1016 1830 1043 Gai.
1842 1016 1883 1043 111.
1897 1018 1938 1043 93.

1100 1056 1209 1083 Graecis
1230 1057 1317 1083 verbis
1338 1057 1398 1083 dare
1418 1058 1591 1093 <cognitorem
1611 1060 1672 1091 etc.)
1694 1058 1776 1085 vatic.
1797 1060 1818 1093 5.
1833 1061 1891 1086 319.
1907 1059 1937 1086 fr.

1099 1101 1139 1125 46.
1160 1100 1181 1133 5.
1201 1102 1226 1126 3.
1246 1099 1279 1126 dc
1303 1100 1389 1126 tideic.
1414 1100 1477 1126 libb.
1502 1102 1543 1127 40.
1563 1103 1586 1127 5.
1625 1102 1753 1128 Civitates
1772 1112 1887 1138 graecae.
1907 1103 1937 1129 l'r.

1097 1145 1123 1169 2:
1142 1143 1163 1176 ᾗ.
1184 1144 1207 1168 4.
1228 1142 1260 1169 «le
1281 1144 1313 1168 o.
1334 1143 1351 1169 1.
1374 1145 1395 1169 1.
1415 1146 1439 1169 2.

1133 1195 1314 1221 Gramen.
1346 1196 1458 1221 Herba.
1490 1194 1532 1220 III.
1550 1196 1615 1222 011.
1636 1194 1730 1221 Noxiis
1750 1198 1866 1232 quaesita
1882 1207 1937 1233 gra-

1096 1237 1219 1269 minibus,
1240 1242 1265 1263 et
1285 1236 1349 1262 diris
1368 1238 1561 1263 inuam-murata
1581 1239 1709 1270 secretis,
1734 1240 1844 1271 (venena
1870 1250 1937 1266 com-

1096 1280 1217 1317 ponere.)
1238 1279 1288 1306 Th.
1309 1279 1339 1306 C.
1360 1279 1404 1306 IX.
1424 1283 1465 1307 35.
1486 1291 1507 1307 c.
1528 1283 1551 1307 6.
1572 1281 1604 1307 (18
1623 1280 1722 1317 indulg.
1743 1283 1814 1308 crim.

1426 442 1467 468 (js.
1488 453 1512 468 v.
1533 442 1682 469 Gratianus.

1132 1335 1405 1361 Grammatiea.
1447 1337 1508 1362 Ars
1536 1339 1699 1363 emendate
1727 1339 1881 1372 loquendi
1907 1344 1938 1363 et

1096 1379 1263 1404 scribendi.
1284 1377 1325 1403 III.
1340 1379 1406 1405 (1η.
1425 1378 1486 1404 Duo
1506 1380 1660 1405 societatem
1674 1381 1801 1412 coierunt,
1815 1385 1843 1406 ut
1856 1390 1937 1417 gram-

1095 1421 1214 1446 maticam
1234 1420 1366 1447 docerent.
1387 1421 1417 1447 t'r.
1438 1423 1478 1447 71.
1499 1431 1538 1458 pr.
1558 1432 1607 1459 pro
1628 1433 1682 1449 soc.
1704 1425 1743 1449 17.
1763 1427 1787 1449 2.

1131 1464 1424 1490 Grammaticus.
1463 1467 1707 1492 Grammalieae
1726 1469 1860 1500 peritus.
1892 1466 1935 1493 Π1.

1096 1508 1161 1533 Cn.
1186 1505 1406 1543 Praeceptoribns
1432 1511 1529 1533 tantum
1558 1508 1705 1534 studiorum
1732 1509 1879 1535 liberalium
1903 1525 1935 1529 —

1095 1550 1214 1575 rhetores
1239 1550 1457 1581 continebuntur,
1482 1552 1656 1586 grammatici,
1681 1556 1834 1587 geometrae.
1859 1552 1890 1578 t'r.
1912 1555 1934 1578 1.

1093 1602 1133 1629 pr.
1154 1592 1186 1618 de
1206 1597 1271 1618 extr.
1293 1602 1366 1628 cogn.
1386 1595 1427 1619 50,
1454 1595 1493 1619 13.
1522 1593 1554 1619 cs.
1578 1593 1658 1620 Vatic.
1683 1595 1704 1627 5.
1726 1597 1784 1621 149.
1803 1595 1833 1621 fr.
1853 1596 1876 1621 6.
1896 1596 1933 1629 55.

1095 1638 1117 1661 1.
1142 1645 1202 1671 sqq.
1228 1634 1260 1661 de
1285 1641 1413 1662 excusatt.
1439 1638 1480 1662 27.
1508 1639 1528 1662 1.
1571 1636 1703 1664 Rhetores
1723 1642 1748 1663 et
1766 1639 1933 1674 grammatici‚

1094 1679 1188 1704 atticae
1207 1688 1381 1715 romanaeque
1401 1679 1544 1705 doctrinae.
1564 1679 1614 1706 Th.
1635 1680 1665 1706 C.
1678 1680 1784 1707 X111.3.
1805 1691 1825 1707 c.
1842 1683 1880 1707 ll.
1902 1680 1934 1707 de

1093 1721 1186 1747 medlo.
1208 1726 1234 1746 et
1252 1721 1319 1758 prof.
1340 1721 1373 1748 cl‘.
1399 1721 1441 1747 Vl.
1461 1724 1502 1748 221.
1524 1732 1544 1748 c.
1571 1725 1593 1748 1.
1619 1722 1651 1749 de
1671 1723 1746 1749 Com.
1767 1734 1810 1760 qu.
1830 1725 1856 1750 in
1876 1724 1932 1750 urb.

1093 1763 1187 1789 Const.
1208 1764 1376 1790 Grannnatici
1395 1763 1522 1790 homines.
1545 1775 1565 1791 c.
1588 1767 1610 1791 1.
1631 1766 1653 1799 5.
1673 1770 1696 1792 δ’.
1717 1766 1749 1792 de
1769 1767 1812 1793 off.
1826 1766 1878 1793 Prs.
1890 1767 1931 1794 Pr.

1091 1806 1147 1832 Afr.
1170 1807 1191 1831 1.
1211 1808 1252 1832 27.

1128 1850 1580 1883 Grammatophylaeium.
1626 1854 1847 1880 Tabularium.
1888 1853 1930 1880 111.

1092 1893 1158 1919 Gn.
1183 1891 1222 1917 Ne
1247 1902 1277 1918 eo
1297 1891 1349 1918 lori
1368 1893 1489 1925 sedeant⁷
1514 1904 1566 1930 quo
1586 1895 1612 1920 iu
1631 1895 1738 1932 publico
1759 1897 1931 1923 instrumenta

1092 1934 1267 1971 deponuntur,
1288 1935 1376 1961 archio
1397 1936 1476 1969 sorte,
1501 1937 1542 1963 vel
1561 1938 1836 1976 grammatophylacio.
1855 1940 1885 1966 sr.
1905 1942 1929 1967 9.

1068 1991 1069 1998 κ
1090 1978 1112 2011 5.
1132 1980 1155 2003 6.
1177 1977 1209 2003 (18
1228 1988 1305 2014 poen.
1326 1981 1366 2005 48.
1390 1981 1428 2004 19.

1127 2022 1372 2048 Granariuln.
1410 2024 1580 2049 Frumenti
1598 2027 1762 2058 apotheca.
1800 2025 1842 2051 III.
1864 2027 1929 2053 Cn.

1090 2063 1224 2095 Granaria.
1245 2065 1305 2100 quia
1324 2065 1349 2090 in
1369 2064 1409 2090 his
1429 2065 1529 2091 fructus
1551 2067 1743 2093 custodiuntur.
1763 2069 1848 2094 11:12.
1869 2069 1928 2102 5.1.

1089 2105 1121 2132 de
1141 2107 1216 2132 instr.
1236 2106 1285 2142 leg.
1305 2110 1346 2133 33.
1368 2109 1390 2134 7.
1411 2108 1442 2134 cl'.
1463 2108 1492 2134 I'r.
1515 2111 1553 2135 15.
1573 2120 1611 2146 pr.
1633 2110 1665 2136 dc
1684 2110 1717 2136 A.
1735 2111 1765 2137 E.
1788 2110 1817 2137 V.
1838 2113 1878 2138 19.
1896 2114 1916 2137 1.

1124 2150 1388 2177 Grandaevus.
1427 2151 1564 2185 (Adiect.)
1610 2155 1679 2179 Iam
1711 2156 1742 2179 in
1771 2161 1927 2188 provecta

1087 2199 1198 2219 aetate
1217 2195 1427 2220 constitutus.
1483 2194 1526 2220 111.
1551 2196 1616 2222 Cn.
1642 2196 1671 2221 si
1690 2196 1806 2223 infractis
1827 2198 1927 2224 viribus

1087 2234 1258 2271 grandaevam
1288 2236 1405 2272 proferat
1434 2242 1602 2264 senectutem.

1642 2238 1691 2265 Th.
1718 2239 1748 2265 C.
1774 2240 1830 2266 XII.
1857 2243 1878 2266 1.
1904 2251 1924 2266 c.

1064 2281 1065 2291 ¹
1087 2279 1128 2304 83.
1153 2278 1186 2304 de
1205 2278 1338 2305 decuriou.
1360 2279 1401 2305 Cf.
1424 2279 1479 2305 111.
1499 2282 1540 2306 22.
1561 2291 1581 2306 c.
1604 2283 1626 2307 7.
1648 2281 1680 2307 (18
1699 2282 1736 2308 til.
1756 2283 1858 2309 militar.

1122 2322 1299 2348 Grandis.
1337 2322 1466 2355 (Adieet.)
1504 2324 1534 2355 §-
1557 2325 1590 2350 1.
1613 2326 1766 2360 Magnus,
1786 2328 1923 2360 Largus.

1086 2362 1104 2388 1.
1118 2365 1179 2397 ›Sy-
1200 2363 1295 2396 Grave,
1316 2364 1421 2391 Grande
1442 2365 1584 2398 (damnum,
1606 2377 1629 2393 v.
1650 2378 1692 2393 aes
1707 2368 1838 2399 alienum.)
1859 2369 1922 2395 1129.

1085 2416 1124 2442 pr.
1146 2407 1176 2432 t'r.
1197 2408 1237 2433 11.
1258 2408 1279 2441 5.
1299 2410 1322 2433 5.
1343 2408 1375 2434 de
1396 2410 1488 2435 minor.
1508 2412 1531 2435 4.
1552 2411 1575 2436 4.
1604 2410 1645 2436 111,
1661 2412 1725 2438 Cn.
1745 2410 1808 2436 Puta
1828 2410 1924 2437 saltum

1062 2441 1063 2487 i
1085 2449 1208 2484 grandem
1228 2451 1332 2487 pignori
1352 2450 1447 2477 datum.
1469 2452 1497 2478 l'r.
1518 2455 1558 2478 25.
1579 2453 1610 2479 de
1629 2454 1697 2489 pign.
1719 2458 1766 2478 act.
1788 2455 1827 2479 13.
1843 2455 1865 2479 7.
1894 2455 1923 2480 Si

1085 2491 1195 2528 grandes
1216 2493 1323 2519 arbores
1348 2499 1449 2526 essent,
1477 2498 1545 2528 (non
1569 2505 1649 2532 posse
1672 2505 1714 2520 eas
1739 2495 1867 2530 caedere.)
1893 2497 1922 2523 fr.

1086 2537 1125 2560 11.
1146 2535 1178 2561 de
1198 2535 1279 2562 usufr.
1301 2538 1323 2562 7.
1340 2538 1361 2562 1.
1399 2537 1441 2564 Ad
1460 2537 1675 2564 remunerandum
1695 2541 1745 2563 tam
1764 2539 1861 2574 grande
1880 2540 1923 2567 be-

1085 2578 1213 2604 neficium.
1234 2579 1264 2604 fr.
1280 2580 1302 2604 1.
1323 2589 1361 2616 pr.
1376 2579 1408 2606 de
1428 2580 1487 2607 bon.
1504 2581 1588 2606 libert.
1602 2582 1642 2605 3³5.
1657 2582 1680 2605 Z.
1718 2580 1836 2608 Alterius
1849 2592 1922 2619 gran-

1084 2620 1124 2646 dis
1145 2621 1275 2647 commodi
1294 2623 1415 2659 captandi
1435 2624 1523 2659 gratia,
1543 2622 1569 2648 id
1589 2632 1662 2658 agere
1681 2627 1729 2649 etc.
1750 2623 1780 2650 fr.
1794 2626 1818 2651 4.
1833 2636 1865 2652 ex
1879 2637 1922 2662 qu.

1084 2673 1104 2689 c.
1125 2665 1182 2690 mai.
1203 2666 1226 2690 4.
1247 2666 1270 2691 6.
1293 2681 1322 2685 —
1343 2666 1374 2699 ξ.
1393 2668 1427 2692 2.
1448 2668 1631 2692 Proser-ens.
1669 2665 1699 2692 11.
1716 2668 1782 2700 011.
1802 2667 1920 2695 'seuerae

1082 2708 1181 2733 aetatis.
1203 2723 1235 2726 —
1256 2707 1369 2734 Grandis
1390 2714 1457 2734 natu.
1478 2707 1508 2733 sr.
1530 2710 1569 2734 11.
1590 2712 1622 2734 (18
1642 2705 1828 2738 decur1011.50.
1843 2715 1866 2738 2.
1888 2712 1918 2739 cf.

1059 2755 1060 2766 π
1082 2750 1112 2776 tr.
1132 2753 1155 2776 2.
1176 2751 1197 2784 §⁴
1218 2753 1258 2777 47.
1280 2752 1312 2778 de
1331 2752 1363 2778 ο.
1384 2751 1401 2777 1.
1423 2753 1444 2776 1.
1465 2754 1487 2778 2.

1117 2794 1285 2823 Grande).
1324 2799 1426 2823 Gutta
1446 2806 1563 2831 aquae,
1588 2799 1620 2823 in
1643 2802 1717 2826 affre
1736 2803 1915 2834 congelata.
