2197 3121
1049 162 1146 192 RET.

220 246 284 271 retis
305 254 401 276 emerO,
421 250 446 271 et
466 246 561 272 iactare
581 249 636 271 rete
656 243 703 279 [al.
718 242 814 278 retem]
835 243 952 280 piscator
971 243 1063 270 noluit.

219 288 250 314 fr.
272 289 311 314 12.
333 287 364 314 ef.
389 287 420 314 fr.
442 289 481 314 11.
507 288 528 321 ξ.
550 288 590 313 18.
615 287 648 313 de
668 287 699 313 A.
719 289 748 313 E.
768 285 799 312 v.
822 287 860 312 19.
882 287 904 312 1.
926 303 955 306 -
977 287 1008 320 ς.
1027 288 1062 312 2.

220 333 328 361 Retia.
348 333 365 357 i.
384 341 404 357 e.
425 332 580 357 Insidiae.
617 329 659 355 111.
675 330 741 356 Gn.
761 329 892 365 Antiquae
905 329 1064 355 iurisdictio·

219 374 260 399 nis
280 374 345 399 retia
369 378 394 399 et
418 372 590 400 difficillimos
614 371 699 398 nodos
723 371 895 398 resolventes.
920 381 941 397 c.
961 373 1002 398 23.
1022 382 1062 409 pr.

219 415 251 442 ad
271 416 298 442 S.
309 415 339 442 C.
359 415 427 442 Vell.
445 417 469 442 4.
488 417 530 442 29.

255 459 488 486 Retendere.
508 460 607 485 Retro
627 460 767 490 tendere,
787 459 947 484 Recedere.
968 456 986 483 I.
999 458 1061 491 Sy.
1083 477 1085 496 .

1084 497 1085 503 ¹
1106 503 1130 526 5.
1168 501 1210 527 III.
1231 503 1296 529 Gn.
1316 501 1473 528 Adulterum
1493 502 1686 539 deprehensum
1704 504 1756 530 XX
1774 504 1846 530 horis
1859 517 1890 522 —-
1912 513 1951 529 re-

218 500 332 528 Cessare
356 502 597 534 (exsecutionem.)
628 499 741 527 Retendi
762 499 815 535 [al.
835 499 962 534 Recedi]
987 499 1017 526 fr.
1037 502 1061 526 4.

218 545 240 577 ς’.
260 546 284 570 4.
305 543 337 570 de
356 553 384 570 re
403 543 455 570 iud.
476 545 517 569 42.
539 545 561 569 1.

254 587 480 614 Retentare.
500 587 531 620 ξ.
546 587 580 614 l.
602 588 766 617 Retinere,
788 586 947 612 Detinere.
968 585 986 612 I.
998 587 1061 620 Sy.

218 629 350 656 Retinere.
371 628 420 655 Th.
437 628 467 655 C.
483 628 514 655 V.
531 630 569 655 13.
590 639 611 655 c.
633 631 672 655 15.
693 627 796 660 (ch.)
816 626 883 654 VIII.
904 629 927 654 4.
948 639 969 655 c.
990 631 1013 654 7.
1030 628 1061 654 de

218 670 346 698 cohortal.
367 671 425 697 XII.
445 673 470 698 8.
495 682 516 698 c.
538 673 560 698 l.
586 671 618 698 de
642 672 697 698 auri
720 670 781 708 pub.
801 680 904 707 prosec.
942 671 972 697 II.
995 673 1061 705 Op.

215 714 358 741 Abducere
377 716 415 747 (et
434 715 461 740 in
481 714 622 751 longinqua
641 713 804 746 transferre.)
824 713 860 739 lb.
880 713 939 740 XV.
958 715 981 740 7.
1003 724 1022 739 c.
1037 716 1062 740 5.

215 757 249 783 de
267 758 378 783 seaenic.
416 757 459 783 111.
477 759 543 785 οη.
564 758 617 793 Qui
637 757 766 783 linteones
787 761 916 782 retentare
930 756 1060 788 dicuntur⁷
1082 788 1083 791 Ἴ

215 800 330 836 antiquis
350 809 395 826 eos
416 800 613 827 conditionibus
633 799 750 826 reddant.
770 799 808 825 111.
828 799 860 825 Χ.
880 801 922 825 20.
943 809 964 825 c.
984 800 1008 825 8.
1028 799 1061 825 de
1081 794 1083 807 ⁴

214 842 331 879 murileg.
358 842 399 869 Cf.
419 842 465 869 XI.
487 845 509 868 l.
534 853 555 869 c.
577 845 615 869 12.
636 842 668 869 de
687 852 745 868 ann.
766 847 792 868 et
811 841 900 868 tribut.
921 857 953 861 —
973 842 1003 875 §.
1024 843 1060 868 2.
1081 851 1082 855 ¹

214 887 370 920 Adigere,
399 887 623 921 Aristi-ingere.
665 885 707 911 III.
732 886 798 912 Gn.
827 884 869 910 Ad
897 884 1059 911 subeundam

213 938 324 965 poenam
345 944 375 949 —-
398 929 531 955 retentari.
563 928 599 954 lb.
619 927 674 954 VII.
696 929 736 954 18.
762 938 782 953 c.
805 929 844 953 14.
870 927 892 961 ᾗ.
912 929 936 952 2.
963 926 995 953 de
1015 926 1059 953 de-

212 976 307 997 sertor.
344 971 385 998 Ex
404 971 523 1008 quolibet
542 971 634 997 ordine
654 970 765 997 idoneos
780 970 856 997 faciat
870 971 1002 996 retentari.
1022 969 1058 996 Ib.

213 1013 254 1039 111,
277 1015 316 1040 17.
338 1024 359 1040 c.
379 1015 403 1040 3.
424 1024 462 1051 pr.
487 1013 519 1040 de
543 1018 590 1039 tut.
611 1019 637 1039 et
656 1024 709 1040 cur.
731 1024 766 1040 cr.
786 1030 818 1033 —
843 1014 874 1047 ᾖ.
893 1014 931 1040 3.
951 1015 1059 1039 Αὸεεί-
1080 1038 1082 1054 3

1080 1074 1082 1077 .
1103 1057 1119 1084 l.
1139 1059 1182 1084 35,
1201 1060 1225 1084 2.

212 1067 292 1083 uere.
329 1056 372 1082 111.
387 1058 452 1084 Cn.
471 1056 586 1082 Summis
601 1056 773 1092 dignitatibus
787 1072 819 1076 -
834 1056 884 1083 hoc
903 1057 1012 1088 servari,
1026 1072 1058 1075 —

213 1100 323 1126 caeteris
342 1099 374 1125 ab
394 1099 442 1125 hac
461 1098 566 1125 licentia
586 1100 731 1126 retentatis.
752 1099 789 1126 lb.
808 1100 841 1126 X.
863 1101 903 1126 10.
924 1110 945 1126 c.
965 1101 1006 1126 21.
1027 1099 1059 1125 de
1080 1090 1082 1129 ,Ι

212 1143 286 1179 petit.
308 1147 332 1168 et
354 1141 423 1168 ultro
444 1141 495 1168 dat.

248 1185 490 1211 Retentator.
528 1186 694 1212 Detentor.
732 1185 775 1211 III.
791 1187 857 1213 (711.
876 1185 993 1212 Heredes
1008 1186 1058 1217 sui,

211 1227 253 1254 vel
273 1232 386 1253 emtores
406 1226 524 1263 legitimi,
545 1229 608 1264 quin
629 1229 705 1254 etiam
725 1233 908 1255 retentatores.
928 1228 995 1254 Nov.
1008 1228 1057 1254 Th.

210 1269 240 1296 II.
259 1269 292 1296 de
310 1271 449 1307 patrimon.
470 1270 488 1297 I.
508 1272 533 1297 3.
555 1282 575 1298 c.
593 1273 615 1297 1.
636 1271 657 1305 ξ.
677 1273 701 1297 3.
740 1270 768 1297 111
788 1282 842 1297 rem
862 1273 991 1309 privatam
1011 1281 1057 1297 no-

209 1317 290 1339 stram
304 1328 336 1332 ——
356 1314 495 1345 invasisse,
516 1324 593 1350 quam
612 1324 661 1340 nos
681 1325 694 1340 a
714 1315 921 1341 retentatoribus
942 1319 1057 1351 ereptam

209 1360 258 1382 etc.
291 1355 341 1382 Th.
363 1355 394 1382 C.
414 1355 458 1382 IV.
478 1358 520 1382 22.
547 1368 568 1383 c.
587 1358 612 1384 3.
637 1357 707 1384 unde
730 1358 764 1383 vi.
789 1357 858 1384 XIII.
879 1359 918 1384 11.
939 1368 960 1384 c.
980 1359 1004 1384 S.
1024 1357 1057 1384 de

209 1400 331 1425 censitor.

244 1442 440 1469 Retentio.
469 1442 547 1476 §.1-
567 1444 667 1469 Actus
686 1445 866 1476 retinendi,
887 1445 1055 1470 Dedzzctio.

208 1484 226 1511 1.
251 1485 313 1519 Sy.
334 1484 461 1511 Detentio
481 1485 642 1520 (Quartae.)
664 1485 693 1512 fr.
713 1487 755 1512 58.
776 1487 812 1520 ἓξ.
832 1489 857 1513 2.
877 1497 917 1523 sq.
937 1486 969 1513 ad
989 1485 1054 1513 S.C.

207 1526 287 1554 Treb.
306 1528 348 1553 36.
370 1529 392 1554 l.
413 1538 434 1554 c.
457 1530 495 1554 13.
516 1527 549 1554 de
567 1527 598 1554 R.
619 1528 650 1555 C.
667 1530 691 1555 4.
712 1531 735 1555 1.
772 1529 903 1567 Exceptio
923 1529 1055 1562 (ususfr.)

207 1570 248 1597 Cf.
269 1569 294 1596 Il.
314 1580 337 1596 v.
357 1571 378 1604 §⁴
393 1571 417 1596 3.
446 1570 476 1596 11.
490 1572 556 1605 op.
576 1570 681 1598 penno.
703 1572 744 1598 Cf.
765 1572 788 1598 11.
802 1583 827 1599 v.
847 1573 869 1606 ξ.
883 1575 907 1599 2.
931 1572 974 1599 111.
988 1574 1054 1600 cn.
1076 1565 1078 1574 '

206 1612 344 1639 Adversus
357 1613 534 1640 vindicantem
548 1615 642 1640 iustam
657 1616 830 1641 retentionem
844 1615 948 1642 habere.
969 1616 1000 1642 t'r.
1012 1617 1053 1642 53.
1076 1639 1077 1643 .

207 1655 229 1688 ξ,
249 1657 273 1681 4.
293 1655 326 1681 de
344 1655 405 1682 furt.
425 1658 466 1682 47.
486 1659 510 1683 2.
548 1656 646 1683 Facere
669 1659 843 1684 retentionem
862 1659 990 1696 (propter
1010 1660 1054 1685 im-
1076 1671 1077 1694 j

207 1698 330 1735 pensas.)
354 1699 384 1725 t'r.
406 1700 445 1724 14.
466 1699 499 1726 de
518 1699 606 1726 donat.
625 1702 666 1726 39.
686 1703 710 1727 5.
747 1700 920 1727 Retentiones
941 1712 973 1728 ex
992 1701 1054 1727 dote
1075 1706 1076 1734 ζ

207 1741 275 1767 fiunt
293 1742 350 1775 (aut
367 1747 478 1778 propter
496 1742 604 1775 liberos,
623 1749 667 1770 aut
684 1749 795 1781 propter
808 1754 894 1770 mores
909 1745 971 1777 etc.)
991 1744 1052 1781 le.

207 1783 251 1810 VI.
271 1785 294 1810 9.
315 1794 372 1821 sqq.
401 1783 450 1811 Th.
472 1784 502 1811 C.
523 1785 565 1812 lII.
587 1788 626 1812 13.
647 1797 667 1813 c.
687 1789 711 1813 2.
732 1786 764 1813 de
784 1786 838 1813 dot.
858 1786 900 1813 III.
922 1788 961 1813 16.
989 1797 1009 1813 c.
1028 1789 1052 1813 2.

206 1827 228 1860 ς’.
243 1829 267 1852 2.
287 1826 320 1853 de
339 1827 431 1864 repud.
464 1827 493 1854 Si
513 1828 613 1865 aliquid
633 1828 724 1855 babuit
743 1830 768 1855 in
789 1829 902 1866 peculio,
922 1830 996 1856 cqus
1015 1839 1053 1856 re·
1074 1855 1075 1858 ,

206 1871 324 1895 tentione
344 1870 370 1896 id
390 1872 489 1897 servari
509 1876 606 1908 potest.
627 1872 656 1897 sr.
674 1873 712 1898 18.
733 1882 772 1908 sq.
794 1872 826 1898 de
846 1872 877 1898 N.
892 1872 924 1899 G.
937 1874 962 1899 3.
981 1875 1005 1899 5.
1020 1888 1051 1892 -·

205 1913 237 1946 §.
258 1914 293 1939 2.
315 1913 480 1940 Detentio.
517 1914 548 1940 11.
566 1916 633 1948 Op.
654 1914 803 1941 I'ossidere.
824 1931 856 1934 —
876 1915 1007 1942 Desinere
1025 1916 1052 1942 in

206 1956 354 1982 retentione
374 1955 418 1989 [al.
439 1955 612 1990 detentione]
634 1968 653 1984 c.
674 1959 716 1984 21.
737 1957 769 1984 de
789 1957 848 1984 furt.
868 1959 892 1984 6.
912 1960 936 1984 2.

240 2000 463 2026 Retentum.
483 1999 603 2033 (Partic.)
624 2000 665 2026 Cf.
685 2010 709 2027 v.
728 2000 862 2027 Retinere.
900 2003 1051 2033 Retenta,

204 2043 222 2067 i.
242 2052 262 2068 e.
286 2042 428 2068 Tributa
450 2044 584 2075 publica
609 2045 696 2070 insto
720 2050 861 2078 tempore
884 2054 944 2070 non
962 2054 1051 2071 exso-

204 2087 283 2111 luta.
321 2083 365 2110 III.
385 2085 452 2111 Gn.
477 2085 581 2120 Quodsi
606 2085 637 2112 ad
661 2096 710 2112 nos
734 2086 818 2123 aliqua
838 2087 871 2113 de
889 2089 1000 2114 retentis
1019 2087 1050 2113 ab

206 2126 388 2163 opinatoribus
413 2128 519 2164 querela
543 2130 701 2166 pervenerit.
733 2129 771 2156 lb.
790 2129 836 2156 XI.
861 2133 884 2157 7.
911 2141 932 2157 c.
954 2132 993 2157 16.
1019 2131 1051 2157 de

206 2171 334 2196 exactiori.

241 2212 433 2240 Beticfire.
472 2216 617 2241 Silentia
637 2218 828 2249 praeterire.
865 2216 884 2243 I.
898 2218 960 2252 Sy.
981 2217 1051 2244 Con-

206 2255 293 2280 tirere.
319 2254 359 2281 Cf.
379 2255 404 2282 11,
425 2267 449 2283 v.
487 2257 517 2283 II.
539 2259 606 2291 Op.
628 2257 811 2285 Pronunciare.
832 2259 862 2285 fr.
884 2262 905 2286 1.
925 2261 961 2294 ἕξ.
983 2262 1005 2287 1.
1025 2262 1049 2287 8.

206 2297 235 2323 t'r.
256 2299 279 2322 4.
299 2297 319 2330 ξ.
340 2298 364 2323 4.
384 2298 416 2325 de
435 2299 501 2326 Aed.
522 2300 600 2327 edict.
620 2303 661 2327 21.
684 2303 705 2327 l.
743 2301 786 2328 111.
806 2303 872 2329 Cn.
892 2303 934 2329 De
953 2303 1049 2339 quibus

206 2339 248 2366 lex
268 2345 357 2365 nostra
377 2343 522 2370 reticuerat.
544 2343 592 2370 Th.
614 2343 643 2369 C.
664 2343 722 2370 XV.
745 2346 784 2370 14.
805 2355 826 2371 c.
844 2347 882 2371 11.
903 2345 935 2371 de
955 2346 1048 2373 infirm.

205 2382 229 2408 11,
250 2392 291 2418 qu.
313 2392 333 2408 s.
354 2388 404 2418 tyr.

240 2426 474 2457 Reticulum,
496 2437 516 2453 S.
535 2429 749 2456 Reticulus.
787 2430 864 2463 §.L
885 2433 967 2458 Rete.
1007 2432 1047 2459 111.

205 2469 272 2496 Gn..
296 2468 324 2494 Si
349 2469 473 2506 amphora
499 2479 531 2495 ex
555 2471 666 2498 reticulo
687 2472 736 2505 [al.
756 2473 899 2507 resticulo]
919 2484 1048 2512 suspensa

204 2510 354 2537 decidisset.
376 2511 405 2537 fr.
426 2513 448 2537 5.
469 2512 490 2544 ξ.
513 2513 550 2537 12.
572 2513 603 2539 de
622 2514 646 2540 h.
668 2526 711 2551 qu.
733 2515 810 2542 effud.
831 2517 854 2543 9.
874 2519 899 2543 3.
913 2533 945 2536 —
965 2518 996 2551 ᾖ.
1012 2519 1047 2545 2.

206 2556 335 2585 Fascia,
357 2556 387 2580 in
407 2556 529 2579 alodum
549 2559 638 2582 retis.
675 2558 717 2584 III.
736 2560 802 2586 Cn.
823 2559 912 2591 Anuli,
933 2565 1047 2593 catenae,
1069 2582 1071 2601 3

1069 2604 1070 2611 ¹
1092 2603 1113 2636 ξ.
1134 2604 1158 2628 8.
1183 2601 1216 2628 de
1241 2603 1297 2628 iure
1321 2603 1387 2629 fisci.
1413 2604 1454 2629 49.
1480 2605 1519 2628 14.
1556 2602 1698 2629 Revocare.
1730 2602 1802 2629 Paul.
1822 2601 1853 2629 V.
1873 2603 1936 2629 5.A.

204 2596 321 2627 reticuli,
342 2601 367 2621 et
387 2602 487 2622 caetera
508 2597 604 2633 quibus
624 2599 709 2633 00110.
726 2601 768 2627 vel
789 2603 887 2639 capite,
907 2602 947 2629 vel
966 2605 1046 2630 mani-

204 2640 253 2666 bus
272 2639 396 2666 mulieres
416 2644 550 2665 ornantur.
570 2639 642 2667 Paul.
663 2642 705 2669 111.
719 2645 741 2670 6.
762 2645 783 2678 ξ.
800 2646 841 2671 84.
862 2645 892 2672 fr.
907 2647 947 2672 25.
968 2647 990 2680 §.
1005 2648 1045 2673 10.

204 2683 236 2710 de
256 2693 318 2709 auro
339 2692 390 2719 arg.
409 2684 450 2709 34.
471 2685 496 2709 2.
516 2698 548 2702 -—
574 2682 608 2717 §.
630 2684 667 2710 3.
692 2687 851 2720 Retiezcli,
877 2691 894 2715 ι’.
914 2699 933 2715 e.
954 2691 1046 2724 Sepi-

203 2733 337 2753 mentum
365 2728 589 2753 cancellatum.
627 2725 643 2751 Ι.
665 2727 727 2761 Sy.
755 2728 882 2757 Cancelli.
914 2730 956 2758 Cf.
977 2731 1000 2758 h.
1020 2742 1044 2759 v,

203 2770 225 2802 §.
251 2771 273 2795 l.
310 2768 352 2795 ΙΙΙ.
374 2770 439 2796 Gn.
467 2768 582 2795 Reticuli
607 2769 674 2795 circa
699 2769 845 2806 columnas,
868 2773 953 2811 plutei
977 2776 1044 2802 circa

202 2813 317 2846 parietes
337 2816 386 2839 etc.
405 2811 436 2838 fr.
458 2813 497 2839 17.
518 2812 539 2846 §.
558 2814 582 2840 4.
602 2812 635 2839 de
653 2812 684 2839 A.
704 2812 734 2840 E.
752 2812 784 2841 V.
803 2817 843 2843 19.
863 2818 886 2843 1.

1081 991 1082 994 ,
1104 971 1135 998 ad
1159 971 1187 998 L.
1215 971 1285 998 Falc.
1306 974 1346 998 35.
1366 975 1390 999 2.

1891 166 1953 196 845

1145 244 1343 272 Retinere.
1381 246 1412 279 δ.
1424 247 1458 272 l.
1481 248 1549 273 Non
1568 249 1742 273 dimittere.
1780 246 1798 273 I.
1819 247 1881 281 Sy.
1901 246 1953 273 De-

1108 287 1200 313 tinere.
1221 286 1261 314 Cf.
1282 287 1306 313 11.
1327 298 1350 314 v.
1370 289 1391 322 §.
1411 290 1435 315 2.
1456 288 1566 316 Tenere.
1587 289 1617 316 fr.
1632 291 1656 316 3.
1677 290 1697 323 ξ.
1715 291 1738 316 6,
1758 289 1791 316 de
1810 290 1866 315 iure
1886 289 1950 316 fisci.

1108 331 1148 356 49.
1170 332 1209 356 14.
1245 329 1395 357 Retentare.
1416 330 1458 357 Cf.
1479 331 1502 358 11.
1522 342 1546 358 v.
1567 333 1588 366 ξ.
1609 334 1631 359 l.
1668 332 1698 358 II.
1715 333 1782 366 011.
1802 332 1950 358 Abducere.

1108 372 1148 399 Cf.
1169 372 1194 398 h.
1214 382 1238 399 v.
1264 373 1286 406 §.
1306 376 1330 399 2.
1362 374 1481 400 Auferre.
1507 374 1556 400 Tb.
1578 374 1609 402 C.
1629 375 1673 402 XI.
1695 377 1717 402 1.
1739 386 1759 402 e.
1778 376 1820 401 26.
1840 374 1873 401 de
1892 385 1949 401 ann.

1108 420 1133 441 et
1153 415 1212 442 trib.
1250 415 1391 442 Dimittere
1411 417 1576 453 (potestate.)
1602 418 1781 456 Emancipare.
1807 418 1837 444 fr.
1856 419 1897 444 28.
1919 417 1951 444 de

1107 457 1195 495 adopt.
1217 460 1238 484 l.
1260 460 1283 485 7.
1302 458 1334 485 fr.
1352 461 1394 486 25.
1415 470 1453 496 pr.
1473 460 1510 493 ἕξ.
1532 462 1554 486 1.
1575 470 1614 497 sq.
1640 461 1672 487 de
1696 461 1772 497 legat.
1791 465 1888 498 praest.
1908 462 1950 486 37.

1107 545 1198 570 tinere.
1222 543 1294 570 Paul.
1313 543 1343 570 II.
1363 545 1405 571 26.
1425 545 1446 578 ξ.
1466 547 1489 571 3.
1529 545 1590 571 Suis
1610 547 1730 573 manibus
1749 546 1792 573 vel
1811 556 1859 584 per
1877 556 1950 577 su08‚

1107 591 1154 613 ret.
1175 587 1296 624 aliquem.
1323 586 1354 613 fr.
1375 589 1397 614 l.
1421 588 1443 621 ξ.
1466 590 1486 614 1.
1508 587 1540 614 de
1560 598 1590 614 eo
1610 599 1633 625 p.
1654 600 1697 626 qu.
1717 590 1776 616 fact.
1795 592 1820 616 2.
1843 592 1881 615 10.
1920 588 1949 615 Si

1107 639 1137 655 eo
1158 629 1208 655 loci
1228 630 1381 662 retinuerit,
1405 640 1457 656 non
1482 630 1599 657 abduxit.
1623 632 1653 658 fr.
1673 635 1696 658 4.
1716 643 1755 670 pr.
1776 643 1809 659 ne
1828 642 1871 668 qu.
1892 641 1949 657 enm

1106 682 1148 708 qu.
1169 673 1194 698 in
1215 673 1264 698 ius.
1284 675 1308 699 2.
1329 674 1354 698 7.
1384 672 1437 708 Qui
1458 674 1484 699 in
1503 674 1611 710 praedio
1631 676 1656 701 vi
1676 677 1810 703 retinetur.
1829 674 1902 701 Paul.
1917 673 1949 700 V.

1105 716 1127 740 6.
1148 715 1170 748 ξ,
1190 716 1214 740 6.
1252 715 1306 750 Qui
1329 716 1404 742 iussu
1428 718 1510 753 patris
1534 717 1621 746 duxit.
1647 720 1765 754 quamvis
1785 734 1817 738 —-
1837 728 1892 744 eam
1911 727 1949 743 re-

1104 759 1183 784 tinuit
1202 763 1250 784 etc.
1276 758 1305 784 t'r.
1327 760 1367 785 12.
1392 758 1424 785 de
1448 759 1473 785 11.
1498 769 1541 796 qu.
1565 765 1619 787 not.
1644 760 1689 787 inf.
1713 763 1736 788 3.
1756 763 1780 787 2.
1805 777 1836 782 —
1861 761 1892 794 §.
1912 761 1948 786 2.

1106 802 1283 833 Deducere,
1309 803 1503 829 Retentinne
1527 805 1585 830 uti.
1622 803 1641 830 I.
1657 805 1719 838 Sy.
1739 804 1885 830 Deducere.
1906 803 1947 829 cf.

1104 843 1128 869 h.
1148 853 1171 869 v.
1193 844 1214 877 ξ.
1234 845 1259 870 4.
1295 843 1326 870 11.
1343 846 1410 878 (lp.
1438 844 1596 872 Restituere.
1617 846 1658 873 Cf.
1678 847 1703 873 h.
1723 857 1747 873 v.
1767 848 1789 880 ξ.
1809 849 1832 872 4.
1864 845 1949 882 Γυφθ-

1104 891 1168 912 tere.
1192 886 1222 912 fr.
1242 889 1284 913 50.
1309 887 1330 920 ᾗ.
1353 889 1374 913 1.
1396 887 1427 913 de
1447 888 1536 915 liered.
1555 894 1608 926 pet.
1627 891 1650 915 5.
1670 891 1694 916 3.
1731 889 1775 916 111.
1795 891 1861 917 Gn.
1886 888 1948 914 Sive

1104 930 1266 966 praecipere,
1286 929 1328 955 vel
1349 929 1487 962 deducere.
1507 931 1550 958 vel
1563 933 1676 958 retinere
1689 933 1777 959 iussus
1792 937 1839 959 est.
1860 931 1890 958 fr.
1905 933 1947 958 91.

1433 974 1559 1009 Quartam
1588 976 1700 1002 retinere
1729 977 1780 1009 (ex
1804 975 1947 1011 Pegasiano

1104 1015 1171 1048 etc.)
1197 1014 1268 1041 Paul.
1289 1014 1332 1041 IV.
1352 1017 1376 1041 3.
1401 1016 1422 1050 ξ.
1442 1019 1466 1043 4.
1487 1016 1518 1043 cf.
1543 1017 1565 1051 ξ
1585 1019 1611 1044 2.·
1630 1017 1671 1044 III.
1691 1019 1714 1044 8.
1734 1019 1755 1052 §.
1777 1020 1800 1045 l.
1819 1018 1849 1044 fr.
1872 1019 1910 1043 16.
1929 1017 1945 1042 l.

1263 1057 1398 1094 Impendia
1422 1061 1497 1086 retin.
1523 1070 1612 1096 posse.
1641 1060 1672 1087 fr.
1694 1063 1733 1087 14.
1757 1062 1778 1095 ξ.
1805 1063 1827 1088 l.
1854 1070 1945 1087 comm.

1104 1100 1156 1127 div.
1178 1103 1218 1127 10.
1237 1102 1261 1126 3.
1299 1100 1412 1127 Retento
1433 1102 1483 1128 sibi
1503 1103 1584 1129 nsufr.
1605 1120 1636 1123 -
1663 1104 1805 1131 transferre
1830 1103 1946 1130 fundum.

1103 1143 1187 1170 Vatic.
1209 1144 1230 1177 ξ.
1245 1145 1304 1170 313.
1320 1160 1351 1163 -
1371 1144 1402 1177 ξ.
1418 1146 1455 1171 3.
1471 1147 1676 1174 Conserrnre.
1709 1147 1727 1173 1.
1745 1148 1806 1181 Sy.
1828 1146 1946 1177 Servare,

1103 1185 1278 1212 Conservare.
1299 1186 1329 1213 fr.
1350 1188 1389 1213 72.
1411 1187 1443 1214 de
1463 1198 1567 1225 procur.
1586 1191 1609 1216 3.
1623 1192 1647 1216 3.
1667 1190 1696 1216 fr.
1714 1191 1752 1216 16.
1774 1190 1806 1216 de
1826 1189 1853 1216 S.
1874 1188 1901 1215 P.
1915 1188 1946 1214 R.

1102 1230 1125 1255 8.
1145 1231 1169 1255 3.
1208 1229 1374 1262 Consistere,
1393 1229 1519 1257 Retineri.
1540 1231 1570 1258 fr.
1591 1233 1614 1258 ὃ.
1635 1243 1673 1269 pr.
1694 1233 1726 1259 de
1746 1233 1770 1259 11.
1790 1243 1832 1269 qu.
1853 1233 1901 1258 sui.
1924 1233 1946 1257 1.

1102 1274 1125 1298 6.
1162 1272 1317 1299 Itnmanere.
1338 1272 1379 1299 Cf.
1400 1273 1424 1300 11.
1445 1284 1468 1300 v.
1489 1275 1510 1308 ξ,
1531 1276 1554 1301 2.
1593 1274 1623 1301 II.
1646 1277 1712 1309 01).
1740 1276 1877 1302 Amittere.
1903 1274 1945 1301 Cf.

1102 1315 1126 1341 11.
1141 1326 1164 1342 v.
1186 1316 1207 1349 ξ.
1224 1317 1246 1341 1.
1275 1315 1430 1346 Discedere.
1450 1317 1617 1344 Avocari.—
1636 1317 1762 1345 ltetineri.
1784 1318 1824 1345 Cf.
1840 1329 1863 1345 v.
1877 1318 1948 1344 Avo-

1102 1369 1168 1384 eare.
1188 1359 1210 1392 ς.
1230 1361 1254 1384 2.
1275 1369 1298 1385 v.
1319 1359 1473 1386 Discedere.
1494 1360 1516 1393 ξ.
1536 1364 1560 1386 2.
1598 1360 1690 1397 Neque.
1709 1363 1835 1393 retinere.
1863 1370 1947 1397 neque.

1101 1411 1270 1438 recuperare.
1299 1412 1385 1438 neque
1409 1402 1520 1440 adipisci
1541 1405 1783 1440 (possessionem.)
1804 1404 1834 1430 fr.
1853 1405 1894 1430 93.
1915 1403 1947 1429 de

1100 1444 1131 1471 R.
1151 1444 1170 1470 I.
1189 1446 1231 1470 50.
1252 1446 1292 1471 17.
1319 1445 1350 1471 cf.
1380 1445 1451 1472 Paul.
1473 1445 1505 1472 V.
1525 1447 1548 1472 2.
1574 1447 1596 1479 ξ.
1617 1449 1639 1473 l.
1666 1446 1722 1473 Gai.
1744 1447 1788 1474 IV.
1810 1449 1866 1473 143.
1888 1448 1945 1472 148.

1101 1488 1159 1513 153.
1196 1486 1239 1513 III.
1257 1489 1323 1515 Gn.
1348 1487 1446 1514 Foetus
1466 1498 1604 1525 pecorum,
1630 1491 1675 1526 qui
1698 1490 1825 1517 submissi
1843 1499 1946 1525 gregem

1099 1531 1222 1556 retinent.
1247 1529 1276 1556 fr.
1297 1531 1338 1556 58.
1364 1531 1385 1564 ξ
1405 1532 1428 1557 4.
1454 1531 1485 1557 ad
1505 1531 1571 1559 S.C.
1592 1532 1672 1559 Treb.
1695 1535 1736 1559 36.
1759 1535 1781 1559 1.
1820 1532 1946 1559 Officium

1100 1573 1208 1599 diurnae
1227 1574 1296 1599 vitae
1316 1575 1441 1605 retinens,
1461 1574 1584 1601 decessit.
1605 1575 1675 1602 Coll.
1690 1575 1742 1602 LL.
1756 1575 1790 1602 M.
1810 1575 1840 1602 ll.
1862 1578 1885 1601 7.
1917 1575 1946 1601 111

1099 1626 1149 1643 usu
1168 1617 1286 1642 retineri.
1312 1615 1368 1642 Gai.
1390 1617 1407 1643 1.
1429 1619 1486 1643 122.
1524 1617 1552 1643 In
1572 1628 1620 1644 suo
1641 1624 1710 1645 statu
1735 1620 1880 1645 retinentur
1899 1618 1946 1651 (li-

1098 1660 1160 1692 tes.)
1181 1659 1210 1685 sr.
1231 1661 1254 1685 5.
1275 1658 1308 1685 de
1327 1664 1449 1686 transact.
1469 1663 1494 1687 2.
1517 1663 1556 1688 15.
1593 1662 1627 1688 Et
1647 1663 1721 1698 quasi
1741 1660 1862 1697 generale
1882 1660 1944 1697 quid

1098 1702 1264 1729 retinendum
1290 1707 1344 1734 cst,
1371 1708 1398 1728 ut
1418 1708 1465 1730 etc.
1491 1704 1520 1730 sr.
1541 1706 1582 1730 93.
1608 1705 1629 1738 ξ.
1649 1707 1673 1730 2.
1699 1704 1730 1730 (le
1755 1704 1834 1731 solut.
1858 1706 1900 1730 46.
1919 1705 1944 1730 3.

1097 1746 1131 1771 Et
1155 1745 1305 1771 libertatem
1324 1755 1397 1772 suam
1417 1751 1443 1771 et
1462 1746 1605 1773 dominium
1625 1757 1710 1773 rerum
1730 1757 1836 1773 suarum
1856 1763 1888 1766 —
1907 1757 1945 1773 rc-

1098 1789 1205 1814 tineant.
1226 1787 1256 1814 fr.
1277 1790 1300 1814 7.
1320 1798 1358 1826 pr.
1379 1788 1411 1814 de
1432 1791 1526 1826 captiv.
1546 1792 1587 1816 49.
1610 1792 1648 1816 15.
1671 1807 1700 1810 —
1722 1791 1753 1823 ξ.
1769 1791 1857 1816 3.A.
1880 1791 1944 1816 He>

1097 1833 1201 1858 moria
1221 1837 1334 1857 tenere.
1363 1831 1405 1858 III.
1421 1833 1487 1859 Gn.
1506 1833 1540 1859 Et
1554 1834 1664 1861 retinen.
1678 1843 1718 1859 me
1732 1833 1840 1860 dixisse.
1860 1832 1890 1859 fr.
1902 1834 1943 1859 92.

1097 1874 1130 1900 de
1150 1873 1225 1900 cond.
1246 1874 1407 1901 etdeu1.35.
1424 1877 1444 1901 1.
1460 1892 1492 1895 -—
1512 1877 1543 1909 §.
1562 1877 1601 1902 4.
1616 1878 1794 1903 Abstinere.
1822 1875 1865 1902 III.
1877 1877 1944 1903 Cn.

1098 1919 1198 1950 Omnes
1218 1926 1247 1943 se
1267 1916 1298 1942 ab
1319 1916 1366 1942 hac
1386 1917 1481 1944 nefaria
1501 1920 1629 1955 petitione
1643 1920 1780 1945 retineant.
1800 1918 1849 1945 Th.
1865 1918 1896 1945 C.
1910 1918 1943 1944 X.

1098 1962 1138 1987 10.
1159 1971 1180 1987 c.
1194 1962 1236 1986 24.
1257 1959 1289 1986 de
1309 1961 1384 1996 petit.
1405 1965 1430 1986 et
1450 1961 1519 1987 ultro
1540 1961 1591 1988 (lat.
1608 1978 1638 1982 —
1659 1962 1690 1995 ξ.
1707 1963 1744 1988 5.
1765 1963 1801 1988 Iu
1820 1963 1942 1988 latenti

1096 2005 1272 2030 continere.
1309 2002 1328 2029 Ι.
1343 2004 1404 2037 Sy.
1425 2004 1575 2030 Occultare.
1597 2004 1680 2031 Vatic.
1701 2005 1722 2039 ξ.
1744 2007 1783 2031 13.
1804 2004 1835 2031 cf.
1855 2004 1886 2030 sr.
1901 2005 1942 2030 49.

1096 2056 1134 2083 pr.
1155 2045 1187 2072 de
1207 2046 1238 2072 A.
1257 2045 1286 2072 E.
1309 2044 1339 2072 V.
1359 2048 1397 2072 19.
1420 2048 1440 2073 l.
1456 2063 1488 2066 —
1508 2048 1539 2080 ξ.
1552 2049 1589 2074 6.
1605 2049 1774 2078 Coena-re,
1789 2049 1942 2073 Adstrin-

1093 2099 1178 2123 gere.
1215 2088 1234 2114 I.
1256 2090 1317 2123 Sy.
1337 2089 1519 2125 Adstringere,
1539 2090 1737 2126 Consti-ingere.
1758 2089 1807 2116 Th.
1823 2089 1853 2116 C.
1869 2088 1941 2115 XVI.

1095 2134 1119 2158 5.
1140 2142 1162 2158 c.
1181 2133 1223 2157 52.
1243 2132 1280 2165 ἕξ.
1304 2134 1325 2158 1.
1340 2142 1380 2168 sq.
1400 2134 1423 2158 4.
1444 2132 1477 2158 de
1496 2132 1593 2159 haeret.
1607 2132 1677 2159 XVI.
1691 2134 1715 2159 8.
1735 2143 1756 2159 c.
1773 2134 1812 2159 19.
1833 2132 1865 2158 de
1885 2131 1940 2158 lud.

1095 2174 1136 2200 III.
1159 2176 1225 2202 Gn.
1254 2174 1358 2201 Iudices
1379 2190 1410 2194 —
1435 2185 1519 2212 poena
1545 2176 1677 2202 retinebit.
1718 2175 1761 2202 Ad
1780 2191 1812 2195 ——-
1834 2174 1942 2201 multam

1095 2218 1259 2244 retinendus.
1280 2218 1318 2244 Ib.
1338 2217 1383 2244 XI.
1404 2220 1426 2244 7.
1447 2228 1467 2244 e.
1490 2220 1529 2244 16.
1549 2218 1582 2244 de
1601 2219 1729 2244 exaction.
1743 2218 1788 2245 XI.
1802 2219 1843 2245 36.
1864 2228 1885 2244 c.
1898 2219 1940 2243 30.

1096 2261 1178 2296 Quor.
1200 2260 1258 2298 adp.
1280 2271 1304 2287 n.
1324 2271 1375 2287 rec.
1414 2260 1641 2287 Condemnatione
1660 2262 1776 2289 retineri.
1795 2261 1832 2287 Ib.
1851 2260 1896 2287 XI.
1918 2262 1939 2286 1.

1095 2314 1116 2330 c.
1136 2306 1178 2330 27.
1205 2304 1237 2330 de
1257 2314 1315 2330 ann.
1337 2308 1362 2329 et
1381 2303 1441 2329 trib.

1130 2348 1384 2379 Retorquere.
1422 2348 1519 2372 Retro
1547 2348 1705 2382 dirigere.
1742 2346 1785 2373 III.
1806 2347 1872 2374 Gn.
1901 2346 1939 2378 Si,

1071 2379 1072 2388 ¹
1094 2389 1125 2415 ab
1145 2399 1176 2415 eo
1196 2390 1304 2426 petitus,
1325 2389 1433 2415 retorsit
1452 2390 1478 2415 in
1499 2399 1556 2415 eum
1576 2391 1691 2416 crimina.
1710 2389 1740 2416 fr.
1762 2392 1801 2416 14.
1821 2390 1842 2423 ξ.
1863 2391 1886 2415 6.
1907 2388 1939 2415 de

1092 2432 1153 2458 bon.
1174 2431 1261 2457 libert.
1281 2433 1322 2457 38.
1342 2434 1366 2458 2.

1128 2476 1373 2501 Retractare·
1410 2475 1442 2508 ξ.
1463 2476 1497 2501 l.
1524 2477 1560 2501 ln
1584 2477 1866 2509 disceptationem
1891 2484 1938 2500 re-

1092 2527 1215 2544 vocare.
1260 2516 1278 2543 I.
1305 2518 1366 2551 Sy.
1395 2517 1492 2544 lterum
1516 2522 1640 2547 tractare,
1668 2518 1708 2544 Ex
1734 2519 1836 2553 integro
1863 2527 1938 2553 agere

1092 2560 1241 2592 (causam.)
1266 2559 1296 2586 fr.
1316 2562 1358 2586 31.
1383 2560 1416 2586 de
1439 2561 1543 2586 iureiur.
1565 2562 1604 2586 12.
1624 2562 1648 2586 2.
1672 2560 1702 2586 sr.
1723 2561 1764 2586 29.
1784 2569 1823 2596 pr.
1844 2559 1875 2586 fr.
1895 2561 1938 2586 45.

1091 2646 1128 2679 §§
1149 2647 1172 2670 5.
1193 2646 1215 2671 7.
1237 2654 1277 2681 sq.
1298 2647 1339 2672 ll.
1376 2645 1418 2672 III.
1434 2647 1500 2673 Gn.
1520 2645 1711 2672 Retractandae
1730 2650 1755 2672 et
1773 2646 1936 2672 revocandae

1091 2688 1237 2714 sententiae
1261 2688 1415 2721 (arbitrium
1434 2688 1557 2721 habere.)
1582 2687 1619 2714 Id.
1640 2687 1671 2714 V.
1691 2690 1733 2714 33.
1759 2689 1779 2722 ξ,
1801 2691 1824 2715 1.
1843 2689 1874 2715 fr.
1893 2690 1934 2714 32.

1090 2732 1111 2765 §.
1133 2732 1172 2757 14.
1193 2730 1225 2757 de
1244 2741 1295 2757 rec.
1317 2741 1359 2768 qu.
1380 2731 1434 2757 arb.
1455 2732 1478 2756 4.
1499 2732 1523 2756 8.
1560 2730 1715 2758 Abolitione
1734 2731 1841 2768 publice
1859 2731 1934 2761 facta.

1089 2783 1142 2799 non
1166 2774 1352 2800 retractabitur
1375 2774 1401 2800 in
1425 2773 1522 2799 iudicio
1547 2773 1691 2810 repetendo
1715 2773 1748 2800 de
1766 2775 1852 2801 mariti
1870 2775 1933 2800 iure.

1088 2816 1119 2843 fr.
1141 2818 1181 2843 10.
1207 2817 1229 2851 ξ.
1251 2818 1273 2843 l.
1299 2816 1331 2843 ad
1352 2815 1417 2843 S.C.
1439 2815 1521 2853 Turp.
1540 2817 1581 2843 48.
1603 2818 1642 2844 16.
1679 2816 1845 2849 Retractare,
1868 2826 1934 2852 quae
