2197 3121
943 172 1032 204 ERG
1058 192 1095 197 —
1122 174 1220 205 ERO.

217 258 337 293 gasteria,
357 266 423 293 quae
442 256 619 283 mercimoniis
638 254 803 291 deputantur.
825 254 861 281 Ib.
876 253 931 281 VII.
951 256 974 282 8,
994 265 1016 281 c.
1033 257 1057 281 5.

217 299 239 333 5.
260 301 282 325 1.
303 298 335 325 de
354 304 442 325 metat.
474 299 527 334 Qui
552 299 700 334 ergasteriis
723 302 862 334 praesunt,
884 298 924 324 vel
945 297 1057 334 aliquam

216 341 315 368 licitam
339 343 541 378 negotiationem
565 345 666 377 gerunt.
692 350 713 367 c.
732 342 773 367 26.
800 341 822 374 5.
844 342 865 366 l.
891 340 923 366 de
943 350 1012 366 usur.
1034 342 1057 366 4.

216 387 257 411 32.
278 395 299 411 c.
321 387 342 411 1.
362 385 516 421 negotiator.
538 394 570 410 ne
588 383 663 410 milit.
685 385 723 410 12.
744 385 786 410 35.

251 428 510 461 Ergastulum.
534 430 707 454 Servorum
726 437 843 453 carcer.
864 425 906 451 111.
923 426 988 452 Cn.
1008 424 1058 451 Ne-

217 471 313 496 minem
334 480 347 496 e
366 480 474 496 numero
499 480 635 496 servorum
660 469 772 495 dandum
797 478 869 500 esse,
890 484 922 487 —
942 478 1007 494 neve
1026 478 1057 494 ex

217 523 334 550 caupona
360 513 479 544 ductum,
500 529 531 532 —
552 523 600 538 nec
624 517 705 538 tracta
729 512 762 538 de
786 510 924 548 ergastulis
945 512 1056 537 nomina.

217 555 267 582 Th.
288 556 320 582 C.
339 555 395 582 Vll.
418 557 456 582 13.
482 566 503 581 c.
523 556 546 581 8.
567 555 599 581 de
619 556 695 581 tiron.
732 554 889 590 ErgastuliS‚
908 553 950 579 vel
970 554 1057 590 pistri-

217 600 258 625 nis
277 609 336 625 esse
356 598 500 625 dedendos.
520 598 556 624 Ib.
577 598 621 624 IX.
643 600 683 624 40.
704 608 725 624 c.
744 599 768 624 3.
788 597 820 623 de
839 607 917 634 poen.

251 643 364 676 Ergo.
401 642 432 675 ἕ.
452 642 487 667 l.
509 643 643 672 Gratia,
665 643 779 667 Causa.
804 639 847 665 111.
863 641 928 667 Gn.
949 638 978 665 Si
998 640 1056 675 quis

216 684 325 711 huiusce
344 684 410 720 legis
430 694 499 719 ergo.
519 683 646 710 adversus
666 683 745 719 leges,
759 684 918 719 rogationeS.
938 682 1058 719 plebisve

216 729 289 759 scita.
310 727 363 753 Sve
382 726 432 753 Cta
452 727 522 757 fecit.
543 726 641 753 fecerit.
678 725 719 752 Fr.
738 724 768 752 L.
795 725 827 751 de
846 724 958 761 VespaS.
978 726 1058 762 impe—

215 771 264 801 rio,
284 771 309 796 in
329 769 344 795 f.
366 785 398 788 —
418 770 449 803 §.
473 771 508 796 2.
530 772 657 805 Igitur,
680 769 808 795 Deinde.
846 768 864 794 Ι.
882 769 943 802 Sy.
968 767 1056 803 Igitur.

215 812 272 840 Gai.
293 812 323 839 11.
345 813 402 838 113.
423 822 462 849 sq.
500 812 545 838 Ita.
565 812 596 838 fr.
616 814 639 838 2.
664 811 702 845 55.
721 813 763 837 32.
783 812 825 837 34.
846 810 878 837 de
898 811 931 837 0.
951 811 968 837 1.
991 813 1013 836 1.
1032 813 1056 837 2.
1078 812 1080 822 ⁴

215 855 257 882 III.
278 857 344 883 Cu·
370 855 439 891 Ergo
464 856 487 881 si
511 855 623 891 quidem.
644 870 676 873 --
695 854 731 880 At
754 855 777 880 si
797 859 845 880 etc.
871 853 928 880 Gai.
948 853 978 880 11.
997 855 1056 879 255.

214 908 255 935 sq.
293 898 361 924 Num
381 908 442 934 ergo
464 898 503 931 (et
522 899 547 924 in
567 897 707 930 caeteris'3)
727 896 757 923 fr.
779 899 801 922 1.
822 897 843 930 5.
865 898 904 923 10.
926 896 958 922 ad
977 895 1004 925 S,
1026 896 1056 922 C.

215 940 297 978 Turp.
318 942 359 967 48.
381 942 420 967 16.
459 940 520 976 Quo
540 950 601 976 ergo
621 940 698 973 (haec
717 941 838 976 exceptio
855 939 1007 971 damnato?)
1026 939 1056 965 fr.

214 986 238 1010 4.
258 994 297 1021 pr.
318 985 340 1010 si
361 994 403 1020 qu.
424 988 502 1009 cautt.
521 985 544 1009 2.
566 984 605 1009 11.
634 982 702 1009 Huic
715 982 859 1009 contradici
872 987 974 1019 potest:
987 982 1056 1018 Ergo

213 1028 320 1064 pietatis
339 1027 419 1063 gratia
439 1025 573 1052 sunerasti.
600 1025 630 1052 fr.
654 1028 692 1052 14.
717 1026 739 1059 5.
761 1027 800 1052 13.
827 1025 860 1051 de
879 1025 952 1061 relig.
973 1027 1012 1051 11.
1033 1027 1055 1051 7.
1078 1024 1080 1035 ”

213 1070 315 1106 Atquin
334 1069 450 1095 solemus
470 1068 558 1095 dicere
578 1074 626 1095 etc.
642 1085 674 1088 —
688 1068 761 1104 Quid
781 1078 842 1104 ergo
857 1068 889 1095 de
902 1068 958 1104 lege
976 1068 1057 1104 Aqui·
1078 1098 1079 1105 ἵ

214 1112 248 1138 lia
268 1111 395 1138 dicimus?
415 1127 447 1131 --
468 1111 541 1146 Quid
560 1121 634 1148 ergo.
655 1112 677 1137 si
697 1113 756 1148 quis
776 1116 824 1137 etc.
845 1111 875 1137 fr.
896 1113 919 1137 7.
939 1112 960 1145 5.
982 1113 1003 1137 l.
1024 1111 1056 1137 de

213 1155 289 1180 iniur.
309 1155 350 1180 47.
372 1156 412 1180 10.
450 1154 523 1190 Quid
547 1165 622 1191 ergo,
642 1155 740 1191 inquit.
767 1155 789 1180 si
809 1159 858 1180 etc.
878 1154 909 1180 fr.
929 1156 952 1181 6.
972 1155 994 1188 5.
1016 1156 1055 1181 ll.

213 1196 246 1223 de
264 1196 296 1223 N.
317 1196 349 1223 G.
368 1199 392 1224 3.
413 1199 436 1223 5.
474 1196 547 1232 Quid
571 1207 632 1233 ergo
657 1197 714 1223 est?
741 1197 798 1224 Gai.
823 1197 853 1223 H.
880 1199 938 1224 212.
963 1197 994 1224 fr.
1013 1198 1054 1224 56.

212 1240 235 1274 5.
256 1241 279 1266 7.
299 1239 332 1266 de
351 1238 383 1266 V.
404 1239 437 1266 O.
458 1241 500 1266 45.
521 1242 543 1266 l.

246 1284 472 1316 Ergolabus.
512 1284 709 1317 Operarina,
729 1285 898 1310 Redemtor
917 1293 1054 1317 operum.

212 1325 255 1352 III.
278 1326 344 1353 Cn.
367 1324 558 1352 Aedificiorum
580 1326 705 1357 artifices,
724 1325 767 1351 vel
790 1325 914 1362 ergolabi,
936 1325 1056 1352 aliorum-

212 1378 263 1405 que
276 1368 444 1394 diversorum
464 1378 573 1405 operum
591 1368 767 1406 professores.
788 1379 809 1396 c.
826 1371 848 1395 l.
869 1368 902 1394 de
920 1368 1054 1406 monopol.

211 1413 236 1437 4.
255 1413 297 1438 59.

246 1453 504 1488 Ergasiotani.

211 1499 303 1524 driae
330 1498 590 1524 consistentium.
632 1497 676 1523 111.
703 1498 770 1525 Gn.
798 1497 1004 1533 Archigerontes
1029 1502 1055 1524 et

212 1540 355 1572 dioecetae,
375 1540 601 1575 ergosiotanorum
620 1540 664 1574 [al.
688 1541 918 1576 ergasiotanorum,
938 1551 962 1567 v.
983 1550 1055 1577 ergo-

212 1583 367 1616 sitonarum]
388 1592 496 1608 numero
522 1582 676 1619 deligantur.
702 1583 752 1610 Th.
773 1582 804 1610 C.
823 1582 894 1610 XIV.
920 1585 962 1609 27.
989 1594 1009 1609 c.
1032 1585 1053 1609 1.

213 1624 246 1651 de
264 1625 393 1651 Alexand.
414 1625 485 1662 pleb.
504 1627 607 1662 primat.

247 1668 420 1702 Erigere.
459 1669 489 1701 ξ.
506 1670 540 1695 1.
563 1671 747 1701 Callet-are,
767 1671 893 1696 Ponere.
922 1668 964 1694 III.
987 1670 1053 1696 011.

213 1709 243 1736 Si
263 1710 366 1746 quando
386 1716 492 1737 nostrae
511 1716 619 1743 statuae,
638 1712 681 1738 vel
700 1713 825 1748 imagines
845 1713 987 1748 eriguntur.
1016 1711 1053 1738 Ib.

213 1752 271 1778 XV.
291 1754 315 1778 4.
341 1763 362 1779 c.
384 1755 406 1779 1.
426 1753 458 1779 de.
478 1755 551 1790 imag.
571 1754 657 1781 Princ.
678 1755 766 1781 Altius
791 1755 929 1791 erigendae
951 1754 1053 1785 domus.

213 1800 257 1821 aut
275 1805 327 1821 non
347 1796 484 1831 erigendae
503 1798 551 1829 (sc.
572 1799 634 1831 ius.)
654 1798 703 1834 Ep.
723 1798 784 1823 inst.
808 1797 875 1823 Gaii.
894 1795 925 1823 Π.
947 1799 968 1823 l.
988 1798 1010 1831 5
1029 1798 1053 1823 3.

213 1838 244 1871 ξ.
268 1840 303 1865 2.
324 1840 479 1870 ΕυθΙιενε,
499 1840 679 1866 Extollere.
717 1839 760 1866 III.
784 1841 850 1867 Gn·
888 1839 955 1866 Cum
974 1841 1054 1875 magis
1076 1831 1077 1851 3

213 1890 258 1906 eos
279 1897 311 1900 —
331 1881 363 1907 ad
382 1880 540 1917 obsequium
558 1881 684 1908 inclinare
702 1882 809 1914 debeat⁷
834 1892 909 1918 quam
934 1882 966 1908 ad
985 1883 1055 1909 inso-

212 1923 318 1950 lentiam
338 1924 445 1959 erigere.
472 1923 555 1950 Vatic.
579 1924 601 1957 5.
626 1926 685 1950 272.
722 1925 847 1961 Erigendi
867 1925 1001 1962 supercilii
1021 1925 1054 1951 fa-

211 1971 277 1993 stus.
298 1966 348 1992 Th.
369 1966 400 1992 C.
420 1966 452 1992 X.
472 1967 514 1992 26.
535 1977 556 1992 c.
578 1969 600 1992 l.
621 1967 653 1993 de.
673 1967 749 1994 cond.
771 1973 796 1993 et
818 1967 887 1994 hom.
908 1968 939 1994 cf.
954 1967 998 1994 IV.
1011 1970 1053 1994 22.

212 2019 233 2035 c.
252 2011 277 2035 3.
297 2008 366 2035 unde
386 2010 419 2035 vi.

211 2062 267 2078 rum
287 2061 413 2077 suminam
433 2052 546 2087 erigatur
566 2052 614 2084 (sc.
636 2052 765 2085 donatio.)
786 2069 816 2073 —-
837 2052 885 2079 Sin
898 2058 984 2080 autem
1003 2065 1054 2080 am-

211 2093 304 2130 plioris
324 2104 440 2120 summae
460 2095 616 2121 inveniatur.
638 2106 658 2121 e.
678 2097 719 2122 34.
740 2096 761 2130 5.
778 2098 800 2122 l.
820 2095 853 2122 de
873 2096 960 2123 donat.
974 2098 998 2123 8.
1012 2099 1053 2124 54.

213 2152 244 2155 —
268 2137 299 2169 ξ.
324 2138 360 2163 3.
392 2138 615 2169 Constituere,
640 2138 805 2173 Dirigere.
843 2138 886 2165 HI.
912 2141 978 2167 Gn.
1001 2140 1054 2166 Ad·
1075 2134 1076 2140 ¹

212 2180 290 2214 gnati,
310 2185 335 2205 et
354 2179 381 2205 hi
400 2189 467 2215 quos
488 2181 515 2206 in
534 2179 621 2207 locum
636 2180 849 2217 adgnatorum—
861 2187 950 2208 nostra
970 2184 1054 2209 erexit

214 2222 374 2248 constitutio.
399 2222 440 2248 Pr.
466 2223 484 2249 I.
510 2223 543 2249 de
567 2233 637 2250 succ.
663 2229 764 2259 cognat.
784 2225 807 2250 3.
829 2226 853 2250 5.
890 2224 918 2250 In
938 2225 1054 2252 luculen-

214 2269 264 2289 tam
285 2265 413 2290 ereximus
434 2267 639 2292 consonantiam.
664 2266 783 2293 Prooem.
804 2266 822 2292 1.
843 2267 864 2300 5.
884 2269 908 2293 2.
923 2284 955 2286 —
970 2269 999 2301 ξ.
1013 2271 1052 2295 4.

215 2308 345 2332 Salvum
362 2314 549 2340 praestare,
571 2311 727 2335 Firmare.
766 2309 808 2335 III.
834 2311 899 2337 Gn.
930 2310 1052 2337 Mulieres

214 2348 313 2374 honore
333 2350 483 2376 maritorum
497 2352 628 2387 erigimus.
648 2362 743 2388 genere
756 2352 934 2379 nobilitamus.
955 2353 1003 2379 Th.
1021 2354 1051 2380 C.
1074 2359 1075 2365 ¹

214 2390 244 2416 II.
267 2392 288 2416 l.
309 2400 330 2416 e.
351 2392 374 2416 7.
395 2390 426 2417 de
445 2393 534 2420 iurisd.
573 2394 632 2429 Qua
656 2396 705 2428 (sc.
726 2395 902 2431 praebitione)
922 2397 1053 2432 magistra-

214 2438 286 2459 tuum
307 2443 415 2463 censuS,
434 2449 467 2453 -
486 2445 543 2462 cum
568 2436 719 2473 frequenter
742 2443 860 2470 nutaret,
881 2444 985 2466 erectus
1005 2445 1051 2465 est.

215 2475 250 2501 Ib.
272 2475 328 2502 XII.
350 2477 372 2501 1.
393 2486 414 2502 c.
435 2478 492 2503 169.
512 2477 544 2503 de
562 2478 695 2506 decurion.

249 2518 422 2551 Er1pere.
460 2520 490 2552 ἓ.
516 2521 550 2546 l.
583 2524 643 2548 Per
662 2525 722 2549 vim
747 2526 893 2560 auferre.
918 2527 1050 2558 Rapere.

214 2560 259 2593 (cf.
280 2571 302 2586 v.
324 2560 470 2597 Ereptum.)
506 2561 524 2588 1.
545 2563 605 2597 Sy.
625 2565 735 2592 Auferre
755 2567 815 2603 (per
833 2568 956 2604 raptum.)
977 2567 1007 2593 fr.
1027 2569 1050 2593 4.

214 2613 253 2639 pr.
278 2613 310 2628 ne
329 2613 371 2639 qu⁴
393 2613 458 2630 eum.
482 2606 506 2630 2.
532 2607 554 2631 7.
582 2605 631 2632 Th.
658 2608 688 2634 C.
712 2608 783 2635 XVI.
808 2611 832 2635 8.
858 2621 879 2636 e.
899 2612 941 2636 25.
961 2620 999 2647 pr.
1020 2610 1052 2636 de

214 2645 269 2671 Iud.
307 2645 348 2671 111.
376 2647 441 2673 Cn.
479 2647 532 2682 Qui
556 2652 738 2677 testamentum
763 2654 897 2684 amoverit,
918 2653 1050 2685 celaverit,

215 2689 349 2725 eripuerit,
368 2688 503 2715 deleverit.
522 2689 553 2716 fr.
573 2692 596 2716 2.
617 2690 649 2717 de
668 2691 697 2718 L.
718 2692 798 2721 Corn.
819 2695 851 2722 de
871 2695 928 2721 fals.
948 2696 989 2722 48.
1010 2697 1050 2722 10.

215 2730 268 2765 Qui
288 2747 320 2750 -
340 2730 461 2763 funerari,
482 2732 622 2769 sepelirive
640 2733 753 2770 aliquem
769 2737 942 2773 prohibuerit.
963 2738 1051 2764 sunus-

549 1456 739 1490 Artificum
764 1465 883 1490 genus,
912 1456 1077 1488 Alexan-⁴

463 2008 492 2035 Si
512 2009 618 2045 quidem
644 2020 727 2046 usque
746 2009 779 2036 ad
798 2010 937 2046 legitimam
957 2011 1055 2037 solido·
1075 2023 1076 2029 ¹

1883 178 1944 208 327

1102 259 1126 283 5.
1147 257 1179 283 de
1198 266 1288 294 usurp.
1308 259 1349 283 41.
1369 258 1392 283 3.
1431 257 1552 295 Eripere.
1577 257 1619 284 vel
1643 257 1694 284 alio
1720 258 1862 284 transferre
1889 259 1941 291 (se.

1103 310 1135 326 ex
1155 300 1266 327 diversis
1292 300 1417 337 operibus
1442 300 1587 333 aeramen.)
1612 300 1660 327 Th.
1682 300 1713 327 C,
1734 300 1790 327 XV.
1818 303 1838 327 l.
1860 311 1880 326 c.
1900 302 1942 327 37.

1079 349 1081 390 1
1102 353 1141 379 pr.
1162 343 1194 369 de
1214 353 1274 380 opp.
1295 343 1356 380 pub.
1377 359 1409 362 —
1429 344 1459 376 §-
1485 345 1520 370 2.
1546 346 1736 378 Proripere,
1756 346 1941 377 Erumpere.

1103 385 1144 412 111.
1161 387 1226 413 (711.
1240 386 1364 413 Iumenta.
1386 396 1451 421 quae
1471 387 1527 412 sine
1547 396 1624 412 causa
1644 386 1793 415 turbantur.
1814 391 1840 413 et
1859 391 1942 413 semet

1079 463 1081 468 Ι
1103 429 1159 467 ipsa
1180 430 1301 466 eripiunt.
1322 428 1351 454 fr.
1371 429 1412 453 43.
1433 439 1471 464 pr.
1492 428 1524 455 de
1547 429 1631 456 Aedil.
1652 429 1728 455 edict.
1748 431 1789 455 21.
1816 431 1837 455 l.
1858 445 1889 448 ——
1910 430 1940 462 §0

1079 472 1081 496 ἶ
1103 473 1139 497 3.
1160 474 1317 498 Ε.ι·ι”ηιεί·ε.
1354 470 1373 497 I.
1392 472 1453 505 Sy.
1474 471 1602 498 Desint-re
1623 482 1682 498 csse
1701 473 1768 498 inter
1787 472 1941 505 (homines.)

1102 514 1176 550 Eripi
1196 514 1227 540 ab
1248 514 1433 547 (hominibus.)
1454 514 1483 540 fr.
1503 516 1545 540 56.
1565 525 1603 551 sq.
1624 515 1656 541 (le
1676 515 1751 551 legat.
1771 515 1800 541 II.
1822 516 1889 548 (31.)
1909 531 1941 534 —

1102 557 1133 589 ἓ.
1154 558 1192 583 4.
1212 558 1377 583 Lz'berare.
1416 556 1459 583 111.
1483 558 1548 584 (711.
1573 558 1626 593 Qui
1646 558 1759 594 aliquem
1778 568 1791 584 a
1810 557 1940 584 latruncu-

1078 594 1080 624 l
1101 599 1144 631 lis,
1164 599 1205 625 vel
1225 599 1347 626 hostibus
1367 601 1470 636 eripuit.
1495 599 1566 626 Paul.
1588 599 1618 626 V.
1641 602 1679 627 11.
1700 601 1721 634 5.
1741 603 1764 627 6.
1802 601 1844 627 Ab
1864 600 1942 626 admi-

1102 643 1257 668 nistratione
1278 642 1374 669 tutelae
1393 642 1484 679 religio
1504 645 1659 669 sacramenti
1673 643 1823 670 Marcellum
1843 660 1875 663 -—
1895 644 1942 669 eri-

1078 701 1080 723 3
1102 685 1147 721 pit.
1169 695 1189 710 c.
1210 688 1233 711 ὅ.
1254 685 1286 711 de
1306 685 1381 721 legat.
1402 687 1425 712 6.
1445 688 1487 712 37.
1524 685 1654 712 Ancillam
1675 703 1706 706 -
1725 688 1854 713 sententia
1867 686 1942 712 Prae-

1079 759 1080 762 *
1102 727 1167 753 sidis
1188 728 1253 764 eripi
1273 729 1299 754 in
1319 728 1475 755 libertatem.
1500 740 1521 756 c.
1548 731 1587 755 15.
1608 739 1628 755 c.
1651 731 1690 755 17.
1715 729 1748 755 de
1771 729 1856 755 fult—ic.
1876 728 1940 754 libb.

1078 769 1080 804 ξ
1102 772 1123 796 7.
1149 772 1173 796 4.
1197 769 1229 796 cf.
1255 770 1285 797 fr.
1310 773 1333 798 9.
1365 771 1416 807 Qu.
1440 773 1497 799 sine
1520 782 1631 798 manum.
1656 773 1697 798 40.
1721 773 1745 798 8.
1786 772 1827 798 De
1852 771 1941 798 servili

1078 831 1080 856 ξ
1102 813 1253 839 conditione
1276 824 1390 850 persona
1414 816 1540 852 eripiatur
1563 815 1595 842 ad
1615 816 1809 851 ingenuitatem.
1833 814 1880 840 Iul.
1900 824 1940 851 ep.

1078 864 1080 883 1
1101 866 1160 882 nov.
1182 866 1203 881 e.
1223 857 1264 882 36.
1279 856 1317 889 55
1336 859 1394 883 133.
1410 868 1449 894 sq.
1462 875 1493 878 -—
1506 859 1536 891 §-
1553 860 1590 885 Ι».
1611 860 1772 889 Arucare,
1794 859 1940 884 Privare.

1101 899 1119 925 I.
1140 900 1202 933 Sy.
1227 898 1351 925 Adimere
1371 900 1472 933 (bona.)
1492 901 1570 928 Fisco
1595 901 1735 927 vindicare.
1756 900 1827 926 Paul.
1848 899 1879 926 V.
1898 902 1940 925 22.

1101 942 1138 976 55.
1158 944 1182 968 2.
1203 951 1243 978 sq.
1268 941 1300 967 V.
1320 944 1361 968 23.
1386 944 1485 977 5510.
1506 954 1545 981 sq.
1570 944 1601 970 V.
1621 945 1662 970 26.
1687 944 1708 977 5.
1728 945 1752 969 3.
1777 942 1807 969 fr.
1829 944 1852 969 7.
1876 943 1897 976 5
1919 944 1940 968 l.

1102 985 1134 1011 de.
1153 985 1214 1011 bon.
1241 984 1326 1011 damn.
1350 986 1392 1011 48.
1416 988 1458 1012 20.
1496 987 1537 1013 111.
1557 989 1622 1014 Cn.
1642 986 1845 1017 Perabsurdum,
1867 1000 1897 1004 -
1918 986 1941 1011 ei

1101 1028 1230 1065 patrifam.
1257 1027 1383 1054 ultionem
1407 1030 1559 1056 iniuriarum
1583 1040 1688 1056 suarum
1712 1030 1790 1066 eripi,
1815 1033 1840 1054 et
1859 1033 1942 1054 trans-

1102 1071 1163 1097 ferri
1183 1070 1215 1097 ad
1234 1076 1342 1108 patrem.
1364 1071 1393 1097 fr.
1416 1073 1455 1098 17.
1475 1072 1497 1106 5
1517 1074 1558 1098 22.
1579 1072 1611 1098 de
1630 1074 1706 1098 iniur.
1721 1074 1762 1098 47.
1777 1074 1817 1097 10.
1845 1070 1885 1097 Ne
1898 1075 1942 1097 aut

1100 1113 1192 1140 heredi
1211 1114 1241 1140 B.
1256 1113 1283 1140 P.
1304 1113 1362 1140 data
1381 1114 1458 1140 faciat
1476 1115 1674 1151 praeiudicium.
1694 1120 1737 1140 aut
1757 1114 1880 1150 denegata
1900 1115 1941 1139 ius

1101 1156 1262 1183 ordinarium
1287 1158 1381 1194 eripiat
1404 1157 1516 1195 pupille.
1546 1157 1576 1184 fr.
1601 1160 1641 1184 10,
1667 1158 1699 1184 de
1723 1157 1837 1184 Carbon.
1863 1157 1939 1183 edict.

1100 1201 1141 1226 37.
1164 1201 1203 1226 10,
1239 1199 1375 1236 Eripiatur
1399 1208 1425 1227 et
1448 1201 1480 1227 ad
1503 1201 1597 1227 fiscum
1621 1200 1792 1227 transferatur
1811 1202 1860 1233 (sc.
1880 1210 1940 1237 qua-

1100 1242 1201 1276 drans.)
1222 1242 1252 1269 fr.
1272 1244 1314 1269 49.
1334 1243 1367 1270 de
1386 1244 1442 1270 iure
1461 1244 1528 1270 fisci.
1548 1245 1589 1270 49.
1605 1245 1645 1270 14.

1134 1287 1224 1317 Ero,
1246 1295 1267 1312 s.
1288 1287 1404 1313 Hero.
1443 1288 1561 1313 Galeas
1585 1289 1618 1313 de
1641 1294 1766 1321 sparto.
1804 1286 1847 1312 111.
1875 1286 1940 1313 Cn.

1100 1328 1204 1364 Quodsi
1224 1329 1365 1366 separatim
1384 1329 1491 1361 tabulis,
1511 1334 1555 1356 aut
1575 1330 1708 1358 eronibus.
1729 1329 1773 1363 [al.
1788 1328 1940 1359 herouibus,

1099 1382 1119 1398 s.
1143 1371 1317 1408 peronibus‚]
1338 1377 1382 1398 aut
1400 1373 1427 1398 in
1451 1372 1499 1398 alia
1521 1383 1586 1409 cupa
1612 1372 1713 1399 elusum
1732 1373 1941 1408 uniuscuiusque

1098 1415 1215 1441 triticum
1233 1414 1336 1441 fuisset.
1356 1414 1385 1441 fr.
1399 1416 1441 1441 31.
1460 1415 1537 1442 locat.
1560 1417 1599 1442 19.
1619 1417 1643 1442 2.

1133 1459 1316 1491 Erogare.
1353 1458 1384 1491 ἓ.
1405 1459 1440 1485 l.
1460 1460 1631 1494 Elargiri⁷
1652 1460 1815 1485 Dividere.
1835 1457 1853 1484 1.
1879 1458 1940 1492 Sy.

1075 1499 1077 1504 ’
1098 1500 1216 1526 Elocare.
1238 1500 1269 1527 cf.
1289 1500 1314 1527 h.
1334 1511 1358 1527 v.
1378 1499 1516 1533 Praebere,
1536 1501 1702 1538 Expendere.
1723 1500 1773 1527 Tb.
1795 1500 1825 1527 C.
1846 1500 1901 1526 VII.
1916 1501 1940 1526 6,

1099 1554 1120 1570 c.
1140 1545 1163 1570 5.
1184 1543 1216 1569 de
1235 1542 1310 1570 milit.
1330 1548 1397 1570 vest.
1417 1544 1462 1570 XI.
1484 1545 1524 1570 14.
1550 1554 1571 1570 c.
1595 1546 1616 1570 1.
1643 1543 1675 1570 de
1699 1543 1796 1570 condit.
1821 1544 1847 1569 in
1866 1542 1939 1580 publ.

1098 1586 1168 1612 horr.
1205 1586 1248 1612 111.
1261 1587 1326 1614 Cn.
1347 1586 1376 1613 Si
1395 1586 1489 1613 mulier
1508 1592 1639 1624 acceptam
1659 1598 1672 1612 a
1691 1588 1783 1613 marito
1798 1587 1940 1623 pecuniam

1075 1656 1076 1666 ἵ
1098 1630 1125 1655 in
1144 1628 1279 1666 sportulas
1299 1645 1331 1649 -—
1352 1629 1447 1656 Ordini
1467 1631 1620 1666 erogaverit.
1642 1629 1671 1656 fr.
1685 1632 1708 1656 5.
1730 1630 1806 1663 §.17.
1827 1629 1858 1655 de
1878 1628 1939 1655 don.

1099 1673 1144 1698 int.
1166 1671 1197 1698 V.
1217 1673 1259 1698 24.
1281 1673 1303 1698 1.
1325 1672 1356 1699 cf.
1376 1672 1407 1699 fr.
1427 1675 1468 1698 58.
1489 1672 1521 1698 de
1541 1672 1629 1699 hered.
1649 1677 1701 1709 pet.
1721 1675 1745 1698 5.
1765 1674 1787 1698 3.
1826 1672 1879 1707 Qui
1898 1682 1940 1698 an-

1099 1725 1193 1741 nonam
1213 1715 1338 1751 suscipit,
1358 1714 1400 1741 vel
1420 1716 1513 1751 exigit,
1532 1715 1575 1741 vel
1595 1720 1690 1751 erogat.
1711 1715 1741 1741 fr.
1763 1716 1801 1741 18.
1822 1715 1843 1748 5.
1863 1716 1887 1740 8.
1907 1714 1940 1740 (11ι

1078 914 1080 927 ί

1078 932 1080 944 l

1078 952 1080 960 1

1098 1767 1166 1783 mun.
1189 1762 1214 1782 et
1233 1756 1293 1783 hon.
1313 1759 1353 1782 50.
1375 1759 1398 1783 4.
1426 1757 1578 1793 Erogandas
1598 1759 1701 1794 species
1721 1768 1753 1784 ex
1773 1757 1874 1783 horreis
1894 1767 1940 1794 pu-

1099 1799 1176 1825 blicis
1196 1815 1227 1818 —
1248 1801 1383 1836 suscipiat.
1405 1799 1454 1826 Th.
1475 1800 1506 1826 C.
1529 1799 1582 1827 VII.
1602 1802 1625 1826 4.
1647 1811 1668 1827 c.
1681 1802 1724 1826 32.
1745 1800 1776 1826 de
1796 1810 1865 1836 erog.
1885 1799 1938 1826 mil.

1099 1852 1193 1868 annon.
1231 1841 1267 1868 Vt
1286 1852 1315 1868 ea
1334 1843 1393 1868 vina
1412 1843 1505 1880 populi
1524 1843 1616 1869 usibus
1636 1848 1784 1879 erogentur.
1805 1853 1871 1879 quae
1890 1847 1938 1868 etc.

1076 1909 1077 1920 χ
1098 1884 1135 1910 11).
1161 1884 1206 1910 XI.
1229 1886 1254 1911 2.
1280 1895 1301 1911 c.
1325 1886 1349 1910 3.
1375 1885 1465 1911 tribut.
1490 1887 1517 1911 in
1541 1887 1590 1922 ipS.
1616 1896 1687 1922 spec.
1707 1902 1739 1905 —
1760 1886 1790 1919 §-
1814 1887 1849 1912 2.
1874 1887 1939 1912 Ex-

1096 1929 1240 1961 pendere,
1260 1929 1437 1954 Absumere.
1475 1928 1493 1954 1.
1509 1930 1570 1963 Sy.
1591 1929 1670 1960 Dare,
1690 1928 1834 1955 Praestare.
1854 1928 1883 1954 fr.
1897 1930 1937 1954 27.

1075 1973 1077 1995 ι’
1099 1969 1132 1996 de
1156 1969 1242 1996 Aedil.
1268 1970 1345 1997 edict.
1365 1973 1406 1997 21.
1428 1973 1450 1997 l.
1476 1970 1506 1997 fr.
1530 1974 1571 1997 32.
1592 1973 1615 1997 6.
1640 1971 1672 1998 de
1697 1971 1790 1998 admin.
1814 1976 1839 1997 et
1858 1973 1938 2008 peric.

1097 2014 1139 2039 26.
1160 2015 1182 2039 7.
1220 2013 1380 2040 Deminuere
1399 2014 1449 2047 (dc
1468 2014 1572 2047 bonis.)
1594 2014 1765 2041 Consumere.
1792 2014 1823 2040 cf.
1844 2024 1867 2040 v.
1887 2013 1937 2040 De-

1098 2056 1222 2081 minuere.
1247 2056 1268 2090 5.
1288 2058 1312 2082 2.
1344 2056 1416 2082 Paul.
1436 2056 1454 2082 1.
1473 2059 1515 2083 21.
1536 2058 1618 2091 §.15.
1655 2057 1697 2083 111.
1723 2058 1788 2084 Cn.
1820 2057 1874 2092 Qui
1892 2067 1938 2094 pu-

1075 2096 1076 2131 Ῑ
1098 2097 1191 2124 blicam
1211 2100 1356 2135 pecuniam.
1380 2100 1406 2125 in
1426 2109 1489 2126 usus
1509 2099 1612 2136 aliquos
1632 2105 1772 2137 acceptam.
1792 2101 1937 2129 retinuerit,

1098 2151 1146 2167 nec
1172 2143 1325 2177 erogaverit.
1349 2141 1379 2168 fr.
1407 2144 1430 2168 3.
1456 2143 1477 2176 5.
1504 2144 1527 2168 4.
1553 2143 1585 2169 ad
1609 2142 1638 2169 L.
1660 2143 1706 2169 1111.
1727 2142 1813 2180 pecul.
1834 2144 1875 2169 48,
1896 2144 1935 2168 13.

1075 2217 1076 2220 Ἴ
1097 2183 1237 2210 Pecuniam
1256 2184 1388 2221 publicam
1407 2190 1527 2216 tractare.
1548 2186 1604 2211 sive
1618 2186 1774 2222 erogandam
1788 2186 1935 2212 decernere.

1074 2249 1076 2267 ¹.
1098 2226 1127 2253 fr.
1149 2229 1172 2253 2.
1193 2228 1214 2261 5.
1237 2229 1258 2253 l.
1283 2227 1315 2254 ad
1339 2229 1434 2254 munic.
1458 2230 1499 2254 50.
1527 2230 1548 2253 1.
1586 2228 1619 2254 Et
1645 2230 1777 2266 accipiunt
1801 2230 1935 2266 pecuniam

1074 2290 1075 2296 .
1097 2270 1153 2303 (sc.
1178 2271 1333 2306 argentarii)
1358 2276 1384 2297 et
1408 2276 1515 2307 erogant
1539 2281 1586 2307 per
1605 2276 1700 2308 partes.
1726 2272 1755 2298 fr.
1775 2274 1798 2298 9.
1819 2273 1839 2305 5.
1859 2273 1883 2297 2.

1074 2306 1075 2353 1
1097 2312 1208 2339 edendo.
1232 2315 1257 2339 2.
1284 2315 1322 2339 13.
1370 2313 1442 2340 Nihil
1471 2324 1502 2340 ex
1526 2319 1684 2341 testamento
1708 2314 1811 2341 videtur
1834 2324 1934 2350 capere,

1098 2356 1141 2391 qui
1162 2361 1262 2382 tantum
1282 2361 1383 2392 erogat.
1409 2362 1533 2392 quantum
1559 2359 1660 2394 accipit.
1686 2357 1714 2384 fr.
1738 2360 1793 2383 122.
1817 2358 1838 2390 5.
1858 2360 1881 2383 '.’.
1902 2356 1934 2383 de

1074 2407 1075 2410 ¹
1097 2397 1171 2434 legat.
1193 2398 1210 2424 1.
1232 2400 1299 2431 (30.)
1338 2398 1410 2425 Nihil
1431 2401 1547 2436 erogavit
1566 2400 1599 2427 de
1617 2411 1665 2427 suo
1690 2401 1797 2437 (pater.)
1816 2399 1862 2425 sed
1882 2410 1933 2425 nou

1073 2418 1075 2472 l
1097 2441 1249 2477 adquisivit.
1269 2442 1298 2468 fr.
1319 2444 1343 2468 5.
1364 2442 1386 2475 5.
1406 2444 1430 2467 5.
1451 2442 1482 2468 (le
1502 2444 1558 2469 iure
1577 2443 1630 2469 dot.
1650 2445 1691 2469 23.
1706 2445 1729 2468 3.
1751 2442 1780 2468 cf.
1801 2442 1830 2468 fr.
1850 2443 1890 2468 63.
1912 2443 1933 2476 5.

1098 2485 1120 2509 l.
1140 2494 1188 2521 pro
1209 2494 1262 2510 soc.
1286 2486 1324 2511 17.
1344 2486 1368 2510 2.
1406 2484 1478 2511 Nihil
1498 2496 1530 2512 ex
1552 2486 1696 2512 hereditate
1715 2490 1834 2520 erogatur
1853 2486 1933 2517 (tuto-

1097 2526 1133 2551 ris
1153 2525 1279 2559 datione.)
1299 2527 1356 2554 Gai.
1376 2527 1406 2554 II.
1426 2530 1486 2555 231.
1524 2528 1595 2555 Olim
1610 2528 1713 2564 quidem
1726 2527 1828 2559 licebat.
1850 2533 1932 2554 totum

1073 2584 1074 2592 1
1096 2569 1280 2605 patrimonium
1294 2570 1386 2607 legatis
1400 2576 1478 2608 atque
1491 2571 1656 2598 libertatibus
1671 2580 1784 2606 erogare,
1799 2581 1846 2596 nec
1859 2571 1932 2607 quid-

1903 2270 1919 2296 (1
1922 2282 1935 2296 (5

1072 2633 1074 2642 ,
1096 2621 1172 2647 quam
1192 2611 1281 2638 heredi
1306 2613 1462 2650 relinquere.
1487 2614 1522 2640 11).
1548 2614 1578 2639 11.
1601 2615 1659 2638 224.
1683 2622 1723 2648 sq.
1749 2613 1778 2639 fr.
1805 2615 1845 2640 73.
1865 2614 1886 2647 5.
1907 2616 1930 2640 5.

1095 2653 1127 2679 ad
1152 2653 1180 2679 L.
1207 2653 1275 2681 Falc.
1299 2657 1340 2682 35.
1366 2658 1390 2683 2.
1438 2657 1568 2692 Quantum
1596 2665 1643 2691 per
1671 2655 1807 2682 codicillos
1831 2657 1931 2692 erogari

1094 2701 1194 2733 posset.
1214 2696 1245 2723 fr.
1265 2699 1288 2723 4.
1309 2699 1375 2732 5.1.
1396 2699 1428 2725 de
1446 2699 1475 2725 L.
1495 2698 1573 2724 Corn.
1594 2697 1626 2723 de
1644 2697 1701 2724 fals.
1724 2700 1765 2724 48.
1787 2701 1825 2725 10,
1847 2715 1878 2718 -
1899 2700 1929 2731 §-

1095 2740 1132 2765 3.
1152 2741 1350 2774 Impendere.
1370 2741 1388 2767 Ι.
1404 2743 1464 2775 Sy.
1485 2740 1638 2776 Impendere
1657 2741 1690 2766 in.
1712 2740 1782 2768 Paul.
1797 2742 1815 2768 I.
1835 2744 1876 2769 21.
1891 2743 1927 2776 55.

214 2782 247 2798 ve
269 2774 409 2810 eripuerit.
434 2774 585 2816 turbaverit.
605 2775 676 2802 Paul.
695 2776 726 2803 V.
745 2779 787 2804 26.
807 2779 828 2812 5.
848 2782 872 2806 3.
910 2780 977 2807 Cum
992 2782 1050 2817 quis
1071 2764 1073 2804 l
1096 2784 1135 2808 10.
1156 2792 1195 2818 sq.
1218 2784 1256 2810 15.
1269 2784 1299 2809 fr.
1314 2785 1351 2809 14.
1371 2784 1392 2816 5.
1402 2785 1426 2808 3.
1447 2783 1479 2808 de
1498 2782 1570 2819 relig.
1593 2784 1630 2810 11.
1653 2785 1675 2809 7.
1696 2784 1725 2810 fr.
1739 2786 1762 2811 9.
1782 2786 1853 2819 552.
1869 2796 1926 2821 sqq.

217 2814 249 2841 de
266 2818 438 2852 possessione
455 2818 481 2843 vi
501 2817 632 2850 deiicitur,
659 2819 701 2845 vel
725 2819 803 2847 alicui
821 2831 863 2848 res
883 2824 1000 2860 eripitur.
1019 2824 1049 2850 fr.
1071 2812 1073 2868 ἰ
1094 2824 1127 2851 de
1146 2825 1200 2851 reb.
1221 2831 1286 2851 auct.
1308 2825 1359 2851 iud.
1380 2828 1419 2851 42.
1440 2826 1462 2850 5.
1500 2824 1542 2851 III.
1555 2827 1620 2853 Gn.
1640 2826 1673 2852 Et
1687 2828 1708 2853 si
1724 2838 1776 2854 nou
1796 2834 1845 2854 tam
1861 2828 1928 2854 laute
