2197 3121
1014 151 1107 182 PER.

190 237 367 262 latinitate
388 238 541 270 gaudeat.
578 233 621 260 111.
642 233 708 260 Gn.
733 232 786 268 Qui
805 233 929 270 proprios
949 243 1032 270 popu-

191 278 231 305 los
250 279 424 315 propriasque
445 278 563 304 civitates
583 276 723 307 habebant.
744 281 770 302 et
790 280 863 302 erant
881 277 1031 313 peregrino-

190 331 247 347 rum
266 331 382 347 numero.
409 320 464 346 Gai.
486 319 503 346 Ι.
522 321 561 346 79.
599 318 680 345 Cives
700 329 780 350 rom.‚
805 318 847 345 vel
866 320 942 345 etiam
961 318 1031 345 Lati·
1051 335 1053 338 -

191 373 238 389 nae
250 384 256 394 ‚
275 364 461 400 peregrinaeve
480 372 537 388 cum
557 362 653 398 quibus
673 361 832 388 connubium
850 360 970 388 habeant.
992 361 1029 388 ld.

191 406 208 432 I.
229 407 270 433 56.
290 416 330 442 sq.
354 407 395 432 66.
415 415 473 441 sqq.
500 404 561 441 le.
584 404 613 431 V.
633 406 656 430 4.
677 404 708 431 cf.
729 403 798 431 Con.
817 403 869 431 LL.
889 404 921 430 M.
942 403 986 431 IV.
1005 406 1029 430 5.

191 448 272 475 Cives
291 449 331 480 R..
351 453 377 475 et
396 448 482 474 Latini
502 447 651 479 coloniarii,
670 446 809 483 Latinique
827 446 940 475 Iuniani.
960 448 1030 483 iique

191 492 322 529 peregrini
342 491 437 527 quihus
457 491 639 517 commercium
660 489 748 516 datum
767 494 814 515 est.
835 488 895 526 le.
914 490 986 516 XIX.
1005 492 1029 516 4.
1052 514 1053 521 ,

191 534 324 570 Peregrini
344 534 468 560 dediticii.
489 533 545 559 Gai.
566 532 582 558 I.
600 535 638 558 13.
659 543 698 569 sq.
737 531 787 558 Cui
806 531 879 558 nullo
899 532 976 558 modo
997 532 1031 558 le-

192 578 247 613 gari
267 578 361 614 possit,
381 576 453 602 velut
471 576 617 613 peregrino,
638 585 695 602 cum
716 585 767 611 quo
787 576 935 601 testamenti
953 575 1030 601 laelio

192 630 245 646 non
270 621 312 646 sit.
341 619 377 645 ld.
404 619 434 645 ll.
458 621 518 645 218.
543 618 574 644 ef.
602 617 644 644 111.
668 619 724 644 134.
751 619 807 644 179.
845 617 900 643 Nec
928 617 1031 649 adiecit,

191 664 266 689 cuius
286 662 444 689 conditionis
469 661 615 692 hominem,
641 665 668 687 ut
693 665 718 687 et
740 660 771 686 ad
791 670 896 687 servum
916 665 941 686 et
959 671 1031 698 pere,

191 706 292 741 grinum
312 706 444 742 pertinere
463 704 526 730 haec
546 704 589 730 lex
607 703 734 730 videatur.
754 702 823 729 Coll.
844 702 895 730 LL.
916 703 949 730 Μ.
969 703 986 730 Ι.
1006 705 1030 730 3.

193 748 224 774 cf.
245 748 301 775 Gai.
318 748 336 774 1.
357 750 397 775 47.
436 747 557 779 Praetor,
583 747 626 783 qui
645 747 798 783 peregrinus
817 746 964 783 adpellatus
983 751 1031 777 est,

191 790 223 817 ab
248 801 278 817 eo
307 789 384 827 quod'
405 790 561 827 plerumque
584 791 653 815 inter
675 790 827 825 peregrinos
852 790 892 815 ius
920 789 1031 815 dicebat.

191 833 221 860 fr.
241 836 265 859 2.
286 834 307 867 ξ.
327 836 368 861 28.
389 834 421 859 de
441 833 473 859 O.
493 833 511 859 I.
534 835 558 858 1.
577 834 601 858 2.
625 831 666 857 Fr.
685 831 715 858 L.
736 831 830 858 Servii.
851 842 872 858 c.
891 834 915 858 2.
936 831 992 858 Gai.
1013 831 1031 858 Ι,

190 877 214 903 6.
228 875 272 903 IV.
285 879 327 903 31.
357 877 410 911 Qui
431 886 462 902 ex
481 876 618 913 peregrino
639 879 664 900 et
683 875 740 901 cive
759 884 864 901 romana
878 876 1031 911 peregrinus

191 921 316 946 nascitur.
340 919 402 954 Ylp.
423 918 454 944 V.
479 922 502 944 8.
528 917 558 944 cf.
588 916 645 943 Gai.
666 917 683 943 I.
709 918 748 944 78.
773 918 814 944 92.
853 917 927 944 Civis
947 918 978 944 R.
999 933 1030 937 —

191 961 275 988 factus
295 963 457 999 peregrinus.
477 971 536 987 mox
555 959 587 986 ad
607 960 737 986 civitatem
756 959 786 986 R.
808 962 936 997 pervenit.
957 960 987 987 fr.
1007 962 1030 987 6.

191 1005 212 1038 ξ.
231 1006 255 1030 2.
275 1004 308 1031 de
327 1004 414 1030 hered.
440 1005 500 1030 inst.
520 1004 561 1029 28.
581 1005 604 1029 5.
634 1002 691 1029 Gai.
713 1002 730 1029 1.
751 1004 792 1029 90.
821 1003 883 1040 le.
902 1003 935 1031 X.
954 1005 978 1030 3.
999 1020 1030 1023 —

190 1047 222 1080 §0
245 1048 282 1073 3.
302 1049 409 1074 Extra
426 1048 573 1081 patriam
592 1050 710 1078 urbem,
731 1053 787 1073 aut
804 1049 1030 1080 provinciam,

190 1092 400 1116 constitutus.
437 1089 467 1115 II.
489 1090 556 1122 Op.
584 1088 695 1121 Vrbica‚
720 1098 741 1115 S.
762 1088 880 1121 Vrbana,
901 1106 931 1111 —
956 1090 1033 1116 Pere-

191 1133 263 1168 grina
290 1133 408 1168 (negotia
429 1133 498 1164 etc.)
523 1132 553 1158 fr.
572 1133 613 1157 51.
639 1131 672 1158 de
697 1131 763 1157 adm.
788 1136 814 1158 et
837 1134 917 1169 peric.
941 1134 983 1159 26.
1008 1135 1030 1159 7.

191 1175 221 1201 fr.
238 1177 276 1201 12.
297 1175 329 1201 de
347 1175 442 1212 supell.
463 1174 511 1211 leg.
527 1176 568 1201 33.
590 1176 629 1200 10.
668 1174 742 1200 Civis
761 1176 920 1211 provinciae.
935 1192 966 1196 -—
986 1175 1033 1202 Pe-

191 1219 317 1254 regrinus.
349 1217 398 1244 Th.
420 1218 450 1243 C.
475 1217 492 1243 1.
515 1219 553 1243 12.
580 1228 600 1243 c.
622 1219 643 1243 1.
669 1216 701 1243 de
726 1216 857 1244 adsessor.
903 1218 945 1245 Ill.
966 1220 1032 1247 Gn.

191 1260 303 1287 Evitatis
322 1261 473 1297 provinciae
493 1270 555 1286 suae
569 1259 676 1291 finibus,
690 1276 718 1279 —
735 1262 888 1297 peregrinos
909 1267 1032 1299 expetere

191 1308 359 1329 commeatus.
382 1303 419 1329 lb.
439 1303 496 1329 XII.
519 1305 540 1328 Ι.
561 1313 582 1328 c.
604 1304 663 1328 161.
684 1302 716 1329 de
735 1302 868 1330 decurion.
889 1320 920 1323 ——
940 1306 971 1338 ᾖ.
992 1307 1031 1332 4.

191 1348 405 1378 Contrarias,
435 1348 578 1372 Alienus.
621 1345 638 1371 1.
665 1347 726 1379 Sy.
756 1346 879 1373 Inimicus
909 1349 1032 1380 (naturae.

191 1390 252 1417 etc.)
272 1389 309 1415 lb.
330 1389 374 1415 IX.
398 1391 436 1415 16.
457 1400 477 1415 c.
498 1391 521 1414 5.
543 1398 582 1425 sq.
602 1388 634 1414 de
653 1388 763 1415 malefic.
800 1389 842 1415 111.
858 1392 923 1417 Gn.
943 1390 1033 1417 Placet

189 1431 316 1458 maculam
336 1431 425 1457 subire.
444 1431 572 1463 infamiae,
594 1436 619 1458 et
638 1433 790 1469 peregrinos
811 1433 861 1466 [al.
881 1432 998 1467 alienos]
1019 1445 1032 1460 a

189 1485 254 1501 rom.
278 1475 380 1510 legibus
407 1474 471 1500 fieri,
502 1474 537 1500 lb.
559 1473 602 1500 IV.
623 1476 646 1500 6.
672 1485 692 1501 c.
712 1477 736 1501 3.
757 1475 870 1508 (ch.)
897 1476 929 1502 de
948 1482 1031 1504 natur.

189 1517 226 1544 fil.
248 1517 288 1544 Cf.
308 1517 371 1544 lust.
393 1517 424 1543 C.
444 1527 465 1543 c.
487 1519 509 1543 1.
530 1517 587 1543 eod.
601 1520 624 1543 5.
644 1519 686 1544 27.

227 1560 500 1587 Peremtorius.
533 1560 661 1593 (Adiect.)
694 1562 920 1597 Definitivux,
941 1564 1032 1589 Peri-

189 1612 272 1629 mens
292 1605 492 1629 dilutionem.
531 1603 548 1629 Ι.
570 1605 631 1637 Sy.
660 1603 739 1639 Quod
767 1605 878 1640 perimat
902 1604 1032 1642 discepta-

191 1646 301 1677 tionem,
321 1645 510 1672 Peremtorium
530 1646 688 1679 (edictum.)
715 1646 744 1673 fr.
764 1648 805 1673 68.
829 1646 860 1672 fr.
880 1649 919 1673 70.
940 1658 979 1684 sq.
1000 1648 1032 1674 de

191 1687 268 1714 iudic.
287 1691 311 1715 5.
333 1690 354 1714 1.
394 1687 443 1714 Per
462 1698 538 1724 quam
558 1689 708 1715 omnimodo
733 1689 911 1721 submoveris,
930 1690 1032 1717 Perem-

191 1732 258 1757 toria
277 1732 433 1768 (exceptio)
459 1731 515 1757 Gai.
536 1731 579 1758 IV.
601 1734 658 1758 117.
679 1731 710 1758 cf.
732 1734 789 1758 121.
825 1732 856 1759 ΙΙ.
874 1735 940 1767 Op.
960 1733 1032 1760 Dila-

192 1775 284 1805 torius,
304 1773 470 1800 moratorius.
491 1774 532 1800 Cf.
546 1774 571 1800 h.
586 1785 627 1801 vv.
656 1774 699 1800 111.
711 1776 777 1802 Gn.
796 1774 942 1811 perpetuae
955 1782 1032 1812 atque

191 1817 364 1853 peremtoriae
391 1818 568 1854 exceptiones.
593 1816 624 1843 fr.
643 1819 667 1843 3.
693 1817 725 1843 de
750 1827 821 1843 excc.
841 1820 882 1844 44.
904 1821 925 1844 l.
963 1818 1032 1845 Cou-

191 1864 279 1885 tumax
299 1864 352 1887 est.
378 1860 422 1894 qui
447 1860 531 1885 tribus
557 1859 650 1886 edictis
669 1861 827 1897 propositis,
851 1861 893 1887 vel
913 1872 964 1888 uno
983 1872 1031 1899 pro

192 1901 286 1932 tribus.
306 1901 377 1937 quod
397 1901 474 1937 vulgo
489 1904 674 1938 peremtorium
689 1902 844 1939 adpelhtur,
864 1903 959 1931 litteris
973 1915 1033 1931 evo-

193 1949 266 1970 catus
287 1949 334 1969 etc.
360 1943 390 1970 fr.
411 1946 451 1970 53.
479 1946 500 1978 ᾗ.
523 1946 544 1971 l.
569 1945 598 1971 fr.
618 1948 659 1971 54.
683 1955 722 1982 pr.
746 1945 776 1971 fr.
796 1948 836 1972 59.
862 1947 882 1980 ξ
903 1949 926 1973 3.
953 1947 985 1974 de
1004 1958 1032 1974 re

192 1987 245 2013 iud.
265 1989 306 2012 42.
328 1989 350 2012 1.
372 1986 401 2012 cf.
423 1987 453 2013 sr.
473 1990 514 2013 (55.
536 1997 594 2024 sqq.
616 1987 644 2014 fr.
665 1989 703 2014 73.
726 1989 747 2022 ξ.
765 1991 784 2014 1.
805 1989 837 2015 de
855 1989 932 2016 indic.
953 1993 976 2016 5.
993 1993 1014 2017 1.

229 2030 482 2057 Perendinus.
506 2032 648 2057 Tertius.
684 2030 727 2056 Ill.
743 2032 808 2058 (711.
828 2032 904 2059 Diem
918 2035 1032 2063 tertium.

193 2073 248 2098 sive
268 2072 448 2109 perendinum.
475 2072 561 2099 valer.
582 2072 659 2099 Proh,
680 2073 712 2099 de
731 2079 784 2100 not.
804 2074 834 2101 R.
855 2085 878 2101 v.
899 2075 932 2101 D.
954 2075 984 2102 T.
1004 2075 1031 2102 S.

192 2113 221 2140 P.
240 2114 276 2141 Id.
296 2115 345 2141 litt.
367 2117 432 2151 sing.
453 2117 479 2142 in
499 2117 593 2141 action.
613 2126 636 2142 v.
657 2116 675 2142 1.
695 2117 729 2142 1).
749 2116 779 2143 T.
801 2117 827 2144 S.
847 2117 875 2144 P.

230 2158 429 2185 Perennis.
451 2159 579 2191 (Adieet.)
608 2159 638 2191 ξ.
659 2160 693 2186 1.
714 2162 899 2195 Perpetuus.
936 2161 955 2188 I.
970 2163 1032 2196 Sy.

195 2199 274 2234 Quod
298 2210 400 2237 semper
420 2202 494 2228 fluit.
519 2201 636 2227 Perenne
655 2202 795 2234 (flumen.)
815 2204 845 2230 fr.
867 2206 888 2230 1.
914 2204 936 2237 §.
956 2207 979 2230 2.
1001 2204 1033 2231 de

195 2242 293 2268 flumin.
313 2245 353 2269 43.
374 2246 413 2270 12.
450 2244 573 2272 111011.
594 2244 668 2280 Quae
688 2245 736 2277 (sc.
751 2248 855 2282 aquae‚)
875 2248 924 2273 etsi
942 2257 1033 2284 peren-

195 2295 242 2311 nes
262 2290 331 2316 sunt,
351 2285 409 2313 duci
429 2292 513 2314 tamen
534 2298 585 2313 non
605 2293 726 2324 possunt.
746 2294 836 2325 utputa
850 2289 969 2326 puteales
984 2295 1031 2316 etc.

195 2327 226 2354 fr.
248 2330 269 2353 l.
290 2328 311 2361 ξ.
331 2329 354 2353 b'.
375 2328 405 2354 es.
424 2330 445 2362 ᾗ.
466 2332 489 2356 5.
510 2330 541 2356 de
561 2341 626 2366 aqua
646 2336 717 2367 quot.
732 2332 771 2357 43.
792 2334 832 2357 20.
870 2332 1032 2359 Perennibus

196 2371 314 2396 inuretur
337 2370 415 2396 iudex
438 2374 521 2401 notis.
546 2375 569 2399 si
588 2379 636 2400 etc.
662 2373 710 2400 Th.
732 2373 762 2400 C.
783 2374 826 2400 XI.
851 2377 892 2401 30.
917 2385 938 2401 c.
958 2377 980 2402 9.
1001 2375 1033 2401 de

197 2423 254 2450 app.
276 2418 300 2439 et
314 2423 390 2449 poen.
406 2429 436 2432 -
457 2415 488 2447 §.
499 2417 534 2442 2.
551 2418 666 2443 delern
675 2427 720 2447 113.
742 2418 891 2444 Divinus.
912 2418 1032 2445 111sz-

196 2455 323 2481 Perennis
342 2457 489 2487 memoriae,
508 2467 529 2483 s.
548 2459 746 2491 recordationis,
767 2463 976 2497 (paternoster.)
996 2461 1031 2487 lb.

196 2497 264 2524 1111.
285 2501 307 2524 4,
329 2509 349 2524 c.
370 2500 392 2524 6.
413 2508 451 2535 pr.
472 2499 503 2525 de
523 2500 646 2528 colim-tal.
666 2502 736 2528 XVI.
756 2505 779 2529 5.
801 2513 820 2529 c.
841 2505 864 2529 5.
885 2503 917 2529 de
936 2503 1032 2530 haeret.

198 2540 354 2567 Sane-tiones
379 2551 517 2578 perennes.
544 2542 643 2571 lb.V1,
661 2547 703 2571 26.
728 2556 749 2571 ς,
768 2547 791 2572 3.
816 2545 848 2572 de
872 2556 947 2582 prox.
967 2556 1032 2572 com.

198 2583 266 2620 disp.

235 2626 475 2653 Perennitas.
496 2626 525 2659 §.
540 2628 575 2652 l.
595 2629 814 2661 Perpetnims.
851 2631 894 2657 III.
910 2632 975 2658 Gn.
991 2631 1033 2657 Ad

197 2673 321 2706 posteros
345 2678 428 2704 nsque
451 2669 623 2705 perennitatis
640 2671 706 2696 -iure
729 2672 837 2700 fundare
861 2673 1032 2700 decrevimus.

198 2712 264 2738 Νῦν.
285 2711 333 2737 Th.
354 2711 383 2737 ll.
404 2711 435 2737 de.
454 2712 508 2738 lud.
528 2712 546 2738 Ι.
566 2713 588 2738 6.
610 2721 631 2738 c.
653 2714 675 2737 l.
694 2723 732 2749 pr.
746 2731 777 2734 —
797 2717 828 2750 ξ,
842 2718 877 2743 2,
902 2718 1034 2743 Titulus

198 2756 397 2781 honorarius
417 2757 592 2789 Principis.
632 2755 650 2781 I.
667 2756 728 2789 sy·
749 2757 890 2791 Sei-cuitus,
904 2759 1033 2786 Maiestas.

200 2796 236 2823 lb.
257 2797 289 2823 de
316 2797 431 2823 confirm.
451 2796 503 2823 LL.
524 2808 583 2824 nov.
604 2797 621 2823 Ι.
644 2800 665 2823 1.
692 2808 712 2824 c.
734 2800 755 2825 l.
781 2801 818 2834 §§
839 2804 860 2827 l.
880 2804 904 2828 3.
933 2802 982 2828 Th.
1004 2802 1035 2828 C.

1853 157 1917 186 699

1075 233 1120 260 ΙΧ.
1143 235 1181 260 19.
1207 243 1228 260 c.
1247 235 1271 260 3.
1296 233 1327 260 ad
1351 233 1381 261 L.
1401 235 1482 261 Corn.
1507 235 1539 261 de
1563 234 1619 261 fals.
1662 235 1703 261 III.
1725 237 1791 262 (ἠ.
1819 236 1846 262 Si
1872 238 1916 272 qni

1075 276 1175 303 iudices
1195 293 1225 297 --
1245 286 1320 303 suum
1340 279 1428 314 potius
1448 288 1551 310 nomen.
1576 288 1652 314 quam
1671 282 1776 304 nostrae
1795 280 1916 315 perenni-

1075 321 1148 352 tatis,
1173 320 1336 357 scripserint.
1364 320 1400 346 lh.
1420 320 1478 348 XV.
1503 324 1521 347 1.
1550 331 1570 347 c.
1590 323 1631 347 31.
1656 331 1694 358 pr.
1721 321 1753 347 de
1772 331 1832 358 opp.
1853 322 1914 358 pub.

1075 362 1220 395 Statutum,
1239 373 1263 389 v.
1283 362 1430 395 indultum,
1449 374 1473 390 v.
1494 364 1675 401 Responsum,
1700 369 1805 390 nostrae
1824 375 1915 401 peren-

1075 407 1172 432 nitatis.
1192 405 1228 432 1b.
1248 405 1278 432 11.
1298 407 1321 432 4.
1342 416 1362 432 c.
1380 408 1403 432 4.
1424 406 1456 432 de
1476 407 1586 433 denunc.
1606 417 1629 433 v.
1651 407 1712 434 edit.
1733 417 1812 433 rescr.
1826 408 1858 434 X.
1873 410 1915 435 20,

1076 459 1096 475 c.
1117 450 1156 475 10.
1176 459 1215 486 pr.
1235 448 1268 475 de
1286 449 1403 485 murileg.
1423 449 1491 475 XIII.
1512 452 1535 475 5.
1556 460 1576 475 c.
1599 452 1637 476 12.
1659 450 1691 476 de
1711 450 1821 476 navicul.

1112 503 1352 530 Perenniter.
1367 503 1479 536 (Advb.)
1499 506 1667 538 Perpetuo.
1689 504 1805 532 HLCn.
1819 506 1916 542 Quiete

1075 550 1137 583 post
1160 544 1264 571 labores
1293 555 1355 572 suos
1375 556 1429 583 per.
1450 546 1624 583 perfruantur.
1653 547 1688 573 Il).
1709 547 1765 574 VII.
1784 551 1824 575 20.
1851 560 1871 576 c.
1891 552 1914 576 2.

1075 598 1114 626 pr.
1134 588 1166 615 de
1185 593 1299 615 veteran.

1113 640 1302 666 Perfecto.
1324 639 1435 673 (Advb.)
1461 642 1626 672 Absolute,
1647 643 1748 668 Pleue.
1786 642 1829 669 111.
1849 645 1916 671 Cn.

1075 681 1194 708 Perfecto
1214 692 1298 708 meum
1318 682 1402 709 facere
1422 682 1587 716 (hominem.)
1608 682 1637 709 fr.
1651 686 1691 710 38
1712 685 1732 717 ᾗ.
1747 687 1770 711 3.
1786 685 1817 712 de
1837 686 1915 714 solut.

1076 726 1116 751 46.
1136 727 1160 751 3.
1180 725 1210 751 fr.
1232 727 1289 752 139.
1309 726 1329 759 ξ.
1352 728 1374 752 1.
1395 725 1427 752 de
1440 725 1470 752 R.
1484 725 1502 752 Ι.
1522 729 1562 752 50.
1585 728 1624 752 17.
1662 726 1850 757 Comzimtum.
1869 729 1916 756 sed

1077 777 1127 793 non
1147 767 1339 805 perfectissime
1360 774 1469 795 cautum.
1491 778 1510 795 c.
1524 770 1566 794 ⁴28.
1587 768 1619 795 de
1638 779 1708 796 usur.
1729 772 1751 796 4.
1771 773 1812 797 32.

1116 823 1320 849 Perfectio.
1359 825 1608 849 Consunzmatio.
1647 824 1666 850 I.
1689 826 1750 859 SJ.
1772 826 1813 851 Ad
1834 828 1917 863 perle-

1077 869 1146 891 ctum
1167 864 1283 901 perduci.
1320 865 1361 891 Ad
1376 866 1563 902 perfectionem
1579 868 1725 903 pervenire..
1745 867 1846 895 Perlici.
1867 869 1915 896 Th.

1077 906 1106 934 C.
1126 906 1185 933 XV.
1207 909 1228 933 1.
1249 918 1269 933 c.
1289 910 1331 934 31.
1351 909 1372 941 ᾗ.
1395 910 1416 934 1.
1436 919 1456 935 c.
1476 910 1517 935 36.
1538 909 1569 935 de
1589 919 1649 946 opp.
1670 910 1731 947 pub.

1114 962 1475 989 Perfectissilnatus.
1496 963 1613 996 (Snbst.)
1634 965 1794 1000 Dignitas
1809 968 1916 1002 perfe-

1075 1006 1304 1031 ctissimorum.
1342 1004 1383 1031 Ill.
1406 1007 1471 1032 (7η.
1492 1006 1558 1032 Cum
1578 1018 1591 1033 a
1610 1007 1733 1044 palatinis
1752 1009 1918 1036 mitterentur

1076 1046 1226 1083 obsequiis,
1252 1058 1264 1073 a
1284 1048 1376 1084 primis
1396 1049 1544 1085 quibusque
1562 1050 1685 1085 gradibus
1706 1061 1789 1087 usque
1809 1051 1839 1077 nd
1860 1062 1917 1089 per-

1076 1089 1263 1116 fectissimatus
1283 1090 1402 1116 ordinem
1422 1096 1470 1117 ete.
1491 1091 1540 1118 Th.
1556 1093 1585 1118 C.
1600 1092 1698 1119 V1‚35.
1719 1104 1740 1119 c.
1756 1096 1778 1120 7.
1799 1094 1831 1121 de
1850 1096 1916 1132 priv.

1077 1143 1129 1159 eor.
1150 1143 1193 1169 qu.
1213 1133 1238 1158 in
1259 1132 1285 1159 S.
1306 1133 1356 1170 pal.
1395 1133 1500 1160 Honore
1519 1135 1754 1171 perfectissinwtus
1774 1138 1799 1163 in
1819 1137 1916 1175 palatio

1076 1180 1169 1202 nostro
1201 1177 1353 1212 potientur,
1385 1178 1462 1203 etiam
1491 1178 1613 1204 maiorem
1645 1179 1751 1215 gradum
1783 1179 1917 1216 dignitatis

1076 1218 1244 1256 postmodum
1269 1218 1396 1255 adepturi.
1428 1219 1464 1246 lb.
1485 1219 1551 1246 vlu.
1574 1223 1595 1246 1.
1621 1232 1641 1248 c.
1668 1224 1706 1248 10.
1732 1222 1764 1248 (le
1788 1233 1915 1250 numerar.

1077 1261 1328 1293 Perfectissimatus7
1353 1261 1394 1288 vel
1414 1261 1542 1295 ducenae,
1567 1264 1609 1290 vel
1629 1270 1765 1297 centenae,
1786 1266 1827 1292 vel
1848 1276 1917 1303 egre-

1077 1305 1161 1341 giatus
1182 1304 1327 1340 (dignitas.)
1353 1304 1389 1331 lb.
1410 1304 1476 1332 Vlll.
1497 1308 1519 1332 4.
1541 1317 1562 1333 c.
1581 1308 1605 1333 3.
1626 1307 1658 1334 de
1678 1307 1804 1335 cohortal.
1824 1310 1856 1335 X.
1876 1312 1916 1336 20.

1078 1358 1098 1373 c.
1122 1349 1143 1373 l.
1164 1347 1196 1373 de
1215 1347 1333 1383 murileg.

1115 1391 1402 1417 Perfecfissilni.
1442 1393 1506 1424 Qui
1529 1394 1560 1418 in
1585 1395 1696 1420 ordine
1715 1396 1918 1429 dignitatum

1076 1439 1150 1467 post
1182 1435 1395 1460 Clarissimus
1431 1437 1612 1462 constituti
1642 1443 1743 1463 erunt.
1784 1436 1827 1463 III.
1853 1439 1919 1465 Gn.

1077 1476 1360 1504 Eminentissimorum.
1380 1486 1427 1502 nec
1446 1487 1498 1502 non
1518 1479 1593 1504 etiam
1614 1478 1864 1515 perfectissimorum
1883 1482 1919 1507 vi-

1077 1529 1173 1550 rorum,
1193 1529 1276 1554 usque
1292 1518 1323 1544 ad
1337 1524 1507 1556 pronepotes,
1528 1520 1611 1546 liberi.
1632 1531 1652 1547 c.
1668 1523 1707 1547 ll.
1723 1521 1755 1548 de
1769 1524 1917 1558 quaestion.

1077 1563 1100 1588 9.
1120 1563 1160 1588 41.
1199 1561 1373 1593 Senatorum,
1399 1567 1424 1588 et
1444 1562 1590 1595 ComItum,
1614 1564 1919 1602 perfectissimorumqne

1077 1606 1195 1637 (munera
1215 1609 1241 1630 et
1260 1604 1407 1641 obsequia.)
1434 1605 1483 1632 Th.
1505 1606 1537 1632 C.
1556 1606 1624 1632 XIII,
1645 1609 1668 1632 3.
1689 1618 1709 1633 c.
1730 1610 1754 1633 2.
1774 1608 1806 1634 de
1826 1609 1917 1635 medic.

1077 1652 1103 1674 et
1126 1647 1193 1684 prof.
1219 1646 1250 1672 cf.
1279 1647 1322 1674 IV.
1343 1650 1366 1674 6.
1388 1659 1408 1674 c.
1428 1650 1452 1674 3.
1478 1648 1591 1681 (W‘ek.)
1618 1649 1649 1675 de
1674 1655 1756 1677 natur.
1781 1651 1817 1677 fil.
1856 1652 1919 1679 Sive

1077 1690 1261 1727 perfectissimi
1286 1696 1360 1722 sunt,
1386 1692 1441 1716 sive
1465 1692 1534 1717 inter
1557 1693 1718 1727 egregiorum
1745 1694 1863 1721 ordinem
1882 1695 1919 1722 io-

1077 1743 1187 1769 cumque
1207 1734 1381 1759 constiterint.
1405 1733 1441 1759 lb.
1463 1732 1505 1759 Vl.
1525 1736 1566 1760 22.
1587 1744 1607 1760 c.
1629 1737 1651 1761 1.
1672 1735 1704 1762 de
1723 1736 1816 1764 honor.
1835 1738 1918 1765 codic.

1078 1776 1131 1811 Qui
1154 1785 1239 1812 neque
1263 1786 1296 1801 ex
1324 1775 1592 1803 administrationilms
1621 1783 1695 1810 sunt,
1724 1784 1749 1805 et
1777 1785 1862 1807 tamen
1891 1786 1919 1807 ut

1076 1819 1263 1856 perfectissimi
1283 1818 1449 1845 delitescunt.
1469 1818 1506 1845 ΙΙ).
1527 1830 1548 1846 c.
1563 1822 1585 1846 l.
1605 1819 1621 1846 l.

1114 1862 1325 1888 Perfectus.
1346 1861 1463 1894 (Subst.)
1492 1864 1671 1898 Persectio.
1709 1864 1727 1890 1.
1748 1865 1810 1899 sy.
1831 1865 1920 1892 Perfe-

1078 1906 1137 1931 etio.
1164 1904 1204 1930 Cf.
1226 1904 1248 1930 h.
1269 1914 1293 1930 V.
1331 1903 1373 1930 111.
1395 1906 1460 1931 Cn.
1487 1904 1596 1931 Caetera
1622 1911 1707 1933 autem
1732 1909 1817 1934 onmia
1839 1925 1868 1928 —
1892 1910 1918 1935 in

1077 1957 1106 1973 se
1129 1947 1229 1983 recepit
1248 1948 1479 1982 quinquagesimus
1505 1949 1586 1974 totius
1611 1951 1843 1977 consummationis
1862 1962 1919 1988 per-

1078 1990 1162 2016 fectus
1188 1990 1237 2022 [al.
1257 1989 1410 2026 perfectio]
1441 2000 1461 2016 c.
1481 1993 1504 2016 2.
1534 1992 1598 2025 §.15
1624 1991 1656 2018 de
1679 1997 1730 2018 vet.
1754 1994 1810 2019 iure
1833 1994 1917 2021 enucl.

1079 2035 1099 2059 Ι.
1122 2035 1161 2059 17.

1115 2076 1326 2102 Perfectum
1347 2075 1468 2109 (Pau-tie.)
1489 2076 1519 2109 §.
1534 2078 1568 2103 1.
1584 2079 1843 2111 consummatus,
1864 2082 1917 2106 Ab-

1077 2121 1212 2145 solutus.
1251 2117 1269 2144 I.
1290 2118 1352 2152 Sy.
1376 2118 1586 2145 Consummatus.
1615 2120 1656 2146 Cf.
1681 2120 1705 2145 h.
1730 2131 1753 2146 v.
1796 2122 1826 2149 11.
1850 2124 1917 2157 ΟΡ.

1077 2160 1257 2198 Imperfectus.
1288 2160 1360 2186 Paul.
1382 2160 1412 2187 V.
1433 2163 1455 2187 4.
1486 2163 1506 2195 ξ.
1529 2164 1567 2188 14.
1597 2162 1626 2189 fr.
1646 2165 1669 2189 9.
1698 2163 1734 2196 ἕξ
1755 2165 1778 2191 3.
1800 2175 1838 2202 sq.
1865 2166 1915 2201 Qu.

1078 2209 1137 2230 met.
1164 2214 1184 2230 c.
1204 2206 1227 2230 4.
1247 2206 1271 2230 2.
1308 2203 1444 2240 Pupillus,
1470 2204 1513 2230 vel
1537 2206 1628 2231 minor.
1653 2221 1684 2224 —
1715 2205 1761 2232 Vir
1784 2208 1915 2244 perfectae

1078 2247 1177 2273 aetatis.
1204 2246 1233 2272 fr.
1253 2249 1294 2272 25.
1319 2247 1340 2280 ξ.
1363 2249 1386 2272 1.
1410 2246 1442 2272 de
1466 2247 1567 2283 probat.
1588 2250 1630 2273 22.
1649 2250 1673 2274 3.
1711 2249 1753 2275 III.
1776 2252 1839 2277 Cn.
1862 2250 1916 2276 Res

1078 2289 1201 2327 perfecta,
1222 2294 1247 2315 ct
1266 2294 1442 2315 consunnnatn
1463 2291 1566 2318 iniuria.
1585 2301 1636 2317 nnn
1651 2297 1750 2329 coepta.
1771 2292 1800 2318 fr.
1816 2295 1836 2318 l.
1856 2293 1877 2326 §.
1891 2294 1914 2318 2.

1079 2333 1129 2368 Qu.
1155 2333 1240 2368 quisq.
1264 2333 1312 2358 iur.
1332 2334 1355 2357 2.
1376 2334 1399 2357 2.
1437 2331 1516 2358 Plena
1540 2333 1708 2371 perfectaque
1732 2334 1914 2361 adolescentia.

1078 2375 1127 2402 Th.
1149 2374 1179 2401 C.
1200 2374 1228 2401 ΙΙ.
1250 2376 1290 2400 17.
1316 2384 1336 2400 c.
1359 2376 1380 2400 l.
1405 2374 1426 2407 ς.
1446 2376 1470 2400 3.
1496 2374 1528 2401 de
1552 2375 1576 2402 h.
1603 2387 1644 2413 qu.
1670 2387 1727 2403 ven.
1748 2381 1794 2402 aet.
1832 2377 1917 2404 Minor

1077 2417 1153 2445 XXV
1169 2418 1242 2443 annis
1256 2432 1287 2435 —
1303 2427 1334 2442 ex
1354 2416 1480 2453 adspectu
1500 2420 1619 2455 corporis
1639 2419 1704 2445 falso
1724 2419 1846 2455 probavit
1858 2431 1916 2458 per-

1078 2462 1170 2488 fectam
1197 2464 1314 2486 aetatem.
1338 2458 1368 2485 fr.
1388 2460 1429 2485 32.
1453 2470 1492 2496 pr.
1518 2460 1550 2486 de
1573 2462 1665 2487 minor.
1685 2463 1707 2487 4.
1727 2463 1749 2487 4.
1788 2461 1915 2491 FeminaS.

1078 2505 1179 2531 etiamsi
1198 2502 1328 2540 perfectae
1353 2503 1443 2528 aetatis
1464 2504 1529 2534 sint⁷
1550 2504 1592 2535 (in
1612 2503 1691 2529 tutela
1712 2505 1796 2537 esse.)
1821 2505 1876 2532 Gai.
1896 2506 1914 2532 I.

1082 2549 1139 2573 144.
1178 2546 1297 2582 Septimo
1321 2555 1411 2571 mense
1434 2547 1505 2571 nasei
1524 2546 1667 2582 perfectum
1687 2551 1798 2582 partum.
1824 2547 1853 2574 fr.
1876 2551 1915 2575 12.

1078 2589 1110 2616 de
1135 2594 1204 2615 statu
1227 2588 1296 2614 hom.
1322 2590 1343 2614 l.
1368 2590 1391 2613 5.
1417 2604 1448 2607 —
1477 2589 1507 2620 δ.
1529 2589 1563 2614 2.
1597 2590 1751 2621 Famulus,
1775 2591 1915 2626 Effeetu

1078 2633 1227 2658 munitus.
1269 2630 1300 2656 II.
1322 2632 1388 2664 Op.
1417 2630 1601 2666 Imperfectus,
1632 2630 1734 2657 Nullus.
1763 2631 1793 2658 fr.
1817 2635 1858 2659 35.
1883 2634 1915 2661 de

1054 2704 1056 2711 Ι
1078 2673 1130 2701 mil.
1150 2678 1251 2699 testam.
1270 2675 1312 2700 29.
1334 2675 1356 2699 l.
1382 2673 1411 2699 fr.
1431 2675 1470 2698 135.
1496 2673 1531 2706 ἕξ.
1553 2674 1574 2698 l.
1595 2675 1618 2699 5.
1639 2683 1678 2710 sq.
1704 2674 1736 2700 de
1755 2680 1836 2702 contr.
1857 2681 1914 2703 emt.

1080 2719 1119 2743 le.
1141 2718 1163 2742 l.
1188 2716 1218 2742 sr.
1238 2717 1261 2742 8.
1281 2726 1319 2753 pr.
1345 2716 1365 2748 ξ.
1390 2717 1409 2740 l.
1434 2714 1466 2740 de
1489 2716 1568 2751 pericv
1594 2720 1619 2741 et
1642 2726 1731 2743 comm.
1754 2719 1792 2744 18.
1813 2719 1835 2744 6.
1872 2719 1913 2745 Ill.

1080 2761 1145 2787 (3¹11.
1164 2759 1221 2785 Iure
1240 2758 1371 2796 perfectus
1392 2758 1583 2791 (contractus.)
1605 2775 1633 2778 ——
1660 2759 1739 2786 Nullo
1759 2761 1814 2787 iure
1832 2762 1915 2797 perfe—

1081 2807 1148 2829 ctum
1169 2801 1395 2835 (testamentum.)
1420 2810 1439 2825 e.
1460 2801 1483 2825 3.
1510 2811 1530 2826 c.
1551 2803 1573 2827 5.
1599 2801 1631 2828 de
1650 2812 1716 2829 rese.
1736 2803 1810 2830 vend.
1831 2806 1853 2829 4.
1873 2805 1912 2829 44,

1416 2843 1466 2867 {38³
