2197 3121
262 190 303 220 84
992 185 1073 216 ARS
1099 203 1137 209 —
1162 185 1259 215 ΛΒΤ.

263 274 288 297 2.
331 270 372 297 111.
393 271 459 298 fn.
491 268 550 295 Non
573 274 673 295 tantum
696 268 774 294 huius
798 269 862 294 artis
885 268 1031 306 professio,
1055 266 1103 293 sed
1124 282 1126 299 t
1181 266 1496 294 Articuleianum.
1535 269 1623 294 scta·
1642 277 1756 296 nomen.
1790 269 1832 296 III.
1854 271 1919 298 Cn.
1940 270 1989 296 Ar-

264 315 342 339 etiam
361 314 469 339 seientia
488 312 620 349 prohibita
644 316 692 337 est.
721 310 792 338 Paul.
817 310 849 338 V.
873 313 914 338 23,
944 312 965 345 ξ,
992 312 1031 336 18.
1073 309 1103 336 Si
1124 307 1125 314 ¹
1147 309 1286 336 ticuleiano
1313 308 1400 335 S.Cto
1425 315 1531 337 cavetur
1554 316 1602 337 etc.
1632 310 1661 338 sr.
1687 313 1728 337 51.
1753 312 1775 345 5.
1795 314 1818 338 7.
1843 312 1876 339 de
1900 313 1988 340 fideic.

265 367 324 382 eum
344 356 397 388 (sc.
417 356 541 388 servmu)
566 354 715 391 disciplinis
740 354 781 381 vel
807 359 862 381 arte
882 355 1025 381 instituerit
1044 363 1104 379 usu·
1147 352 1212 379 libb.
1234 355 1275 379 40.
1296 354 1319 378 5.

265 399 436 426 fructuarius,
459 403 514 424 arte
539 399 594 424 eius
619 397 660 424 vel
684 398 777 434 peritia
801 402 896 423 utetur.
927 397 956 423 l'r.
974 398 1016 422 27.
1037 397 1058 430 5.
1078 397 1102 422 2.
1181 395 1384 422 Articulum
1422 395 1453 428 ξ.
1476 396 1510 422 l·
1536 398 1721 429 Illorum-um,
1742 399 1833 425 Pars.
1863 397 1906 424 III.
1921 400 1988 426 Cn.

266 442 298 468 de
318 441 384 467 usus.
406 443 428 467 7.
445 443 466 467 1.
496 441 569 467 t‘erti
589 440 621 466 de
640 440 771 477 probitate
790 450 890 466 morum
910 445 933 466 et
954 439 1047 476 peritia
1066 449 1104 465 ar-
1125 438 1126 479 l
1147 437 1296 464 Deducitur
1319 438 1345 463 in
1369 437 1436 463 duos
1462 438 1586 465 articulos
1614 441 1730 473 (summa
1755 450 1841 466 rerum
1865 440 1988 473 divisio).

267 486 308 510 tis.
329 484 423 519 eligant
444 485 495 521 ipsi
515 487 568 516 (sc.
588 482 730 516 medicos).
751 482 781 509 fr.
804 485 825 509 1.
846 482 878 508 de
897 482 966 508 decr.
986 482 1017 508 ab
1038 481 1103 508 Ord.
1125 488 1127 523 i
1149 480 1206 507 Gai.
1226 480 1256 508 II.
1276 482 1300 507 2.
1338 480 1412 506 Multi
1433 480 1471 513 (et
1489 482 1566 515 varii)
1587 483 1650 508 iuris
1670 484 1754 509 nostri
1774 482 1884 509 articuli.
1914 482 1943 509 l'r.
1963 485 1988 509 9.

265 529 306 553 50.
326 528 350 553 9.
380 526 410 553 cf.
426 527 455 553 fr.
472 529 492 552 1.
508 536 546 563 pr.
566 525 598 552 de
618 527 685 563 insp.
706 531 805 552 ventre.
824 528 865 551 25.
885 528 908 551 4.
946 525 1000 561 Qui
1020 526 1105 551 cuius·
1125 527 1127 556 i
1149 523 1182 549 de
1201 527 1271 549 statu
1290 523 1358 549 hom.
1382 525 1402 550 1.
1423 525 1446 550 5.
1468 534 1488 549 c.
1507 525 1549 550 21.
1569 524 1601 551 de
1621 525 1669 552 SS.
1691 526 1784 552 eccles.
1807 528 1828 552 l.
1848 528 1872 552 2.
1910 525 1990 561 Quod

266 580 368 606 cunque
392 574 453 595 suut
478 579 570 601 sexus.
595 568 741 605 dignitatis,
767 570 843 596 artis,
867 567 1056 605 professionis.
1080 572 1106 594 81,
1126 560 1127 597 J
1149 567 1291 602 antiquitas
1310 582 1343 585 —
1362 566 1394 592 ad
1414 567 1535 593 effectum
1554 577 1606 594 nou
1626 568 1743 606 pertulit,
1763 578 1812 594 uos
1831 568 1910 605 pleno
1924 567 1991 605 legis

266 614 376 649 generis.
414 611 463 638 Th.
484 611 515 638 C.
536 612 570 638 X.
588 614 630 638 21.
653 622 675 638 c.
694 614 718 638 3.
744 612 776 638 de
794 611 888 637 vestib.
908 610 1026 637 holover.
1063 610 1105 637 Ad
1126 627 1128 646 ι
1150 608 1260 635 articulo
1279 611 1526 636 consummavimus.
1551 620 1573 637 c.
1595 613 1634 637 12.
1660 612 1726 645 5.1.
1757 612 1808 646 Qu.
1828 616 1883 648 pot.
1903 612 1927 637 S.
1950 612 1989 637 18.

267 657 388 693 propriae
407 655 471 681 artis
491 659 517 680 et
535 656 644 691 originis
663 654 766 681 vincula
791 655 916 680 revocari.
953 654 990 680 lb.
1009 653 1043 680 X.
1062 655 1104 679 20.
1126 664 1128 677 ι
1150 651 1181 678 cs.
1203 661 1224 678 8.
1242 653 1267 678 6.
1287 652 1352 685 5.1.
1373 652 1405 678 (18
1423 652 1484 679 bon.
1505 663 1548 689 qu.
1568 652 1613 679 lih.
1633 655 1656 680 6.
1677 656 1718 680 61.
1756 653 1992 689 Transgrediamur

267 710 288 725 c.
312 700 350 724 14.
377 698 408 724 de
432 697 550 733 murileg.
593 697 762 724 Can-terarum
786 698 879 723 artium
902 697 1025 735 opifices.
1049 697 1106 722 sive

266 742 394 773 artifices,
425 751 491 777 quae
519 745 580 767 sunt
606 746 678 767 extra
704 740 805 767 litteras
828 740 871 767 vel
894 745 970 767 notas
994 740 1105 777 positae.

266 785 296 811 l'r.
319 786 340 810 1.
361 784 384 818 5.
405 785 427 810 7.
449 783 480 810 ef.
501 784 521 818 5.
537 785 560 810 6.
581 783 613 810 (18
632 788 697 810 extr.
717 793 791 820 cogn.
810 785 851 810 50.
867 785 906 810 13.
939 782 1038 810 Servus
1051 787 1106 808 arte.

266 827 363 854 fabrica
383 828 492 863 peritus.
514 827 544 853 fr.
566 828 606 853 19.
626 827 648 860 5.
670 828 692 853 l.
713 826 745 853 de
764 827 839 853 iustr.
858 825 906 862 leg.
925 828 967 853 33.
989 828 1011 852 7.
1040 825 1107 852 Offi-

266 871 304 897 cia
324 875 349 896 et.
368 875 438 896 artes
457 870 627 903 (servorum).
646 869 719 896 Paul.
739 869 783 896 IV.
805 871 844 896 14.
865 870 886 903 5.
908 871 929 896 l.
950 868 982 896 cf.
1003 868 1054 895 Th.
1074 868 1105 895 C.

266 913 310 940 IX.
331 915 372 939 42.
394 924 414 939 8.
437 914 459 938 7.
480 912 512 938 (18
532 912 592 938 bon.
610 922 711 949 proscr.
749 911 877 939 Salutaris
896 923 925 939 ac
943 913 1106 939 necessariae

265 957 329 983 artis
348 956 513 993 professores
534 956 583 988 (sc.
598 955 741 988 archiatri).
768 955 805 982 lb.
816 955 884 982 XIII.
899 958 922 982 3.
938 966 959 982 c.
976 957 1015 981 14.
1028 965 1049 982 8.
1066 956 1105 981 18.

266 999 298 1026 (18
317 999 410 1025 medic.
432 1003 455 1024 et
481 998 549 1035 prof.
586 997 753 1024 Liberalibus
776 998 872 1025 studiis
896 1003 921 1025 et
944 998 1045 1024 artibus
1069 999 1106 1023 iu-

265 1044 382 1069 stituere.
412 1041 448 1067 lb.
474 1052 494 1067 c.
514 1043 538 1068 3.
563 1040 580 1067 l.
600 1041 617 1068 1.
655 1041 685 1068 Si
709 1041 743 1067 ob
767 1041 902 1067 liberalem
927 1046 1007 1067 artem
1027 1040 1106 1067 suerit

266 1086 437 1111 constitutum
458 1084 511 1117 (se.
532 1083 686 1116 salarium),
711 1084 752 1111 vel
778 1084 811 1110 ob
836 1084 999 1111 medicinam.
1031 1084 1060 1110 fr.
1080 1086 1104 1110 4.

266 1129 287 1162 5.
307 1130 331 1154 2.
358 1128 390 1154 de
410 1127 480 1154 decr.
500 1127 531 1153 ab
552 1126 618 1153 Ord.
638 1130 679 1154 50.
700 1129 723 1154 9.
754 1126 785 1154 cf.
806 1126 836 1153 fr.
854 1129 891 1153 10.
912 1127 934 1161 5.
953 1129 977 1153 2.
999 1127 1031 1153 de
1050 1137 1104 1153 vac.

266 1177 289 1197 81
311 1182 366 1197 exc.
391 1181 461 1197 mun.
486 1172 527 1196 50.
547 1172 571 1196 5.
609 1169 722 1206 Magicac
746 1171 809 1196 artis
833 1170 941 1196 conscii.
974 1169 1046 1196 Paul.
1073 1169 1104 1196 V.

264 1216 306 1240 23.
335 1214 372 1248 55.
402 1215 440 1240 17.
465 1223 504 1249 sq.
547 1214 601 1249 Qui
630 1214 692 1239 artis
724 1213 852 1245 ludicrae⁷
881 1212 1106 1250 pronunciandive

265 1267 351 1285 causa.
370 1258 395 1283 in
415 1266 534 1283 scaenam
553 1256 690 1293 prodierit.
719 1256 749 1283 t'r.
767 1258 788 1282 1.
808 1256 829 1290 5.
843 1257 867 1282 3.
889 1255 922 1282 de
940 1255 965 1282 h.
986 1266 1029 1292 qu.
1049 1260 1104 1282 not.

265 1300 310 1327 inf.
335 1301 359 1326 3.
378 1302 402 1326 2.
428 1299 457 1326 l'r.
484 1301 523 1325 14.
548 1299 580 1325 (18
603 1309 680 1336 poen.
704 1300 746 1326 48.
768 1300 807 1325 19.
840 1298 902 1336 le.
926 1298 995 1325 ΧΙΠ.
1022 1300 1044 1325 1.
1065 1308 1104 1335 sq.

265 1343 378 1370 Idoneus
398 1342 530 1379 probitate
549 1352 663 1373 morum.
689 1352 718 1369 ac
740 1342 819 1368 bonis
842 1341 941 1368 artibus
960 1342 1104 1379 praeditus.

265 1386 315 1413 Th.
342 1385 372 1412 C.
392 1385 410 1411 1.
431 1387 453 1412 9.
475 1396 496 1411 c.
518 1387 539 1412 1.
560 1385 664 1419 (ch.)
689 1385 721 1411 de
740 1385 784 1412 off.
804 1395 868 1421 mag.
891 1385 934 1412 off.
973 1385 1037 1411 Otio
1056 1390 1106 1411 tra-

265 1429 348 1461 ditus.
369 1429 465 1465 quietis
485 1428 584 1454 artibus
603 1429 763 1455 immoretur.
789 1428 826 1454 Ib.
841 1427 909 1455 Ylll.
930 1429 954 1455 4.
974 1439 995 1455 8.
1009 1430 1051 1455 26.
1073 1428 1106 1455 (18

266 1472 392 1499 cohortal.
412 1488 444 1491 —
464 1472 495 1505 §-
516 1473 551 1498 2.
581 1473 656 1503 Ars,
678 1482 697 1498 v.
718 1473 831 1504 Artes,
850 1481 912 1509 pro:
935 1473 1106 1499 Machina-

264 1518 328 1548 tiu,
357 1516 516 1543 Insidiae.
552 1514 570 1540 I.
595 1515 656 1549 Sy.
689 1513 809 1541 Consilia
832 1514 1005 1542 fraudulenta.
1041 1514 1106 1541 Insi-

265 1559 355 1585 diosae
375 1563 452 1584 111185.
480 1557 517 1584 lb.
537 1557 594 1584 XII.
617 1559 639 1584 l.
660 1568 681 1584 c.
696 1558 737 1584 49.
757 1557 818 1591 51.
838 1557 870 1584 de
889 1557 1022 1584 decurion.
1054 1557 1106 1584 Ma-

266 1601 437 1629 chinationes.
458 1612 479 1628 c.
501 1602 540 1627 14.
561 1601 582 1635 5.
602 1603 627 1627 2.
652 1600 684 1627 de
704 1599 835 1626 adsessor.
856 1602 879 1627 l.
898 1602 940 1627 51.
965 1611 986 1627 e.
1005 1602 1047 1627 23.
1072 1601 1104 1627 cs.

266 1656 287 1672 c.
307 1647 348 1671 22.
368 1644 454 1670 mand.
474 1646 498 1670 4.
517 1645 559 1670 35.
597 1643 639 1669 111.
655 1644 721 1670 011.
746 1642 858 1669 Nomine
876 1644 939 1670 artis
958 1654 988 1670 ac
1006 1643 1104 1671 fraudis

266 1688 435 1722 (subiaceant
456 1687 576 1719 tortori).
607 1685 656 1712 Th.
676 1685 706 1712 C.
726 1685 794 1712 VIII.
815 1688 838 1712 l.
859 1696 880 1712 8.
900 1688 923 1713 6.
944 1697 984 1723 sq.
1008 1687 1041 1714 de
1059 1698 1105 1713 uu-

266 1741 357 1758 merar.
395 1730 491 1767 Aliqua
506 1728 656 1756 calliditatis
670 1733 725 1755 arte
743 1729 786 1761 (se
799 1729 974 1764 subtrahere).
994 1730 1031 1757 Ib.
1046 1730 1103 1757 XII.

269 1776 289 1800 l.
310 1784 331 1800 c.
353 1776 409 1800 105.
430 1773 462 1800 de
482 1773 616 1799 decurion.
646 1771 677 1798 cf.
698 1770 787 1797 Iulian.
808 1773 869 1809 epit.
890 1782 949 1799 nov.
974 1783 995 1799 c.
1015 1775 1056 1800 83.
1082 1774 1103 1807 5.

265 1819 324 1844 32¹5.
362 1816 416 1843 Nec
437 1816 566 1852 exquisita
586 1815 740 1841 commentis
760 1825 802 1841 ars
827 1815 956 1842 eiusmodi
980 1816 1106 1843 suborne-

268 1866 316 1887 tur.
346 1859 395 1886 Th.
415 1859 446 1885 C.
467 1859 511 1885 lx.
532 1860 572 1884 40.
600 1868 621 1884 8.
643 1860 682 1884 15.
709 1857 741 1884 (18
759 1868 837 1895 poen.
878 1857 1035 1892 saecularii.
1060 1861 1105 1896 qui

266 1904 360 1929 vetitas
380 1903 406 1928 iu
426 1901 531 1928 sacculo
551 1905 620 1927 artes
640 1906 800 1929 exercentes.
821 1906 869 1928 ete.
893 1901 923 1928 sr.
944 1903 966 1928 7.
987 1902 1020 1929 de
1039 1907 1104 1929 extr.

267 1947 338 1972 crim.
359 1947 399 1972 47.
420 1947 460 1971 11.
498 1943 588 1975 Malae,
608 1953 632 1970 v.
652 1943 779 1979 Magicae.
799 1949 876 1970 artes.
897 1944 928 1970 fr.
949 1946 971 1971 1.
992 1945 1013 1978 5.
1028 1947 1051 1972 5.
1073 1945 1105 1972 (18

267 1999 344 2016 servo
364 1999 430 2015 corr.
451 1989 490 2014 ll.
505 1989 529 2013 3.
551 1986 600 2013 Tb.
616 1986 646 2013 C.
661 1986 705 2012 IX.
720 1988 760 2013 16.
776 1997 796 2013 c.
807 1988 831 2013 3.
847 1997 867 2013 8.
881 1989 905 2013 5.
925 1987 958 2013 de
976 1987 1086 2015 malefic.

300 2034 473 2060 Arsaces.
512 2032 629 2057 Nomen
648 2031 744 2064 regis.
782 2029 824 2056 III.
842 2031 907 2057 (ἠ.
935 2029 1042 2057 Praeter
1061 2031 1106 2057 do-

267 2086 336 2101 mum
355 2091 387 2094 —
406 2074 523 2102 Eusebii.
544 2089 576 2092 —
597 2077 622 2099 et
640 2072 747 2098 Arsacis
767 2073 835 2109 regis
848 2072 1039 2100 Armeniortuu.
1067 2073 1104 2100 lb.

266 2118 311 2145 XI.
332 2120 355 2144 1.
375 2128 395 2144 c.
417 2119 439 2143 1.
460 2116 492 2143 (18
513 2126 570 2143 aun.
591 2120 616 2141 et
635 2115 695 2142 trib.

301 2162 498 2188 Artaxata.
531 2161 607 2186 l'rlas
626 2161 802 2186 Armeniae
820 2161 964 2186 maioris.
983 2159 1026 2186 III.
1039 2161 1104 2187 Cn.

267 2203 363 2231 Nullus
382 2219 413 2223 -—
429 2203 494 2229 ultra
510 2202 621 2229 Nisibin.
641 2201 799 2228 Callinicum
813 2207 838 2228 et
851 2202 984 2234 Artaxata,
1003 2202 1105 2229 emendi

267 2257 313 2273 seu
332 2245 461 2272 vendendi
481 2246 583 2282 species
603 2255 680 2272 causa
699 2245 833 2283 proficisci
859 2244 959 2271 audeat.
984 2255 1004 2271 c.
1025 2246 1049 2272 4.
1073 2245 1105 2272 (18

267 2299 403 2316 commerc.
423 2291 446 2314 Δ1.
466 2290 507 2315 63.

301 2333 468 2359 Artemo.
509 2332 618 2357 retum
638 2333 731 2358 navis
751 2333 861 2358 minue.
898 2330 940 2357 111.
964 2332 1029 2359 Cn.
1057 2332 1106 2358 Ar-

269 2380 337 2402 temo
356 2375 436 2411 magis
456 2374 645 2405 additamento,
665 2384 741 2410 quam
760 2384 821 2411 pars
841 2375 914 2400 navis
934 2378 982 2400 est.
1002 2374 1032 2401 fr.
1045 2376 1104 2401 212.

269 2428 306 2455 pr.
327 2417 360 2444 de
379 2417 410 2443 Y.
431 2417 458 2443 S.
478 2419 519 2443 50.
542 2418 581 2442 16.

303 2460 542 2487 Arthritflcus.
590 2460 700 2485 Morbo
728 2461 919 2486 articulari
945 2462 1103 2496 adfectus.

270 2502 310 2529 111.
332 2504 397 2530 Gn.
421 2502 483 2529 Sive
503 2503 561 2538 quis
580 2501 730 2528 arthriticus
750 2503 798 2534 sit,
823 2503 879 2528 sive
902 2504 1024 2539 posicus.
1049 2504 1105 2529 sive

269 2545 433 2582 epilepticus.
462 2544 545 2571 Vatic.
565 2544 666 2578 5130.

303 2588 526 2615 Articulum.
556 2587 673 2621 (Advb.)
708 2588 882 2614 Distiucte.
914 2588 931 2614 1.
950 2589 1012 2622 Sy.
1032 2587 1104 2614 Voce

270 2640 431 2666 nuncupare.
456 2641 480 2657 v.
505 2631 664 2668 exprimere,
694 2639 714 2655 s.
740 2629 912 2656 manifestare.
958 2630 1104 2657 Articulate

269 2672 340 2708 loqui
361 2682 447 2709 posse.
467 2684 486 2699 c.
507 2676 548 2699 29.
569 2673 601 2699 (le
620 2677 720 2699 testam.
741 2677 766 2698 et
785 2673 903 2708 quemad.
923 2674 946 2699 6.
966 2675 1007 2700 23.

303 2715 549 2743 Articulanus.
578 2715 711 2749 (Adieet.)
747 2717 807 2743 Per
830 2718 963 2743 membra
987 2719 1105 2744 distin-

268 2764 347 2785 ctus.
387 2756 415 2782 Il.
435 2759 501 2790 ΟΡ.
522 2758 550 2784 Si
566 2768 616 2785 vox
631 2758 766 2786 articulata
786 2759 822 2791 (81
836 2769 849 2784 a
869 2764 958 2785 natura
979 2770 1102 2785 concessa

270 2800 334 2833 est).
364 2815 396 2819 —
425 2800 453 2825 Si
472 2800 557 2834 lingua
577 2802 632 2827 eius
653 2803 758 2839 penitus
776 2801 928 2839 praepedita
947 2807 994 2828 est.
1021 2813 1041 2829 8.
1064 2804 1103 2829 10.

270 2844 321 2879 Qu.
342 2847 441 2869 testam.
463 2842 509 2868 sac.
530 2853 554 2879 p.
574 2845 597 2869 6.
617 2846 658 2870 22.

1150 704 1219 720 nuuc
1242 693 1274 720 ad
1298 694 1367 721 hunc
1390 695 1541 727 articulum,
1566 701 1593 722 ut
1619 701 1667 723 etc.
1703 697 1733 724 sr.
1758 699 1800 724 22.
1824 698 1846 731 5.
1871 698 1912 723 12.
1940 696 1989 723 sol.

1150 737 1260 763 matrim.
1280 738 1322 763 24.
1341 739 1366 764 3.
1403 754 1436 757 —
1472 739 1503 772 ᾖ.
1524 740 1558 765 2.
1595 740 1770 766 Orationis
1801 741 1990 774 particula,

1152 783 1198 807 vel
1215 788 1419 816 segmentum.
1456 781 1499 808 111.
1515 783 1581 809 Cn.
1606 781 1717 808 Etiamsi
1735 782 1784 809 hos
1804 782 1928 809 articulos
1948 781 1992 808 de-

1151 822 1251 849 trahas:
1275 823 1321 853 Et,
1342 823 1414 859 Quc,
1435 823 1511 850 Cum.
1544 824 1574 850 l'r.
1598 826 1654 851 142.
1680 824 1713 851 de
1731 824 1762 852 Y.
1783 825 1810 852 S.
1829 827 1871 852 50,
1893 826 1932 851 16.
1958 824 1990 851 cf.

1151 865 1180 892 fr.
1201 867 1224 892 4.
1245 866 1266 900 5.
1288 868 1310 892 l.
1332 865 1364 893 de
1383 866 1458 894 cond.
1479 872 1505 893 et
1524 867 1591 893 dem.
1610 868 1653 894 35.
1669 869 1691 894 1.
1727 868 1876 895 Articulus:
1896 868 2013 906 ..lisa-*⁸

1127 910 1129 919 ¹
1150 909 1297 945 praesentis
1316 910 1444 946 temporis
1467 909 1717 937 demonstrationem
1741 912 1767 937 in
1791 920 1820 937 se
1843 912 1990 937 continens.

1150 951 1180 978 fr.
1194 953 1236 978 34.
1257 952 1316 985 5.1.
1336 951 1369 978 de
1389 962 1451 978 auro
1471 962 1522 989 arg.
1542 954 1583 979 34.
1599 955 1623 979 2.
1661 953 1690 979 Si
1708 952 1812 990 pupillo
1830 953 1991 980 substitutus

1151 994 1228 1021 suerit
1247 995 1293 1020 ita:
1314 994 1462 1031 ..Quisquis
1480 995 1544 1022 mihi
1563 995 1639 1022 heres
1661 997 1741 1022 erit.··
1765 1012 1797 1016 —
1817 996 1846 1022 Si
1865 1006 1928 1023 vero
1948 995 1992 1022 (18-

1151 1042 1233 1064 tracto
1253 1037 1303 1064 huc
1323 1038 1441 1064 articulo.
1462 1043 1510 1065 etc.
1530 1038 1561 1065 fr.
1574 1040 1616 1065 27.
1633 1039 1655 1072 5.
1668 1041 1692 1065 2.
1718 1038 1750 1065 ad
1769 1038 1796 1065 S.
1812 1039 1842 1065 C.
1857 1038 1936 1065 Treb.
1947 1040 1989 1065 36.

1152 1082 1174 1107 l.
1194 1096 1227 1100 —-
1247 1082 1277 1115 ξ.
1299 1082 1336 1107 3.
1363 1083 1504 1116 Singula
1523 1092 1636 1114 causa,
1657 1092 1678 1108 1,
1700 1084 1830 1116 Species
1850 1083 1991 1116 aptandi

1150 1125 1243 1150 iuris.
1281 1123 1299 1150 I.
1321 1125 1382 1158 Sy.
1411 1124 1624 1156 Causa‚,Casus.
1645 1124 1675 1151 fr.
1695 1126 1719 1151 4.
1739 1125 1769 1151 l'r.
1792 1127 1830 1151 10.
1851 1125 1881 1151 fr.
1897 1127 1938 1151 12.
1958 1124 1991 1151 de

1150 1165 1202 1193 LL.
1224 1168 1246 1193 l.
1263 1167 1359 1193 3.111.
1374 1168 1440 1195 Gn.
1464 1167 1504 1193 Ne
1522 1167 1659 1193 articulum
1678 1168 1842 1205 adoptioniS.
1861 1169 1888 1194 in
1907 1172 1991 1194 extra-

1150 1220 1225 1236 neam
1242 1219 1383 1247 personam
1406 1210 1501 1243 sactac,
1530 1212 1587 1237 siue
1611 1210 1668 1247 lege
1691 1210 1878 1247 relinquamus.
1907 1221 1928 1237 c.
1950 1213 1989 1237 10.

1150 1253 1172 1286 5.
1193 1254 1215 1279 1.
1235 1252 1268 1279 de
1287 1252 1374 1290 adopt.
1394 1255 1473 1280 ³143.
1505 1269 1539 1273 -—
1569 1255 1600 1287 §.
1621 1255 1661 1280 4.
1695 1255 1887 1280 Momentum
1914 1260 1990 1281 tem-

1147 1297 1239 1330 poris
1259 1305 1420 1330 praesens.
1461 1296 1503 1323 111.
1530 1297 1596 1324 Gn·
1634 1296 1663 1322 In
1688 1295 1798 1322 articulo
1823 1297 1891 1333 exigi
1910 1297 1990 1333 (poe-

1150 1339 1229 1371 nam).
1250 1349 1271 1365 8.
1290 1341 1314 1365 2.
1335 1338 1367 1365 (18
1387 1339 1430 1365 oss'.
1452 1349 1517 1366 com.
1538 1339 1565 1366 S.
1585 1338 1664 1376 palat.
1685 1341 1708 1366 1.
1727 1340 1769 1366 34.
1807 1339 1944 1366 Ordinatis
1963 1339 1991 1365 iu

1150 1381 1261 1408 articulo
1285 1381 1421 1419 palatinis.
1452 1398 1485 1402 -—-
1510 1382 1668 1409 admonebit.
1702 1381 1769 1408 Nov.
1794 1381 1927 1408 Maiorian.
1957 1381 1991 1408 de

1150 1424 1211 1451 bon.
1231 1424 1320 1452 caduc.
1340 1424 1384 1451 lv.
1404 1427 1428 1452 5.
1449 1436 1470 1452 8.
1491 1427 1513 1452 1.
1537 1426 1559 1460 5.
1580 1427 1602 1452 1.
1634 1441 1667 1445 -—
1698 1426 1729 1459 §-
1750 1426 1788 1452 5.
1817 1427 1991 1452 Sententia

1150 1469 1272 1495 iudicis
1299 1470 1510 1505 imperfecta,
1540 1470 1770 1495 Interlocutia
1808 1468 1826 1494 I.
1846 1469 1908 1503 Sy.
1936 1467 1991 1494 Pri-

1149 1520 1205 1537 mae
1224 1510 1436 1538 interlocutionis
1456 1511 1571 1538 exordia.
1608 1510 1730 1537 Articuli.
1760 1510 1810 1538 Th.
1831 1510 1862 1538 C.
1880 1510 1926 1538 XI.
1945 1511 1988 1537 36.

1150 1563 1172 1580 c.
1193 1555 1215 1579 l.
1235 1554 1257 1587 5
1277 1555 1302 1580 3.
1331 1554 1415 1590 Quor.
1440 1565 1498 1592 app.
1518 1565 1544 1581 n.
1563 1564 1614 1581 rec.
1652 1553 1694 1580 III.
1715 1555 1781 1582 cn.
1809 1553 1865 1581 Nec
1883 1558 1990 1585 temere,

1149 1606 1197 1622 nec
1216 1596 1247 1622 ab
1267 1597 1384 1624 articulis
1402 1597 1637 1635 praeiudiciisque,
1657 1607 1706 1623 nec
1724 1597 1756 1623 ab
1775 1597 1817 1623 his
1837 1607 1903 1634 quae
1921 1598 1991 1623 iuste.
2023 1608 2026 1609 ⁷

1148 1639 1261 1666 iudicata
1285 1645 1359 1673 sunt,
1384 1650 1530 1678 provocare
1554 1640 1696 1667 debebunt.
1730 1640 1767 1666 111.
1792 1640 1808 1667 l.
1835 1640 1852 1667 l.
1877 1650 1898 1667 8.
1920 1641 1942 1666 l.
1967 1650 1989 1666 c.

1148 1684 1172 1709 3.
1193 1693 1214 1709 c.
1233 1684 1275 1709 23.

1183 1726 1342 1753 Artifex.
1379 1726 1411 1759 ἓ.
1431 1727 1466 1753 1.
1495 1728 1589 1753 Artis
1605 1728 1741 1761 peritus.
1774 1726 1894 1760 11οΡ.
1925 1725 1990 1752 Sine

1149 1773 1203 1795 arte
1223 1770 1324 1802 (8558).
1345 1779 1366 1795 c.
1380 1771 1404 1795 3.
1424 1779 1463 1806 pr.
1484 1779 1575 1795 comm.
1597 1768 1629 1795 de
1647 1769 1723 1805 legat.
1743 1770 1767 1795 6.
1780 1770 1822 1796 23.
1860 1769 1989 1806 Opilices.

1148 1811 1310 1844 Mediastiui,
1335 1828 1368 1832 —
1393 1812 1517 1838 Artifices
1543 1812 1656 1845 (servi).
1687 1812 1716 1838 l'r.
1741 1813 1765 1839 6.
1790 1822 1830 1849 pr.
1859 1812 1891 1838 de
1915 1821 1988 1850 oper.

1149 1865 1249 1881 servor.
1275 1856 1297 1881 7.
1325 1857 1347 1881 7.
1377 1855 1406 1881 l'r.
1428 1857 1450 1881 1.
1475 1855 1512 1889 55.
1537 1857 1561 1882 (i.
1580 1865 1620 1891 sq.
1649 1855 1682 1881 de
1701 1860 1766 1882 extr.
1788 1865 1861 1891 cogn.
1885 1857 1926 1882 50.
1948 1856 1988 1882 13.

1149 1898 1191 1924 111.
1212 1899 1278 1925 Gn.
1303 1897 1440 1924 Hominem
1460 1897 1611 1929 litteratum.
1630 1898 1672 1924 vel
1691 1898 1825 1929 artificem,
1845 1900 1918 1932 (esse
1935 1907 1990 1924 ser-

1149 1941 1235 1973 vum).
1255 1940 1285 1966 fr.
1305 1942 1346 1967 43.
1365 1951 1405 1978 pr.
1427 1941 1459 1968 de
1479 1946 1561 1967 contr.
1583 1945 1641 1967 emt.
1665 1943 1703 1968 18.
1724 1943 1747 1968 1.
1768 1941 1799 1967 cf.
1818 1941 1850 1967 sr.
1870 1942 1910 1967 19.
1930 1941 1952 1974 5
1963 1941 1987 1967 4.

1150 1984 1182 2010 de
1201 1983 1267 2010 Aed.
1288 1983 1327 2010 ed.
1347 1986 1389 2010 21.
1410 1986 1432 2010 1.
1470 1984 1499 2010 Si
1519 1984 1587 2010 sorte
1604 1983 1647 2009 vel
1666 1983 1788 2010 librarius
1817 1999 1849 2003 -
1874 1984 1921 2015 sit.
1945 1982 1989 2010 vel

1150 2027 1257 2059 histrio,
1281 2026 1323 2053 ve]
1343 2027 1450 2053 alterius
1469 2026 1614 2064 voluptatis
1634 2026 1735 2053 artifex.
1765 2025 1795 2052 fr.
1816 2027 1840 2052 7.
1863 2026 1884 2060 5.
1904 2028 1928 2052 5.
1955 2026 1988 2053 de

1150 2080 1221 2107 oper.
1242 2069 1330 2096 libert.
1349 2072 1390 2095 38.
1411 2071 1434 2096 l.
1472 2069 1577 2096 Yrbana
1596 2069 1706 2097 familia.
1730 2070 1793 2095 item
1811 2069 1938 2101 artifices,
1962 2074 1989 2096 et

1149 2114 1266 2139 vestiarii
1286 2117 1334 2139 etc.
1366 2112 1438 2139 Paul.
1458 2112 1500 2139 Ill.
1521 2115 1544 2139 6.
1565 2113 1586 2146 5.
1601 2115 1641 2139 58.
1662 2112 1692 2138 l‘r.
1707 2114 1747 2138 12.
1766 2112 1788 2146 5.
1802 2113 1843 2138 42.
1863 2111 1895 2138 de
1912 2113 1987 2139 iustr.

1151 2155 1198 2192 leg.
1211 2158 1252 2182 33.
1268 2157 1291 2182 7.
1329 2155 1527 2183 Yaletndiuarii.
1546 2155 1650 2187 medici,
1671 2155 1791 2191 capsarii,
1810 2154 1924 2181 artifices
1937 2160 1987 2182 etc.

1150 2198 1180 2225 fr.
1201 2200 1224 2224 b'.
1249 2198 1281 2225 de
1305 2200 1360 2225 iure
1384 2200 1489 2225 immun.
1513 2201 1554 2225 50.
1579 2200 1602 2225 6.
1645 2198 1769 2224 Artifices
1793 2199 1898 2230 artium,
1923 2198 1989 2235 (per

1150 2242 1266 2278 singulas
1286 2243 1405 2268 civitates
1424 2242 1582 2275 morantes).
1612 2240 1661 2267 Th.
1682 2240 1712 2267 C.
1732 2240 1800 2267 XIII.
1820 2242 1843 2266 4.
1864 2250 1885 2267 c.
1905 2242 1930 2267 2.
1954 2241 1988 2267 de

1151 2296 1238 2312 exeuS.
1259 2284 1326 2311 artis.
1346 2301 1378 2304 -
1399 2285 1429 2318 §-
1449 2286 1484 2311 2.
1505 2287 1633 2311 Auctor.
1671 2283 1689 2310 I.
1704 2285 1766 2317 Sy.
1793 2282 1914 2311 Nesarius
1933 2293 1988 2310 sce-

1150 2329 1212 2355 leris
1232 2328 1332 2354 artifex.
1370 2328 1471 2354 Auctor
1494 2327 1681 2364 persuasionis.
1714 2326 1749 2353 lb.
1773 2326 1844 2353 XVI.
1869 2328 1893 2354 7.
1917 2337 1938 2354 c.
1961 2328 1986 2353 3.

1149 2382 1188 2409 pr.
1209 2371 1240 2397 de
1260 2376 1370 2408 apostat.

1183 2415 1430 2442 Artificiosus.
1460 2412 1598 2446 (Adiect.)
1642 2414 1845 2446 captiosus„
1869 2413 1986 2439 Vanus.

1148 2457 1190 2484 111.
1212 2459 1278 2485 Cn.
1305 2457 1460 2494 interruptis
1484 2456 1634 2482 artificiosis
1658 2455 1803 2482 obstaculis
1823 2460 1870 2482 etc.
1904 2454 1940 2482 Il).
1954 2454 1986 2482 11.

1148 2502 1172 2526 5.
1193 2510 1214 2526 8.
1236 2502 1258 2526 1.
1279 2499 1311 2526 (18
1329 2499 1426 2526 domin.
1445 2499 1490 2525 rei.

1183 2543 1408 2570 Artificium.
1450 2542 1481 2574 §-
1510 2542 1545 2568 1.
1583 2543 1732 2574 Peritia,
1763 2542 1985 2573 Exercitium,

1149 2588 1244 2613 artis.
1280 2585 1310 2611 II.
1335 2586 1402 2618 ΟΡ.
1433 2584 1566 2611 Officium.
1595 2584 1625 2611 l'r.
1645 2586 1687 2611 65.
1710 2585 1731 2619 5.
1751 2585 1775 2610 l.
1796 2583 1829 2610 (18
1847 2583 1922 2620 legat..
1941 2582 1983 2609 Ill.

1149 2629 1220 2662 (32.)
1240 2627 1270 2654 fr.
1290 2629 1313 2653 4.
1334 2628 1355 2661 5.
1375 2629 1399 2654 5.
1419 2626 1451 2654 (18
1472 2627 1570 2654 censib.
1590 2629 1631 2654 50.
1654 2629 1693 2654 15.
1730 2626 1876 2659 0111815185,
1895 2636 1918 2652 ν.
1938 2624 1985 2652 Fa-

1148 2671 1243 2703 briles,
1263 2681 1365 2707 operae.
1386 2670 1415 2697 fr.
1437 2672 1478 2696 Gl.
1499 2670 1531 2697 de
1550 2670 1626 2707 legat.
1646 2670 1687 2697 111.
1708 2670 1779 2703 (32.)
1800 2669 1829 2696 sr.
1849 2671 1873 2696 6.
1893 2678 1931 2705 pr.
1952 2668 1984 2695 de

1149 2714 1242 2751 supell.
1261 2714 1309 2749 leg.
1329 2715 1370 2740 33.
1394 2715 1431 2740 10.
1458 2714 1487 2740 sr.
1507 2716 1531 2741 9.
1551 2715 1572 2748 5.
1594 2716 1616 2740 l.
1641 2713 1673 2740 (18
1697 2723 1769 2750 oper.
1789 2712 1874 2739 libert.
1898 2712 1940 2737 38.
1962 2713 1983 2738 1.

1148 2757 1190 2784 111.
1216 2758 1282 2784 Cn.
1310 2756 1339 2782 Si
1359 2757 1414 2783 eius
1434 2757 1546 2789 ruboris,
1565 2756 1606 2783 vel
1627 2756 1729 2783 artificii
1749 2757 1809 2782 siut.
1835 2754 1863 2780 l'r.
1881 2755 1923 2780 31.
1944 2765 1982 2791 pr.

1149 2800 1181 2827 (18
1200 2810 1275 2837 poen.
1295 2801 1336 2825 48.
1359 2801 1396 2826 19,
1434 2801 1486 2836 Qui
1507 2800 1548 2826 vel
1568 2810 1599 2826 ex
1619 2799 1739 2825 artificio.
1759 2798 1801 2824 vel
1820 2797 1921 2823 officio.
1941 2797 1983 2824 vel

1149 2843 1266 2880 quolibet
1286 2843 1335 2869 alio
1355 2843 1446 2871 modo.
1470 2843 1604 2870 evidenter
1628 2842 1744 2869 denotati
1767 2845 1863 2867 essent.
1893 2840 1921 2867 l'r.
1940 2842 1982 2866 21.
