2197 3121
277 183 340 214 204

278 264 369 291 debet.
390 263 537 290 soluturum
557 268 582 290 te
602 264 756 289 constituas.
785 262 858 289 Paul.
878 261 910 289 11.
928 264 953 290 2.
973 263 995 297 5.
1011 264 1033 288 1.
1054 261 1083 288 sr.
1096 263 1121 288 3.
1144 278 1145 286 1

278 309 300 342 5.
320 310 344 334 2.
371 307 400 334 fr.
421 309 444 333 5.
465 307 502 341 55.
516 308 540 333 2.
555 317 613 343 sqq.
635 306 651 332 l.
672 305 688 332 l.
711 307 751 333 13.
766 307 790 332 5.
829 306 923 332 Const.
944 316 972 333 sc
992 305 1122 336 daturum,

278 361 302 376 v.
322 350 517 376 satisdator-nm.
548 349 578 376 sr.
598 351 640 375 21.
659 349 682 382 5.
701 350 726 374 2.
752 348 783 375 i'r.
802 350 844 376 23.
869 349 904 375 ib.
927 350 964 374 13.
985 350 1009 374 5.
1054 347 1123 374 Con-

279 393 413 420 stituendo
433 392 552 428 obligari.
573 402 594 418 5.
616 392 706 418 teneri.
737 391 767 418 sr.
789 393 812 418 1.
837 392 875 425 55.
895 394 919 418 2.
940 394 963 417 8.
988 390 1018 417 fr.
1038 392 1062 417 3.
1091 390 1121 417 sr.

277 438 319 462 29.
341 436 374 461 ib.
396 437 436 461 13.
451 438 475 462 5.
513 434 542 461 Si
562 435 739 466 constituerit,
758 450 791 454 —
811 435 898 471 ipsum
918 435 1122 460 constituentem

279 479 370 505 teneri.
399 478 430 504 fr.
452 480 474 504 l.
494 479 515 512 5.
535 479 559 504 3.
584 477 620 505 ib.
640 479 680 504 13.
701 479 725 504 5.
762 477 804 504 De
823 478 966 503 constituta
986 477 1122 514 (pecunia)

279 522 393 558 experiri
412 526 461 547 etc.
490 520 519 546 fr.
541 522 563 547 1.
584 521 666 554 55.1.
687 522 711 546 4.
731 519 762 547 fr.
782 523 806 547 2.
827 520 860 546 ib.
883 522 922 546 13.
942 522 966 546 5.

313 564 552 591 Constitutio.
584 564 615 597 §.
630 564 665 590 l.
695 564 897 597 Dispositio.
926 563 970 590 111.
983 564 1049 591 (⁷11-
1069 562 1123 590 Ybi
1144 575 1145 589 t

278 607 391 643 quisque
414 606 491 632 sedes
517 611 542 632 et
566 606 668 632 tabulas
695 606 818 635 liaberet.
846 615 1006 642 suarumque
1034 616 1122 633 rernm

278 651 494 676 constitutionem
519 648 634 676 fecisset.
665 649 694 675 fr.
714 650 773 674 203.
799 648 831 674 dc
851 647 883 675 V.
904 648 932 675 S.
957 651 998 675 50.
1020 651 1060 676 16.
1089 665 1122 669 —
1144 652 1145 677 l

278 692 309 726 ξ.
330 694 365 719 2.
395 694 611 724 Iumentum,
641 695 862 726 Praeceptum.
904 691 923 718 I.
950 693 1012 727 Sy.
1042 686 1145 728 Quod¹

277 740 380 762 veteres
405 739 607 762 constituerunt.
642 735 673 761 sr.
693 736 734 761 91.
759 735 796 768 55.
816 736 840 761 3.
861 745 902 771 sq.
925 736 949 761 6.
975 735 1007 762 (16
1031 735 1062 762 V.
1088 736 1121 762 Ο,

277 780 318 804 45.
338 780 361 804 1.
393 778 452 805 Iure
473 778 543 805 civili
563 783 705 815 receptum.
735 777 900 804 Constitutio
921 778 1016 805 civilis.
1036 778 1066 805 fr.
1079 780 1122 806 24.

277 821 310 848 de
329 821 406 848 cond.
427 826 452 848 et
471 821 537 848 dem.
557 823 598 847 35.
620 822 643 846 1.
672 820 702 846 t'r.
725 822 746 847 l.
767 830 807 857 pr.
834 820 866 848 de
885 823 952 858 priv.
972 821 1060 849 delict.
1080 823 1121 848 47-

278 866 301 890 1.
338 864 416 891 Actio
437 864 611 897 (Rutiliana).
646 863 703 890 Gai.
724 863 768 890 IV.
787 865 829 890 35.
860 864 944 891 Vatic.
969 865 991 899 5
1013 867 1036 891 l.
1079 865 1121 891 111.

277 907 344 935 Gn·
380 906 450 938 Lex.
477 906 518 933 vel
545 906 639 933 similis
664 907 728 932 iuris
748 907 911 934 constitutio.
941 907 1000 935 Gai.
1018 907 1060 934 ΙΙΙ.
1080 909 1122 934 32.
1144 917 1145 928 1

277 949 310 976 cf.
330 949 348 976 I.
367 951 409 976 83.
434 949 477 976 IY.
499 951 556 976 118.
599 949 672 976 Nihil
696 949 760 976 haec
779 959 821 976 res
841 955 924 976 mutat
944 951 1122 977 conditionem
1143 952 1144 979 ἔ

276 994 342 1019 iuris
367 997 391 1019 ct
417 993 641 1019 constitutionem.
671 1003 692 1018 c.
711 994 735 1018 3.
763 992 795 1019 de
814 992 860 1019 fid.
881 998 907 1020 et
926 993 1011 1020 mand.
1035 995 1060 1020 8.
1079 996 1121 1020 41.

276 1035 355 1062 Nulla
373 1037 437 1062 iuris
456 1036 586 1073 praecipit
605 1037 642 1068 (v.
663 1034 799 1072 impedit),
820 1037 983 1063 constitutio.
1004 1048 1025 1064 c.
1045 1039 1069 1063 5.
1089 1036 1122 1063 de

276 1079 368 1116 repud.
392 1082 416 1106 5.
438 1081 477 1105 17.
508 1088 528 1104 c.
550 1080 590 1104 10.
615 1078 648 1104 (16
671 1083 774 1105 testam.
799 1089 910 1106 manum.
936 1081 958 1106 7.
982 1082 1007 1106 2.
1053 1080 1121 1106 Iuris

275 1123 393 1158 gentium
417 1126 501 1148 const.
534 1120 565 1147 fr.
590 1122 613 1147 4.
639 1122 660 1155 5.
686 1123 708 1148 1.
738 1121 770 1148 de
795 1126 866 1148 statu
890 1122 959 1149 hom.
989 1125 1012 1149 1.
1031 1125 1056 1150 5.
1088 1139 1121 1142 —

276 1166 307 1199 §.
333 1166 370 1191 3.
401 1166 537 1191 Sanctio
563 1166 746 1199 Principis.
788 1164 807 1190 I.
831 1166 892 1199 Sy.
926 1164 1039 1198 Plueita,
1064 1165 1143 1192 Sta—¹

275 1213 339 1240 tuta,
358 1207 494 1234 Iussiones
509 1207 696 1244 (Imperiales).
712 1207 934 1234 constitutiones.
955 1208 1013 1235 Gai.
1025 1209 1044 1235 Ι.
1057 1211 1082 1236 2.
1096 1211 1120 1236 5.

275 1251 298 1285 5.
317 1252 342 1277 3.
362 1250 380 1277 Ι.
401 1250 433 1277 de
452 1250 567 1277 libertin.
590 1252 612 1276 l.
632 1253 655 1277 5.
685 1250 735 1277 Tb.
756 1251 787 1277 C.
807 1250 866 1277 XV.
887 1252 927 1277 14.
948 1262 969 1278 c.
990 1254 1013 1278 1.
1033 1252 1066 1279 de
1084 1253 1122 1279 in-

276 1294 342 1320 firm.
362 1293 387 1320 h.
409 1303 451 1330 qu.
465 1303 486 1319 5.
501 1298 551 1329 tyr.
589 1293 632 1319 Ius
647 1294 828 1326 constitutum,
849 1294 1057 1321 Constitutionis
1071 1296 1120 1322 ius.

275 1336 307 1363 fr.
323 1338 345 1363 1.
359 1337 381 1370 5.
395 1338 419 1363 2.
441 1336 492 1372 Qu.
507 1341 574 1363 scut.
594 1337 652 1362 sine
672 1347 731 1373 app.
751 1338 793 1363 49.
808 1340 832 1363 8.
869 1336 934 1364 Lex.
963 1348 984 1363 c.
998 1340 1040 1364 22.
1060 1339 1082 1372 5.
1096 1340 1120 1365 4.

276 1379 309 1406 de
328 1378 388 1406 furt.
408 1381 432 1406 6.
452 1382 476 1406 2.
514 1380 557 1406 111.
581 1381 646 1407 Cn.
676 1379 775 1416 Leges,
795 1379 855 1413 (vel
874 1380 991 1414 scta),
1017 1386 1041 1407 61
1061 1391 1122 1408 con·
1142 1404 1143 1415 ἦ

275 1423 438 1449 stitutiones.
468 1422 525 1449 Gai.
545 1422 563 1449 1.
583 1424 607 1448 2.
627 1423 669 1448 26.
696 1422 726 1449 sr.
748 1425 788 1449 12.
808 1423 829 1457 5.
851 1424 874 1449 1.
901 1423 933 1449 de
952 1423 1032 1450 iudic.
1052 1427 1076 1451 5.
1098 1427 1120 1451 l.
1142 1442 1143 1451 t

275 1465 306 1492 fr.
326 1467 349 1491 5.
375 1465 407 1492 de
426 1465 529 1502 probat.
553 1468 595 1492 22.
614 1467 639 1491 3.
668 1464 699 1491 sr.
719 1468 743 1491 2.
763 1475 803 1503 pr.
828 1465 886 1492 fam.
911 1467 1003 1494 ercisc.
1029 1470 1069 1494 10.
1095 1470 1120 1494 2.

276 1518 298 1534 c.
319 1510 341 1534 7.
366 1508 399 1535 de
417 1508 470 1535 LL.
492 1511 514 1535 1.
536 1510 577 1535 14.
608 1518 629 1534 c.
649 1509 672 1534 6.
698 1508 730 1534 de
754 1513 822 1545 pact.
847 1512 871 1535 2.
890 1510 914 1536 3.
958 1510 993 1536 Et
1016 1510 1067 1537 hoc
1085 1511 1120 1537 ita

275 1552 340 1577 iuris
360 1551 446 1578 civilis
466 1552 576 1583 ratione,
596 1556 622 1578 et
642 1551 878 1578 constitutionibus
898 1568 930 1571 —
950 1558 1054 1580 cautum
1071 1559 1119 1580 est.

276 1594 306 1621 fr.
325 1596 367 1621 33.
387 1605 427 1632 pr.
456 1595 489 1621 (16
513 1594 589 1621 cond.
615 1599 641 1620 et
666 1594 732 1620 dem.
757 1596 799 1621 35.
821 1597 843 1621 l.
880 1594 975 1632 Neque
994 1598 1121 1623 constitu-

276 1638 347 1664 tione
371 1637 437 1670 ulla,
469 1648 555 1674 neque
583 1638 648 1663 iuris
674 1642 811 1663 auctorum
836 1640 991 1674 quaestione
1016 1639 1119 1673 (decidi

275 1681 382 1718 posse).
407 1680 438 1707 fr.
458 1682 500 1707 32.
520 1690 558 1717 pr.
580 1680 613 1706 de
633 1690 704 1707 usur.
724 1682 766 1706 22.
788 1682 810 1706 1.
841 1691 862 1707 c.
882 1683 906 1707 4.
926 1691 966 1718 pr.
987 1681 1019 1708 de.
1038 1681 1070 1708 V.
1091 1682 1118 1708 S.

275 1725 299 1750 6.
319 1725 360 1749 38.
398 1723 468 1759 Lege
485 1723 667 1760 probibemus.
688 1724 877 1750 constitutione
892 1724 1056 1751 excludimus
1070 1730 1119 1751 etc.

275 1766 360 1792 vatic.
381 1766 402 1799 ς.
422 1769 464 1793 35.
489 1767 521 1793 ef.
542 1766 572 1792 rr.
588 1768 628 1792 12.
649 1767 671 1800 ς’.
686 1768 709 1792 9.
730 1766 763 1792 de
775 1768 871 1803 captiv.
892 1769 988 1794 49.15.
1019 1768 1119 1794 omues
1140 1763 1142 1775 ³

276 1808 400 1835 edictales
424 1809 612 1845 generalesquc
637 1810 848 1836 constitutiones.
883 1809 933 1836 Tb.
954 1810 984 1837 C.
1004 1810 1023 1837 I.
1049 1813 1071 1837 1.
1098 1822 1118 1838 c.

275 1853 300 1878 6.
319 1862 358 1888 pr.
383 1852 415 1878 cs.
435 1863 456 1879 c.
479 1855 500 1879 l.
521 1852 626 1886 OVck.)
647 1852 680 1878 (16
699 1857 784 1879 const.
804 1852 846 1879 Pr.
872 1853 903 1880 ct'.
923 1853 986 1880 lust.
1002 1853 1033 1881 C.
1054 1864 1074 1881 c.
1095 1856 1119 1881 5.

276 1894 309 1921 (16
333 1894 449 1931 sponsal.
478 1897 502 1921 5.
528 1897 550 1921 1.

276 1939 466 1975 rescriptorum
486 1939 637 1964 auctoritas.
667 1949 689 1964 c.
709 1941 734 1964 3.
754 1940 776 1964 si
796 1940 857 1965 min.
877 1950 906 1965 se
924 1941 1014 1966 maior.
1033 1942 1058 1967 2.
1077 1942 1119 1967 43.

276 1979 361 2007 vatic.
381 1982 481 2015 5125.
519 1981 620 2007 Contra
639 1991 726 2007 sacras
741 1981 892 2018 Principum
907 1984 1120 2016 constitutiones,

277 2028 401 2050 contrave
421 2024 461 2049 ius
480 2023 625 2060 publicum,
645 2025 696 2057 (-
716 2026 912 2061 pronunciare).
941 2025 1014 2052 Paul.
1026 2026 1058 2052 Υ.
1077 2028 1118 2053 25.

276 2066 298 2100 5.
318 2068 342 2092 4.
379 2066 454 2092 quta
474 2066 604 2093 Divorum
623 2066 775 2104 Principum
799 2069 1016 2101 constitutiones,
1040 2078 1120 2106 super

276 2109 325 2135 hac
345 2119 372 2135 re
392 2109 481 2135 factas.
511 2109 594 2136 tatic.
615 2110 637 2144 5.
657 2112 716 2136 277.
754 2111 794 2138 Ex
819 2113 901 2138 sacris
927 2113 1121 2138 constitutioni-

276 2151 327 2178 bus
346 2152 512 2179 mnltit'ariam
532 2154 637 2179 emissis
657 2153 768 2186 (babent
787 2157 858 2187 etc.).
882 2155 1045 2189 lb.55.134.
1061 2157 1119 2182 149.
1141 2150 1143 2186 1

277 2194 307 2222 Si
333 2196 391 2231 quis
416 2195 489 2222 salsis
515 2197 765 2229 constitutionibus.
794 2198 868 2225 nullo
892 2203 998 2225 anctore
1021 2198 1120 2231 habito,

277 2239 368 2265 utitur.
400 2238 429 2264 fr.
449 2241 491 2265 33.
516 2239 548 2265 de
567 2239 596 2266 L.
618 2239 681 2266 Cor.
701 2240 734 2267 de
754 2241 811 2268 sals.
836 2244 877 2268 48.
903 2243 942 2268 10.
985 2241 1121 2268 Pertinere

278 2280 310 2307 ad
330 2282 487 2318 rescriptum
506 2292 637 2309 sacrarum
664 2285 891 2311 constitutionum.
919 2284 953 2311 fr.
971 2286 1012 2311 43.
1037 2284 1069 2311 de
1088 2285 1120 2312 A.

277 2323 307 2350 E.
327 2322 360 2350 V.
387 2325 426 2350 19.
448 2326 470 2350 1.
512 2325 608 2352 Sancta
633 2328 822 2353 constitutione
846 2327 1009 2364 promulgata
1032 2327 1122 2365 dispo-

279 2367 388 2393 suimus.
422 2366 464 2393 l'r.
485 2367 502 2394 1.
534 2369 585 2403 Qu.
610 2369 679 2396 mod.
705 2375 752 2397 tnt.
779 2370 823 2397 1111.
848 2372 870 2396 1.
889 2372 931 2396 22.
959 2371 981 2404 5.
1000 2372 1025 2397 3.
1050 2370 1068 2397 1.
1089 2371 1121 2397 de

278 2409 393 2436 libertin.
416 2411 437 2436 l.
457 2411 480 2436 5.
517 2410 667 2438 Secundum
687 2412 774 2439 datum
795 2424 827 2439 ex
847 2414 972 2446 (nostra)
993 2415 1119 2440 constitn—

279 2453 350 2479 tione
369 2452 483 2480 modum.
521 2454 672 2480 Secundum
698 2456 815 2483 eiusdem
839 2457 1037 2483 constitutionis
1062 2467 1121 2483 nor-

278 2505 353 2522 mam.
382 2495 424 2522 Pr.
445 2496 463 2522 1.
483 2496 516 2523 (16
535 2501 608 2533 nupt.
628 2499 651 2523 1.
668 2500 707 2524 10.
728 2500 749 2532 5.
764 2502 788 2526 5.
808 2499 826 2525 I.
847 2499 880 2526 (16
892 2499 956 2526 Α111.
971 2504 1019 2526 1111.
1041 2501 1063 2526 1.
1077 2502 1119 2526 20.

279 2537 344 2565 Tam
364 2549 396 2566 ex
415 2539 564 2572 veteribus,
588 2549 665 2576 quam
689 2543 787 2568 nostris
812 2542 1047 2569 constitutionibus
1066 2544 1120 2576 (in-

280 2581 450 2615 troductum).
472 2583 532 2616 5.1.
552 2582 570 2609 I.
591 2582 623 2609 de
642 2583 755 2610 libertin.
778 2586 800 2610 1.
814 2587 839 2611 5.
875 2584 1078 2622 Principalibus,
1098 2596 1119 2612 5.

280 2622 443 2660 Principum.
467 2626 702 2652 constitutionibus
727 2637 895 2660 eoncessum.
921 2639 941 2655 s.
962 2630 1119 2665 permissum

281 2670 330 2691 etc.
368 2667 423 2693 Gai.
448 2667 480 2694 11.
509 2670 565 2695 109.
594 2668 626 2695 cs.
649 2669 668 2696 1.
692 2671 732 2696 57.
771 2669 832 2706 Yip.
859 2670 914 2697 Ul.
941 2673 962 2698 l.
992 2671 1075 2698 XXII.
1095 2674 1118 2698 6.
1140 2671 1142 2687 1

279 2709 375 2736 XXHI.
399 2712 436 2736 lo.
465 2712 540 2746 Quae
559 2713 688 2738 sententia
707 2712 804 2739 dicitur
817 2714 968 2740 confirmata
982 2724 1040 2741 csse
1060 2725 1120 2741 con-

594 1895 660 1922 Tam
683 1905 773 1921 sacrae
798 1897 1016 1929 constitutiones,
1043 1907 1120 1934 quam

280 2752 417 2778 stitutione
437 2753 487 2786 (1).
507 2754 652 2788 Hadriani).
672 2754 729 2782 Gai.
748 2755 778 2781 11.
799 2758 857 2782 221.
878 2771 910 2775 -
930 2757 961 2789 ᾖ.
976 2759 1015 2784 -Ι,
1037 2759 1077 2785 Co
1086 2768 1119 2784 11-

281 2796 391 2821 n'lium
412 2797 527 2828 animi,
553 2799 772 2832 Propositum.
809 2798 828 2825 l.
851 2799 912 2832 Sy.
941 2798 1118 2836 Propositum,
1140 2803 1141 2827 ἰ

280 2837 404 2869 Animus,
433 2837 562 2866 Adfectio.
595 2840 626 2867 fr.
651 2843 674 2867 7.
702 2841 739 2875 55.
764 2842 789 2868 3.
815 2843 838 2867 6.
868 2840 900 2867 dc
919 2842 1004 2878 pecul.
1035 2844 1074 2868 15.
1096 2845 1117 2869 l.
1140 2854 1141 2860 ¹

1097 178 1200 211 CON.

1168 261 1198 288 fr.
1218 262 1259 287 60.
1280 271 1319 298 pr.
1340 260 1372 287 de
1391 260 1424 287 V.
1443 260 1470 288 S.
1490 263 1531 288 50.
1554 263 1593 288 16.
1632 261 1674 288 111.
1698 263 1764 290 Gn.
1797 263 1897 302 Opinio
1922 269 2012 291 nostra

1168 309 1194 331 et
1213 305 1377 331 constitutio.
1405 303 1436 330 fr.
1456 306 1498 331 60.
1517 314 1556 342 pr.
1577 304 1594 331 1.
1614 307 1656 332 50.
1678 307 1717 332 16.
1737 322 1770 325 —
1790 307 1821 340 ἓ.
1843 308 1880 335 5.
1909 310 2013 336 Habi-

1167 353 1233 378 tus,
1259 349 1422 374 Conditio.
1459 347 1502 374 ΠΙ.
1522 349 1588 375 Gn.
1616 347 1666 374 Per
1685 351 1810 386 suspensi
1830 351 1895 377 iuris
1916 351 2013 378 cousti-

1168 390 1309 421 tutionem.
1330 392 1376 421 (ex
1395 400 1425 416 eo
1445 395 1535 423 natus,
1554 391 1695 428 potestatis
1715 392 1799 428 ipsius
1818 392 1889 426 fiat).
1919 393 1950 420 fr.
1971 395 2011 421 15.

1168 432 1201 459 de
1219 433 1275 459 suis
1295 437 1321 458 et
1340 432 1411 469 legit.
1429 434 1472 459 38.
1493 434 1533 460 16.

1203 476 1576 503 Constitutionarius.
1610 476 1737 510 (Subst.)
1790 479 1853 510 Qui
1883 488 2012 506 comer—

1168 520 1283 545 vandis
1307 525 1337 545 et
1360 520 1580 546 describendis
1599 521 1828 554 Imperialium
1847 523 2012 548 constitu-

1167 563 1291 588 tionum
1311 564 1466 596 exemplis
1483 563 1674 598 praefectus
1693 568 1747 589 est.
1784 562 1827 589 111.
1850 565 1915 591 Gn.
1943 563 2012 592 Huic

1167 604 1266 636 codici,
1295 605 1339 640 qui
1363 604 1498 631 faciendus
1521 614 1535 631 a
1559 606 1811 638 constitntionariis,
1840 611 1918 633 notae.
1946 608 2012 634 iuris

1167 657 1220 673 non
1239 647 1430 674 adscribantur.
1451 647 1532 674 Gesta
1547 648 1573 673 in
1587 648 1648 675 Scn.
1663 648 1696 675 (16
1706 650 1786 685 rccip.
1807 648 1857 675 Th.
1873 649 1904 676 C.
1919 650 2010 683 (ch.

1166 701 1192 727 p.
1212 693 1236 716 5.
1261 690 1293 717 ct'.
1317 700 1343 727 p.
1361 692 1386 717 3.
1407 691 1463 726 sq.)
1506 689 1626 717 Tertium
1654 692 1707 725 (sc.
1729 702 1825 729 corpus
1846 694 2012 720 constitutio-

1168 734 1245 767 num)
1275 734 1497 760 constitutionarii
1526 744 1572 760 sua
1596 733 1650 760 fide
1674 739 1700 761 et
1724 735 1843 772 periculo
1874 735 1945 773 apud
1973 746 2010 769 se,

1144 781 1145 786 ¹
1168 776 1297 802 edendum
1321 776 1442 813 populis,
1471 777 1585 803 retinere
1612 776 1763 809 iubeantur.
1792 779 1827 804 ita
1851 783 1892 811 ut,
1921 780 1973 806 nisi
1998 790 2012 806 a

1168 820 1418 852 constitutionariis,
1439 829 1471 846 ex
1490 819 1540 845 hoc
1561 830 1673 856 corpore
1693 820 1835 847 eorundem
1854 831 1932 848 manu
1951 832 2012 849 con—

1167 863 1265 899 scripta
1285 862 1445 900 exemplaria
1463 872 1516 889 non
1535 862 1653 889 edantur.
1681 862 1719 889 tb.
1740 863 1757 890 l.
1777 863 1794 890 l.
1814 874 1839 900 p.
1860 865 1884 890 6.
1905 874 1945 901 5([.

1203 906 1508 933 Constitutorius.
1529 905 1659 939 (Adiect.)
1691 908 1741 933 Ex
1759 909 1942 934 constituto
1961 910 2011 935 de-

1166 950 1229 975 biti
1247 950 1414 975 oriundus.
1452 948 1471 975 I.
1491 950 1553 983 Sy.
1582 948 1711 975 Pecuniae
1730 950 1903 983 constitutae,
1928 961 1948 977 s.
1968 950 2011 977 De
2060 962 2061 965 ¹

1167 992 1310 1017 constituta
1331 992 1489 1029 (pecunia),
1509 991 1704 1018 Constitutoria
1724 993 1835 1025 (actio).
1866 992 1897 1019 fr.
1916 995 1958 1020 20.
1978 992 2010 1020 fr.

1143 1039 1144 1043 ¹
1165 1036 1208 1060 22.
1228 1034 1258 1061 fr.
1278 1036 1320 1061 26.
1344 1034 1375 1061 fr.
1394 1037 1436 1062 30.
1456 1045 1496 1071 sq.
1521 1034 1554 1061 dc
1573 1039 1657 1061 const.
1677 1045 1734 1072 pec.
1756 1037 1796 1061 13.
1816 1037 1840 1062 5.
1865 1035 1896 1062 fr.
1915 1038 1956 1063 59.
1977 1036 2011 1063 (16

1166 1077 1245 1104 solut.
1265 1079 1307 1104 46.
1326 1079 1351 1104 3.

1202 1121 1468 1148 constitutum.
1497 1120 1626 1154 (Subst.)
1664 1121 1695 1154 §-
1716 1122 1750 1147 1.
1785 1122 2010 1154 constitutio,

1166 1165 1374 1190 [nstitutum.
1404 1164 1422 1190 1.
1442 1165 1504 1198 Sy.
1525 1163 1738 1190 Constitutiones
1758 1163 1920 1201 Principum,
1940 1164 2011 1192 Con-

1165 1207 1265 1233 stitnta.
1295 1206 1376 1233 Gcsta
1395 1208 1421 1233 in
1435 1207 1497 1233 Sen.
1517 1206 1550 1233 de
1569 1217 1620 1233 rec.
1648 1206 1698 1233 Th.
1713 1206 1744 1233 C.
1765 1206 1856 1240 OVck.
1876 1218 1902 1245 p.
1916 1210 1940 1234 4.
1955 1208 2009 1244 sq.)
2034 1226 2038 1230 -

1167 1249 1216 1276 Th.
1232 1249 1262 1276 C.
1283 1249 1301 1276 I.
1324 1251 1345 1276 1.
1366 1260 1388 1276 c.
1408 1252 1430 1276 1.
1452 1260 1473 1277 c.
1487 1251 1511 1276 3.
1532 1249 1636 1283 (Wek.)
1657 1249 1690 1276 dc
1710 1254 1794 1276 coust.
1815 1249 1857 1276 Pr.
1895 1250 2009 1277 Statuta.

1142 1299 1144 1323 ζ
1165 1293 1203 1319 11).
1223 1292 1255 1319 V.
1275 1297 1298 1319 8.
1320 1303 1341 1320 c.
1363 1295 1384 1319 l.
1411 1292 1443 1319 dc
1462 1292 1486 1319 11.
1507 1303 1550 1329 qn.
1570 1292 1716 1329 sanguinol.
1741 1292 1773 1319 V.
1794 1295 1835 1319 10.
1855 1303 1877 1319 c.
1898 1295 1921 1320 1.
1941 1293 1963 1327 5.
1984 1295 2008 1320 4.

1143 1344 1144 1347 ’
1166 1336 1199 1362 (16
1223 1335 1316 1373 inquil.
1342 1341 1367 1362 et
1393 1335 1478 1362 coion.
1518 1335 1588 1368 Lex.
1613 1335 1804 1362 Constitutum.
1836 1335 1874 1362 11).
1893 1336 1965 1363 XIV.
1985 1339 2009 1364 4.

1166 1390 1187 1406 c.
1207 1381 1231 1406 9.
1252 1390 1272 1406 c.
1294 1381 1334 1406 10.
1354 1379 1376 1413 5.
1395 1381 1420 1405 ⁶3.
1440 1378 1473 1405 de
1492 1388 1560 1405 suar.
1597 1378 1640 1405 111.
1665 1380 1731 1407 (1η.
1758 1379 1801 1406 Ex
1823 1389 1897 1406 more
1919 1384 2010 1407 vetere

1166 1427 1191 1449 et
1211 1423 1363 1449 constitutis
1382 1423 1517 1448 maiorum.
1544 1421 1582 1448 lb.
1601 1422 1635 1448 X.
1661 1423 1682 1448 1.
1708 1431 1730 1448 c.
1751 1424 1791 1448 12.
1812 1422 1845 1449 (16
1864 1423 1921 1449 iure
1940 1423 2008 1450 fisci.

1165 1465 1239 1492 quta
1259 1466 1402 1492 constituta
1421 1465 1514 1502 legum.
1543 1465 1580 1492 lb.
1600 1465 1634 1492 X.
1659 1467 1699 1491 10.
1726 1475 1747 1491 c.
1766 1467 1809 1491 20.
1836 1465 1869 1492 de
1887 1467 1962 1503 petit.
1983 1471 2011 1493 et.

1166 1508 1234 1535 ultro
1255 1508 1306 1535 dat.
1345 1507 1529 1534 Constitutnm
1547 1508 1612 1544 legis
1633 1507 1899 1541 (Constantinianae,
1918 1519 1942 1536 v.
1963 1508 2010 1536 Fa-

1165 1552 1222 1578 biac
1242 1552 1318 1585 etc).
1347 1550 1385 1577 lb.
1407 1550 1437 1577 Υ.
1458 1553 1481 1577 1.
1507 1562 1528 1578 c.
1549 1553 1572 1578 7.
1597 1551 1663 1584 5.1.
1691 1551 1723 1578 de
1741 1551 1812 1587 legit.
1832 1551 1943 1579 hen-edit.
1963 1552 2008 1580 IX.

1163 1598 1205 1622 20.
1227 1605 1248 1621 c.
1270 1597 1292 1621 l.
1312 1595 1373 1620 vict.
1394 1595 1442 1620 civ.
1463 1595 1510 1631 agi.
1539 1610 1573 1613 —-
1601 1596 1632 1628 ξ.
1652 1596 1687 1621 2.
1717 1596 1863 1622 Pecunia
1886 1597 2009 1622 consti-

1164 1645 1246 1665 tuta.
1283 1637 1303 1664 I.
1323 1639 1385 1672 Sy.
1406 1636 1557 1664 Constituta
1578 1639 1642 1671 (res,
1663 1648 1687 1664 v.
1707 1639 1838 1674 pecunia).
1863 1637 1894 1664 fr.
1909 1640 1931 1664 1.
1946 1638 1968 1672 5.
1983 1640 2008 1665 4.

1141 1702 1142 1705 ,
1164 1681 1194 1707 fr.
1213 1683 1238 1707 2.
1263 1680 1294 1706 fr.
1313 1682 1338 1707 3.
1362 1680 1393 1706 t'r.
1413 1682 1454 1706 22.
1475 1690 1534 1717 sqq.
1564 1680 1596 1707 de
1616 1686 1700 1707 const.
1721 1690 1778 1717 pec.
1805 1682 1845 1707 13.
1865 1683 1889 1707 5.
1914 1680 1944 1707 fr.
1965 1683 2007 1708 59.

1164 1724 1196 1750 (16
1215 1723 1294 1750 501111.
1314 1724 1356 1749 46.
1370 1723 1474 1750 3.111.
1493 1725 1558 1751 Cn.
1586 1724 1627 1750 Ex
1647 1723 1804 1760 quibusdam
1824 1725 1910 1750 causis
1930 1734 2010 1761 spon—

1164 1768 1265 1793 sionem
1285 1765 1370 1793 facere
1389 1768 1566 1804 permittitur,
1590 1766 1663 1794 velut
1683 1767 1715 1794 de
1735 1768 1846 1804 pecunia
1866 1771 1936 1794 certa
1955 1777 2009 1794 cre-

1165 1810 1231 1842 dita,
1256 1815 1282 1837 ct
1304 1811 1416 1847 pecunia
1439 1811 1590 1837 constituta.
1624 1809 1681 1836 Gai.
1701 1809 1745 1836 IY.
1766 1811 1824 1836 171.
1862 1809 1892 1837 Si
1911 1812 2010 1838 consti—

1165 1858 1263 1885 tuatur.
1283 1869 1316 1873 —-
1335 1853 1413 1885 valet,
1433 1863 1454 1880 s.
1468 1858 1549 1885 tenet,
1569 1854 1750 1879 constitutum.
1779 1852 1809 1879 fr.
1825 1854 1848 1879 7.
1861 1863 1901 1890 pr.
1921 1853 1952 1880 fr.
1967 1855 2007 1880 11.

1164 1907 1204 1934 pr.
1224 1897 1255 1923 sr.
1270 1898 1311 1923 14.
1331 1897 1353 1930 5.
1369 1898 1392 1923 l.
1412 1896 1442 1923 t‘r.
1458 1898 1498 1923 18.
1517 1897 1577 1931 5.1.
1598 1896 1631 1923 de
1650 1900 1734 1922 const.
1755 1906 1812 1933 pec.
1834 1897 1874 1922 13.
1887 1898 1911 1922 5.
1939 1895 2008 1923 Con-

1164 1941 1256 1967 stituta
1275 1950 1307 1966 ex
1327 1949 1459 1966 consensu
1477 1939 1545 1966 sacta
1564 1939 1694 1973 (custodit
1713 1938 1842 1972 Praetor).
1872 1938 1902 1965 sr.
1924 1940 1947 1965 1.
1966 1949 2006 1976 pr.

1142 1978 1143 1991 ³
1164 1983 1199 2010 ib.
1221 1985 1261 2009 13.
1281 1984 1305 2009 5.
1342 1982 1407 2009 Dies
1428 1983 1574 2009 constituti.
1603 1982 1633 2008 fr.
1655 1984 1696 2008 18.
1716 1992 1756 2018 pr.
1776 1981 1812 2007 ib.
1833 1983 1873 2007 13.
1893 1984 1917 2008 5.

1200 2026 1446 2053 Constitutus.
1476 2025 1596 2059 (Partic.)
1617 2024 1658 2050 Cf.
1678 2034 1702 2050 v.
1717 2024 1896 2051 Constituere.
1925 2025 1956 2058 ξ.
1971 2026 2006 2052 l.

1165 2071 1377 2103 Disposimn,
1408 2071 1557 2100 Positus,
1584 2069 1769 2095 Exsistens.
1811 2066 1854 2093 ΙΙΙ.
1879 2068 1946 2095 Gn.
1977 2067 2007 2095 Si

1165 2113 1238 2148 quiS‚
1263 2111 1320 2147 lege
1343 2111 1488 2138 venerabili
1512 2112 1669 2143 constituta,
1694 2110 1743 2143 [al.
1769 2111 1948 2144 constitutus]
1973 2121 2007 2138 ex

1165 2154 1318 2181 Christiano
1337 2154 1447 2181 Iudaeus
1468 2154 1577 2181 effectus
1598 2159 1647 2180 etc.
1685 2153 1735 2180 Th.
1755 2153 1786 2180 C.
1804 2153 1876 2180 XVI.
1896 2156 1921 2181 8.
1940 2164 1962 2181 c.
1983 2156 2006 2181 7.

1165 2197 1197 2224 (16
1216 2197 1271 2224 lud.
1313 2197 1371 2224 Viri
1395 2207 1505 2235 corpus,
1530 2196 1694 2224 mnlicbriter
1717 2197 1903 2229 constitutum,
1927 2196 2006 2225 alieni

1165 2251 1245 2268 sexus
1265 2241 1386 2268 damnare
1405 2241 1539 2278 patientia.
1568 2239 1638 2266 Coll.
1657 2238 1710 2265 LL.
1730 2239 1763 2266 M.
1784 2239 1816 2266 V.
1835 2241 1860 2266 3.
1897 2239 2006 2268 Provin-

1165 2286 1204 2311 cia
1222 2300 1255 2304 -
1275 2284 1324 2310 sub
1345 2284 1448 2311 duobus
1468 2282 1637 2309 Praesidibus
1657 2283 1807 2309 constituta.
1827 2282 1858 2309 fr.
1872 2284 1896 2310 3.
1917 2283 1950 2311 (16
1960 2284 2004 2311 off.

1165 2328 1266 2354 adsess.
1288 2329 1310 2354 1.
1330 2329 1372 2354 22.
1409 2326 1460 2353 Per
1477 2325 1590 2357 Italiam,
1616 2335 1640 2351 v.
1660 2325 1810 2362 Aegyptum
1835 2330 1884 2353 etc.
1909 2328 2006 2354 consti-

1166 2372 1215 2397 tuti
1235 2372 1288 2404 (sc.
1309 2369 1396 2401 fundi.
1415 2380 1440 2396 v.
1461 2369 1574 2400 coloni).
1606 2367 1655 2394 Tb.
1676 2368 1707 2395 C.
1725 2368 1771 2395 XI.
1792 2370 1832 2395 16.
1853 2379 1874 2396 c.
1894 2371 1918 2396 2.
1938 2380 1960 2396 c.
1980 2371 2005 2397 9.

1165 2413 1198 2440 (16
1217 2418 1282 2440 extr.
1303 2423 1323 2439 s.
1344 2412 1415 2439 sord.
1439 2412 1484 2439 XI.
1497 2413 1539 2438 24.
1561 2421 1581 2438 c.
1598 2413 1620 2438 1.
1641 2411 1673 2438 de
1691 2416 1791 2448 patroc.
1810 2412 1892 2439 vicor.
1919 2412 2005 2445 Horti,

1165 2458 1187 2483 si
1207 2457 1252 2493 qui
1276 2460 1338 2483 sunt
1360 2457 1387 2482 in
1410 2455 1536 2482 aedificiis
1561 2455 1705 2481 constituti.
1733 2454 1764 2481 fr.
1785 2456 1843 2482 198.
1868 2454 1900 2482 de
1924 2455 1956 2482 V.
1976 2455 2004 2483 S.

1164 2502 1205 2525 50.
1226 2501 1266 2526 16.
1303 2499 1357 2525 Res
1382 2503 1455 2525 extra
1479 2497 1567 2524 dotem
1591 2499 1757 2524 constitutae.
1785 2498 1817 2524 fr.
1841 2499 1882 2525 95.
1906 2508 1946 2535 pr.
1971 2498 2005 2526 ad

1164 2542 1194 2569 L.
1214 2542 1284 2569 Falc.
1309 2544 1351 2568 35.
1371 2544 1395 2568 2.
1437 2541 1466 2568 81
1496 2550 1601 2567 servum
1629 2540 1742 2567 alienum
1771 2556 1805 2560 —
1832 2542 2004 2568 constitutum

1164 2595 1277 2622 aegrum,
1298 2585 1417 2611 curastis.
1447 2594 1467 2610 c.
1483 2586 1523 2610 10.
1543 2583 1576 2610 de
1589 2582 1620 2609 N.
1635 2584 1666 2610 G.
1686 2586 1710 2610 2.
1731 2585 1771 2610 19.
1803 2583 1832 2610 In
1852 2583 2003 2611 discrimine

1163 2630 1241 2661 vitae,
1260 2639 1284 2655 v.
1304 2627 1333 2654 In
1353 2627 1486 2658 extremis,
1507 2628 1675 2653 constitutus.
1695 2626 1726 2652 fr.
1739 2627 1781 2653 39.
1802 2627 1859 2660 5.1.
1880 2626 1912 2653 de
1924 2626 2001 2663 legat.

1163 2672 1205 2698 111.
1226 2671 1293 2705 (32.)
1323 2670 1352 2696 fr.
1372 2671 1414 2696 42.
1434 2671 1499 2703 5-1.
1520 2669 1551 2696 d·-
1565 2680 1598 2696 1u.
1613 2680 1635 2696 c.
1649 2669 1737 2695 donat.
1756 2670 1798 2695 39.
1813 2671 1836 2695 6.
1872 2669 1902 2696 111
1921 2669 2003 2705 (11ςηί-

1164 2719 1229 2745 tate.
1249 2724 1272 2740 v.
1293 2723 1408 2745 munere,
1428 2714 1596 2739 constitutus.
1625 2712 1656 2739 fr.
1676 2715 1700 2739 5.
1720 2712 1752 2739 (16
1771 2712 1859 2739 Scnat.
1878 2714 1902 2738 1.
1922 2714 1945 2738 9.
1970 2713 2001 2740 fr.

1164 2759 1187 2783 1.
1207 2757 1229 2790 5.
1251 2758 1272 2783 l.
1293 2756 1325 2782 do
1346 2766 1407 2793 opp.
1427 2755 1489 2792 pub.
1510 2757 1551 2782 50.
1573 2757 1612 2782 10.
1651 2755 1744 2782 Const.
1769 2756 1796 2782 in
1819 2765 1867 2792 spe
1887 2756 2003 2787 (succes-

1163 2800 1268 2832 sionis).
1289 2798 1318 2825 sr.
1341 2801 1363 2825 1.
1383 2799 1404 2832 5
1421 2801 1460 2824 13.
1481 2798 1513 2825 de
1532 2799 1600 2835 insp.
1620 2803 1721 2825 ventre.
1741 2800 1782 2824 25.
1801 2799 1825 2824 4.
1862 2797 1956 2827 Aetas.
1975 2800 2002 2825 in

1163 2852 1212 2879 qua
1238 2843 1397 2868 constitutus
1418 2846 1466 2869 est.
1494 2841 1525 2868 fr.
1544 2844 1568 2868 3.
1588 2841 1611 2875 5.
1630 2843 1655 2868 2.
1679 2841 1724 2868 ubi
1743 2850 1805 2878 pup.
1828 2841 1870 2866 27.
1890 2843 1914 2867 2.
1950 2841 2002 2868 Iam
