2197 3121
1021 139 1120 170 FOR.

244 228 447 253 Foramen.
485 225 661 258 Apertura.
698 221 741 248 III.
765 222 831 249 Gn.
852 221 963 254 ferani„
982 221 1051 248 unde

209 274 339 297 exemtum
360 273 400 294 est
420 268 528 303 tignum,
547 266 677 292 obturare.
698 264 728 291 [Γ.
748 267 771 291 6.
792 265 824 291 de
844 264 871 291 S.
891 264 918 290 P.
939 263 971 291 V.
991 265 1050 291 82,

210 312 336 339 Foramen
356 312 382 337 iu
402 312 453 337 imo
480 311 579 347 pariete
603 307 749 339 conclavis,
770 324 801 327 —
820 306 961 345 proluendi
980 308 1050 344 pavi-

209 356 290 382 menti
310 364 394 381 eausa.
415 353 445 380 fr.
464 355 505 379 28.
526 352 560 378 ib.
581 354 604 378 8.
624 353 648 377 2.

244 397 435 425 Forensis.
480 395 618 428 (Adiect.)
665 396 713 420 Ad
736 395 852 429 forum
884 394 1050 419 iudiciale

208 447 375 475 spectans,
400 445 428 466 et
453 440 593 465 ordinem
613 438 813 463 iudiciorum
829 437 1048 469 privatorum.

208 482 239 509 II.
257 484 324 516 Op.
344 482 489 509 Criminum
508 481 700 507 exsecutiones.
720 495 753 498 —
772 478 904 504 Forenses
923 479 1048 504 actiones.

208 525 239 551 fr.
261 527 283 552 l.
308 526 328 559 5
351 527 372 551 l.
397 524 429 551 de.
453 524 555 551 iucend.
581 524 662 549 ruina.
688 524 729 549 47.
753 523 777 548 9.
814 520 857 547 111.
877 522 944 548 Gn.
964 520 1048 552 Miles,

208 568 250 594 vel
270 567 419 604 agricultor,
439 572 465 593 et
483 567 626 593 forensium
646 575 733 592 rerum
752 573 855 601 expers
875 563 905 590 sr.
925 565 967 590 25.
988 564 1009 597 5.
1026 565 1048 590 l.

209 610 241 637 de
261 610 363 648 probat.
383 612 424 636 22,
444 612 468 636 3.
494 610 525 636 ct'.
549 609 610 646 le.
631 608 675 635 XI.
697 610 719 634 1.
757 607 780 633 Α
800 606 952 633 forensibus
972 616 1049 642 nego—

214 654 257 679 tiis
278 653 339 680 dare
358 654 527 679 vacationem.
548 653 577 679 fr.
593 655 615 679 9.
637 652 669 678 de
688 651 767 677 feriiS.
787 651 811 676 2.
828 651 867 675 12.
906 649 980 684 Quae
1000 652 1048 681 (se.

208 696 263 729 res)
278 696 370 732 dignae
389 695 488 722 sorensi
503 694 682 732 magnitudine
696 692 862 719 videbuntur.
884 703 904 718 c.
921 694 942 719 l.
960 692 992 719 de
1006 692 1049 719 de-

211 738 276 765 fens.
297 739 366 765 civit.
388 740 409 765 l.
430 740 470 764 55.

242 783 371 808 Fores.
410 783 514 808 Ianua
533 784 641 808 domus
660 781 814 806 exterior.
852 778 895 804 111.
914 779 979 805 Gn.
1000 777 1051 804 Ae-

210 823 290 850 dificit
312 823 382 850 sores
402 824 575 860 confringere,
595 833 615 849 s.
636 823 781 858 effringere.
802 821 832 848 sr.
852 823 894 848 27.
914 821 936 855 5.
955 822 997 847 31.
1018 821 1049 847 ad

208 866 237 893 L.
257 866 326 902 Aqu.
347 868 370 893 9.
390 869 415 893 2.
434 867 463 893 fr.
484 869 525 893 39.
546 866 578 892 de
596 865 657 891 furt.
678 867 720 891 47.
739 867 764 891 2.

243 910 474 936 Foriearius.
517 910 703 935 Conductor
726 910 844 939 locali,
870 910 918 934 vel
941 909 1048 933 taber-

208 962 279 983 nae,
299 954 331 978 in
345 954 432 988 foro.
470 952 512 978 ssl.
540 952 605 978 0²1.
631 950 724 977 Fiscus
744 961 776 977 ex
795 951 850 977 suis
870 950 1049 976 contractibus

208 1004 301 1020 usuras
322 1011 353 1014 -—
374 996 482 1032 accipit3
502 999 530 1021 ut
549 993 618 1020 solet
637 1004 650 1020 a
664 994 801 1025 forienriis,
822 993 865 1027 [al.
881 992 1048 1026 sornicariis.]

209 1038 254 1073 qui
273 1037 373 1064 tardius
392 1039 529 1074 pecuniam
548 1037 671 1068 inserunt,
691 1037 754 1063 item
773 1047 805 1063 ex
824 1035 1004 1072 vectigalibus.
1019 1035 1049 1061 fr.

210 1081 249 1105 17.
270 1081 292 1114 5.
312 1083 335 1107 5.
357 1080 388 1107 de
409 1091 478 1107 usur.
499 1083 540 1107 22.
562 1082 584 1106 1.

244 1123 484 1150 Forinseeus.
522 1122 646 1155 (Advb.)
685 1124 729 1149 Al.
756 1124 921 1149 exteriori
947 1127 1051 1156 parte.

209 1164 251 1191 111.
272 1167 338 1193 οη.
357 1165 386 1192 In
412 1167 486 1192 cuius
511 1165 589 1192 domo
614 1165 706 1197 suerit,
726 1165 923 1201 invigilantibus
942 1164 1051 1191 forinse-

210 1218 255 1234 cus
281 1218 386 1245 quoque
410 1208 506 1235 osticiis
531 1208 654 1245 publicis.
680 1207 730 1235 Th.
751 1207 782 1235 C.
803 1207 857 1234 VII.
880 1208 919 1234 18.
943 1217 964 1234 c.
984 1208 1008 1233 4.
1028 1207 1050 1241 5.

208 1252 232 1277 3.
253 1250 286 1277 de
306 1250 434 1277 desertor.

243 1295 395 1321 Fornla.
433 1296 464 1328 ᾖ.
492 1295 527 1321 1.
566 1296 696 1328 Species
725 1300 879 1326 externa,
912 1295 1050 1328 Figura.

207 1335 239 1362 11.
259 1337 326 1370 011.
358 1336 478 1374 Corpus,
498 1337 565 1370 Res,
585 1337 746 1364 Substantia.
771 1336 801 1363 fr.
821 1338 845 1363 9.
870 1337 892 1370 5.
912 1338 936 1363 3.
956 1335 989 1362 ad
1008 1346 1051 1362 ex-

208 1378 262 1404 hib.
283 1380 324 1406 10.
344 1381 367 1406 4.
392 1380 422 1406 sr.
444 1382 484 1406 13.
509 1380 575 1413 5.1.
600 1380 630 1406 [ι’.
656 1382 696 1407 14.
722 1390 761 1417 pr.
787 1379 819 1406 de
838 1378 870 1405 V.
890 1378 917 1405 S.
942 1381 983 1405 50.
1010 1380 1050 1405 16.

208 1421 251 1448 111.
269 1423 334 1449 Cn.
372 1422 466 1449 Forma
489 1434 518 1450 ac
542 1428 627 1450 status
651 1424 831 1459 (antiquorum
850 1421 1050 1455 aedificiorum.)

209 1464 240 1490 fr.
261 1466 301 1491 ll.
321 1475 360 1502 pr.
387 1465 420 1492 de
443 1465 471 1492 S.
492 1465 519 1492 P.
540 1466 571 1493 V.
590 1468 614 1493 8.
633 1468 658 1493 2.
696 1465 771 1492 Certi
790 1465 931 1502 ponderis,
955 1470 1052 1491 certae-

209 1517 261 1543 que
280 1506 379 1534 formae
398 1509 503 1542 (anulos
523 1508 629 1541 facere.)
649 1508 706 1535 Gai.
718 1508 759 1534 ΠΙ.
782 1510 839 1534 147.
876 1507 983 1534 Certam
1002 1508 1052 1534 for-

209 1560 285 1582 mam,
305 1555 440 1581 staturam.
460 1556 570 1578 aetatem
590 1553 628 1585 (in
645 1550 787 1578 offerendis
807 1552 882 1587 equis
896 1550 1051 1584 custodire.)

210 1591 260 1619 Th.
286 1592 317 1620 C.
338 1593 380 1620 VI.
405 1596 446 1620 31.
472 1605 493 1621 c.
520 1597 541 1620 1.
567 1594 599 1620 de
618 1599 722 1620 strator.
760 1594 815 1629 Qui
834 1598 924 1620 contra
944 1593 1052 1620 formam

210 1635 316 1662 humani
334 1638 437 1672 generis
457 1653 489 1656 —
508 1641 690 1674 procreantur.
715 1636 745 1663 fr.
772 1638 812 1662 14.
837 1636 870 1663 de
893 1641 963 1663 statu
982 1636 1051 1662 hom.

212 1679 235 1703 l.
255 1680 278 1704 5.
307 1695 339 1698 -
368 1681 398 1713 §-
419 1681 508 1706 LA.
538 1682 663 1714 Corpus
682 1681 861 1706 humanum.
899 1681 1051 1706 Persona.

211 1720 253 1746 III.
273 1721 337 1748 (711.
358 1722 433 1757 Quae
447 1738 479 1742 ——
493 1724 591 1759 passim
610 1722 728 1749 venalem
747 1722 856 1748 sormam
875 1721 1003 1752 exhibuit.
1023 1732 1053 1748 ac

212 1764 380 1800 prostitutam
399 1767 547 1792 meretricio
566 1775 639 1792 more
662 1765 741 1801 vulgo
766 1775 795 1791 se
819 1764 948 1802 praebuit.
969 1774 990 1790 c.
1010 1766 1051 1790 22.

213 1806 244 1832 ad
264 1805 293 1832 L.
315 1806 362 1832 Iul.
387 1807 419 1833 de
443 1808 523 1834 adult.
549 1810 572 1834 9.
597 1810 621 1834 9.
655 1824 683 1828 -
717 1808 747 1840 ᾖ.
773 1809 808 1834 2.
846 1808 1052 1840 Descriptio,

213 1850 463 1876 Dolet-minatio.
501 1850 543 1876 III.
557 1852 622 1878 Gn.
642 1850 671 1876 In
692 1858 760 1876 terra
779 1850 852 1876 Italia
871 1849 952 1875 Illvir
972 1849 1052 1880 dedit.

212 1892 369 1927 assignavit,
389 1892 509 1928 reliquit.
535 1894 594 1919 inve
618 1893 713 1919 formas
737 1892 873 1918 tabulasve
892 1891 989 1918 retulit.
1010 1891 1052 1917 Fr.

212 1934 278 1970 legis
302 1934 424 1960 Thoriae.
471 1936 525 1970 Qui
549 1935 663 1961 tabulam
687 1946 787 1962 aeream
812 1935 891 1971 legis,
911 1934 1053 1960 formamve

213 1987 347 2013 agrorum,
373 1983 416 2003 aut
441 1978 503 2014 quid
528 1978 598 2004 aliud
619 1979 808 2010 continentem,
832 1978 957 2004 refixerit.
978 1977 1008 2003 fr.
1028 1980 1052 2003 8.

212 2030 251 2056 pr.
273 2019 304 2045 ad
324 2019 352 2046 L.
373 2020 420 2046 Iul.
440 2021 524 2057 pecul.
550 2022 591 2047 48.
618 2023 657 2047 13.
696 2020 732 2047 Vt
756 2020 819 2046 haec
838 2020 918 2046 forma
938 2021 964 2046 in
985 2021 1052 2056 agris

214 2067 345 2094 servetur,
370 2073 436 2099 quae.
461 2065 521 2090 vivo
545 2069 672 2090 testatore
696 2064 846 2090 obtinuerit.
871 2063 901 2089 t'r.
924 2065 962 2089 15.
987 2063 1008 2096 5.
1031 2064 1059 2101 l.⁴

215 2104 247 2130 de
265 2114 314 2131 usu
334 2110 359 2131 et
378 2106 445 2132 usus.
466 2106 514 2142 leg.
533 2108 575 2134 33.
594 2110 618 2133 2.
657 2106 709 2142 Qui
734 2106 800 2133 ultra
821 2111 991 2133 commeatum
1011 2106 1054 2132 ab·

216 2152 264 2179 est,
282 2148 324 2174 vel
345 2148 411 2174 ultra
431 2148 539 2175 formam
561 2151 714 2176 commeatui
735 2149 828 2175 datam.
848 2149 878 2176 fr.
892 2152 915 2175 2.
936 2150 957 2183 5.
978 2151 1001 2175 6.
1022 2149 1053 2175 ad

215 2191 310 2216 munic.
329 2193 369 2217 50.
391 2193 412 2217 1.
450 2192 551 2223 Insula7
572 2192 603 2218 ad
624 2194 679 2218 eius
699 2193 850 2229 provinciae
869 2192 977 2218 formam
997 2202 1054 2228 per—

216 2233 360 2259 tinens.1·r.
381 2236 403 2260 7.
428 2235 494 2268 5.1.
519 2234 551 2260 de
575 2234 668 2261 interd.
695 2239 721 2261 et
743 2235 822 2271 releg.
846 2236 887 2261 47.
906 2237 948 2260 22.
987 2234 1054 2261 Cen-

217 2274 298 2300 sualis
318 2274 405 2302 forma.
425 2276 454 2303 l'r.
475 2280 498 2303 4.
523 2287 561 2314 pr.
583 2277 614 2303 de
639 2277 736 2304 eensib.
761 2280 802 2303 50.
824 2279 863 2303 15.
900 2277 1054 2303 Indictionis

218 2317 308 2343 forma.
328 2317 377 2343 Th.
392 2318 476 2345 CXI.
498 2321 519 2345 1.
541 2330 561 2346 c.
579 2322 617 2346 19.
638 2320 670 2346 de
690 2331 747 2346 auu.
769 2325 793 2346 et
807 2321 867 2346 trib.
880 2321 954 2354 —-§.
967 2322 1002 2346 2.
1012 2321 1054 2346 Α.
1076 2321 1077 2324 ’

221 2363 356 2386 Gradus.
393 2360 435 2387 111.
459 2363 524 2389 Cn.
556 2362 716 2389 Centenarii.
737 2363 869 2389 ducenarii
890 2368 938 2389 etc.
958 2363 1056 2389 formae
1076 2388 1078 2405 ,Ι

219 2404 327 2439 primae.
347 2412 370 2428 v.
397 2404 538 2437 secundae,
558 2416 581 2431 v.
603 2406 702 2431 tertiae.
734 2405 783 2432 Th.
804 2405 834 2432 C.
856 2405 898 2432 VI.
918 2407 959 2432 30.
990 2416 1010 2432 c.
1032 2407 1055 2432 7.
1075 2413 1078 2422 ¹

220 2447 240 2479 5,
264 2447 285 2471 1.
306 2444 338 2470 de
357 2444 438 2470 Palat.
458 2445 484 2471 S.
504 2446 581 2484 largg.
602 2464 634 2467 —
654 2449 684 2481 §-
709 2450 746 2475 ³.
766 2450 930 2485 Effigies.
959 2448 977 2474 I.
994 2450 1055 2482 sy-

219 2488 372 2524 Expressio.
393 2487 442 2514 Th.
463 2487 494 2514 C.
513 2488 557 2516 IX.
575 2493 617 2516 22.
642 2501 663 2517 c.
685 2493 706 2517 1.
727 2492 749 2517 si
769 2501 811 2527 qu.
831 2491 910 2517 solidi
930 2492 990 2517 circ.
1010 2490 1055 2517 IX.

219 2532 261 2556 38.
287 2540 307 2555 c.
333 2531 356 2555 6.
381 2529 413 2556 de
437 2530 534 2566 indulg.
559 2534 628 2558 crim.

220 2578 300 2609 gnaut
319 2574 454 2609 pecuniam
480 2573 561 2599 forma
583 2574 700 2610 publica.
724 2576 766 2602 ve]
786 2577 911 2612 signatam
930 2576 1056 2602 furantur.

220 2616 251 2642 sr.
273 2616 295 2641 6.
316 2616 381 2648 5.1.
406 2615 438 2641 ad
461 2614 490 2641 L.
516 2615 562 2641 lul.
587 2616 670 2652 pecul.
694 2620 734 2644 48.
756 2620 795 2644 13.
824 2619 855 2645 ct'.
876 2619 916 2645 Fr.
937 2618 966 2645 L.
988 2619 1055 2645 Gall.

222 2658 322 2695 Cisalp.
343 2657 371 2684 ll.
391 2659 415 2683 2.
434 2660 476 2684 25.
513 2657 617 2684 Nummi
640 2660 665 2684 in
684 2660 759 2687 aliam
777 2661 892 2688 formam.
913 2661 943 2687 fr.
963 2663 1004 2688 99.
1025 2661 1057 2688 de

221 2701 301 2727 solut.
321 2702 361 2726 46.
381 2702 404 2726 3.
442 2699 535 2726 Forma
555 2700 635 2727 calcei
654 2702 792 2733 (cervicem
812 2705 970 2741 percutere.)
990 2704 1054 2730 1125.

222 2744 244 2777 5.
264 2745 288 2769 3.
309 2743 340 2769 ad
360 2742 389 2768 L.
404 2742 472 2778 Aqu.
492 2744 516 2769 9.
535 2744 559 2769 2.
580 2760 611 2763 -—
631 2744 711 2776 §.3.
722 2746 764 2771 A.
785 2748 922 2773 Canalis
941 2757 1056 2781 aquaey

223 2788 465 2820 Aquaezluctns.
504 2784 521 2811 I.
542 2786 602 2819 Sy.
631 2786 734 2812 Ductus
754 2797 883 2823 aquarum.
920 2790 1058 2826 Aquaedu-

670 2533 713 2559 111.
738 2535 803 2561 011.
829 2533 881 2569 Qui
902 2549 933 2553 ——
953 2534 1005 2560 sibi
1024 2534 1057 2559 si-
1077 2536 1078 2547 ¹

1872 142 1935 172 385

1097 227 1163 249 ctus.
1183 221 1213 248 fr.
1232 223 1274 248 ⁴27.
1295 222 1316 255 5.
1335 223 1359 248 3.
1380 222 1413 249 de
1438 222 1519 249 ususr.
1545 224 1567 248 7.
1589 223 1611 248 1.
1636 221 1665 249 t'r.
1686 223 1727 248 4l.
1751 221 1784 248 de
1802 222 1833 248 A.
1853 222 1882 249 E.
1902 222 1934 249 V.

1097 266 1135 291 19.
1158 266 1180 291 1.
1201 263 1250 291 Th.
1271 263 1302 291 C.
1322 264 1380 291 XV.
1400 268 1424 292 2.
1449 276 1469 292 c.
1492 268 1512 292 l.
1539 276 1559 291 c.
1580 267 1603 291 5.
1624 274 1663 301 sq.
1690 264 1722 291 de
1746 265 1854 301 aquaed.
1891 265 1934 291 111.

1096 308 1161 334 Gn.
1181 306 1298 343 Vectigal
1318 309 1500 344 praeteritum,
1521 324 1552 327 —
1571 307 1614 334 vel
1638 307 1806 340 cloacarium.
1826 308 1868 335 vel
1886 318 1935 345 pro

1095 360 1176 386 aquae
1196 350 1285 376 forma.
1310 349 1340 376 fr.
1364 352 1405 376 39.
1431 352 1452 384 5.
1474 353 1497 377 5.
1524 350 1556 377 de
1576 350 1651 386 legat.
1671 350 1688 376 I.
1709 351 1776 384 (30.)
1813 350 1849 377 Vt
1868 352 1936 376 1500

1095 403 1174 419 onera
1195 393 1299 425 formis,
1323 392 1372 419 alia
1391 395 1470 419 sartis
1492 394 1567 419 tectis
1591 403 1675 419 annua
1699 392 1866 430 deputentur.
1884 392 1935 420 Th.

1097 434 1127 461 C.
1147 435 1218 462 XIV.
1238 438 1261 462 6.
1287 445 1308 462 c.
1328 437 1352 462 3.
1378 435 1410 462 de
1434 436 1497 462 calc.
1523 441 1620 462 eoctor.
1658 435 1760 468 Forma,
1780 437 1821 462 cui
1841 446 1936 462 nomen

1094 477 1212 513 Augusta
1233 483 1280 505 est.
1300 477 1337 504 lb.
1357 478 1415 505 XV.
1435 481 1459 504 2.
1480 489 1500 504 c.
1526 480 1551 504 8.
1576 478 1607 505 de
1631 478 1740 514 aquaed.
1772 494 1805 498 —-
1837 479 1867 511 §-
1894 480 1934 505 4.

1094 522 1266 553 Formnltt,
1286 523 1427 557 Regula,
1451 523 1559 547 Tener.
1596 521 1614 547 I.
1641 523 1702 555 Sy.
1723 520 1853 547 Formula.
1878 520 1934 547 Gai.

1094 562 1137 589 lV.
1157 564 1198 589 24.
1237 563 1327 590 Genus
1348 563 1474 599 (agendi.)
1500 564 1530 590 l'r.
1550 565 1573 589 2.
1598 564 1635 597 55.
1656 565 1678 590 7.
1701 566 1739 590 12.
1768 563 1800 591 de
1820 563 1852 590 Ο.
1872 563 1890 590 I.
1912 565 1934 590 l.

1093 608 1117 633 2.
1156 605 1264 632 Sanctio
1285 607 1484 643 (pragmatica.)
1509 605 1556 632 Iul.
1577 616 1616 643 ep.
1638 616 1697 632 nov.
1722 616 1742 632 c.
1763 608 1786 633 7.
1809 607 1831 640 5.
1851 608 1893 633 40.
1913 616 1935 632 c.

1093 650 1134 674 21.
1156 648 1177 682 5.
1198 650 1239 674 69.
1278 648 1423 681 Sententia,
1444 648 1578 676 Calculus.
1600 659 1620 675 c.
1641 650 1664 674 4.
1685 650 1706 682 5.
1726 651 1749 675 5.
1771 660 1791 675 c.
1805 651 1828 675 5.
1848 659 1888 686 pr.
1903 649 1936 675 de

1094 701 1145 717 rec.
1165 691 1255 718 arbitr.
1274 693 1298 718 2.
1319 693 1360 718 56.
1397 691 1440 718 III.
1461 693 1527 719 011.
1552 691 1713 728 Proponere.
1733 697 1759 718 et
1777 691 1808 718 ad
1828 692 1937 718 formam

1093 733 1211 770 redigere
1231 735 1284 767 (sc.
1305 734 1371 771 legis
1390 735 1534 767 actiones.)
1558 734 1589 760 fr.
1609 736 1633 761 2.
1659 734 1680 768 5.
1702 736 1724 761 7.
1745 734 1761 760 1.
1783 736 1805 760 1.
1824 736 1848 760 2.
1887 734 1936 761 Ca·

1093 787 1156 813 pere
1176 782 1201 803 et
1219 777 1328 803 sormam
1352 782 1377 803 et
1397 778 1533 813 originem.
1559 776 1589 803 fr.
1610 779 1649 803 ll.
1674 777 1696 810 5.
1716 778 1740 803 6.
1765 777 1797 803 ad
1816 776 1845 803 L.
1865 777 1934 804 Falc.

1093 821 1136 845 35.
1155 821 1179 846 2.
1216 819 1300 846 Nemo
1321 821 1361 846 ius
1384 820 1520 857 publicum
1543 821 1676 846 remittere
1698 824 1796 857 potest.
1817 830 1864 846 nec
1883 830 1936 847 mu-

1094 867 1149 888 tare
1168 861 1275 888 sormam
1295 864 1439 899 antiquitus
1453 864 1631 889 constitutam.
1651 862 1682 889 t'r.
1697 865 1720 888 5.
1741 862 1763 896 5.
1779 864 1802 889 7.
1823 862 1855 889 de
1869 863 1934 890 adm.

1095 910 1120 931 et
1138 905 1218 942 peric.
1232 906 1273 931 26.
1289 907 1311 931 7.
1332 906 1362 931 et'.
1383 905 1413 931 fr.
1435 907 1457 932 7.
1478 906 1560 939 5.15.
1581 906 1613 932 de
1632 907 1739 942 pact.2.
1752 907 1791 931 14.
1830 905 1936 941 Quibus

1096 958 1153 974 cum
1174 947 1255 973 forma
1275 947 1358 974 S.Ct0
1378 949 1413 974 sit
1432 948 1498 974 data.
1519 949 1549 975 sr.
1568 950 1610 975 20.
1636 949 1658 981 5.
1679 950 1702 974 6.
1724 948 1756 974 de
1775 948 1862 974 hered.
1883 953 1936 986 pet.

1095 993 1118 1017 5.
1137 992 1161 1017 3.
1204 990 1324 1017 Formam
1348 1001 1381 1017 ex
1408 990 1456 1017 hac
1481 992 1671 1017 constitutione
1695 991 1781 1017 datam
1806 991 1885 1018 hodie
1909 993 1937 1018 in

1095 1044 1144 1060 usu
1164 1035 1198 1059 ita
1219 1033 1355 1060 celebrari.
1388 1032 1472 1060 Vatic.
1497 1034 1601 1067 5156.
1637 1034 1678 1060 Ex
1697 1034 1730 1060 D.
1750 1033 1790 1060 Pii
1809 1034 1937 1060 Antonini

1094 1076 1191 1103 litteris
1211 1081 1281 1103 certa
1301 1076 1382 1102 forma
1403 1081 1451 1107 est.
1471 1081 1499 1102 ut
1519 1081 1567 1103 ete.
1593 1087 1613 1103 c.
1633 1079 1657 1102 4.
1684 1076 1716 1103 de
1735 1077 1830 1103 locato.
1851 1078 1874 1103 4.
1895 1078 1936 1104 65.

1095 1119 1127 1146 cf.
1147 1119 1177 1145 fr.
1197 1121 1239 1145 31.
1260 1119 1292 1146 de
1316 1130 1345 1145 re
1369 1119 1422 1145 iud.
1442 1121 1483 1145 42.
1510 1121 1532 1145 1.
1569 1118 1721 1146 Secundum
1740 1120 1847 1146 formam
1867 1119 1937 1146 diva-

1095 1162 1158 1189 lium
1178 1172 1375 1200 responsorum.
1396 1161 1445 1188 Th.
1461 1161 1491 1188 C.
1506 1161 1550 1188 VI.
1569 1164 1611 1188 32.
1632 1172 1652 1189 c.
1673 1164 1696 1188 1.
1716 1162 1748 1188 de
1767 1164 1936 1189 castrensian.

1096 1205 1205 1232 Oraeuli
1229 1206 1314 1232 nostri
1338 1204 1427 1231 forma.
1454 1205 1491 1231 lh.
1512 1204 1542 1231 11.
1562 1206 1604 1230 23.
1631 1215 1652 1231 c.
1674 1207 1696 1231 l.
1716 1205 1738 1239 5
1758 1208 1781 1232 2.
1802 1205 1834 1231 dc
1853 1205 1884 1232 R.
1904 1205 1935 1232 V.

1095 1249 1135 1275 Ex
1155 1248 1236 1275 forma
1257 1248 1448 1275 iurisdictionis
1468 1249 1574 1281 (cavere
1593 1248 1655 1281 etc.)
1675 1247 1705 1274 fr.
1725 1250 1749 1274 5.
1769 1248 1834 1282 5.1.
1855 1253 1883 1274 ut
1902 1248 1937 1274 le-

1095 1296 1144 1327 gat.
1169 1301 1237 1318 serv.
1258 1301 1279 1318 c.
1303 1292 1345 1317 36.
1370 1292 1395 1317 3.
1420 1290 1452 1317 ct'.
1474 1290 1505 1317 fr.
1524 1292 1566 1317 20.
1590 1300 1630 1327 pr.
1662 1290 1721 1317 sam.
1741 1292 1831 1317 ercisc.
1854 1293 1893 1317 10.
1913 1293 1936 1317 2.

1095 1335 1136 1360 Ex
1150 1333 1241 1365 forma.
1261 1344 1282 1360 s.
1297 1333 1450 1360 Secundum
1470 1333 1587 1365 sormam‚
1608 1332 1687 1359 edicti
1706 1334 1844 1370 (permitti,
1857 1344 1881 1360 v.
1896 1333 1939 1360 de-

1096 1377 1158 1403 bere
1178 1378 1240 1411 etc.)
1260 1376 1290 1403 t'r.
1312 1378 1352 1403 14.
1391 1376 1442 1412 Qu.
1468 1375 1559 1402 satisd.
1585 1386 1640 1412 cog.
1660 1377 1683 1402 2.
1704 1377 1728 1402 8.
1753 1376 1783 1403 l‘r.
1804 1378 1827 1403 8.
1848 1376 1881 1403 de
1900 1387 1939 1403 ca-

1096 1420 1175 1446 lumn.
1195 1422 1219 1446 3.
1240 1421 1263 1446 6.
1285 1419 1315 1446 sr.
1335 1421 1361 1445 4.
1382 1419 1414 1445 de
1434 1420 1527 1456 inspic.
1547 1423 1646 1445 ventre.
1666 1420 1707 1446 25.
1727 1420 1750 1445 4.
1789 1419 1940 1446 Secundum

1097 1463 1204 1489 sormam
1224 1463 1409 1499 compromissi
1429 1462 1637 1495 (condemnare.)
1656 1461 1687 1487 fr.
1710 1463 1751 1488 42.
1772 1462 1805 1489 de
1822 1473 1874 1489 rec.
1895 1473 1938 1499 qu.

1096 1506 1150 1532 arb.
1174 1507 1197 1532 4.
1223 1507 1247 1532 8.
1286 1505 1441 1532 Contractui
1465 1504 1574 1531 sormam
1599 1504 1784 1531 contrahentes
1808 1505 1877 1532 dant.
1908 1505 1937 1531 fr.

1096 1551 1137 1575 52.
1158 1559 1197 1586 pr.
1222 1548 1254 1575 de
1275 1548 1306 1575 V.
1326 1548 1359 1575 O.
1379 1550 1421 1575 45.
1442 1549 1464 1574 1.
1507 1547 1621 1574 mandati
1645 1546 1753 1574 sormam
1772 1557 1886 1575 servare.
1905 1562 1939 1566 —

1096 1593 1177 1618 Extra
1197 1591 1310 1618 mandati
1331 1591 1439 1617 sormam
1459 1600 1526 1617 esse.
1546 1590 1576 1617 sr.
1597 1591 1638 1616 46.
1659 1590 1690 1616 fr.
1711 1591 1752 1616 48.
1772 1590 1794 1624 5.
1808 1592 1831 1616 2.
1852 1590 1937 1617 mand.

1098 1637 1137 1661 17.
1161 1635 1268 1667 1.—§.
1282 1636 1371 1661 4.A.
1392 1635 1551 1665 Habitus,
1570 1635 1680 1665 Ratio,
1702 1635 1823 1660 Modus.
1843 1633 1860 1659 Ι.
1875 1635 1938 1667 Sy.

1097 1678 1139 1704 Ad
1159 1679 1199 1704 ius
1219 1687 1295 1704 suum
1314 1677 1408 1703 redire.
1446 1676 1555 1702 Formae
1574 1685 1637 1701 suae
1655 1675 1738 1701 reddi.
1759 1675 1789 1701 fr.
1809 1677 1850 1701 27.
1872 1676 1893 1709 5.
1913 1677 1937 1702 3.

1097 1721 1129 1747 de
1148 1725 1217 1757 pact.
1235 1722 1260 1745 2.
1282 1721 1321 1745 14.
1358 1719 1386 1745 In
1411 1718 1544 1750 libertate,
1571 1717 1600 1744 ln
1618 1717 1748 1744 libertatis
1771 1717 1852 1744 forma
1872 1719 1939 1752 (ser-

1097 1773 1166 1795 vare,
1186 1772 1207 1788 s.
1226 1763 1319 1795 tueri.)
1352 1761 1408 1788 Gai.
1432 1761 1475 1787 111.
1500 1762 1541 1786 56.
1579 1760 1621 1787 III.
1644 1762 1709 1788 Gn.
1747 1761 1822 1796 Quae
1841 1765 1938 1787 certam

1098 1806 1205 1832 sormam
1225 1805 1383 1840 erogationis
1408 1814 1520 1836 annuae,
1545 1814 1597 1829 non
1621 1805 1746 1830 incertam
1770 1803 1937 1830 liberalitatis

1098 1848 1267 1875 voluntatem.
1288 1847 1442 1873 habueruut.
1467 1847 1497 1873 sr.
1519 1848 1559 1872 10.
1583 1847 1604 1880 5
1626 1848 1648 1873 1.
1669 1846 1701 1872 de
1721 1856 1779 1872 ann.
1799 1845 1875 1882 legat.
1894 1848 1936 1873 33.

1099 1894 1119 1918 l.
1158 1890 1268 1917 Praedia
1283 1890 1415 1921 Caesaris.
1437 1899 1503 1925 quae
1523 1890 1548 1915 iu
1569 1889 1677 1915 sormam
1696 1890 1846 1926 patrimonii
1866 1889 1937 1915 reda-

1099 1939 1145 1961 cta.
1167 1934 1196 1960 t'r.
1217 1935 1258 1959 39.
1278 1934 1361 1967 510.
1382 1932 1414 1958 de
1433 1932 1508 1968 legat.
1534 1932 1552 1958 I.
1572 1933 1639 1965 (30.)
1685 1932 1713 1958 In
1734 1933 1843 1958 caeteris
1863 1941 1938 1967 gene-

1098 1977 1171 2003 ribus
1192 1986 1334 2013 poenarum
1354 1974 1443 2001 eadem
1463 1975 1545 2001 torma
1565 1980 1661 2001 statuta
1681 1979 1728 2001 est.
1750 1974 1779 2000 fr.
1799 1976 1839 2000 22.
1860 1974 1892 2000 de
1911 1974 1936 2000 h.

1099 2030 1133 2056 qu
1161 2024 1214 2045 not..
1234 2018 1320 2045 iul'am.
1340 2021 1364 2044 3.
1384 2021 1407 2044 2.
1445 2016 1517 2043 Hanc
1537 2027 1596 2043 esse
1614 2018 1723 2044 formam
1746 2026 1889 2048 usurarum,
1909 2021 1938 2043 ut

1098 2068 1147 2089 ete.
1168 2062 1198 2088 sr.
1220 2063 1242 2088 7.
1262 2062 1283 2094 5.
1305 2063 1345 2087 10,
1365 2060 1397 2087 de
1417 2060 1483 2087 adm.
1498 2065 1523 2086 et
1536 2061 1617 2097 peric.
1630 2062 1672 2086 26.
1687 2062 1710 2086 7.
1748 2059 1825 2086 Circa
1846 2069 1937 2086 omnes

1098 2116 1145 2142 par
1164 2110 1242 2141 atque
1262 2103 1378 2140 aequalis
1397 2103 1525 2130 illationis
1545 2103 1626 2130 forma
1645 2108 1771 2129 teneatur.
1796 2102 1846 2129 Th.
1867 2102 1897 2129 C.
1917 2102 1935 2129 I.

1097 2151 1120 2174 2.
1151 2160 1172 2174 c.
1202 2150 1224 2174 7.
1254 2147 1286 2173 de.
1314 2147 1365 2173 div.
1394 2157 1474 2173 rescr.
1497 2146 1542 2173 XI.
1570 2148 1591 2172 l.
1621 2156 1641 2172 c.
1666 2148 1707 2172 20.
1736 2145 1768 2171 de
1792 2155 1885 2171 annon.
1911 2150 1936 2171 et

1100 2191 1188 2218 tribut.

1134 2233 1333 2261 Formalis.
1354 2232 1482 2265 (Adieet.)
1502 2232 1532 2265 ξ.
1552 2233 1586 2258 l.
1614 2233 1784 2258 Solemnis.
1805 2230 1846 2257 llI.
1869 2231 1934 2258 Cn-

1099 2277 1257 2303 Observatio
1277 2275 1402 2307 formalis⁷
1422 2275 1508 2301 Verba
1526 2274 1643 2300 formalia
1662 2275 1700 2307 (in
1719 2274 1882 2300 testamentis
1901 2272 1935 2298 fa-

1100 2318 1223 2351 ciendis.)
1244 2330 1265 2345 c.
1284 2320 1325 2344 26.
1346 2318 1378 2344 de
1398 2323 1498 2344 testam.
1518 2319 1541 2343 6.
1561 2318 1603 2343 23.
1632 2333 1662 2337 -
1693 2317 1723 2349 ξ.
1744 2318 1779 2343 2.
1804 2317 1933 2349 Specio-

1100 2373 1166 2392 sus,
1200 2363 1436 2396 [maginarius.
1474 2360 1503 2386 ΙΙ.
1530 2361 1598 2394 ΟΡ.
1631 2358 1715 2389 Vera.
1739 2368 1760 2384 s.
1784 2356 1935 2384 Secundum

1101 2414 1226 2442 praesens
1246 2405 1358 2441 pretium
1378 2403 1565 2436 (aestimatio.)
1590 2418 1622 2422 —-
1646 2400 1759 2428 Formati
1778 2400 1862 2436 pretio
1882 2400 1935 2433 (ae-

1100 2449 1205 2474 stimare
1225 2448 1300 2479 rem.)
1320 2445 1350 2472 fr.
1370 2447 1411 2472 61.
1431 2446 1461 2472 fr.
1481 2447 1522 2472 62.
1541 2446 1607 2479 5.1.
1627 2444 1659 2470 ad
1678 2444 1706 2470 L.
1725 2442 1793 2468 Fato.
1813 2443 1854 2468 35.
1875 2444 1898 2467 2.

1136 2493 1331 2518 Fon-mare.
1370 2489 1400 2521 §-
1432 2490 1467 2515 1.
1504 2490 1710 2524 Efforuzare,
1735 2486 1932 2518 Exprimere.

1100 2533 1118 2560 1.
1145 2535 1206 2567 Sy.
1230 2532 1365 2567 Figura-re,
1385 2531 1491 2558 Cudere
1510 2529 1684 2564 (nummum.)
1709 2526 1758 2553 Th.
1779 2526 1810 2553 C.
1829 2527 1873 2553 IX.
1892 2529 1934 2554 21.

1102 2587 1122 2602 c.
1142 2577 1166 2602 3.
1188 2575 1220 2601 de
1239 2574 1295 2600 sals.
1319 2572 1478 2601 monet.1X.
1497 2575 1538 2600 22.
1564 2583 1584 2598 c.
1610 2573 1631 2596 1.
1656 2571 1678 2596 si
1703 2580 1745 2606 qu.
1770 2569 1846 2595 solid.
1873 2571 1933 2596 circ.

1101 2618 1143 2645 lll.
1164 2619 1229 2645 Gn.
1250 2617 1323 2643 Trita
1341 2618 1469 2653 mancipia
1488 2632 1519 2636 —
1539 2614 1687 2644 reformare⁷
1707 2617 1733 2639 et.
1750 2612 1782 2639 ad
1801 2622 1864 2639 suos
1882 2623 1935 2639 mo-

1101 2671 1142 2688 res
1162 2660 1280 2686 formare.
1300 2660 1330 2686 fr.
1349 2661 1390 2686 37.
1411 2659 1443 2686 de
1460 2657 1545 2684 Aedil.
1565 2656 1642 2682 edict.
1655 2657 1696 2681 21.
1713 2656 1734 2681 1.
1771 2655 1825 2690 Qui
1844 2655 1935 2682 salsam

1101 2708 1231 2730 monetam
1254 2704 1445 2740 percusserint.
1469 2701 1491 2726 si
1509 2699 1536 2725 id
1555 2704 1638 2725 totum
1657 2697 1768 2724 formare
1786 2698 1933 2724 noluerunt.

1103 2746 1132 2773 fr.
1154 2748 1193 2772 19.
1214 2756 1252 2783 pr.
1276 2746 1308 2772 de
1331 2745 1360 2772 L.
1381 2745 1460 2771 Corn.
1485 2741 1517 2768 de
1537 2742 1593 2768 sals.
1617 2742 1658 2767 48.
1679 2742 1718 2766 10.
1744 2741 1775 2767 ef.
1795 2740 1844 2766 Th.
1867 2740 1897 2766 C.
1915 2740 1931 2768 l,

1078 2785 1080 2791 ¹
1102 2789 1120 2815 l.
1140 2788 1185 2815 IX.
1204 2791 1246 2815 21.
1267 2799 1287 2815 e.
1307 2790 1331 2814 3.
1352 2803 1383 2807 ——
1403 2787 1433 2820 §-
1453 2786 1541 2811 LA.
1561 2787 1753 2816 Procreare,
1774 2785 1931 2819 Efficere-

1460 2829 1492 2854 49
