2197 3121
255 194 317 226 746
1076 181 1170 212 PRA.

256 276 286 303 fr.
309 277 347 302 15.
367 276 389 309 §.
410 276 432 300 1.
453 273 485 300 de
504 271 575 299 inoff.
595 275 697 296 testam.
716 271 740 295 5.
760 271 785 295 2.
821 267 863 294 III.
883 268 948 295 Cn.
967 265 1025 292 Etsi
1045 274 1097 290 nou
1118 264 1120 275 ’
1142 263 1236 300 cipere.
1266 261 1296 288 fr.
1318 262 1375 287 104.
1398 260 1431 286 de
1448 259 1479 286 R.
1499 260 1517 286 I.
1537 261 1578 286 50.
1600 260 1640 285 17.
1676 258 1719 285 III.
1739 259 1804 286 Gn.
1833 258 1886 295 Qui
1910 259 1981 285 omni

257 321 292 346 sit
316 319 395 356 petita
418 317 448 343 B.
469 316 510 347 P.‚
535 316 584 341 iam
609 318 694 339 tamen
719 316 810 348 coepta
835 310 1027 340 controversia,
1055 306 1098 333 vel
1141 306 1238 341 gratiae
1261 309 1286 330 et
1309 304 1456 341 potentatui
1479 302 1558 329 fidem
1578 318 1608 322 —
1632 302 1738 339 possint
1756 311 1844 339 praep.
1865 312 1886 328 c.
1905 304 1929 328 5.
1949 301 1981 328 de

258 366 419 400 praeparata.
440 359 469 385 fr.
489 360 512 383 6.
536 358 557 391 ξ
576 359 600 383 2.
621 356 653 382 ib.
674 357 698 381 5.
718 357 743 381 2.
786 353 845 380 Nou
869 354 937 379 enim
961 355 1099 389 praeparat
1143 347 1231 375 testib.
1252 349 1277 373 4.
1296 349 1338 373 20.

257 406 308 432 hoc
332 403 497 431 interdictum
523 409 625 426 causam
645 415 677 419 —
697 408 745 424 nec
765 397 796 423 ad
820 397 1019 434 possessionem
1038 399 1100 420 tem-
1120 391 1121 427 i
1179 397 1428 431 Praepositio,
1447 397 1478 431 ξ,
1489 397 1524 422 1,
1544 397 1679 423 Factum
1699 401 1772 422 ante
1790 397 1981 422 collocandi⁴

259 449 389 486 porariam
413 445 534 483 pertinet.
564 443 592 469 s...
614 444 636 468 1.
666 442 687 474 ξ.
708 442 748 467 45.
769 440 801 467 de
820 450 884 476 aqua
905 443 977 475 quot.
995 439 1037 463 43.
1056 438 1098 462 20.
1120 442 1122 486 1
1143 441 1186 468 ΙΠ,
1207 443 1273 469 (yn,
1300 441 1360 467 Diei
1380 445 1405 466 et
1424 438 1551 466 Consulis
1573 439 1744 476 praepositio.
1769 437 1798 464 fr.
1818 440 1841 464 6.
1865 438 1887 472 §.
1907 439 1930 464 6.
1950 437 1985 464 de

260 507 291 511 —-
312 491 342 524 §0
364 490 408 515 3--
432 489 607 517 E-l’lll'bt’re,
628 487 812 512 Praeslslrss-
849 481 890 508 ῙῙῙ-
911 483 977 509 (⁷¹¹-
998 479 1099 517 p⁰P¹¹l⁰
1121 491 1122 520 1
1145 484 1254 511 edendo.
1273 486 1297 510 2.
1319 485 1358 509 13.
1379 499 1411 503 —
1443 483 1474 516 ξ.
1495 483 1530 508 2.
1550 483 1651 508 Actus
1669 482 1902 517 praeficiendi.
1939 480 1982 507 III.

260 533 291 560 ad
311 530 523 569 resptmdeflduffl
543 539 572 555 SC
591 538 679 566 Pm‘l’-
700 527 729 554 st'·
749 529 773 553 9--
793 527 814 560 5
834 527 875 551 ‘²7—
896 524 928 550 de
948 523 980 550 0-
1000 523 1017 549 1·
1039 525 1061 549 ¹·
1075 525 1099 549 2·
1120 532 1123 552 ¹
1145 530 1210 556 Gn.
1239 527 1293 563 Qui
1311 526 1477 564 praeposuit,
1503 525 1634 551 tenebitur
1653 525 1709 561 ipsa
1729 524 1934 561 praepositione.
1952 523 1983 550 fr.

260 576 318 603 Non
338 574 470 601 videbitur
490 583 502 599 a
522 572 628 599 domiuo
647 570 794 608 possideri,
815 569 855 595 eui
874 577 903 593 se
923 566 1099 593 adversarium
1121 564 1122 567 ’
1146 573 1185 598 11,
1205 571 1227 605 ᾗ
1245 572 1269 596 2,
1290 571 1321 596 cs,
1347 569 1368 603 ᾗ
1387 571 1411 596 5,
1431 567 1462 595 de
1482 569 1563 594 instit,
1584 572 1632 594 act*
1654 569 1694 593 14,
1712 569 1736 593 3,
1756 566 1786 593 sr,
1808 568 1830 593 1,
1849 567 1871 601 ς
1892 568 1932 593 12⁸
1952 566 1985 593 de

259 618 432 657 praeparavit.
451 616 481 643 sr.
503 618 542 642 15.
563 615 584 648 ξ.
607 616 627 641 l.
648 614 680 640 de
699 623 788 649 usurp-
808 613 849 637 41-
869 612 893 637 3·
1121 604 1123 652 ζ
1145 624 1229 641 exerc.
1250 618 1299 639 act.
1320 615 1360 639 14.
1382 614 1403 638 1.
1419 627 1450 631 —
1470 611 1501 644 ξ.
1513 612 1550 637 3.
1570 613 1629 637 Res
1646 612 1882 645 praeponenda.
1903 611 1985 636 Pars

296 659 562 694 praeparatio.
599 658 629 692 §¹
646 658 681 683 l·
702 658 900 689 Adlmraluss-
937 652 968 679 ῙῙ·
984 654 1051 687 ⁰1)-
1071 651 1099 678 1¹¹
1122 660 1123 668 ¹
1145 658 1309 684 orationis
1329 656 1511 682 notissima.
1549 653 1591 680 111.
1606 654 1672 681 Cn·
1687 652 1792 688 Quibus
1812 654 1896 690 ..pro“
1913 663 1987 690 prae-

260 714 312 742 quo
332 706 380 737 (sc.
401 703 521 739 argento)
541 701 595 728 bibi
614 701 708 738 possit.
724 714 755 718 ——
776 697 856 733 Quod
876 696 907 723 ad
926 696 1102 733 praeparatio·
1145 700 1242 738 positio
1262 698 1330 725 solet
1344 697 1475 725 accedere.
1495 696 1525 724 fr.
1539 697 1563 722 3.
1584 696 1605 730 ξ.
1619 698 1642 722 2.
1657 695 1689 722 de
1702 695 1799 733 postul.
1814 698 1838 722 3.
1851 698 1872 722 1.
1892 695 1984 734 Praep.

260 757 318 774 nem
337 745 445 773 bibendi
468 749 644 782 comparatum
665 747 712 769 est.
736 741 766 768 fr.
785 743 827 767 21.
848 750 886 778 pr.
912 739 943 765 de
967 749 1029 765 auro
1049 748 1100 774 arg.

259 793 302 817 34.
321 792 345 816 ⁸2.
366 805 397 809 -
418 789 449 822 §.
470 790 505 815 2.
527 789 616 821 Quod
631 786 799 821 praecedit
819 785 960 818 aliquem
982 788 1100 813 actum,

260 843 391 868 eumque
409 833 557 858 instruit.
594 829 637 855 III.
650 830 715 856 Gn.
735 827 794 854 'Non
814 826 846 853 de
867 836 894 852 ea
914 826 1032 851 sensisse
1045 834 1102 851 seu·

261 877 350 908 tentia,
370 885 435 912 quae
455 874 589 900 arbitrium
609 872 690 904 finiat,
711 870 757 897 sed
777 870 809 896 de
828 869 1028 907 praeparatione
1046 878 1103 894 cau·
1123 879 1124 883 ¹

261 929 314 946 sae.
334 918 364 945 fr.
386 920 424 944 19.
444 918 465 951 §.
484 918 507 943 2.
529 916 561 942 dc
580 926 630 942 rec.
651 925 694 952 qu.
714 914 768 940 arb.
787 916 810 939 4.
830 915 853 939 8.
891 912 973 939 Fraus
998 917 1023 938 et
1046 912 1102 949 ipsa
1124 922 1125 930 ¹

261 972 330 988 noxa
349 961 457 988 dicitur.
478 964 503 985 ct
523 960 596 996 quasi
616 968 716 996 poenae
735 956 861 994 quaedam
879 956 1052 994 praeparatio.
1072 954 1102 980 fr.

263 1007 321 1032 131.
341 1015 380 1042 pr.
401 1004 432 1030 de
452 1002 483 1029 V.
504 1002 531 1029 S.
551 1004 591 1028 50.
614 1002 654 1028 16.

301 1045 632 1080 Ρῐθθρᾶὶῐᾶἱΐοῐίιιβ.
661 1043 789 1076 (Adiect.)
827 1044 1047 1076 Praeparans.
1085 1039 1103 1066 I.

263 1093 325 1126 Sy.
345 1090 425 1126 Quod
444 1093 582 1127 praeparat
601 1097 717 1119 causam,
736 1086 961 1122 Praeparatorium
981 1083 1105 1116 (interdi-

264 1135 358 1165 ctum.)
383 1133 413 1159 fr.
435 1134 456 1159 1.
482 1133 504 1166 §
523 1134 564 1158 45.
589 1131 621 1157 de
646 1140 711 1167 aqua
732 1134 803 1166 quot.
824 1130 865 1154 43.
884 1130 925 1154 20.
947 1127 977 1154 fr.
996 1129 1020 1153 3.
1039 1127 1060 1160 §.
1083 1128 1104 1152 1.
1126 1134 1127 1151 1

263 1177 295 1204 de
315 1177 389 1204 liber.
410 1175 497 1202 exhib.
517 1176 558 1201 43.
577 1176 619 1201 30.
1126 1154 1127 1205 1

301 1222 554 1253 Prneparcus.
575 1216 714 1251 (Adieci.)
737 1217 798 1248 Qui
816 1221 861 1241 es!
879 1214 1105 1249 parsimoniae
1126 1211 1127 1220 ¹

263 1265 391 1291 nimiae.
438 1262 482 1289 III.
502 1263 568 1290 Cn.
596 1260 739 1296 Praeparca
769 1258 901 1285 subtilitas
930 1255 1105 1292 (Principis.)

264 1318 286 1334 e.
305 1308 328 1333 6.
348 1316 387 1344 pr.
408 1305 440 1332 de
459 1304 550 1331 advoc.
570 1303 622 1330 div.
642 1302 763 1329 iudicum.
783 1304 806 1327 2,
826 1302 850 1327 8.

304 1348 551 1386 Praepedire.
571 1347 602 1380 ξ.
623 1347 657 1372 1.
678 1347 845 1380 Impedire.
882 1343 925 1369 111.
946 1344 1012 1370 (7η.
1033 1340 1104 1368 Si—
1127 1359 1128 1362 ¹

264 1393 381 1420 scribere
400 1390 594 1429 praepediatur.
615 1399 636 1415 c.
655 1391 696 1415 22.
717 1389 738 1422 ξ
757 1391 781 1414 2.
801 1387 833 1413 tle
852 1388 908 1413 iure
928 1385 1007 1411 delib.
1026 1386 1050 1410 (3.
1063 1386 1105 1410 30.

264 1436 364 1472 Lingua
375 1451 407 1454 —
418 1435 523 1471 penitus
536 1432 694 1470 praepedita.
710 1442 729 1458 c.
740 1433 778 1457 10,
799 1430 851 1465 Qui
864 1434 922 1455 test.
935 1428 981 1455 fac.
993 1439 1018 1465 p.
1030 1428 1106 1453 (122.

264 1495 298 1500 —-
311 1480 342 1512 ξ.
357 1481 393 1505 ¹12.
415 1478 547 1504 Morari.
572 1475 692 1503 [lton.
711 1473 752 1500 Ne
771 1472 955 1511 praepediatur
973 1481 1021 1509 per
1040 1475 1109 1497 astu·
1129 1483 1130 1487 ¹

267 1524 314 1549 tias
335 1521 419 1548 fatalis
440 1521 476 1546 rei
497 1520 631 1546 terminus.
651 1528 672 1544 c.
683 1519 707 1544 3.
728 1517 760 1543 dn
780 1521 858 1553 temp.
879 1521 905 1542 et
923 1525 1008 1552 repar.
1029 1515 1106 1540 7.(13.

304 1563 561 1597 Praepeditio.
592 1561 872 1589 procrastinatio.
904 1558 947 1585 111.
960 1559 1025 1585 Cn.
1045 1556 1109 1583 Nul-

266 1609 342 1645 laque
362 1607 552 1634 machinatione
572 1603 722 1631 huiusmodi
741 1602 904 1639 praepeditio
924 1601 1045 1628 damnum
1065 1599 1109 1626 ali-

267 1650 338 1688 quod
362 1651 476 1686 irrogare
500 1648 665 1675 concedatur.
691 1657 712 1672 c.
734 1648 773 1671 11.
799 1645 830 1671 (18
855 1644 879 1671 11.
900 1654 942 1681 qu.
963 1648 992 1670 ut
1010 1642 1107 1679 indign.
1130 1650 1131 1654 ¹

266 1697 291 1721 6.
311 1696 352 1720 35.

305 1736 635 1769 Praeponderare.
674 1734 797 1766 Supera
807 1741 850 1763 re,
887 1731 1028 1756 sincere.
1066 1728 1108 1754 III.

267 1781 334 1808 Gn.
354 1779 440 1806 Causa
459 1778 562 1814 generis
582 1774 802 1814 praeponderabit
823 1778 847 1800 et
867 1774 983 1809 originis.
1008 1772 1057 1798 Th.
1078 1771 1110 1798 C.
1132 1801 1133 1807 ἵ

267 1823 324 1850 XII.
346 1825 368 1849 l.
389 1832 409 1848 c.
429 1823 470 1847 56.
491 1820 523 1847 de
542 1820 676 1846 decurion.

306 1868 564 1898 Praeponere.
601 1863 632 1896 §.
646 1863 681 1888 1.
698 1863 777 1888 Ante
796 1862 965 1887 collocare.
984 1858 1027 1885 III.
1044 1859 1110 1886 Gn.
1132 1864 1133 1890 1

270 1909 339 1945 Lege
353 1908 401 1934 XII
415 1907 499 1934 Tabb.
519 1906 679 1944 praeposita.
699 1905 814 1940 iungitur
832 1903 1021 1940 interpretatio.
1041 1901 1071 1928 fr.
1085 1903 1110 1928 ⁴2.
1132 1899 1134 1930 1

270 1953 291 1987 §,
315 1954 357 1978 325.
384 1950 415 1977 de
440 1950 472 1976 0.
497 1949 515 1976 I.
542 1951 563 1976 l.
587 1951 612 1975 2.
654 1947 683 1974 lu
703 1947 726 1974 C
751 1946 877 1973 viralibus
906 1945 1010 1972 iudiciis
1036 1945 1110 1971 hasta
1131 1953 1134 1962 ·

270 1995 448 2033 praeponitur.
469 1992 525 2019 Gai.
539 1991 582 2018 lv.
600 1993 638 2017 16.
651 2007 681 2011 -—
702 1991 732 2024 ξ.
745 1992 780 2017 2.
796 1991 993 2025 Pracficere.
1018 1987 1111 2022 1531.
1132 1986 1134 1991 ’

270 2038 409 2075 Praeponi‚
429 2035 563 2062 Praeesse.
583 2034 624 2061 Cf.
638 2034 663 2060 h.
683 2044 707 2060 v.
745 2033 890 2071 Impouere.
911 2032 951 2059 Cf.
972 2032 996 2058 h.
1016 2042 1040 2057 v.
1066 2030 1111 2057 Fa-

272 2092 331 2108 cere
349 2079 530 2113 (institorem.)
550 2077 580 2103 fr.
603 2079 641 2103 ll.
661 2077 698 2110 ἓξ.
718 2079 741 2103 5.
761 2080 785 2103 ὅ.
805 2076 837 2102 (18
857 2077 938 2102 instit.
959 2080 1007 2101 act.
1029 2076 1068 2100 14.
1086 2076 1111 2100 3.
1133 2093 1134 2108 ¹

272 2124 315 2151 III.
336 2125 401 2151 Gn.
426 2121 589 2159 Praepositis
614 2121 651 2146 eis
671 2121 724 2153 (sc.
745 2119 915 2150 cohortibus)
939 2118 1066 2149 tribunis,
1087 2121 1113 2143 et
1133 2117 1135 2160 *s

273 2177 353 2204 super
373 2175 462 2192 omnes
481 2164 597 2202 spectab.
617 2164 687 2194 viro.
712 2163 755 2199 qui
775 2161 925 2188 Praefectus
943 2161 1051 2197 vigilum
1070 2159 1112 2186 ad-

272 2209 394 2247 pellatur.
415 2209 444 2234 fr.
464 2209 488 2234 3.
508 2217 548 2245 pr.
568 2207 600 2233 de
619 2206 662 2232 off.
682 2205 734 2232 Prf.
755 2204 828 2240 Vigg.
849 2206 870 2230 l.
891 2206 931 2231 15.
969 2204 1112 2231 Curatores

273 2263 382 2290 operum
406 2251 545 2287 diligentes
569 2249 722 2276 solemniter
744 2257 913 2285 praeponere.
941 2247 971 2273 fr.
995 2249 1018 2273 7.
1046 2247 1068 2280 ξ.
1089 2248 1111 2272 1.
1134 2257 1135 2276 1

275 2296 308 2323 (18
327 2295 371 2321 off.
391 2294 463 2321 Proc.
485 2299 510 2320 et
529 2293 589 2329 Leg.
612 2295 632 2319 l.
655 2294 694 2318 16.
715 2291 746 2318 cf,
771 2291 820 2318 Th.
841 2290 872 2317 C.
892 2289 947 2316 VII.
967 2292 1008 2316 20.
1030 2300 1051 2316 c.
1073 2291 1112 2315 10.

275 2339 308 2366 de
334 2344 448 2364 veteran.
492 2337 530 2369 ts.
560 2338 604 2373 qui
632 2335 738 2362 tributis
766 2333 925 2371 recipiendis
944 2333 1112 2370 praepositus

276 2382 367 2409 suerat.
388 2381 418 2407 l'r.
437 2382 460 2406 5.
481 2380 503 2413 ξ,
522 2382 545 2405 3.
567 2379 598 2405 (lc
618 2378 716 2405 censib.
730 2379 770 2404 50.
793 2379 832 2403 15.
870 2376 960 2408 Iudex,
977 2377 1022 2412 qui
1042 2385 1113 2412 prae·
1136 2396 1137 2407 ἱ

276 2426 379 2462 positus
399 2428 439 2449 est
458 2424 484 2449 in
504 2421 636 2459 praedicta
656 2431 740 2448 causa.
761 2431 781 2447 c.
797 2422 837 2446 17.
857 2419 890 2446 de
908 2419 994 2445 fideic.
1014 2418 1077 2445 lihb.
1091 2420 1114 2444 7.
1137 2450 1138 2455 1

276 2471 300 2494 4.
338 2468 391 2503 Qui
411 2467 459 2499 (sc.
481 2466 562 2497 servi)
587 2464 618 2490 ad
639 2480 669 2483 —
689 2465 772 2501 ipsius
793 2463 890 2490 cultum
909 2462 1054 2500 praepositi
1074 2461 1116 2487 de-
1137 2466 1138 2470 ¹

277 2511 419 2546 stinatique
443 2514 539 2535 essent.
565 2508 594 2534 fr.
613 2509 672 2533 203.
697 2507 728 2533 (18
748 2506 778 2533 V.
799 2506 826 2533 S.
846 2508 887 2532 50.
909 2506 948 2531 16.
969 2504 1000 2531 ef.
1025 2504 1053 2530 fr.
1073 2505 1115 2530 27.

279 2555 299 2588 ξ.
322 2555 343 2579 1.
370 2553 400 2579 ad
425 2552 490 2579 S.C.
512 2550 605 2577 tellei.
632 2551 670 2575 16.
697 2552 717 2575 l.
761 2549 788 2575 Si
813 2550 869 2575 eius
892 2549 930 2575 rei
953 2548 1048 2584 gratia.
1076 2547 1116 2573 eni
1138 2560 1139 2566 ¹

279 2597 446 2633 praepositus
466 2595 552 2625 fuerit,
573 2597 733 2619 contractum
753 2597 799 2617 est.
820 2592 849 2618 fr.
865 2593 888 2618 5.
908 2592 986 2625 §.11.
1005 2590 1036 2617 cf.
1057 2590 1078 2623 ξ.
1092 2592 1115 2615 3.

280 2639 312 2665 (18
331 2640 415 2665 instit.
432 2643 480 2664 act.
502 2640 541 2663 14.
561 2638 584 2662 3.
605 2636 636 2662 cf.
657 2634 712 2661 Gai.
733 2634 776 2660 IV.
797 2637 836 2661 71.
858 2634 928 2661 Paul.
948 2634 978 2661 II.
998 2634 1021 2660 S.
1041 2633 1078 2667 §§.
1095 2634 1116 2658 l.
1138 2648 1139 2659 ι

281 2691 320 2717 sq.
358 2682 455 2708 Servus
475 2681 581 2707 institor
600 2679 743 2705 dominicae
762 2678 869 2709 mercis.
889 2677 931 2703 vel
949 2677 1117 2714 praepositus
1138 2679 1139 2692 ¹

282 2723 377 2750 debitis
398 2723 538 2759 exigendis.
559 2723 588 2749 fr.
608 2724 649 2748 37.
670 2722 691 2755 ξ.
713 2722 734 2746 l.
755 2719 786 2746 de
806 2719 871 2745 adm.
891 2725 916 2746 et
935 2721 1015 2756 peric.
1034 2720 1075 2745 ²26.
1093 2720 1116 2744 7.
1138 2714 1139 2762 l

282 2766 389 2793 Institor
408 2767 581 2803 praepositus.
601 2764 673 2791 l'nul.
693 2764 709 2790 l.
730 2763 745 2789 1.
766 2779 798 2782 -
823 2763 853 2796 §.
875 2763 911 2788 3.
932 2764 1115 2797 Praeferre.
1138 2763 1139 2789 1

1145 742 1214 775 „de”
1234 743 1343 778 (auget.)
1365 740 1396 767 fr.
1418 742 1439 766 1.
1459 750 1498 777 pr.
1522 739 1613 777 depos.
1634 740 1674 765 16.
1693 740 1717 765 3.

1183 796 1468 830 Praepositura.
1491 796 1657 831 Officium
1677 800 1706 820 et
1724 795 1875 829 dignitas
1891 804 1987 828 prae-

1123 865 1124 871 .
1144 842 1259 876 positi.
1296 839 1314 866 I.
1332 840 1393 873 Sy.
1413 837 1538 873 Regimen
1558 836 1741 870 (scholarum.)
1761 836 1810 863 Th.
1831 836 1862 863 C.
1882 835 1926 863 Vl.
1946 837 1987 862 13.

1147 894 1167 910 8.
1189 886 1210 910 l.
1231 883 1264 909 (le
1283 883 1370 909 comit.
1391 886 1416 907 et
1435 880 1530 907 tribuo.
1551 879 1635 906 schol.
1673 879 1785 906 Tribuni
1804 881 1988 917 sive'praepo-

1147 928 1199 953 siti.
1238 926 1291 961 Qui
1311 925 1341 951 ad
1362 925 1524 955 tribunatus,
1548 923 1791 960 praepositurasve,
1811 923 1988 960 pervenerint.

1124 998 1126 1007 A
1147 970 1184 997 lb.
1204 969 1261 996 Vll.
1281 970 1304 995 4.
1329 979 1350 995 c.
1372 970 1393 994 l.
1419 967 1451 993 de
1475 976 1543 1002 erog.
1568 965 1621 992 mil.
1642 976 1699 992 ann.
1719 965 1775 992 Vll.
1796 967 1835 992 13.
1855 976 1877 992 c.
1897 966 1937 992 18.
1957 963 1990 991 de

1148 1015 1225 1040 tiron.
1262 1011 1305 1038 Ill.
1331 1013 1397 1039 Cn.
1428 1009 1469 1036 Ad
1495 1010 1703 1047 praeposituram
1729 1009 1807 1035 castri
1831 1018 1860 1035 ac
1878 1007 1990 1034 militum

1148 1057 1283 1083 transisse.
1308 1054 1344 1080 lb.
1366 1053 1433 1079 Ylll.
1454 1055 1476 1079 Τ.
1497 1063 1518 1079 c.
1540 1054 1579 1078 11.
1600 1051 1632 1078 (18
1652 1051 1703 1078 div.
1725 1052 1794 1078 offic,
1831 1050 1926 1077 Totius
1946 1051 1991 1077 mi-

1149 1101 1220 1126 noris
1246 1096 1364 1124 laterculi
1389 1096 1542 1132 dignitates,
1570 1095 1594 1121 11.
1616 1106 1637 1122 e.
1665 1096 1864 1132 praepositurae
1891 1103 1991 1126 omnes,

1149 1143 1297 1169 tribunatus
1322 1145 1348 1166 et
1371 1139 1558 1176 praefecturae.
1586 1137 1623 1164 Ib.
1643 1137 1661 1164 1.
1681 1141 1704 1164 δ.
1731 1148 1751 1164 c.
1772 1139 1796 1164 2.
1817 1137 1848 1164 cl'.
1873 1147 1894 1164 c.
1915 1139 1938 1164 l.
1959 1136 1992 1163 de

1150 1186 1193 1212 off.
1224 1185 1333 1220 Quat-st.
1378 1182 1548 1209 Annouarum
1576 1181 1787 1218 praepositurae.
1815 1179 1993 1217 inferioraque

1126 1241 1127 1249 ¹
1149 1239 1264 1256 munera.
1288 1227 1324 1253 lb.
1344 1225 1401 1252 XII.
1421 1227 1444 1251 5.
1466 1235 1487 1251 c.
1507 1226 1531 1250 2.
1557 1223 1684 1259 Quemad.
1705 1233 1773 1250 mun⁴
1794 1224 1843 1250 civ.
1880 1223 1993 1260 Praepo-

1149 1273 1255 1302 siturae.
1274 1269 1317 1297 vel
1337 1270 1516 1304 cuiuscunque
1535 1267 1712 1303 susceptionis
1732 1268 1859 1299 (munus.)
1884 1265 1922 1292 lb.
1936 1265 1993 1293 XII.

1150 1318 1174 1342 6.
1194 1325 1216 1342 c.
1234 1316 1276 1340 25.
1296 1313 1328 1340 de
1348 1316 1496 1349 susceptor.
1533 1310 1588 1346 Qui
1611 1309 1642 1336 ad
1662 1310 1869 1347 praeposituram
1887 1309 1996 1336 horreo-

1127 1378 1128 1381 ,
1151 1368 1207 1385 rum
1236 1362 1261 1384 et
1290 1366 1414 1393 pagorum
1442 1358 1572 1381 creantur.
1609 1352 1647 1379 lb.
1670 1351 1728 1379 XII.
1751 1353 1776 1378 6.
1805 1362 1826 1378 c.
1845 1354 1870 1379 8.
1895 1351 1928 1379 de
1951 1361 1994 1378 su-

1128 1418 1129 1435 ;
1151 1406 1266 1438 sceptor.

1189 1450 1446 1484 Praepositus.
1478 1447 1596 1480 <Subst.)
1627 1448 1835 1483 Praefectus,
1861 1448 1993 1474 Princi-

1150 1497 1248 1530 palis.
1284 1493 1302 1521 l.
1326 1495 1388 1527 Sy.
1412 1490 1573 1518 Praefectus.
1602 1490 1643 1517 Cf.
1664 1489 1688 1516 11.
1708 1500 1732 1516 v.
1760 1490 1782 1523 §.
1805 1492 1826 1516 l.
1863 1488 1906 1515 III.
1927 1490 1994 1517 Gn.

1153 1539 1200 1564 Sin
1228 1542 1314 1563 autem
1337 1536 1445 1563 Procas.
1470 1534 1600 1560 adiutorio
1630 1534 1728 1560 maiore
1755 1532 1882 1569 indigeat,
1910 1533 1997 1558 mittat.

1129 1586 1130 1589 ’
1153 1581 1293 1608 relationes
1313 1585 1364 1606 tam
1383 1578 1415 1605 ad
1434 1577 1471 1604 ill.
1492 1578 1686 1615 praepositum,
1712 1586 1788 1612 quam
1809 1575 1840 1601 ad
1860 1574 1926 1601 alios
1944 1584 1996 1601 ma-

1153 1626 1238 1651 ximos
1257 1623 1286 1650 P.
1304 1622 1335 1649 R.
1355 1622 1531 1657 magistratus.
1550 1619 1598 1646 lul.
1619 1629 1659 1656 ep.
1679 1629 1739 1645 nov.
1759 1629 1780 1645 c.
1798 1620 1840 1644 22.
1860 1619 1881 1652 §.
1901 1619 1943 1644 85.
1963 1616 1995 1644 cf.

1130 1671 1131 1677 ¹
1153 1669 1175 1702 ξ.
1195 1669 1236 1693 83.
1274 1666 1303 1693 Si
1323 1663 1466 1702 praesidis,
1488 1662 1530 1689 vel
1555 1663 1671 1689 cuiusvis
1691 1662 1848 1699 praepositi,
1868 1660 1899 1687 ab
1920 1670 1998 1687 excu-

1154 1710 1259 1736 batione
1274 1710 1332 1746 quis
1352 1707 1471 1734 desistat.
1490 1705 1520 1732 fr.
1540 1707 1564 1732 3.
1584 1706 1606 1739 ξ.
1627 1706 1650 1732 6.
1670 1705 1702 1731 (18
1716 1705 1748 1731 R.
1762 1704 1795 1731 Μ.
1809 1706 1850 1731 49.
1867 1705 1907 1730 16.
1940 1703 1996 1739 Qui

1154 1754 1334 1791 praepositum
1351 1761 1426 1777 suum
1438 1754 1577 1788 protegere
1591 1748 1740 1780 noluerunt,
1759 1747 1802 1774 vel
1815 1747 1996 1774 deseruerunt.

1132 1822 1133 1826 ,
1155 1798 1185 1823 sr.
1204 1799 1228 1822 3.
1248 1796 1269 1830 ξ.
1289 1797 1330 1821 22.
1352 1794 1382 1820 fr.
1402 1794 1425 1820 6.
1450 1793 1487 1826 ἐξ.
1508 1794 1530 1818 1.
1551 1795 1573 1818 ὅ.
1594 1801 1634 1828 sq.
1655 1791 1688 1818 ib.
1710 1793 1750 1818 49.
1772 1792 1811 1817 16.
1848 1790 1951 1822 Duces,
1971 1793 1998 1816 et

1155 1839 1299 1877 praepositi
1323 1837 1447 1868 militum,
1471 1835 1522 1869 [al.
1541 1834 1680 1868 lin1itu1n‚]
1704 1839 1730 1860 et
1753 1838 1906 1860 castrorum.
1931 1843 1953 1859 c.
1973 1833 1996 1858 7.

1156 1884 1199 1910 ubi
1223 1893 1293 1910 caus.
1317 1882 1374 1907 fise.
1393 1882 1417 1906 3.
1437 1880 1478 1905 26.
1499 1877 1531 1905 cf.
1559 1888 1581 1904 c.
1600 1879 1624 1904 4.
1650 1877 1682 1904 de
1707 1877 1750 1903 off.
1775 1875 1848 1903 milit.
1873 1875 1952 1903 indic.
1973 1877 1996 1901 1.

1155 1929 1196 1954 46.
1233 1925 1394 1962 Praepositi,
1414 1921 1457 1949 rel
1476 1921 1646 1952 decuriones,
1665 1919 1708 1946 vel
1726 1920 1823 1946 tribuni
1843 1918 1997 1945 cohortium.

1156 1970 1205 1997 Th.
1225 1969 1256 1996 C.
1276 1967 1332 1995 Yll.
1354 1969 1393 1993 12.
1417 1976 1438 1992 c.
1461 1967 1482 1991 l.
1507 1964 1539 1991 de
1563 1968 1698 1990 commeat.
1734 1962 1785 1989 Per
1809 1962 1919 1989 idoneos
1940 1959 1997 1986 offi-

1156 2013 1234 2039 ciales
1255 2022 1283 2038 ac
1303 2010 1483 2048 praepositos.
1503 2018 1515 2034 a
1541 2006 1708 2044 praesidibus
1728 2011 1754 2032 et
1772 2004 1906 2032 nonnullis
1924 2012 1997 2039 prae—

1156 2057 1218 2083 ditis
1238 2055 1363 2091 dignitate
1383 2050 1529 2085 (custodiri
1549 2050 1668 2088 portus.)
1688 2049 1726 2076 lb.
1746 2048 1790 2075 lx.
1809 2049 1850 2073 23.
1871 2057 1891 2073 c.
1913 2048 1935 2072 l.
1955 2055 1994 2083 pr.

1156 2101 1178 2126 si
1198 2110 1239 2136 qu.
1260 2108 1352 2135 peenu.
1373 2095 1451 2122 coutl.
1489 2093 1665 2130 Susceptores
1685 2097 1710 2118 et.
1729 2090 1873 2129 praepositi
1888 2089 1995 2115 horreo-

1156 2153 1219 2169 rum.
1245 2141 1283 2167 lb,
1302 2140 1358 2167 XII.
1379 2140 1402 2164 6.
1423 2148 1444 2164 c.
1464 2139 1487 2163 5.
1511 2136 1543 2162 de
1566 2140 1714 2172 susceptor.
1751 2133 1934 2169 Praepositus,
1952 2130 1996 2157 vel

1156 2184 1320 2222 primicerius
1340 2182 1367 2209 S.
1387 2179 1511 2208 cubiculi.
1533 2178 1570 2205 lb.
1589 2178 1635 2204 XI.
1656 2180 1696 2205 IS.
1715 2187 1736 2203 c.
1758 2178 1780 2202 1.
1817 2175 1870 2211 Qui
1890 2185 1903 2200 a
1922 2184 1995 2211 prae-

1157 2229 1203 2254 bit.
1226 2228 1304 2253 tiron.

1195 2277 1460 2310 Praepostere.
1487 2272 1599 2307 (Advb.)
1626 2274 1794 2302 Perverse,
1815 2271 1996 2303 Perperam.

1157 2322 1199 2348 ΙΙΙ.
1218 2323 1284 2349 Cn.
1309 2319 1398 2356 Praep.
1418 2318 1491 2344 visus
1515 2321 1556 2343 est
1577 2319 1674 2352 petere.
1698 2312 1729 2338 sr.
1751 2314 1772 2338 l.
1797 2312 1818 2345 ξ.
1840 2314 1861 2339 1,
1882 2311 1915 2338 (18
1934 2321 1996 2349 opp.

1135 2371 1136 2375 ’
1158 2365 1219 2403 pub.
1239 2367 1280 2390 50.
1304 2365 1342 2389 10.
1384 2361 1475 2398 Praep.
1500 2362 1624 2395 concepta
1649 2355 1793 2393 stipulatio.
1820 2355 1843 2389 §.
1864 2356 1904 2381 14.
1924 2354 1943 2381 1.
1964 2353 1997 2380 dc

1159 2410 1222 2435 iuut.
1246 2406 1336 2444 stipul.
1355 2407 1379 2432 3.
1399 2406 1440 2430 20.

1196 2458 1482 2491 Praeposterus.
1519 2450 1658 2485 (Adit-ci.)
1696 2451 1787 2476 Iusto
1806 2449 1930 2480 ordini,
1950 2449 1998 2474 vel

1160 2503 1299 2533 rationi,
1323 2498 1520 2527 contrarius.
1563 2494 1581 2520 I.
1602 2496 1662 2527 Sy.
1691 2491 1838 2518 Absurdus.
1864 2490 1906 2517 Cf.
1927 2489 1952 2516 h.
1971 2499 1995 2516 v.

1159 2546 1201 2572 III.
1222 2547 1288 2573 Gn.
1306 2543 1477 2578 Praepostera
1496 2542 1717 2564 sacramentorum
1737 2533 1874 2571 cupiditas.
1895 2532 1944 2559 Th.
1965 2531 1995 2558 C.

1161 2588 1203 2615 Vl,
1222 2590 1264 2614 27.
1285 2597 1306 2613 c.
1324 2587 1349 2611 3.
1373 2585 1394 2618 ξ.
1416 2585 1438 2609 l.
1463 2581 1495 2608 de
1515 2585 1597 2617 agent.
1618 2581 1643 2605 iu
1663 2578 1716 2605 reb.
1753 2577 1865 2603 Ratione.
1888 2584 1996 2613 praepo-

1160 2637 1229 2658 stera
1249 2626 1415 2667 (postulare.)
1435 2625 1472 2651 lb.
1487 2623 1532 2651 XI.
1546 2625 1587 2650 39.
1607 2633 1627 2648 c.
1644 2624 1682 2648 12.
1702 2621 1735 2647 (le
1754 2619 1806 2646 lide
1825 2623 1885 2645 test.
1922 2617 1996 2643 Prae—

1161 2675 1262 2712 posteri
1289 2669 1518 2708 reprehensionem
1546 2664 1707 2700 (tollimus.)
1736 2673 1756 2689 c.
1776 2664 1818 2688 25.
1843 2661 1875 2688 de
1894 2664 1993 2687 testam.

1160 2720 1184 2744 ὅ.
1202 2719 1244 2744 23,

1198 2757 1444 2791 Ρῐιὶθροΐθῐις.
1481 2751 1609 2787 (Partic.)
1645 2750 1676 2783 ξ.
1697 2751 1732 2776 l.
1763 2749 1826 2781 Qm'
1843 2746 1994 2781 potentia

283 2810 300 2836 1.
321 2810 383 2843 Sy.
409 2808 537 2835 I'otiorem
561 2808 664 2834 habere.
694 2807 723 2833 sr.
743 2808 783 2832 52.
808 2815 845 2842 pr.
872 2805 904 2831 de
926 2804 1011 2842 pecul.
1034 2806 1071 2830 15.
1093 2806 1116 2830 1.
1138 2792 1139 2845 1
1158 2802 1337 2837 praecellit.
1375 2798 1416 2825 111.
1430 2799 1495 2826 Cn.
1514 2794 1691 2822 Patrocinium
1709 2790 1923 2829 praepotentium.
1944 2786 1993 2813 Th.

284 2853 313 2879 fr.
332 2854 356 2878 2.
377 2851 427 2885 Qu.
448 2851 473 2876 in
492 2851 522 2876 fr.
543 2851 610 2877 cred.
631 2853 671 2877 42.
692 2854 715 2876 δ.
752 2849 782 2875 ll.
797 2851 863 2883 Op.
882 2847 933 2874 Pro
951 2847 1058 2873 naribus
1078 2856 1117 2873 ac·
1137 2846 1139 2900 ἰ

1161 2845 1191 2872 C.
1210 2843 1278 2870 XIII.
1298 2845 1322 2869 3.
1343 2853 1364 2868 c.
1384 2844 1407 2868 8.
1427 2841 1449 2874 §
1462 2842 1486 2866 ⁴2.
1507 2838 1539 2865 (18
1557 2836 1649 2864 inedie.
1669 2840 1695 2862 et
1713 2834 1779 2872 prof.
1794 2848 1825 2853 -—
1844 2832 1875 2865 ξ.
1887 2832 1922 2857 2.
1944 2832 1993 2856 Li-
