2197 3121
937 168 1023 198 ANX
1048 187 1086 193 —
1111 169 1204 200 APH.

208 252 230 285 3.
250 253 274 277 5.
300 250 332 277 de
351 250 429 278 Carb.
455 250 494 277 ed.
519 251 561 277 37.
583 251 622 276 10.
664 250 738 276 Anus
763 248 886 281 ridicula,
911 254 1046 276 senectute

209 293 342 321 deformis
372 293 421 320 Th.
442 293 473 319 C.
492 292 550 319 XV.
571 294 594 319 7.
614 303 635 319 c.
655 294 679 319 8.
700 292 732 319 de
751 293 862 319 scaenic.

242 337 375 363 Anxie.
396 335 507 369 (Advh.)
537 337 705 367 Sollicite.
727 337 886 362 Studiose.
923 334 965 361 111.
981 336 1046 363 Cn·

208 378 275 405 Iuris
301 379 399 407 civilis.
423 383 526 415 practer
544 382 659 404 veterem
688 382 713 404 et
737 378 803 404 bene
822 377 955 404 fundatam
980 379 1047 414 peri-

209 423 278 449 tiam.
299 423 374 448 anxie
388 421 507 457 diligens.
532 420 562 446 fr.
578 422 617 447 17.
631 430 670 457 pr.
690 420 722 446 (le
736 421 791 446 inre
810 425 912 456 patron.
931 422 972 446 37.
988 422 1028 446 14.

242 465 397 492 Anxius.
429 463 562 497 (Adiect.)
600 465 890 490 Accuratissimus.
922 462 965 488 III.
980 464 1046 490 Cn.

207 507 298 544 Magna
317 512 394 544 atque
414 508 488 533 anxia
509 505 684 542 dispositione
703 521 735 525 —
754 505 962 531 subministrare.
995 504 1045 531 Th.

208 549 239 577 C.
259 549 326 576 VIII.
346 552 370 576 5.
391 560 411 576 c.
430 551 454 575 3.
475 548 507 575 de
527 558 604 575 cursu
623 549 685 586 pub.

241 593 461 620 Anzitenus.
491 591 629 623 (Adiect.)
667 593 717 617 Ad
733 597 854 618 certam
873 592 1046 617 Armeniae

204 641 332 670 gentem
352 641 510 669 spectans.
548 633 590 660 111.
616 635 681 661 Gn.
709 633 799 669 Magna
819 633 955 665 Armenia,
980 644 1046 670 quae

207 678 317 703 interior
335 677 484 704 dicebatur.
509 682 534 702 vt
553 681 643 712 gentes
662 676 817 702 Anzitenam
840 676 977 703 videlicet.
1007 676 1046 702 ln-

206 719 330 756 gilenam.
362 720 553 755 Astyanenam,
585 718 748 756 Sophenam⁷
780 718 967 756 Sophonenam
995 724 1069 746 (εἱσι

208 773 229 789 c.
249 765 273 789 5.
293 762 325 789 de
345 763 388 789 off.
409 773 472 798 mag.
493 762 546 788 mil.
566 764 589 788 l.
607 763 649 788 29.

240 807 469 839 Apamenus.
498 804 635 838 (Adieet.)
672 806 719 831 Ad
745 806 933 839 Apameam.
962 807 1045 831 civi-

206 854 305 875 tatem
326 850 507 883 Phrygiae,
527 853 679 881 spectans.
716 846 758 873 III.
780 849 845 875 Gn.
872 847 902 873 Iu
920 846 1045 883 Bithynia

206 890 309 917 colonia
328 891 469 927 Apamena.
495 890 524 916 t'r.
541 892 562 916 1.
583 890 660 924 3.10.
680 890 712 916 de
733 890 831 916 censib.
851 893 892 917 50.
914 892 954 916 15.
983 889 1046 916 Ter·
1066 901 1068 913 ⁴

205 933 325 959 ritorinm
344 934 493 970 Apamenae
512 933 634 959 civitatis.
664 944 685 959 c.
705 934 729 959 6.
754 932 786 959 de.
806 933 857 959 div.
878 932 967 970 praed.
988 933 1044 959 urb.

207 977 247 1002 11.
267 977 308 1002 69.
346 976 369 1003 A
388 975 502 1013 publicis
522 977 618 1012 pratis,
637 976 781 1013 Apamenis
801 977 915 1013 pascuis.
949 975 998 1002 Th.
1014 975 1043 1002 C.

206 1018 262 1046 VII.
285 1021 307 1045 7.
328 1030 348 1045 c.
367 1020 391 1045 3.
412 1018 444 1044 de
463 1019 577 1055 pascuis.

239 1063 400 1095 Apelles.
422 1063 655 1087 Celeberrimus
671 1063 834 1095 pictorum
848 1064 934 1096 apud
947 1064 1045 1089 Grae-

204 1114 262 1132 cos,
290 1104 333 1130 III.
346 1105 411 1131 Cn.
432 1103 561 1130 Picturam
580 1103 683 1141 Apellis
703 1104 745 1131 vel
756 1104 887 1131 Parrhasii
907 1106 945 1138 (in
960 1115 1045 1131 acces-

205 1148 307 1174 sionem
320 1146 463 1173 vilissimae
477 1146 580 1173 tabulae
594 1147 709 1180 cedere).
729 1148 751 1181 3.
762 1150 804 1174 34,
825 1147 842 1174 1.
857 1148 889 1174 (1(-
902 1147 970 1174 RD.
984 1150 1008 1174 2.
1022 1150 1043 1174 l.
1065 1155 1067 1163 ¹

238 1191 352 1223 Aper.
385 1192 506 1216 Porcus
526 1192 685 1216 silvester.
717 1190 759 1216 111.
781 1192 847 1218 Cn.
867 1190 906 1217 Ne
926 1192 985 1227 quis
1005 1201 1044 1217 ca·
1065 1190 1067 1207 V

204 1242 272 1264 nem,
292 1243 402 1264 verrem,
422 1232 463 1258 vel
479 1234 606 1259 minorem
626 1243 725 1269 apruni,
746 1233 845 1270 lupum,
865 1244 963 1265 ursum.
983 1244 1044 1271 pan-

204 1275 317 1302 theram.
338 1275 454 1302 leont-m.
479 1275 582 1302 aliudve
606 1275 677 1312 quod
696 1281 803 1303 noceret
822 1277 916 1304 animal
936 1282 984 1304 etc.
1012 1277 1042 1303 fr.

204 1320 245 1345 40.
266 1328 305 1355 sq.
326 1318 358 1345 de
378 1318 443 1344 Aed.
464 1318 503 1345 ed.
528 1320 570 1345 21.
592 1321 614 1345 1.
653 1319 681 1345 Si
701 1330 792 1356 aprum
811 1330 896 1346 meum
916 1320 998 1347 serum
1018 1321 1044 1346 in

203 1371 277 1388 suam
296 1361 440 1388 naturalem
459 1361 593 1388 laxitatem
613 1361 768 1389 dimisisses.
789 1362 819 1389 I'r.
839 1365 880 1390 55.
902 1363 933 1390 cf.
952 1363 983 1390 fr.
1001 1365 1042 1389 44.

203 1404 237 1432 de
255 1405 287 1431 A.
306 1404 337 1431 R.
358 1404 391 1431 D.
411 1406 452 1431 41.
474 1406 496 1431 l.

237 1447 409 1481 Aperite.
439 1448 469 1481 §-
484 1449 518 1474 1.
550 1450 740 1481 Reclndere,
759 1451 915 1486 Efficere
933 1456 967 1476 ut
982 1459 1043 1484 pa-

202 1496 278 1518 teat.
320 1490 339 1516 1.
364 1491 425 1524 Sy.
462 1490 598 1517 Reserare.
636 1491 685 1517 Th.
711 1491 741 1518 C.
761 1491 779 1518 Ι.
806 1494 828 1518 7.
854 1503 874 1519 c.
897 1494 918 1518 l.
943 1492 975 1518 de
999 1492 1042 1519 off.

202 1533 276 1560 Rect.
296 1532 337 1559 Pr.
375 1532 526 1569 Resignare.
560 1533 632 1560 Paul.
655 1533 685 1560 V.
709 1536 752 1561 25.
777 1535 799 1569 3.
821 1537 843 1562 7.
864 1535 894 1561 fr.
916 1537 955 1561 16.
976 1535 1041 1569 3.1.

203 1576 236 1603 de
259 1576 289 1602 L.
310 1576 372 1603 Cor.
393 1576 424 1602 de
444 1576 501 1602 fals.
526 1579 567 1603 423.
588 1579 628 1603 10.
670 1577 711 1604 ΠΙ,
732 1579 797 1606 Cn.
829 1578 975 1614 Quaerere,
1000 1578 1043 1604 vel
1064 1584 1065 1607 ζ

203 1620 304 1657 aperire
324 1620 391 1653 (vias
411 1622 514 1652 novas).
534 1620 564 1646 fr.
586 1622 608 1646 1.
629 1620 651 1654 3.
671 1622 695 1647 9.
716 1621 748 1647 de
768 1621 847 1648 fonte.
867 1623 909 1648 43.
923 1624 964 1648 22.
993 1621 1043 1647 M-

202 1672 254 1699 que
273 1662 456 1688 transformare
476 1662 587 1695 diaetas,
612 1663 654 1690 vel
683 1664 768 1691 aditus
792 1666 963 1702 posticasque
987 1675 1043 1691 ver·

203 1709 271 1737 tere.
295 1705 336 1731 vel
360 1705 458 1741 refugia
483 1707 591 1743 aperire.
621 1706 652 1733 sr.
673 1708 713 1733 13.
733 1708 752 1741 9
775 1709 797 1734 7.
822 1708 854 1735 (le
878 1708 945 1735 usus.
975 1710 998 1734 Τ.
1019 1710 1041 1734 1.
1063 1715 1065 1743 1

203 1747 356 1784 lim-ingere,
376 1748 418 1774 vel
432 1750 532 1785 aperire
552 1749 742 1787 (sepulchrum,
756 1760 780 1776 v.
795 1751 940 1784 conclave).
969 1751 1041 1777 Paul.
1063 1753 1064 1761 ¹

204 1790 222 1817 l.
242 1792 283 1817 21.
304 1791 325 1824 9.
345 1794 368 1817 b'.
388 1791 419 1817 11.
432 1794 473 1818 31.
494 1792 516 1826 9.
530 1794 571 1819 35.
609 1793 729 1829 Aperire,
749 1798 774 1819 et
787 1804 824 1825 ea,
844 1804 910 1830 quae
929 1794 966 1820 ibi
980 1795 1041 1825 sint,
1063 1788 1065 1812 l

203 1833 361 1860 describere.
398 1834 448 1871 Ap.
469 1840 493 1861 et
512 1835 573 1861 inde
592 1836 701 1865 auferre,
722 1845 745 1861 v,
761 1841 931 1863 contrectare.
952 1836 982 1863 fr.
999 1838 1040 1862 56.

204 1875 280 1903 locat.
301 1878 341 1902 19.
360 1878 383 1902 2,
404 1876 433 1902 1“ι·.
454 1879 494 1903 21.
514 1888 553 1914 pr.
580 1878 612 1904 de
633 1878 692 1904 l'urt.
711 1880 753 1904 47.
773 1881 797 1904 2.
838 1879 903 1916 Ap.7
923 1880 1040 1911 recitare,

203 1920 335 1954 resignare
354 1920 572 1953 (testamentum).
600 1920 672 1947 Paul.
694 1920 725 1947 V.
745 1923 786 1947 25.
806 1922 828 1955 9.
849 1924 871 1948 7.
892 1922 922 1948 l'r.
938 1924 960 1948 1.
981 1923 1002 1956 3.
1017 1924 1040 1948 5.

203 1961 236 1988 de
254 1961 283 1988 L.
305 1961 366 1988 Cor.
393 1961 425 1987 de
444 1962 501 1988 sals.
522 1965 562 1989 >15.
584 1965 623 1989 lo.
649 1964 679 1990 fr.
701 1965 722 1990 1.
749 1964 770 1997 9.
790 1966 831 1991 23.
856 1964 885 1992 fr.
905 1967 929 1992 3.
953 1966 1040 1999 §.18-

202 2004 235 2031 de
254 2004 281 2031 S.
302 2004 332 2031 C.
354 2004 434 2030 Silan.
454 2008 495 2031 29.
509 2008 533 2032 5.
554 2022 585 2025 —
611 2008 642 2040 §-
657 2008 692 2033 2.
713 2009 841 2033 Sartum
860 2015 1040 2042 praestare.

202 2046 221 2073 1.
240 2048 300 2081 Sy.
332 2047 375 2073 Ad
398 2053 512 2074 veterem
538 2048 702 2076 altitudinem
725 2049 942 2087 latitudinemque
967 2052 1042 2077 resti-

203 2094 276 2116 tuere
296 2091 349 2123 (sc.
369 2091 462 2123 viam).
488 2091 518 2117 fr.
540 2094 561 2118 1.
582 2103 620 2130 pr.
646 2093 711 2126 3.1.
737 2092 769 2119 de
792 2094 833 2119 via
852 2094 913 2131 pub.
938 2095 979 2120 43.
1001 2096 1040 2120 ll.

203 2132 244 2159 111.
258 2134 323 2160 Cn.
352 2133 472 2170 Aperire.
492 2135 600 2162 reficere
620 2137 687 2162 viam
701 2136 841 2173 publicam,
861 2138 944 2163 iterve
956 2137 1042 2174 publi-

204 2186 268 2202 cum.
297 2175 327 2202 sr.
349 2178 371 2202 1.
391 2187 429 2213 pr.
450 2177 466 2204 l.
486 2180 528 2204 43.
549 2181 589 2205 11.
609 2195 641 2198 —
661 2180 691 2213 §-
712 2180 748 2206 3.
774 2181 966 2214 Anapis-ari.
997 2180 1039 2207 111.

205 2220 270 2246 Gn.
307 2219 420 2254 Quando
441 2223 509 2248 votis
530 2222 712 2248 communibus
731 2221 795 2249 felix
814 2233 897 2249 annus
916 2225 1039 2260 aperitur.

204 2261 254 2288 Th.
274 2262 305 2289 C.
324 2262 380 2289 Vll.
399 2266 441 2290 24.
467 2275 488 2290 c.
509 2266 531 2291 1.
558 2265 590 2291 de
609 2265 689 2291 oblat.
709 2270 794 2292 votor.
831 2265 885 2292 Det
904 2266 1040 2302 inquisito·
1061 2269 1063 2296 ξ

205 2314 260 2335 reS‚
280 2307 378 2341 aperiat
397 2306 494 2338 forum.
518 2307 619 2334 indices
639 2309 756 2345 accipiat.
784 2308 821 2335 Ib.
840 2308 911 2335 XVI,
931 2311 954 2335 5.
974 2320 996 2335 c.
1015 2311 1038 2336 9.

204 2348 226 2382 3.
247 2350 268 2374 1.
289 2347 321 2373 de
340 2349 436 2376 haeret.
468 2367 500 2369 —
532 2352 562 2385 §-
584 2353 624 2378 40
653 2353 783 2378 Publici
808 2354 893 2379 iuris
911 2354 1041 2388 facere,

204 2392 396 2426 Divulgare.
433 2393 475 2419 ΙΙΙ.
490 2395 555 2421 011.
584 2394 648 2420 Post
668 2404 771 2420 causam
790 2395 839 2420 iam
859 2395 939 2421 semel
962 2401 1040 2432 atque

205 2435 299 2460 iterum
319 2439 463 2464 tractatam.
482 2442 545 2473 post.
564 2437 659 2463 nudata
678 2438 815 2473 utriusque
833 2438 936 2468 intima.
957 2444 983 2465 et
1001 2449 1040 2465 se-

206 2482 275 2503 creta
295 2478 391 2513 negotii
412 2485 506 2515 aperta.
527 2480 557 2506 sr.
576 2482 600 2506 3.
621 2481 642 2514 9.
663 2481 685 2506 l.
706 2480 738 2507 de
757 2491 807 2507 rec.
828 2491 870 2517 qu.
891 2482 944 2507 arb.
970 2484 994 2508 4.
1015 2485 1038 2508 ὃ.

206 2536 237 2539 -
258 2521 289 2553 §.
310 2522 346 2547 5.
377 2522 568 2555 concedere,
588 2525 734 2558 Lttrgz'ri.
771 2524 801 2550 Π.
817 2526 883 2558 ⁰11.
903 2524 1038 2561 Apertum.

206 2579 237 2582 —
257 2562 399 2590 Reclusum
419 2565 445 2597 (a
465 2563 587 2593 praetore
607 2568 723 2603 cognatis
743 2568 813 2601 etc.).
833 2568 854 2601 3.
870 2570 892 2594 7.
912 2567 930 2594 1.
945 2567 977 2594 de
990 2567 1038 2604 leg.

205 2611 288 2642 agnat.
308 2616 377 2632 succ.
396 2608 420 2632 3.
439 2609 462 2633 2.
1060 2618 1062 2641 f

239 2650 391 2682 Aperte.
408 2649 519 2682 (Advb.)
541 2653 732 2688 NIanifeste,
746 2655 915 2687 Expressa
930 2653 959 2679 11.
972 2655 1038 2690 011.
1060 2646 1062 2654 ¹

204 2690 304 2717 Tacite.
334 2691 364 2717 sr.
385 2694 425 2718 77.
450 2692 481 2719 de
500 2693 530 2719 11.
551 2693 568 2719 I.
593 2696 633 2721 50.
659 2697 698 2722 17.
724 2706 744 2722 c.
763 2697 787 2722 3.
813 2706 833 2722 c.
854 2698 876 2722 7.
901 2698 926 2722 in
950 2707 992 2733 qu.
1017 2708 1038 2723 c.

1060 2689 1062 2703 Ι

206 2735 274 2771 pign.
295 2736 318 2760 8.
339 2736 379 2760 15.
418 2735 589 2763 Generaliter.
617 2737 700 2765 Vatic.
720 2740 741 2773 3.
755 2741 813 2765 210.
851 2739 893 2766 III.
909 2741 974 2767 Cn.
994 2739 1039 2766 Pa·
1060 2719 1062 2750 l

205 2776 256 2803 lam
277 2782 302 2803 ct
321 2782 417 2814 aperte.
448 2778 478 2804 fr.
498 2781 538 2805 54.
565 2779 597 2806 de
622 2780 688 2807 adm.
709 2787 733 2808 et
752 2784 831 2819 peric⁴
850 2784 892 2809 26.
914 2785 935 2809 7.
964 2782 995 2809 fr,
1015 2785 1038 2810 9.

204 2820 226 2853 3.
247 2821 269 2846 1.
291 2819 322 2846 (le
342 2820 366 2847 h.
386 2831 429 2857 qu.
450 2826 478 2848 ut.
496 2822 593 2859 indign.
612 2824 653 2849 34.
666 2825 689 2850 9.
727 2825 826 2862 Aperte
843 2826 1038 2863 manifesteque.

1890 174 1932 205 73

1091 261 1112 277 c.
1128 252 1151 277 8.
1173 251 1255 287 Quor.
1273 262 1332 289 app.
1349 262 1373 279 n.
1388 262 1438 279 rec.
1459 254 1482 279 7.
1496 254 1538 280 65.
1558 252 1662 288 Quodsi
1677 264 1707 280 eo
1721 255 1806 280 animo
1826 254 1882 282 suit.
1903 261 1927 281 ut

1092 310 1122 314 -—-
1143 294 1269 327 noluerit,
1294 306 1346 321 non
1369 301 1454 321 tamen
1479 301 1568 333 apt-rte
1587 298 1677 333 utique
1696 297 1729 323 de
1747 297 1788 323 his
1808 299 1928 324 senserit.

1091 337 1120 364 sr.
1140 340 1181 364 57.
1202 338 1234 365 de
1254 338 1329 374 legat.
1349 338 1367 364 I.
1388 339 1463 371 (30.)
1506 339 1605 376 Aperte
1624 341 1741 376 iniquum
1765 339 1807 366 vel
1827 340 1929 367 falsum.

1091 381 1147 407 Gai.
1168 381 1210 407 III.
1234 384 1275 407 40.
1296 382 1337 407 64.
1384 380 1527 417 Postquam
1556 383 1721 419 apertissime
1749 383 1827 409 fuerit
1856 389 1930 420 pater

1091 424 1208 458 ignotus,
1228 424 1272 451 ubi
1292 423 1374 459 degit,
1399 429 1424 449 et
1448 435 1479 450 an
1499 430 1634 462 superstes
1653 426 1695 452 sit.
1726 426 1755 452 fr.
1778 428 1816 452 10.
1845 426 1878 453 dn·
1897 426 1927 453 R.

1093 465 1122 492 N.
1142 469 1183 493 23.
1203 469 1227 493 2.
1265 466 1391 503 Apertius
1411 468 1590 497 conscribere.
1609 478 1633 494 v.
1654 468 1741 494 dicere
1760 469 1855 505 (legem
1870 480 1929 496 con-

1091 510 1211 542 tractus).
1232 509 1261 536 fr.
1272 511 1313 536 39.
1328 509 1359 535 de
1373 514 1440 546 pact..
1455 512 1478 536 2.
1492 512 1531 536 14.
1543 510 1573 537 t'r.
1583 512 1624 537 21.
1639 510 1672 537 de.
1685 516 1767 537 contr.
1782 517 1840 538 emt.
1854 514 1894 538 1⁸.
1906 514 1928 538 1.

1126 553 1279 585 Aperto.
1308 552 1420 585 (Advb.)
1452 552 1530 579 Idem.
1569 553 1598 579 11.
1620 555 1687 588 ΟΡ.
1714 553 1751 580 Vt.
1769 554 1866 582 nullus.
1887 555 1929 581 vel

1091 596 1129 626 vi,
1154 595 1195 621 vol
1216 595 1294 625 clam.
1322 595 1364 622 vel
1388 601 1491 633 aperto,
1520 596 1561 622 vel
1586 597 1662 622 etiam
1686 596 1803 629 occulto,
1828 599 1929 630 (nostri

1090 638 1174 674 possit
1195 639 1297 675 imperii
1316 639 1436 675 regiones
1455 639 1592 676 irrepere).
1622 638 1670 665 Th.
1686 638 1716 666 C.
1732 639 1788 666 1111.
1809 642 1848 666 16.
1869 651 1890 667 c.
1904 643 1928 667 2.

1091 680 1122 706 de
1142 680 1210 707 litor.
1233 686 1257 707 et
1277 683 1332 708 itin.
1354 688 1420 708 cust.

1125 725 1326 756 Apertura.
1365 727 1498 751 Factum
1518 726 1696 758 aperiendi.
1733 725 1752 751 I.
1767 727 1827 760 Sy.
1847 726 1930 763 Aper-

1090 771 1172 792 tarum
1192 766 1338 793 tabularum
1358 772 1468 804 tempus.
1490 766 1519 792 fr.
1539 768 1581 793 31.
1601 767 1667 801 3.1.
1688 768 1721 794 de
1740 774 1866 795 excusatt.
1886 771 1927 795 27.

1092 811 1113 836 l.
1134 809 1165 836 cs.
1187 810 1216 836 l'r.
1235 811 1259 836 3.
1279 810 1301 843 3.
1316 812 1356 836 20.
1378 810 1409 836 de
1429 809 1456 836 S.
1472 809 1502 835 C.
1517 809 1598 836 Silan.
1618 812 1659 836 29.
1679 812 1703 837 5.
1741 811 1782 837 111.
1804 813 1870 839 (7η.
1890 811 1929 838 In-

1090 857 1128 878 tra
1152 852 1238 878 XXX.
1267 852 1323 878 (lies
1351 857 1413 889 post.
1440 857 1543 889 apertas
1571 853 1687 884 tabulas,
1719 853 1761 880 vel
1789 860 1930 891 postquam

1091 900 1150 921 nota
1171 895 1248 921 suerit
1268 896 1290 921 ei
1310 900 1431 932 apertura
1450 895 1605 922 tabularum.
1630 906 1651 922 c.
1671 898 1712 923 22.
1733 897 1754 931 3.
1774 899 1798 923 2.
1824 897 1855 923 de
1874 899 1930 924 iure

1090 938 1169 964 delii).
1189 940 1213 964 6.
1232 940 1273 964 30.
1294 938 1325 964 cf.
1345 938 1375 964 sr.
1396 940 1419 964 3.
1440 938 1461 971 9.
1482 939 1505 964 4.
1526 938 1558 964 (1(ι
1577 938 1665 966 hered.
1686 940 1746 966 inst.
1766 941 1808 966 28.
1828 942 1852 965 5.

1124 983 1299 1015 Apertum
1329 981 1457 1014 (Adivct.)
1489 982 1520 1014 §-
1541 983 1574 1008 1.
1596 984 1730 1015 Patous,
1751 984 1820 1010 Non
1839 993 1928 1017 oper-

1089 1031 1146 1051 tns.
1192 1023 1234 1050 III.
1260 1025 1326 1051 Gn.
1359 1023 1387 1049 Si
1417 1023 1527 1050 eundem
1552 1025 1636 1051 rivum
1660 1024 1802 1062 deprimat,
1826 1042 1858 1045 -—
1887 1026 1929 1052 vel

1089 1068 1187 1104 operiat
1209 1072 1339 1104 apertum.
1366 1066 1408 1092 vel
1429 1071 1527 1092 contra.
1556 1067 1586 1093 fr.
1608 1069 1630 1093 1.
1655 1068 1739 1101 3.11.
1765 1068 1797 1095 de
1816 1070 1863 1095 riV.
1886 1071 1927 1095 43.

1088 1113 1129 1137 21.
1155 1110 1186 1137 cf.
1208 1110 1237 1136 l'r.
1260 1111 1281 1136 1.
1302 1110 1324 1143 3.
1344 1112 1368 1136 4.
1396 1119 1427 1135 ne
1448 1119 1490 1145 qu.
1511 1110 1537 1135 in
1557 1110 1627 1136 1111111.
1647 1110 1709 1147 pub.
1729 1113 1770 1137 43.
1791 1114 1830 1138 13.
1869 1111 1929 1138 Non

1088 1164 1168 1191 posse
1187 1164 1219 1180 ex
1239 1157 1329 1190 aperto
1349 1153 1405 1179 rivo
1426 1157 1557 1179 terrenum
1577 1153 1642 1179 ticri.
1662 1152 1692 1179 fr.
1711 1156 1735 1180 2.
1756 1154 1786 1180 cf.
1807 1154 1836 1181 sr.
1851 1157 1874 1181 3.
1888 1165 1928 1192 pr.

1089 1197 1120 1223 dv
1140 1198 1187 1223 riv.
1214 1198 1255 1222 43.
1274 1198 1316 1222 21.
1359 1195 1463 1221 Sortem
1487 1206 1519 1222 ex
1535 1195 1559 1222 h.
1580 1196 1596 1221 l.
1617 1201 1744 1233 apertam,
1769 1197 1929 1234 brachioque

1089 1245 1179 1277 aperto
1200 1244 1247 1265 etc.
1276 1238 1318 1265 Fr.
1333 1238 1398 1274 legis
1419 1238 1554 1264 Serviliae.
1593 1238 1668 1274 Quae
1688 1239 1797 1275 singula,
1816 1240 1929 1277 pruden-

1065 1302 1066 1310 1
1089 1285 1152 1309 tium
1181 1282 1282 1308 detecta
1310 1281 1421 1317 vigiliis.
1453 1282 1478 1307 in
1507 1287 1625 1318 apertum
1653 1282 1793 1318 lumenque
1818 1283 1928 1310 deducta

1089 1331 1157 1352 sunt.
1181 1325 1248 1351 Nov.
1269 1324 1318 1351 Th.
1338 1325 1368 1351 II.
1389 1325 1421 1351 de
1441 1324 1491 1350 Th.
1511 1324 1542 1351 C.
1562 1329 1628 1351 auct.
1649 1325 1670 1359 3.
1688 1327 1710 1351 l.
1731 1325 1821 1359 (ch.
1846 1336 1871 1363 p.
1891 1327 1928 1360 9.)

1089 1369 1120 1395 cf.
1141 1368 1191 1395 Th.
1212 1368 1242 1395 C.
1262 1368 1307 1394 XI.
1328 1369 1351 1394 7.
1372 1378 1393 1394 c.
1413 1370 1438 1395 3.
1459 1367 1491 1394 de
1511 1369 1639 1394 exaction.
1671 1384 1703 1388 —
1735 1369 1765 1401 ξ.
1786 1370 1822 1396 2.
1851 1372 1928 1396 Pla-

1088 1422 1159 1444 nus,
1181 1413 1394 1446 Manifestus.
1432 1410 1474 1437 III.
1496 1412 1561 1438 Cn.
1589 1410 1688 1447 Longis
1708 1412 1858 1449 apertisque
1878 1411 1928 1439 sru-

1064 1483 1065 1486 ,
1088 1455 1259 1482 strationihus
1279 1454 1438 1485 (remorari).
1459 1464 1479 1480 c.
1496 1456 1518 1480 7.
1539 1454 1571 1480 de
1585 1459 1701 1481 exsecut.
1720 1456 1758 1481 rei
1776 1455 1828 1481 iud.
1849 1457 1871 1481 7.
1886 1457 1927 1482 53.

1087 1499 1186 1535 Aperta
1211 1496 1314 1529 fraude,
1339 1496 1381 1523 vel
1401 1498 1489 1533 gratia.
1520 1508 1542 1523 c.
1561 1498 1585 1523 3.
1610 1496 1642 1523 de
1666 1498 1721 1523 iure
1745 1498 1811 1524 fisci.
1839 1500 1879 1525 10.
1905 1500 1927 1524 1.

1088 1542 1128 1569 De
1147 1543 1203 1567 iure
1222 1544 1312 1577 aperto
1333 1540 1501 1577 respondere.
1527 1539 1557 1566 fr.
1579 1541 1636 1566 109.
1663 1539 1695 1565 de
1715 1540 1790 1567 cond.
1811 1546 1837 1567 et
1860 1541 1926 1568 dem.

1086 1587 1127 1611 35.
1149 1586 1171 1610 l.
1210 1584 1378 1620 Apertissimi
1398 1584 1462 1609 iuris
1482 1588 1529 1609 est.
1551 1594 1571 1609 c.
1594 1584 1632 1609 16.
1653 1582 1686 1609 dn
1704 1582 1782 1610 indic.
1801 1586 1825 1610 3.
1847 1586 1869 1610 1.

1121 1628 1237 1660 Apex.
1275 1627 1306 1659 §-
1326 1627 1360 1653 1.
1398 1628 1603 1662 Fastigium.
1624 1627 1762 1653 Culmen.
1798 1626 1840 1653 ΙΠ.
1861 1628 1927 1654 Gn.

1088 1671 1246 1706 Quicunque¹
1265 1669 1459 1695 administranti
1478 1669 1654 1705 provinciam.
1678 1685 1711 1688 —
1731 1675 1808 1706 atque
1827 1669 1928 1696 indiffe-

1087 1719 1175 1740 renter
1198 1712 1246 1739 sub
1274 1722 1380 1748 quoquo
1406 1713 1479 1748 apice
1509 1712 1661 1748 potestatis,
1690 1712 1753 1748 quid
1783 1712 1926 1738 donaverit.

1087 1757 1136 1783 Th.
1157 1756 1187 1783 C.
1208 1755 1275 1781 Ylll.
1299 1757 1337 1781 15.
1358 1765 1378 1781 c.
1399 1756 1422 1780 6.
1442 1764 1481 1790 pr.
1508 1754 1539 1780 dc
1563 1755 1595 1779 iis
1620 1764 1662 1790 qu.
1683 1754 1777 1781 admin.
1814 1754 1927 1781 Procon-

1087 1800 1181 1826 sularis
1201 1800 1282 1835 apicis
1303 1798 1423 1833 dignitas.
1457 1796 1582 1823 Officium
1596 1796 1756 1824 Praetoriani
1770 1798 1860 1834 apicis.
1888 1798 1925 1824 Ib.

1086 1842 1130 1869 Vl.
1149 1844 1190 1868 25.
1216 1851 1237 1867 c.
1258 1842 1281 1867 7.
1306 1840 1338 1867 de
1363 1841 1474 1877 princip.
1500 1844 1582 1876 agent.
1625 1839 1706 1866 Gesta
1731 1842 1757 1867 in
1781 1840 1869 1867 Senat.
1894 1841 1926 1867 de

1086 1886 1166 1922 recip.
1192 1883 1242 1910 Th.
1263 1883 1293 1909 C.
1315 1882 1409 1915 (ch.
1430 1893 1454 1920 p.
1476 1884 1511 1915 7.)
1549 1899 1582 1902 —
1619 1883 1649 1916 §-
1669 1885 1704 1910 2.
1737 1886 1926 1911 Subtilitas.

1086 1928 1128 1954 111.
1150 1929 1215 1955 Cn.
1244 1926 1286 1952 De
1306 1926 1373 1951 bona
1392 1926 1444 1952 tide
1464 1927 1532 1952 enim
1551 1927 1647 1962 agitur.
1674 1927 1716 1953 cui
1735 1936 1787 1952 non
1806 1927 1926 1962 congruit

1087 1971 1118 1997 de
1138 1969 1256 2007 apicibus
1276 1970 1341 1995 iuris
1362 1968 1504 2005 disputare.
1534 1969 1564 1995 sr.
1583 1971 1624 1995 29.
1645 1970 1666 2003 3.
1686 1971 1710 1996 ὲ
1735 1969 1819 1996 mand.
1841 1972 1880 1996 17.
1902 1972 1925 1996 l.

1086 2030 1118 2034 -
1143 2014 1173 2046 §-
1194 2014 1231 2039 3.
1263 2014 1365 2039 Tenor
1388 2014 1579 2046 scripturae
1604 2014 1833 2047 (Principalis
1852 2013 1924 2045 etc.)

1087 2059 1217 2084 Codices
1237 2058 1334 2082 sacri.
1371 2055 1389 2081 1.
1410 2056 1470 2089 Sy.
1499 2054 1594 2081 Sacrae
1614 2054 1750 2091 epistolae,
1769 2066 1793 2081 v.
1814 2055 1923 2082 litterae.

1085 2099 1206 2126 Adfatus.
1234 2099 1332 2135 Apices
1353 2099 1488 2134 (augusti).
1510 2108 1530 2124 c.
1545 2099 1568 2124 6.
1589 2098 1701 2131 99.1.4.
1722 2097 1754 2124 de
1767 2098 1857 2125 advoc.
1872 2098 1923 2124 div.

1085 2143 1207 2169 iudicum.
1234 2144 1258 2168 2.
1279 2143 1302 2168 8.
1336 2140 1385 2167 Th.
1406 2141 1436 2167 C.
1458 2140 1514 2167 Vll.
1535 2142 1574 2167 16.
1597 2152 1617 2167 c.
1637 2142 1661 2167 2.
1681 2140 1714 2167 de
1733 2140 1803 2167 litor.
1824 2146 1849 2167 et
1867 2142 1923 2167 itin.

1086 2191 1151 2212 cust.
1171 2185 1214 2212 IX.
1236 2187 1276 2212 19.
1297 2195 1317 2211 c.
1337 2186 1361 2211 3.
1382 2183 1413 2210 ad
1432 2183 1461 2210 L.
1482 2184 1544 2210 Cor.
1570 2183 1602 2210 de
1620 2183 1678 2210 fals.
1719 2183 1845 2210 Divinum
1869 2194 1923 2210 ora-

1086 2228 1186 2259 culum.
1216 2238 1240 2254 v.
1264 2227 1441 2263 Rescriptum.
1482 2226 1570 2259 Sacri,
1599 2236 1620 2253 S.
1649 2226 1798 2258 Caelestes.
1827 2227 1923 2263 apices.

1085 2282 1106 2298 c.
1126 2274 1149 2297 5.
1171 2271 1203 2297 de
1223 2281 1318 2297 emanc.
1339 2270 1414 2296 liber.
1435 2271 1458 2296 S.
1477 2271 1519 2296 49.
1548 2280 1568 2296 c.
1589 2271 1612 2296 5.
1638 2269 1670 2296 de
1690 2269 1796 2305 aqnaed.
1822 2271 1861 2294 11.
1881 2270 1922 2295 42.

1084 2314 1126 2341 111.
1148 2316 1214 2342 Cn.
1250 2314 1325 2349 Quae
1349 2314 1484 2339 consecuti
1509 2317 1571 2339 sunt
1594 2312 1648 2345 (sc.
1672 2312 1838 2349 prix‘IIegia),
1867 2312 1923 2337 sive

1084 2368 1130 2394 per
1154 2362 1277 2393 augustos
1302 2357 1403 2393 apices.
1433 2357 1488 2381 sive
1517 2366 1564 2392 per
1593 2355 1781 2392 dispositiones
1805 2353 1921 2390 ampliss.

1084 2406 1142 2426 tuae
1162 2400 1241 2426 sedis.
1272 2410 1293 2425 c.
1313 2401 1336 2425 6.
1363 2400 1384 2432 9.
1404 2402 1427 2424 4.
1454 2398 1486 2424 de
1511 2398 1601 2424 advoc.
1628 2398 1679 2424 div.
1703 2397 1825 2423 iudicum.
1853 2398 1878 2423 2.
1897 2398 1921 2423 8.

1084 2443 1158 2469 Sacri
1177 2443 1264 2479 apices
1284 2446 1468 2472 cucurrerunt.
1492 2457 1525 2461 -
1545 2441 1640 2477 quibus
1659 2439 1767 2476 provida
1787 2440 1922 2465 sanctione

1084 2485 1247 2512 decrevimus
1271 2489 1319 2511 etc.
1354 2484 1403 2510 Th.
1429 2483 1460 2510 C.
1481 2483 1535 2510 Vll.
1560 2485 1584 2510 4.
1610 2494 1630 2509 ε,
1649 2484 1690 2508 24.
1717 2481 1749 2507 de
1774 2491 1842 2518 erog.
1867 2482 1920 2509 mil.

1084 2538 1178 2554 annon.
1202 2527 1328 2554 Lectores
1359 2527 1507 2553 divinornm
1532 2528 1645 2564 apicum.
1675 2529 1701 2550 et
1729 2524 1920 2562 hypodiaconi.

1084 2572 1232 2607 caeterique
1252 2570 1347 2597 clerici.
1376 2569 1412 2595 Ib.
1432 2569 1503 2596 XVI.
1522 2571 1546 2595 2.
1567 2579 1587 2594 (·.
1609 2569 1631 2593 7.
1651 2566 1683 2593 de
1703 2568 1819 2605 episcop.

1118 2614 1372 2646 Aphanticus..
1410 2612 1451 2638 Cf.
1471 2612 1617 2638 Asanticus.

1118 2656 1350 2689 Apnoplista.
1394 2657 1456 2688 Qui
1484 2655 1582 2680 armis
1603 2655 1755 2688 gerendis
1781 2656 1920 2680 interdi-

1060 2707 1062 2716 ’
1083 2701 1135 2725 cit.
1174 2698 1216 2724 Ill.
1233 2700 1298 2725 οη.
1326 2697 1417 2733 Neque
1437 2698 1558 2731 magistro
1578 2695 1689 2722 militum
1702 2696 1820 2723 Orientis
1840 2712 1871 2715 ——
1892 2696 1920 2722 li>

1085 2742 1154 2768 nebit
1173 2740 1404 2771 latrunculatores.
1429 2739 1470 2765 vel
1496 2738 1655 2774 hiocolytaS,
1681 2738 1722 2765 vel
1747 2739 1918 2776 aphoplisffls,

1083 2784 1125 2811 vel
1145 2784 1210 2810 alios
1224 2783 1323 2810 similes
1338 2784 1383 2813 eis,
1403 2783 1428 2808 in
1446 2782 1595 2818 provincias
1608 2783 1718 2809 mittere.
1747 2781 1839 2808 Iuliani
1857 2782 1917 2818 epit.

1084 2837 1143 2853 nov.
1163 2837 1184 2853 c.
1206 2828 1244 2852 15.
1265 2827 1286 2860 3.
1306 2827 1346 2852 60.

1443 2868 1475 2893 10
