2197 3121
1018 157 1111 187 PER.

193 244 235 269 30.
256 253 276 269 c.
296 243 337 268 30.
358 253 379 268 c.
399 244 440 269 39.
461 242 492 269 de
512 251 570 279 app.
591 246 616 267 et
634 250 711 278 poen.
730 239 775 266 XI.
791 240 831 266 36.
852 249 874 266 c.
890 240 929 265 14.
950 239 1033 275 Quor.

195 296 253 323 app.
274 295 298 311 n.
320 295 370 311 rec.

234 327 511 355 Perfuncfforie.
536 326 657 359 (Advb.)
683 325 740 360 [Cf.
760 336 783 352 v.
803 324 989 356 Defunctorie.
1009 334 1033 350 v.

196 370 368 404 Perfusorie]
396 371 602 400 Osciturzler,
625 371 770 395 Remissa».
807 368 849 394 III.
870 369 935 395 οη.
955 367 1033 404 Apud

194 413 334 440 Rectorem
353 413 394 439 Pr.
417 429 446 433 —
467 412 568 447 adleget
588 413 639 443 (sc.
661 412 783 443 causas.)
809 421 860 437 non
879 410 944 446 perl'.
965 420 977 436 a
998 411 1033 436 iu-
1055 443 1056 446 Ἴ

196 456 267 487 dice..
293 456 340 482 sed
365 456 501 481 verissime
524 454 702 491 requirendas.
727 454 774 480 Th.
796 453 826 480 C.
845 452 902 479 XII.
921 454 945 478 3.
966 463 986 478 c.
1007 455 1032 479 2.

194 509 232 536 pr.
253 499 285 525 dc
304 497 391 536 praed.
412 503 437 523 et
456 507 537 523 manc.
558 497 647 524 curial.
668 497 698 523 cf.
713 496 783 523 XIV.
797 498 820 523 9.
841 506 861 522 c.
877 497 899 522 l.
917 495 949 521 de
962 495 1031 521 stud.

194 541 294 568 liberal.
315 541 370 568 urb.
391 540 421 566 R.

233 583 534 611 Perfunctorius.
555 583 682 616 (Adiect.)
709 583 901 616 Negligens,
922 582 1032 607 Minue
1053 611 1055 614 Ι

194 633 375 654 accuratus.
414 625 457 651 111.
478 627 544 653 Cn.
575 625 666 662 Neque
684 635 731 662 per
755 624 922 655 calumniam.
947 634 1031 660 neque
1053 649 1054 661 ἵ

192 669 370 706 perfunctoria
390 670 580 694 examinatione
599 669 696 705 quaeri.
716 666 783 694 Νῦν,
798 666 854 693 Val.
872 666 914 693 111.
935 667 967 693 de
986 677 1032 705 po-

194 711 255 738 stul.
275 711 304 737 lI.
327 713 365 737 11.
386 722 407 737 c.
430 713 450 737 l.
471 711 493 744 ξ.
515 713 537 737 l.

231 755 482 781 Persuadere.
519 754 550 787 ξ.
570 755 604 780 1.
635 755 864 787 conspergere.
901 752 944 779 111.
965 754 1030 780 (7η.

192 797 221 824 Si
241 798 300 833 quis
320 797 381 822 fimo
401 802 525 833 corrupto
546 796 657 833 aliquem
675 794 834 832 perfuderit,
855 805 949 826 coeno,
975 795 1030 822 luto

192 839 351 866 obliniverit.
372 839 443 865 Paul.
464 838 495 865 V.
515 841 539 865 4.
559 839 580 873 ξ.
603 840 640 864 13.
662 854 691 858 —-
713 838 745 871 §0
761 839 798 864 2.
819 840 1030 874 Suffundere.

191 882 234 909 III.
256 884 322 910 Cn.
348 881 441 908 Forma
466 882 545 908 calcei
569 882 696 907 cervicem
716 882 862 918 percussit,
887 885 915 907 ut
939 881 1030 907 oculus

190 936 272 962 puero
292 925 494 962 perfunderetur
514 924 556 958 [al.
577 923 767 960 perfoderetur,
786 933 809 949 v.
826 923 1029 957 effunderetur]

191 968 221 994 fr.
241 970 264 994 5.
285 969 307 1001 ᾗ.
327 970 350 994 3.
372 968 402 993 ad
422 967 451 994 L.
470 968 538 1003 Aqu.
558 968 581 992 9.
600 969 623 992 2.

228 1011 425 1045 Perfungi.
463 1011 586 1044 Fnugi,
616 1010 773 1045 Defungi.
810 1009 828 1035 l.
854 1011 914 1044 Sy.
947 1009 1030 1045 Fungi

190 1054 428 1089 (magistratibus.)
454 1052 501 1078 Th.
522 1052 553 1078 C.
574 1051 617 1078 VI.
638 1054 661 1078 4.
688 1062 707 1077 c.
730 1054 769 1078 10.
789 1062 828 1088 sq.
850 1052 882 1078 de
901 1052 984 1078 Praet.
1005 1057 1030 1078 et

191 1097 243 1132 Qu.
266 1096 399 1132 I'eragere.
420 1095 456 1121 Ib.
470 1094 526 1120 XII.
546 1096 569 1121 6.
590 1105 611 1121 c.
632 1097 654 1121 7.
675 1094 706 1120 de
726 1100 872 1132 susceptor.
909 1095 1029 1132 implere.

190 1139 232 1165 Cf.
253 1139 277 1165 h.
296 1149 320 1165 v.
340 1139 361 1172 ᾗ.
375 1140 399 1164 3.
436 1137 479 1163 HI.
495 1139 561 1165 (7η.
582 1138 688 1169 Officio.
709 1138 779 1174 quod
799 1139 952 1175 susceperit,
973 1148 1030 1175 per-

189 1182 267 1217 fungi.
288 1181 317 1207 fr.
337 1183 360 1207 3.
381 1181 402 1214 §.
415 1182 439 1206 3.
460 1179 493 1206 de
513 1191 563 1207 rec.
584 1191 625 1217 qu.
647 1181 700 1207 arb.
719 1183 742 1206 4.
763 1184 786 1207 8.
824 1181 906 1207 Heres
925 1181 1030 1218 perfun-

189 1229 246 1251 ctus
275 1223 396 1249 omnibus
422 1223 586 1249 hereditariis
615 1223 774 1249 muneribus
804 1223 833 1249 fr.
854 1225 878 1249 2.
904 1224 935 1250 ad
960 1224 1027 1251 S.C.

189 1266 268 1293 Treb.
282 1268 321 1293 36.
338 1268 360 1292 1.
398 1266 582 1303 Susceptionis
602 1276 695 1292 munus
716 1266 911 1303 perfungantur.
932 1266 981 1293 Th.
996 1266 1027 1294 C.

189 1309 246 1336 XII.
266 1310 289 1335 6.
311 1319 331 1335 r.
353 1311 375 1335 7.
396 1308 412 1335 I.

224 1352 457 1378 Perfusorie.
495 1351 617 1384 (Advb.)
655 1353 764 1378 Minus
788 1355 887 1383 clare,
911 1355 959 1378 vel
976 1362 1028 1378 ex·
1049 1358 1050 1363 ¹

184 1405 302 1429 presse.
340 1394 383 1420 III.
399 1396 464 1421 Cn.
486 1394 579 1430 Neque
598 1394 744 1431 persusorie
766 1394 809 1427 [al.
829 1395 1027 1432 perfunctorie‚]

188 1442 230 1464 aut
256 1437 367 1464 obscure
391 1437 491 1468 dicere,
516 1453 548 1457 -—-
576 1447 661 1474 neque.
684 1442 735 1463 tam
759 1442 858 1464 arctare
882 1442 930 1464 etc.
954 1438 983 1464 fr.
1003 1440 1027 1465 5.

186 1481 209 1514 §.
230 1482 252 1506 l.
273 1480 324 1516 Qu.
344 1481 370 1506 vi
390 1485 433 1506 aut
452 1480 484 1506 cl.
498 1482 539 1506 43.
559 1482 601 1506 24.
616 1480 647 1506 cs.
668 1480 698 1506 sr.
713 1481 754 1507 (59.
774 1481 796 1514 §.
810 1483 834 1506 5.
854 1480 886 1507 de
905 1482 1027 1508 eviction.

185 1524 227 1549 21.
247 1525 272 1549 2.

223 1567 477 1599 Pergamena.
517 1567 710 1592 Membrana.
748 1565 791 1592 111.
813 1568 878 1594 Gn.
903 1567 966 1593 Eius
988 1572 1027 1593 est

187 1609 330 1645 scriptura.
356 1610 430 1634 cuius
456 1608 560 1634 chartae
578 1614 622 1634 aut
640 1618 794 1645 pergamena
815 1609 919 1637 suerint.
956 1611 1025 1648 Epit.

187 1652 247 1677 inst.
271 1651 336 1677 Gaii.
357 1651 386 1677 II.
410 1653 430 1677 l.
451 1651 472 1684 ξ.
493 1653 516 1677 4.

224 1695 404 1728 Pergere.
425 1694 455 1727 ξ.
468 1696 501 1720 1.
525 1696 660 1726 Vadere,
681 1696 887 1722 Contendere.
905 1695 947 1722 III.
961 1698 1026 1724 Gn.

186 1735 229 1762 Ad
247 1735 333 1762 locum
354 1747 453 1774 poenae
473 1737 521 1763 sub
541 1739 726 1774 prosecutione
745 1743 884 1775 pergentes
904 1741 952 1770 (sc.
967 1740 1025 1771 rei.)

187 1778 236 1805 Th.
257 1778 288 1805 C.
309 1779 353 1806 IX.
377 1781 418 1806 40.
445 1790 465 1805 c.
488 1781 526 1806 16.
551 1780 572 1813 §.
591 1782 611 1806 l.
637 1780 669 1806 de
695 1791 770 1817 poen.
808 1780 836 1806 Si
861 1781 1026 1807 adversarius

187 1832 218 1848 ex
237 1821 297 1848 Ioco
316 1838 347 1841 —
368 1822 548 1858 subterfugiat,
568 1828 657 1859 pergat
676 1823 836 1860 (adpellator
850 1825 910 1856 etc.)
930 1824 966 1850 lb.
981 1824 1025 1850 XI.

185 1865 226 1890 31.
247 1874 268 1890 c.
289 1866 312 1890 5.
334 1864 366 1891 de
386 1875 469 1901 repar.
490 1875 548 1901 app.
570 1882 598 1885 —
621 1867 651 1899 ᾖ.
672 1868 756 1892 LA.
776 1869 944 1899 Progredi.
982 1867 1024 1893 111.

185 1908 252 1934 Gn.
272 1907 391 1943 Pergere.
411 1912 454 1933 aut
474 1909 583 1934 transire
599 1908 647 1941 (ad
670 1909 784 1935 osticium
805 1909 1025 1941 l'raefectoruln.)

186 1949 223 1975 lb.
250 1949 267 1975 Ι.
290 1951 327 1976 16.
355 1961 375 1976 c.
403 1952 424 1976 1.
445 1950 557 1982 <We-1..)
582 1951 614 1977 de
643 1952 686 1977 off.
714 1951 788 1978 Rect.
814 1952 855 1978 Pr.
881 1968 912 1971 -—
939 1953 968 1985 ξ.
990 1954 1024 1979 2.

186 1994 398 2019 Continuant.
436 1993 478 2019 III.
494 1995 558 2021 (711.
580 1993 617 2020 Si.
638 1999 697 2019 ante
717 1999 838 2020 eventum
858 1996 1025 2031 cognitionis,

184 2040 294 2072 pergant
317 2040 414 2072 petere.
443 2036 472 2062 fr.
495 2038 533 2062 17.
559 2037 580 2069 ξ.
600 2039 623 2062 2.
649 2036 681 2063 (18
707 2037 729 2063 d.
750 2047 783 2063 111.
808 2048 863 2063 exc.
888 2040 928 2064 44.
949 2040 972 2064 4.
993 2038 1023 2065 cI'.

186 2077 216 2103 fr.
236 2079 276 2104 91.
297 2088 335 2114 pr.
356 2078 388 2104 de
408 2078 486 2104 solut.
505 2080 583 2105 4113.
599 2095 631 2098 -
651 2080 680 2112 ς’.
697 2081 734 2105 3.
755 2082 952 2116 Perliugere.
980 2081 1023 2108 Ill.

186 2120 252 2146 ΟΠ.
271 2120 390 2147 Precaria
411 2124 462 2152 (sc.
484 2122 646 2157 possessio.)
667 2123 734 2148 iusta
754 2123 872 2159 quidem.
893 2123 939 2149 sed
959 2134 1024 2160 quae

187 2171 239 2187 uon
257 2169 347 2199 pergat
366 2163 397 2190 ad
417 2163 506 2190 iudicii
525 2165 648 2199 vigorem.
671 2165 700 2191 I'r.
721 2167 743 2191 7.
768 2166 789 2199 ς’.
810 2167 833 2192 ι1.
859 2176 950 2193 comm.
971 2167 1022 2193 div.

187 2205 227 2229 10.
246 2205 269 2230 3.

224 2247 400 2280 Pel-gula.

186 2373 208 2406 ξ,
228 2376 250 2398 2.
272 2372 304 2398 de
324 2373 400 2400 iudic.
420 2376 443 2400 5.
465 2378 486 2402 1.
507 2377 537 2403 cs.
559 2377 607 2403 Th.
623 2377 653 2404 C.
668 2378 737 2404 XIII.
757 2381 779 2404 4.
801 2389 821 2404 c.
841 2381 863 2405 4.
884 2379 916 2406 de
936 2390 1022 2407 exous.

186 2415 252 2441 artis.
295 2416 362 2441 Cum
391 2418 476 2453 pictor
499 2420 523 2445 in
548 2420 654 2457 pergula
682 2435 712 2439 —
740 2421 854 2447 tabulam
878 2424 1023 2459 expositam

186 2458 336 2489 habuisset.
361 2469 442 2495 eaque
461 2461 609 2489 excidisset.
633 2463 662 2489 sr.
683 2465 706 2490 5.
727 2464 748 2498 ξ.
770 2466 808 2491 12.
830 2464 862 2491 de
881 2464 905 2491 11.
927 2476 969 2502 qu.
990 2466 1023 2493 ef-

185 2500 237 2527 sud.
258 2502 282 2527 9.
301 2503 325 2527 3.

223 2543 445 2570 Pet-hibere.
470 2545 501 2577 ἓ.
514 2546 547 2571 l.
562 2548 732 2580 Exhfflere,
748 2551 910 2577 Praebere.
931 2551 948 2577 Ι.
960 2553 1021 2586 Sy.

184 2586 289 2613 Dicere.
310 2585 389 2612 Ferre
409 2588 590 2619 (testimonia.)
611 2589 651 2616 Cf.
665 2601 688 2617 v.
703 2592 804 2619 Dicere.
826 2594 846 2626 ξ.
860 2595 881 2619 l.
902 2593 943 2620 llI.
956 2596 1021 2622 (711.

185 2629 221 2655 Ita
242 2628 284 2658 (lo.
306 2629 339 2654 ita
360 2628 426 2664 lego,
446 2630 479 2655 ita
500 2635 591 2659 testor.
611 2633 698 2668 itaque
716 2645 777 2666 vos,
798 2636 930 2671 Quirites,
950 2639 1021 2664 testi·
1042 2661 1043 2666 ,

184 2672 298 2697 monium
318 2670 380 2697 mihi
399 2671 564 2707 perhibetote
585 2672 631 2706 [al.
651 2677 821 2712 praebitote]
844 2678 899 2705 Gai.
917 2679 946 2706 II.
963 2682 1019 2707 104.

184 2713 245 2751 le.
265 2714 323 2740 XX.
344 2715 367 2739 9.
391 2712 462 2740 Paul.
482 2714 523 2741 111.
544 2715 606 2740 tA.
631 2716 652 2749 ξ.
672 2718 695 2743 4.
733 2720 785 2755 Qui
809 2721 842 2747 ob
867 2722 960 2748 falsum
985 2728 1020 2749 tc-

185 2757 335 2783 stimonium
354 2755 543 2793 perhibendum
555 2778 561 2789 .
581 2757 622 2784 vel
642 2768 730 2786 verum
749 2772 801 2789 non
819 2764 1018 2800 perhibendum.

185 2800 319 2834 pecuniam
339 2800 476 2836 acceperit,
496 2799 604 2827 dederit.
630 2800 667 2828 ld.
687 2801 718 2828 V.
737 2806 778 2831 25.
798 2806 819 2839 ξ.
839 2809 861 2833 2.
882 2824 914 2827 -—
935 2809 965 2841 ᾖ.
982 2810 1017 2835 2.

444 2251 527 2275 Pars
554 2251 712 2285 aedificii
741 2257 835 2277 extra
865 2254 1047 2285 parietem:

185 2290 375 2322 prominens.
395 2290 436 2316 111.
449 2293 514 2318 Cn.
538 2291 721 2324 Tabernulam.
736 2293 878 2329 pergulam.
892 2294 1023 2327 horreum,
1045 2291 1047 2297 ’

188 2331 341 2361 armarium,
362 2331 490 2360 officinam
511 2335 649 2363 conduxit.
675 2336 764 2371 ibique
784 2336 912 2363 distraxit.
933 2338 962 2364 fr.
984 2340 1023 2365 19.
1045 2362 1047 2369 1

1857 157 1917 186 701

1082 240 1234 270 Tradere,
1254 240 1397 274 Referre.
1436 238 1454 265 1.
1474 239 1535 273 Sy.
1559 238 1633 270 Dici,
1652 237 1796 264 perhiberi.
1817 237 1853 263 ld.
1873 236 1915 263 ΙΙΙ.

1078 284 1101 307 5.
1122 282 1159 315 ἓξ.
1181 283 1203 307 l.
1222 291 1262 317 sq.
1282 284 1305 307 4.
1326 282 1349 307 6.
1387 281 1427 308 III.
1451 283 1516 309 On.
1541 280 1570 307 Si
1594 281 1711 306 vacantia
1731 296 1762 299 —
1787 280 1854 306 bona
1874 279 1917 305 de-

1079 324 1128 350 lata
1148 325 1249 361 legibus
1269 324 1300 350 ad
1320 325 1446 350 aerarium
1466 339 1498 343 —
1516 323 1711 361 perhibeantur.
1732 322 1781 349 Th.
1797 322 1827 349 C.
1844 322 1877 348 X.
1891 325 1914 348 ὅ.

1079 378 1099 393 c.
1119 370 1142 394 5.
1162 378 1201 405 pr.
1227 367 1258 393 de
1278 367 1338 393 bon.
1359 377 1412 394 vac.
1451 367 1535 402 Quam
1556 370 1603 399 (sc.
1623 366 1797 397 sanctionem)
1817 364 1916 391 dudum

1078 412 1205 437 meruisse
1223 410 1404 448 perhibemini.
1425 410 1461 435 lb.
1481 409 1550 436 XVI.
1570 412 1594 436 2.
1615 420 1636 436 c.
1656 411 1679 436 S.
1700 409 1732 435 de
1752 409 1830 445 episc.
1852 407 1915 433 eccl.

1116 455 1426 480 Perhorrescere-
1463 454 1699 484 Estimescere,
1719 453 1868 478 Metuere.
1896 449 1914 475 1.

1078 497 1139 530 Sy.
1168 496 1365 522 Pertimescere.
1395 494 1444 521 Th.
1465 494 1496 521 C.
1515 495 1572 521 ΧΠ,
1594 497 1632 521 19.
1658 506 1678 521 c.
1700 497 1722 520 l.
1747 504 1768 521 c.
1788 495 1811 519 3.
1837 493 1869 519 (18
1888 491 1913 518 h.

1078 549 1119 575 qu.
1135 538 1210 565 cond.
1225 549 1314 576 propr.
1351 538 1394 564 IlI.
1410 539 1476 566 Gn.
1497 538 1564 564 Cum
1578 538 1687 564 alicuius
1700 537 1843 575 potentiam
1857 545 1914 572 per-

1077 582 1238 608 horrescant.
1268 581 1304 607 lb.
1325 581 1342 608 1.
1364 583 1404 607 19.
1429 591 1450 607 c.
1469 582 1492 607 2.
1518 581 1539 614 §.
1562 582 1582 607 l.
1604 580 1715 613 (ch.)
1741 580 1773 606 de
1797 579 1840 605 oss.
1861 577 1913 604 iud.

1076 635 1144 651 omn.
1182 625 1292 651 Mortem
1311 625 1417 650 minime
1435 623 1626 661 perhorrescat.
1646 623 1714 650 Coll.
1733 622 1786 649 LL.
1800 622 1832 648 M.
1852 621 1870 647 I.
1889 622 1913 647 9.

1076 667 1179 694 Nullam
1200 668 1353 694 calumniam
1365 667 1550 705 perhorrescat
1563 667 1731 699 (successio.)
1751 665 1800 692 Th.
1812 665 1842 691 C.
1857 663 1912 691 XII.

1052 704 1053 708 ’
1078 713 1115 737 19.
1137 721 1157 737 c.
1179 713 1198 737 1.
1220 710 1235 737 1,

1113 755 1327 787 Perit-hym.
1364 754 1574 780 Lus-tationis
1594 759 1621 779 ee
1642 754 1833 785 Indigenas.
1870 749 1912 776 111.

1076 798 1141 824 Cn.
1162 797 1276 823 ordinet
1296 813 1326 816 —
1346 796 1436 822 ludos:
1456 795 1630 827 Monobolon,
1651 811 1681 814 —
1701 794 1869 831 perichyten.
1889 797 1914 819 et

1076 839 1206 877 hippicen.
1227 851 1248 866 c.
1267 842 1292 865 3.
1313 839 1344 865 de
1364 839 1468 865 aleator.
1487 840 1512 865 3.
1526 841 1566 865 43.

1113 883 1345 910 Perit-litari.
1369 883 1399 916 ξ.
1412 884 1446 908 1.
1468 883 1649 908 Discrimen
1667 883 1788 912 subire,
1809 882 1844 906 111
1861 890 1912 913 pe-

1074 927 1179 952 riculo
1207 928 1341 952 versari.
1384 925 1426 951 llI.
1451 926 1517 952 Cn·
1546 924 1697 951 Periculosa
1717 928 1757 950 est
1776 924 1859 953 actio.
1880 938 1911 941 —

1074 973 1184 1005 propter
1207 969 1390 1005 sponsionem.
1415 978 1464 1004 qua
1487 967 1651 1005 periclitatur
1674 976 1748 997 reus.
1774 967 1797 992 si
1817 970 1913 991 temere

1075 1016 1157 1048 neget.
1179 1011 1235 1037 Gai.
1252 1010 1295 1037 IV.
1312 1012 1349 1036 13.
1370 1010 1401 1036 ci'.
1420 1014 1461 1037 55.
1499 1010 1538 1037 Ne
1558 1011 1590 1037 dc
1609 1015 1679 1037 statu
1698 1019 1746 1035 sno
1765 1008 1914 1046 pericliten-

1075 1060 1129 1086 tnr,
1157 1059 1295 1090 antequam
1319 1064 1348 1079 se
1371 1055 1438 1080 tueri
1462 1055 1572 1091 possint.
1599 1053 1628 1080 fr.
1648 1055 1672 1079 3.
1696 1054 1718 1086 ξ.
1738 1054 1762 1078 5.
1783 1052 1815 1078 (18
1834 1051 1913 1078 Carb.

1074 1097 1150 1124 edict.
1170 1099 1212 1123 37.
1236 1099 1273 1123 10.
1294 1096 1325 1123 cf.
1350 1096 1379 1123 fr.
1399 1099 1440 1123 21.
1460 1107 1498 1134 pr.
1524 1097 1575 1132 Qu.
1595 1101 1654 1122 met.
1680 1106 1700 1122 c.
1720 1098 1743 1121 4.
1763 1098 1787 1121 2.
1824 1094 1915 1120 Potuit

1074 1142 1142 1166 enim
1163 1150 1214 1166 non
1234 1140 1385 1177 periclitari,
1405 1141 1427 1166 si
1447 1141 1534 1166 statim
1553 1140 1721 1165 restituisset.
1741 1138 1771 1164 fr.
1791 1139 1832 1163 41.
1852 1137 1873 1171 §.
1889 1139 1912 1164 l.

1073 1183 1106 1210 de
1125 1194 1152 1210 re
1172 1183 1224 1209 iud.
1244 1185 1286 1209 42.
1308 1185 1330 1210 l.
1367 1182 1407 1209 Ne
1431 1182 1587 1209 liberalitate
1606 1192 1651 1208 sua
1675 1183 1751 1218 inops
1771 1181 1828 1207 fieri
1846 1181 1914 1217 peri-

1074 1227 1186 1253 clitetur.
1212 1226 1241 1252 [Γ.
1261 1228 1302 1252 50.
1328 1226 1361 1253 ib.
1385 1227 1426 1252 42.
1454 1227 1475 1252 l.
1508 1241 1538 1245 ·—
1571 1226 1602 1258 ξ.
1629 1227 1664 1251 2.
1697 1225 1912 1254 l'aleendinis,

1073 1276 1130 1296 aut
1150 1271 1268 1295 mortis
1288 1271 1462 1295 dixerimen
1481 1271 1656 1295 sustinere.
1695 1267 1724 1293 ΙΙ.
1745 1269 1811 1301 Op.
1840 1266 1912 1292 Sani.

1049 1321 1051 1342 ᾗ
1074 1329 1103 1332 -
1125 1312 1315 1338 PericlitanteS.
1345 1311 1394 1338 Th.
1415 1311 1446 1338 C.
1466 1311 1535 1338 XIII.
1555 1313 1578 1337 3.
1600 1321 1620 1337 c.
1641 1312 1664 1337 8.
1684 1311 1706 1344 ξ.
1728 1312 1749 1336 l.
1769 1309 1802 1336 de
1820 1309 1912 1335 medic.

1073 1360 1098 1381 et
1117 1355 1184 1392 prol'.
1220 1355 1263 1381 Ill.
1280 1356 1345 1382 Cu.
1365 1354 1400 1381 Se
1419 1365 1498 1381 unum
1517 1354 1622 1380 oculum
1641 1355 1769 1381 amisisse.
1790 1357 1815 1378 et
1833 1353 1859 1378 in
1879 1351 1914 1378 al-

1073 1403 1128 1424 tero
1156 1398 1307 1435 periclitari.
1338 1397 1421 1424 Vatic.
1451 1398 1472 1431 ξ.
1499 1399 1558 1423 239.
1607 1396 1814 1423 Periclitantium
1841 1395 1914 1421 I'uror

1073 1441 1186 1474 (nullam
1207 1441 1323 1467 obtineat
1342 1441 1367 1466 iu
1389 1440 1494 1467 iudiciis
1514 1441 1720 1472 auctoritatem.)
1749 1439 1798 1465 Th.
1819 1438 1848 1465 C.
1868 1438 1912 1464 IX.

1074 1487 1094 1510 1,
1116 1495 1136 1510 c.
1158 1486 1197 1510 12.
1218 1483 1250 1510 de
1269 1493 1354 1510 accus.

1110 1527 1341 1554 Periculose.
1362 1525 1475 1558 (Advh.)
1502 1527 1568 1552 Non
1589 1527 1656 1552 sine
1672 1527 1831 1559 periculo.
1869 1523 1911 1550 ΙΙΙ.

1073 1572 1138 1598 Cn·
1163 1570 1192 1596 Si
1213 1569 1274 1606 quid
1300 1570 1324 1595 in
1344 1568 1385 1594 his
1405 1568 1524 1606 partibus
1544 1568 1645 1595 aedium
1664 1578 1719 1605 per.
1740 1569 1855 1604 positum
1874 1577 1913 1593 es-

1072 1618 1119 1639 set.
1147 1613 1177 1639 fr.
1197 1615 1220 1638 5.
1246 1612 1267 1646 ξ.
1288 1614 1311 1638 7.
1332 1611 1364 1638 (18
1384 1611 1407 1637 h.
1429 1622 1470 1648 qu.
1491 1611 1572 1638 deiec.
1593 1613 1616 1637 9.
1636 1613 1660 1637 3.
1698 1609 1850 1637 Periculose
1869 1609 1912 1636 he-

1072 1656 1160 1683 redem
1181 1656 1317 1686 facturum,
1337 1655 1359 1681 si
1380 1659 1427 1681 etc.
1451 1655 1480 1680 l'r.
1501 1656 1524 1681 8.
1545 1654 1577 1680 de
1596 1655 1648 1680 trit.
1668 1655 1738 1679 vino.
1757 1655 1799 1679 33.
1819 1654 1842 1679 6.

1110 1699 1364 1725 Periculosum.
1402 1697 1541 1730 (Adiect.)
1580 1699 1654 1723 Cum
1672 1698 1820 1730 periculo
1840 1706 1911 1722 con-

1071 1743 1215 1771 iunctus,
1236 1742 1364 1774 Anceps.
1402 1740 1420 1766 Ι.
1442 1741 1503 1774 Sy.
1536 1739 1683 1766 Periculum
1703 1739 1870 1770 intervenire,
1890 1748 1911 1764 s.

1072 1793 1138 1809 esse.
1175 1782 1356 1808 Periculosum
1376 1792 1442 1808 esse.
1463 1782 1519 1808 Gai.
1539 1782 1582 1809 lv.
1604 1785 1643 1809 13.
1663 1785 1703 1808 55.
1723 1792 1781 1818 sqq.
1802 1784 1842 1807 (58.
1879 1780 1910 1807 ΙΙ.

1073 1828 1140 1859 ΟΡ.
1159 1825 1257 1851 Licere.
1278 1825 1314 1851 lb.
1328 1824 1372 1851 IV.
1387 1827 1427 1851 56.
1466 1825 1500 1851 lIl
1523 1827 1588 1853 Gn.
1609 1825 1662 1851 Res
1683 1830 1723 1851 est
1742 1825 1841 1861 fragilis
1861 1826 1910 1857 (se.

1072 1869 1213 1905 quaestio.)
1233 1873 1258 1893 et
1277 1868 1434 1905 periculosa.
1454 1873 1479 1895 et
1499 1879 1564 1905 quae
1582 1870 1718 1895 veritatem
1738 1868 1817 1894 fallat.
1838 1867 1868 1894 fr.
1888 1869 1910 1893 l.

1070 1912 1091 1945 ξ.
1111 1911 1211 1944 23.„de
1237 1912 1381 1948 quaestion.
1402 1912 1442 1937 48.
1464 1913 1503 1937 18.
1542 1911 1609 1938 Cum
1634 1921 1675 1937 res
1696 1927 1726 1930 —
1752 1910 1912 1937 celeritatem

1071 1954 1216 1980 desiderat.
1246 1959 1271 1979 et
1294 1953 1441 1991 periculosa
1467 1954 1558 1981 dilatio
1584 1970 1615 1974 —
1638 1954 1750 1980 videtur.
1780 1953 1810 1980 fr.
1832 1955 1852 1979 l.
1878 1953 1911 1979 de

1070 1997 1154 2023 damn.
1176 1996 1218 2023 inf.
1238 1998 1278 2023 39.
1298 2000 1322 2023 2.
1360 1997 1389 2023 Si
1409 1998 1434 2023 in
1459 1996 1518 2023 loco
1538 1997 1688 2034 periculoso
1709 2013 1739 2017 —
1760 1997 1861 2023 tonsori
1881 2006 1910 2022 se

1070 2041 1128 2076 quis
1154 2041 1321 2066 commiserit.
1346 2040 1376 2066 sr.
1398 2042 1437 2066 11.
1464 2050 1502 2077 pr.
1527 2040 1559 2066 ad
1578 2040 1607 2067 L.
1628 2041 1694 2076 Aqn.
1715 2042 1737 2066 9.
1758 2044 1781 2065 2.
1819 2039 1848 2065 Si
1867 2049 1910 2076 pe-

1070 2083 1209 2109 riculosam
1230 2093 1283 2109 rem
1303 2099 1335 2101 —
1364 2082 1449 2109 facere
1473 2082 1568 2109 solitus
1588 2088 1634 2110 est.
1661 2083 1689 2109 fr.
1710 2085 1743 2108 54
1768 2092 1806 2119 pr.
1827 2081 1859 2107 de
1878 2082 1908 2107 A.

1069 2126 1098 2151 L
1120 2125 1150 2151 V.
1172 2128 1210 2151 19.
1232 2128 1254 2151 l.
1291 2126 1345 2151 Eos
1365 2127 1454 2152 subire
1474 2142 1506 2145 —-
1526 2127 1627 2163 potius„
1653 2136 1728 2162 quam
1753 2126 1847 2161 cuique
1867 2135 1909 2162 pc-

1070 2168 1209 2195 ricnlosam
1230 2178 1289 2195 esse
1308 2169 1386 2195 sidem
1407 2179 1487 2195 suam.
1511 2169 1541 2196 fr.
1564 2171 1585 2194 1.
1606 2170 1626 2202 ξ.
1646 2171 1669 2194 2.
1691 2168 1722 2194 ad
1742 2168 1807 2194 SC.
1829 2167 1907 2194 Treb.

1045 2215 1047 2226 1
1069 2213 1109 2237 36.
1131 2213 1153 2238 l.
1191 2211 1285 2237 Omnis
1310 2212 1428 2238 delinitio
1449 2228 1480 2232 —
1505 2211 1653 2250 periculosa
1672 2216 1719 2237 est.
1744 2210 1773 2237 fr.
1794 2213 1852 2237 202,
1876 2210 1909 2236 de

1069 2254 1098 2280 li.
1119 2253 1138 2280 Ι.
1158 2256 1197 2280 50.
1220 2256 1258 2280 17.

1107 2298 1339 2324 Periculunu.
1377 2297 1407 2329 ξ.
1420 2298 1453 2322 l.
1474 2299 1747 2330 Experimentnm.
1784 2296 1825 2322 III.
1841 2297 1906 2322 Gn·

1069 2339 1124 2365 Sub
1145 2339 1228 2366 oculis
1248 2350 1276 2365 ac
1295 2339 1419 2376 periculis
1434 2339 1657 2371 conditio11aliu111‚
1677 2340 1806 2371 (flammae
1819 2338 1907 2364 edacis

1069 2383 1186 2408 examine
1211 2383 1278 2413 etc.)
1310 2381 1359 2408 Th.
1385 2382 1414 2408 C.
1439 2381 1496 2407 XII.
1522 2384 1543 2408 7.
1574 2394 1594 2408 c.
1614 2384 1636 2408 3.
1663 2382 1694 2408 de
1719 2381 1854 2418 ponderat..
1875 2397 1906 2400 —

1069 2426 1099 2458 ς’.
1112 2427 1146 2452 2.
1169 2427 1351 2451 Discrimeu
1371 2427 1598 2459 qualecunque.
1636 2424 1677 2450 111.
1693 2426 1758 2451 (Ὑη.
1772 2424 1906 2456 Instantis,

1068 2468 1109 2494 vel
1129 2468 1223 2497 futuri,
1247 2466 1356 2504 periculi
1377 2477 1453 2493 causa
1473 2469 1567 2493 mentis
1589 2467 1735 2504 trepidatio.
1760 2466 1789 2492 fr.
1812 2468 1832 2491 l.
1854 2466 1906 2501 Qu.
1930 2483 1936 2489 ·

1068 2515 1127 2536 met.
1149 2521 1168 2536 c.
1186 2513 1209 2536 4.
1229 2512 1252 2535 2.
1290 2509 1424 2536 Incidente
1444 2510 1601 2540 infirmitate,
1621 2509 1663 2535 vel
1683 2510 1828 2535 necessaria
1847 2519 1907 2546 pro-

1068 2554 1188 2583 fectione.
1208 2551 1249 2578 vel
1269 2553 1306 2578 rei
1327 2562 1388 2579 suae
1407 2552 1540 2579 familiaris
1560 2551 1685 2588 periculo.
1706 2551 1735 2577 fr.
1755 2554 1793 2578 15.
1814 2562 1853 2589 pr.
1874 2552 1906 2579 de

1067 2596 1144 2621 indic.
1165 2598 1187 2620 ἴ),
1209 2596 1230 2620 l.
1268 2594 1364 2621 Milites
1389 2611 1422 2615 -—
1446 2594 1582 2621 discedere
1606 2595 1687 2630 siguis
1711 2596 1768 2621 siue
1787 2595 1905 2632 periculo

1067 2649 1118 2664 non
1144 2642 1264 2674 possunt.
1290 2638 1320 2664 I'r.
1341 2640 1382 2664 45.
1407 2649 1439 2664 ex
1460 2648 1501 2673 qu.
1527 2647 1547 2662 c.
1572 2638 1629 2662 mai.
1650 2639 1672 2663 4.
1693 2639 1716 2664 6.
1754 2637 1821 2664 Cum
1844 2638 1906 2664 insa-

1066 2682 1130 2706 miae
1156 2679 1273 2716 periculo
1299 2681 1426 2714 (urgeri.)
1452 2679 1520 2706 Coll.
1545 2679 1596 2705 LL.
1616 2679 1649 2706 M.
1670 2680 1702 2707 X.
1722 2682 1745 2707 6.
1782 2680 1904 2708 Pcriculo

1041 2750 1042 2754 ,
1065 2723 1197 2749 interdicti
1222 2739 1254 2742 —
1279 2723 1376 2760 depelli
1401 2733 1453 2748 non
1477 2732 1564 2759 posse.
1594 2722 1677 2750 Vatic.
1701 2724 1722 2757 §.
1742 2725 1782 2750 93.
1825 2724 1903 2750 Modo

1065 2767 1122 2791 sine
1141 2765 1260 2802 periculo
1280 2776 1321 2792 res
1342 2765 1373 2791 ad
1393 2766 1488 2791 exitum
1507 2765 1667 2802 perducitur,
1687 2766 1764 2793 modo
1785 2777 1842 2793 cnm
1861 2777 1904 2803 pe-

1064 2808 1154 2835 riculo.
1177 2807 1233 2835 Gai.
1248 2808 1291 2835 IV.
1307 2810 1364 2835 162.
1386 2807 1416 2834 cf.
1431 2810 1472 2834 57.
1486 2809 1527 2835 68.
1541 2809 1582 2835 98.
1598 2810 1654 2836 165.
1692 2809 1720 2836 Si
1740 2811 1806 2836 iusta
1827 2818 1902 2835 cansa
