2197 3121
270 177 332 207 494
1093 168 1179 199 INT.

271 259 312 284 nis
331 257 402 284 xlv.
426 255 592 293 interpellata
614 254 646 281 (le
666 253 759 280 iisdem
778 252 914 280 solvendis
934 262 986 278 nou
1005 255 1055 278 est.
1080 250 1110 277 fr.
1132 258 1134 272 ¹
1156 250 1187 283 §.
1207 250 1243 276 Β.
1264 251 1484 284 Intercedere,
1500 253 1676 283 Exhibere,
1696 253 1859 279 Adhibere.
1897 251 1915 279 1.
1935 253 1998 287 Sy.

273 303 312 327 18.
337 302 358 334 3.
381 303 402 326 l.
427 299 458 326 de
478 299 546 325 alim.
571 309 594 325 v.
612 297 693 324 cibar.
711 298 754 323 34.
775 298 797 323 l.
835 295 903 323 Cum
928 293 1110 332 interpellatus
1133 280 1134 309 l
1156 291 1330 319 Intercedere.
1351 292 1392 319 Cf.
1412 292 1437 320 h.
1456 303 1481 321 v.
1501 295 1538 328 33.
1558 296 1582 320 2.
1603 303 1642 330 sq.
1680 293 1857 326 lntervenire,
1881 294 1999 332 Interpo-

272 354 329 371 cum
350 343 437 379 aliquo
457 343 551 379 spatio.
571 350 621 377 quo
642 339 761 366 conferre
775 340 869 377 potuit,
888 348 940 365 non
955 337 1024 364 facit.
1044 336 1074 363 sr.
1086 338 1110 363 5.
1132 355 1134 368 1.
1155 346 1218 362 nere
1236 345 1273 362 se.
1294 334 1324 362 sr.
1342 337 1388 361 23.
1408 335 1438 362 fr.
1451 338 1492 363 24.
1513 338 1534 371 3.
1551 339 1573 364 l.
1593 336 1626 363 de
1645 337 1738 363 minor.
1752 338 1776 363 4.
1790 339 1814 363 4.
1834 336 1864 364 fr.
1881 340 1920 364 15.
1940 338 1962 372 3.
1975 339 1998 364 7.

272 388 292 421 §-
316 389 336 412 Ι,
357 385 389 411 de
409 384 494 411 collat,
517 384 577 409 bon.
595 385 636 409 37.
656 384 678 409 6.
700 381 732 409 cf.
752 382 782 408 l'r.
796 384 838 408 23.
858 392 896 418 sq.
917 380 950 407 de
968 379 1001 407 V.
1022 380 1055 406 Ο.
1069 381 1110 406 45.
1132 381 1133 400 ἶ
1155 378 1188 405 de
1207 388 1236 405 re
1253 377 1307 404 iud.
1326 379 1369 404 42.
1390 379 1412 404 1.
1448 378 1480 406 11.
1501 381 1569 414 Op.
1587 379 1658 406 Inter
1677 380 1761 417 ipsoS,
1780 383 1825 406 aut
1843 380 1887 414 qui
1906 379 1937 407 ad
1953 390 1999 406 eos

273 432 294 456 1.
320 430 348 455 Si
364 427 546 464 interpellatus
565 429 715 464 opportuno
735 424 803 456 loco,
824 434 876 451 non
889 422 1009 450 solverit.
1028 422 1110 449 sr.32.
1132 427 1133 434 ¹
1155 422 1301 458 pertinent,
1331 425 1374 447 aut
1397 430 1445 458 per
1467 422 1641 460 interpositas
1666 432 1793 459 personas
1819 422 1899 458 (agi.)
1923 422 1954 449 fr.
1974 425 1999 449 5.

271 482 310 509 pr.
335 471 367 497 de
393 480 462 497 usur.
486 471 527 496 22.
551 471 572 496 l.
597 468 629 495 cl'.
653 468 683 494 l'r.
703 469 744 494 49.
770 468 783 501 3
810 469 835 493 3.
860 466 892 493 de
916 465 948 492 V.
968 466 1002 492 Ο.
1026 466 1067 491 45.
1088 466 1110 491 l.
1155 464 1177 498 3.
1196 466 1220 490 2.
1245 463 1278 490 de
1297 463 1357 490 don.
1378 464 1425 490 int.
1446 463 1477 491 V.
1496 466 1538 491 24.
1560 467 1582 492 l.
1603 465 1635 492 cf.
1660 465 1692 492 t'r.
1710 467 1752 492 32.
1777 465 1798 499 3.
1818 467 1842 492 2.
1867 464 1899 491 ad
1919 464 1947 492 S.
1967 464 1998 492 C.

272 516 325 550 Qui
344 524 373 540 se
393 512 534 540 defendere
553 517 667 549 paratus,
686 521 735 548 pro
755 509 880 537 tribunali
900 507 1051 535 Praesidem
1069 506 1110 534 Pr.
1132 511 1134 536 J
1155 506 1216 533 Vell
1245 508 1285 533 16.
1307 508 1327 532 1.
1365 506 1504 544 Capieutis
1523 518 1644 545 persona.
1657 523 1688 527 -
1707 507 1894 545 Interpositus.
1914 507 1944 535 sr.
1957 509 1999 534 57.

272 557 423 594 frequenter
441 555 599 593 interpellat.
622 554 654 581 fr.
678 556 716 580 14.
736 553 769 580 de
788 554 813 579 in
833 553 874 578 ius
893 561 950 578 voc.
969 553 994 578 2.
1014 552 1038 577 4.
1072 549 1112 577 ln·
1133 552 1134 595 i
1156 548 1188 576 ad
1206 548 1236 576 L.
1256 548 1326 576 Falc.
1346 550 1388 575 35.
1408 552 1432 576 2.
1469 549 1512 577 111.
1529 551 1594 578 Gn.
1617 550 1655 577 lta
1675 551 1763 588 coepit
1782 551 1896 577 Senatus
1915 560 1944 577 se
1963 551 2000 577 in-

272 599 435 638 terpellando
460 598 584 630 iudicem,
602 596 645 624 vel
664 595 839 634 supplicando
859 594 1037 631 Principibus,
1057 592 1113 626 (ad-
1133 598 1134 630 g
1156 596 1304 629 terponere,
1324 594 1363 625 (et
1382 591 1512 628 quidquid
1525 594 1718 622 constituisset.
1738 593 1949 626 observabatur.)
1969 592 2000 619 fr.

271 653 365 670 versus
385 647 460 679 pacta
478 640 587 674 venire.)
609 650 630 666 e.
649 641 691 666 41.
712 639 744 665 de
763 642 886 664 transact.
902 639 926 664 2.
939 638 962 664 6.
978 653 1011 657 --
1030 636 1061 670 §0
1076 637 1112 663 Β.
1134 636 1135 655 l
1155 636 1180 661 2.
1200 635 1221 668 3.
1242 636 1266 660 9.
1290 634 1322 661 de
1342 634 1375 660 Ο.
1396 634 1413 661 Ι,
1434 636 1457 660 1.
1476 637 1501 661 2.
1539 635 1690 663 Praetorem
1714 637 1883 673 interponere
1907 646 1948 668 se,
1974 640 2002 662 ut

272 687 487 717 Interdicere,
507 685 693 712 Prohibere.
731 681 749 707 I.
770 682 832 715 Sy.
852 679 1004 707 Prohibere.
1025 679 1056 706 fr.
1069 680 1111 705 33.
1157 676 1274 704 officium
1294 693 1323 696 —
1344 677 1472 714 impleret.
1493 677 1524 704 fr.
1543 680 1568 705 3.
1589 679 1654 713 3.1.
1675 678 1708 705 de
1727 689 1778 706 rec.
1799 689 1842 716 qu.
1863 678 1918 705 arb.
1937 679 1962 704 4.
1976 680 2000 704 8.

271 729 348 756 locat.
370 730 409 754 19.
428 730 451 754 2.
478 727 519 754 [II.
534 728 598 754 Gn.
618 724 657 751 Ne
677 723 804 756 venditio,
824 723 982 760 quandoque
1000 721 1113 757 eligente
1158 719 1191 746 cs.
1211 719 1242 746 fr.
1264 720 1304 746 16.
1323 719 1345 752 3.
1359 721 1384 746 3.
1404 720 1434 747 t'r.
1448 722 1490 747 24.
1510 721 1531 755 3.
1553 723 1576 748 l.
1596 721 1629 748 de
1647 723 1740 748 minor.
1759 724 1784 749 4.
1802 723 1826 748 4.
1846 720 1877 748 fr.
1897 722 1921 748 6.
1941 721 1963 755 3.
1976 722 2001 747 6.

272 772 409 808 legatario,
433 768 621 808 interpelletur.
648 767 678 793 fr.
697 768 721 794 6.
746 766 779 793 de
803 771 857 804 opt.
882 776 906 793 v.
927 766 1002 793 elect.
1026 766 1068 792 33.
1088 766 1112 791 5.
1134 761 1136 819 ς

272 815 304 842 cf.
324 824 345 841 c.
365 816 389 841 3.
415 815 438 840 si
462 814 557 848 antiqu.
583 810 652 837 cred.
672 812 696 836 8.
715 812 757 836 20.
795 809 920 836 Obtineri
943 819 995 835 non
1014 811 1113 846 potest,
1156 810 1250 843 ponat,
1275 805 1439 842 quorundam
1463 807 1667 833 necessitatibus
1691 806 1793 834 facilius
1817 816 2002 834 succursuros.

272 858 413 895 quominus
433 856 490 889 lege
506 854 642 880 libertates
660 852 900 890 interpellarentur.
920 852 950 878 fr.
963 853 986 878 7.
1000 861 1039 888 pr.
1059 850 1113 886 Qui
1135 830 1136 872 l
1157 849 1188 875 l'r.
1207 850 1232 875 5.
1256 848 1278 882 3.
1297 850 1321 874 2.
1346 847 1379 874 de
1404 848 1527 885 adgnosc.
1552 854 1578 876 et
1602 849 1687 876 alend.
1706 852 1748 876 25.
1768 852 1792 876 3.
1829 849 2003 887 Interponere

272 906 298 928 et
317 912 330 927 a
351 910 393 937 qu.
413 885 479 925 masi.
497 899 539 923 40.
559 898 583 924 9.
604 896 638 923 cl'.
659 896 689 923 fr.
708 898 751 922 30.
771 895 857 922 mand.
878 896 917 922 17.
934 897 956 922 1.
977 910 1010 914 --
1029 894 1061 928 ξ.
1075 894 1112 920 3.
1135 892 1137 934 j
1157 902 1187 918 se
1206 901 1279 918 suam
1298 890 1517 924 benevolentiam,
1537 892 1583 925 (D.
1599 891 1661 919 Pius
1681 893 1840 929 rescripsit.)
1859 892 1891 919 fr.
1905 894 1947 919 52.
1962 901 2002 929 pr.

1158 763 1209 798 Qu.
1229 763 1255 789 in
1275 762 1306 789 fr.
1332 762 1402 789 cred.
1421 764 1463 789 42.
1483 764 1506 789 8.
1544 763 1581 791 Vt
1605 764 1748 800 utrubique
1770 774 1800 791 se
1824 763 1905 791 iudex
1923 764 2003 790 inter—

271 946 525 976 Interrumpere,
554 941 716 970 Turbare,
742 940 943 973 Inquielare.
986 937 1015 964 11.
1045 938 1137 976 ⁰1.)-¹

271 987 374 1015 Durare
393 990 519 1022 coeptam,
539 998 572 1002 —
595 981 762 1019 1nterpellari
780 980 1003 1018 (usucapionem.)
1023 979 1053 1006 fr.
1072 981 1113 1005 33

271 1030 294 1064 3.
313 1031 337 1056 6.
358 1028 390 1055 de
409 1036 497 1063 usurp.
517 1027 558 1052 41.
578 1027 602 1052 3.
623 1025 653 1052 fr.
673 1027 698 1051 2.
717 1025 739 1059 3.
758 1026 800 1051 21.
821 1024 851 1050 fr.
872 1026 912 1050 13.
932 1033 980 1061 pro
1001 1027 1060 1049 emt.
1072 1023 1114 1048 41.
1137 1024 1138 1035 ¹

270 1075 295 1099 4.
332 1071 375 1098 111.
396 1072 461 1099 οη.
486 1068 569 1095 Nemo
589 1073 640 1094 tam
658 1072 802 1105 perpetuo,
822 1072 874 1093 tam
893 1067 1060 1093 continenter
1077 1066 1116 1091 ire

270 1120 376 1154 potest,
402 1118 430 1140 ut
453 1111 527 1138 nullo
551 1116 683 1138 momento
707 1111 845 1147 possessio
873 1111 929 1136 eius
952 1107 1116 1146 interpellari
1137 1118 1138 1128 ¹

270 1158 397 1186 videatur.
418 1155 448 1182 sr.
470 1157 512 1181 14.
531 1165 570 1192 pr.
591 1154 623 1181 de
642 1155 733 1180 servit.
747 1156 770 1180 8.
792 1155 814 1179 1.
852 1152 911 1179 Non
930 1157 1018 1178 tamen
1037 1152 1116 1178 inter-

269 1201 352 1239 pellat
371 1201 420 1233 (sc.
441 1198 484 1225 lex
502 1197 580 1230 Iulia)
600 1207 655 1224 eam
674 1197 887 1234 possessionem.
909 1206 975 1232 quae
993 1205 1042 1232 per
1060 1194 1138 1227 lon-,1

270 1254 330 1282 gum
350 1248 452 1279 tempus
477 1241 516 1267 fit.
540 1240 571 1267 fr.
592 1242 632 1266 16.
653 1240 685 1266 de
706 1239 786 1266 fundo
807 1239 861 1266 dot.
881 1240 923 1265 23.
942 1241 966 1265 5.
1005 1238 1059 1273 Qui
1078 1239 1115 1263 iu·
1136 1232 1138 1246 ³

270 1292 340 1314 stum
359 1286 462 1312 initium
481 1285 662 1321 possessionis
686 1282 791 1315 habuit,
817 1292 865 1308 nec
888 1281 975 1308 medio
994 1285 1115 1318 tempore
1136 1297 1138 1308 ⁴

270 1328 455 1366 interpellatus
469 1331 517 1353 est.
538 1326 610 1353 Paul.
624 1326 656 1353 Y.
669 1329 693 1353 2.
713 1327 734 1360 3.
754 1328 777 1352 4.
816 1325 846 1351 Si
866 1324 934 1351 sorte
951 1324 1115 1351 usufructua-
1136 1314 1138 1366 ζ

270 1374 335 1405 rius,
355 1381 413 1398 cum
432 1370 519 1408 possit
538 1370 725 1406 usucapionem
740 1368 918 1405 interpellare,
938 1366 1063 1403 neglexit.
1083 1366 1114 1392 fr.

272 1419 294 1443 l.
314 1416 336 1450 3.
357 1417 380 1441 7.
405 1413 487 1440 ususr.
512 1412 630 1449 quemad.
656 1423 710 1439 cav.
737 1414 760 1438 7.
781 1413 804 1438 9.
842 1411 926 1438 Cuius
947 1410 1035 1437 officio
1056 1419 1115 1436 usu-

272 1460 397 1496 capiones
422 1455 638 1492 interpellantur,
667 1466 709 1487 ac,
738 1465 771 1481 ne
799 1454 933 1481 debitores
961 1453 1115 1485 liberentur,

271 1500 434 1540 providetur.
463 1498 493 1525 sr.
515 1501 537 1525 1.
566 1500 587 1533 3.
612 1501 636 1525 4.
662 1498 695 1525 de
719 1508 788 1524 mun.
813 1502 839 1524 et
862 1497 924 1524 lion.
948 1499 990 1523 50.
1014 1498 1038 1523 4.
1075 1496 1116 1527 Is,
1138 1501 1139 1526 ἢ

272 1545 346 1572 cuius
369 1545 481 1569 interest
505 1541 572 1568 bona
596 1541 707 1568 alicuius
732 1551 785 1568 uon
804 1539 975 1578 interpellari.
999 1550 1020 1566 c.
1039 1541 1063 1566 5.
1084 1539 1116 1566 de

271 1589 328 1614 iure
346 1586 412 1612 fisci.
434 1586 474 1610 10.
496 1586 520 1613 l,

308 1627 588 1661 luten-pellatia.
609 1628 640 1661 ἓ.
655 1628 690 1654 1.
711 1628 919 1660 ΑᾱΡεΙΙαιίο,
940 1627 1115 1656 Ευοεαίίο,

272 1672 494 1700 conveniendi
514 1676 618 1697 actus.
655 1670 673 1696 1.
690 1671 752 1704 Sy.
777 1668 935 1706 inquietudo
955 1668 1116 1702 (muneris.)

271 1715 322 1743 Th.
343 1715 374 1742 C.
393 1713 462 1740 Xlll.
488 1715 513 1740 3.
538 1723 559 1739 c.
580 1714 620 1739 10.
646 1723 667 1739 c.
690 1714 729 1739 12.
755 1712 787 1738 de
810 1712 904 1739 medic.
925 1717 950 1738 et
969 1711 1037 1749 prot'.
1074 1710 1117 1736 111.
1139 1719 1140 1728 ¹

272 1760 339 1786 Cn.
359 1757 389 1783 Si
403 1758 462 1793 quis
476 1756 625 1793 obrepserit
639 1754 757 1782 Praesidi
768 1754 820 1787 Pr.9
838 1759 891 1781 tam
909 1765 958 1792 per
971 1759 1027 1780 acta
1041 1764 1118 1790 quam
1139 1774 1140 1780 .

273 1812 320 1839 per
339 1800 424 1828 libelli
442 1799 690 1836 interpellationem.
711 1798 741 1825 fr.
754 1800 797 1825 29.
816 1797 849 1824 de
861 1797 891 1824 L.
907 1797 988 1824 Corn.
1009 1797 1041 1823 de
1061 1796 1117 1823 tals,

272 1846 315 1870 48.
331 1846 368 1870 10.
397 1842 456 1869 Non
476 1847 566 1879 potest
585 1841 669 1868 videri
688 1842 715 1867 in
735 1841 860 1867 iudicium
873 1841 988 1872 venisse,
1003 1856 1033 1859 —
1048 1839 1119 1866 ideo·
1140 1842 1141 1859 ἶ

273 1897 325 1924 que
344 1886 392 1912 alia
412 1885 625 1922 interpellatione
645 1894 712 1921 opus
732 1889 780 1910 est.
800 1884 830 1910 i'r.
843 1886 884 1910 23.
905 1883 938 1910 dc
957 1883 1035 1909 iudic.
1055 1885 1080 1909 5.
1095 1884 1118 1908 l.

274 1930 414 1956 Convento
434 1928 562 1959 debitore,
583 1933 608 1954 et
627 1926 695 1964 apud
715 1926 828 1953 iudicem
845 1926 1060 1964 interpellatione
1080 1935 1119 1952 ce-

274 1973 382 1999 lebrata.
409 1982 430 1997 c.
449 1973 473 1997 3.
499 1971 521 1996 si
546 1980 584 2008 pr.
610 1970 672 2007 pub.
697 1971 792 2007 pensit.
811 1973 836 1996 4.
855 1972 897 1997 46.
926 1969 957 1996 cf.
983 1979 1005 1996 c.
1026 1971 1066 1995 17.
1087 1968 1119 1995 de

274 2015 366 2051 dignit.
393 2016 431 2040 12.
459 2015 481 2039 1.
511 2029 542 2032 —
571 2014 602 2047 §-
628 2014 662 2039 2.
693 2015 919 2047 [uteri-aptio,
948 2014 1117 2039 Turbatio.
1140 2011 1141 2017 ¹

274 2059 317 2085 111.
341 2059 407 2086 Gn.
439 2056 467 2082 1n
492 2057 664 2093 possessione
687 2055 818 2082 libertatis
842 2066 890 2093 per
912 2056 964 2081 XX
993 2065 1119 2081 annorum

276 2102 389 2138 spatium
407 2101 465 2126 sine
485 2098 699 2136 interpellatione.
718 2100 818 2125 morati.
844 2110 864 2125 c.
878 2101 902 2125 2.
923 2098 988 2125 del.
1010 2103 1025 2124 t.
1046 2108 1119 2135 prae-

276 2153 326 2169 scr.
347 2145 369 2169 7.
383 2146 425 2169 22.
455 2142 585 2168 Obtinere
603 2143 661 2168 siue
680 2141 892 2179 interpellatione
913 2141 961 2175 (id,
975 2141 1047 2178 quod
1061 2141 1120 2177 quis

277 2187 389 2217 emerit.)
410 2185 439 2211 l'r.
462 2187 518 2211 188.
538 2195 577 2222 pr.
597 2184 629 2211 de
650 2184 681 2211 V.
701 2184 728 2210 S.
748 2187 789 2210 50.
812 2186 851 2211 16,

313 2230 598 2260 Interpellator.
622 2229 798 2258 Turbatur.
819 2229 965 2254 Inrasor.
1003 2226 1120 2254 lucu.

278 2271 472 2298 Sollicitatores
497 2271 639 2297 alienarum
663 2271 827 2308 nuptiarum,
851 2271 968 2306 itemque
992 2271 1122 2296 matrimo-

278 2316 381 2341 niorum
401 2313 620 2349 interpellatores.
641 2313 713 2340 Paul.
736 2313 765 2340 V.
785 2316 810 2339 4.
831 2313 852 2347 3.
872 2315 896 2339 5.

316 2357 570 2389 interpolare·
609 2359 732 2383 Auram
745 2358 887 2393 sormam
908 2357 1059 2381 adiicere.
1079 2354 1122 2381 111.

279 2402 346 2428 Gn.
375 2398 537 2435 interpolant
556 2404 729 2431 veteratores,
755 2404 779 2426 et
799 2409 846 2436 pro
867 2399 978 2425 noviciis
998 2397 1122 2424 vendunt.

280 2443 310 2469 t'r.
330 2444 372 2469 37.
398 2441 430 2467 de
450 2441 536 2467 Aedil.
561 2441 637 2467 edict.
657 2444 698 2468 21.
720 2445 741 2468 1.
780 2442 819 2468 λι·
843 2443 986 2468 constituta
1009 2442 1124 2478 interpo-

280 2486 375 2512 lentur.
413 2484 494 2510 Gcsta
515 2484 541 2509 in
560 2484 621 2509 Seu.
642 2483 674 2509 de
694 2494 744 2510 rec.
765 2484 814 2511 Th.
835 2484 866 2511 C.
886 2484 977 2517 (wok.
998 2494 1022 2520 p.
1042 2486 1079 2516 5.)

318 2528 549 2560 luten-potus.
586 2525 724 2559 (Adiect.)
762 2530 1005 2561 Interpulalus,
1030 2528 1124 2562 Rese-

281 2578 357 2598 ctns.
396 2570 426 2596 11.
449 2571 516 2603 011.
536 2568 619 2600 Nova,
634 2584 665 2588 —
680 2568 812 2606 interpola
832 2571 1021 2603 (vestimenta.)
1042 2570 1124 2595 ¹1:45.

283 2613 314 2639 de
335 2618 416 2639 contr.
437 2617 497 2638 emt.
519 2614 558 2638 18.
581 2613 602 2638 1.

320 2658 585 2688 interponere.
627 2655 657 2688 §.
678 2655 711 2680 1.
737 2656 827 2681 Inter
851 2657 967 2689 aliqua
989 2665 1123 2689 ponere,

285 2700 493 2725 Intemererc.
531 2698 550 2724 1.
574 2700 636 2731 Sy.
668 2696 780 2729 Mediae,
806 2697 978 2734 interpositae
1003 2697 1126 2730 (aedes.)

285 2740 315 2766 l'r.
336 2742 359 2766 7.
379 2741 400 2773 3.
417 2743 437 2766 l.
458 2751 550 2767 comm.
571 2740 659 2777 praed.
679 2744 702 2766 8.
722 2743 746 2766 4.
784 2739 854 2766 Inter
874 2750 968 2766 moras.
994 2740 1125 2777 Tempore
1147 2746 1148 2768 l

285 2783 450 2819 interposito.
471 2784 500 2809 l'r.
521 2786 562 2810 33.
583 2782 616 2809 de
634 2782 665 2809 li.
683 2782 714 2809 N.
733 2784 774 2809 23.
794 2786 817 2809 2.
837 2782 868 2808 fr.
890 2784 946 2808 1-35.
967 2783 988 2818 3.
1004 2786 1028 2808 2.
1049 2783 1081 2809 de
1096 2782 1125 2809 V.

286 2826 319 2852 0.
339 2827 379 2851 45.
401 2826 422 2850 1.
448 2824 478 2850 l'r.
497 2828 538 2852 23.
564 2826 584 2859 3.
606 2827 630 2851 4.
656 2825 687 2851 ad
707 2824 736 2852 L.
758 2825 804 2852 lul.
829 2825 862 2852 de
884 2824 964 2851 adult.
989 2827 1030 2851 48.
1051 2828 1074 2852 5.
1095 2841 1126 2845 —

1158 934 1191 961 de
1209 935 1241 961 A.
1262 944 1285 960 v.
1306 932 1340 960 Ο.
1359 933 1390 960 Η.
1414 936 1456 960 29.
1475 937 1499 961 2.
1536 935 1729 962 Auctoritatem
1754 944 1828 961 snam
1852 936 2004 972 interponat

1136 990 1137 1000 κ
1158 977 1282 1010 (Praeses
1302 975 1356 1009 Pr.)
1375 975 1406 1002 fr.
1425 978 1450 1003 2.
1469 977 1491 1011 3.
1510 980 1535 1004 2.
1555 977 1588 1004 de
1607 988 1669 1015 opp.
1690 977 1751 1015 pub.
1771 980 1813 1004 50.
1832 980 1873 1005 10.
1910 977 2003 1007 Partes

1159 1030 1229 1051 suaS,
1249 1030 1272 1046 v.
1290 1018 1417 1045 Officium
1435 1020 1605 1057 interponere
1625 1020 1802 1054 (Praetorem,
1822 1030 1846 1047 v.
1865 1020 2003 1054 iudicem.)

1137 1062 1138 1071 ¹
1160 1063 1190 1089 l'r.
1210 1065 1252 1089 22.
1272 1062 1294 1096 3.
1314 1063 1338 1088 6.
1358 1061 1406 1088 sol.
1427 1064 1537 1090 matrim.
1556 1066 1598 1090 24.
1618 1066 1643 1090 3.
1663 1063 1694 1089 l'r.
1713 1065 1737 1089 5.
1763 1063 1786 1096 3.
1807 1065 1830 1090 1.
1850 1063 1883 1090 de
1901 1062 2005 1090 liberali

1160 1116 1181 1132 c.
1202 1107 1243 1131 40.
1264 1107 1303 1131 12.
1341 1104 1370 1131 Si
1389 1114 1495 1132 servum
1513 1106 1672 1143 interposuit
1690 1105 1793 1138 mulier,
1813 1107 1860 1139 (ut.
1878 1107 1902 1133 ei
1920 1105 2005 1132 trada—

1136 1156 1138 1160 ⁴
1160 1150 1228 1182 tur.)
1254 1148 1284 1174 l'r.
1306 1149 1346 1174 11.
1371 1147 1407 1181 33.
1427 1150 1452 1174 6.
1476 1158 1516 1185 sq.
1543 1148 1574 1175 de
1598 1148 1659 1175 don.
1681 1149 1728 1175 int.
1748 1147 1780 1175 V.
1800 1151 1842 1175 24.
1864 1151 1886 1176 1.
1923 1148 1954 1176 Si
1973 1149 2005 1181 iS,

1160 1193 1205 1228 qui
1224 1192 1250 1217 in
1270 1201 1298 1217 re
1317 1191 1492 1228 interpositus
1513 1196 1561 1223 est,
1581 1191 1659 1224 (nihil
1679 1191 1741 1218 dolo
1760 1191 1844 1225 fecit.)
1864 1191 1894 1217 sr.
1915 1193 1956 1218 12.
1982 1192 2006 1218 si

1160 1244 1203 1270 qu.
1224 1234 1250 1260 in
1270 1233 1300 1259 l'r.
1320 1238 1387 1270 patr.
1407 1236 1448 1260 38.
1468 1236 1492 1261 5.
1513 1234 1545 1261 cl'.
1565 1234 1595 1260 t'r.
1618 1235 1656 1260 18.
1677 1233 1709 1260 de
1728 1234 1846 1271 sponsal.
1865 1236 1907 1261 23.
1928 1236 1951 1260 1.
1972 1249 2004 1254 —

1160 1278 1191 1310 ξ.
1209 1277 1246 1303 3.
1266 1278 1445 1310 Λάμοιιενε,
1465 1279 1664 1311 Proponere,
1685 1278 1864 1304 Celebrate.
1902 1276 1920 1303 I.
1940 1278 2004 1311 Sy.

1159 1319 1312 1357 Adponere,
1331 1319 1475 1357 Adplicare
1494 1320 1673 1353 (conditiones
1688 1321 1749 1353 etc.)
1769 1319 1800 1347 fr.
1819 1321 1860 1346 31.
1881 1319 1914 1346 de
1928 1321 1961 1346 0.
1980 1324 2006 1346 et

1159 1364 1191 1390 A.
1216 1364 1258 1388 44.
1283 1364 1306 1388 7.
1342 1362 1492 1399 Expouere.
1520 1363 1561 1389 Ct'.
1586 1362 1610 1389 h.
1636 1373 1660 1390 v.
1685 1363 1707 1396 3.
1731 1365 1756 1389 2.
1797 1362 2006 1389 Accommodare

1160 1406 1363 1439 (auctoritatem,
1383 1415 1408 1432 v.
1427 1405 1529 1438 fidem.)
1550 1405 1606 1432 Gai.
1626 1405 1645 1432 1.
1667 1407 1724 1432 190.
1746 1407 1803 1432 192.
1823 1415 1864 1442 sq.
1884 1404 1946 1443 le.
1959 1405 2005 1433 XI.

1137 1456 1138 1468 ³
1159 1452 1201 1475 25.
1216 1459 1256 1485 sq.
1276 1448 1307 1474 t'r.
1323 1450 1363 1475 10.
1383 1458 1423 1485 pr.
1443 1449 1480 1482 33.
1502 1451 1524 1475 1.
1546 1459 1585 1486 sq.
1606 1448 1639 1475 de
1658 1448 1684 1475 h.
1704 1458 1748 1485 qu.
1768 1453 1797 1475 ut
1816 1449 1914 1485 indign.
1927 1451 1968 1475 34.
1981 1449 2006 1476 9.

1160 1492 1202 1518 111.
1225 1494 1291 1519 Cn.
1316 1490 1517 1518 Consideranda
1537 1496 1612 1523 sunt,
1632 1502 1664 1518 an
1682 1491 1726 1518 hic
1746 1491 1861 1524 dederit,
1881 1493 1926 1528 qui
1945 1491 2007 1518 dare

1160 1537 1256 1572 potuit,
1269 1550 1302 1554 -
1317 1539 1342 1561 et
1361 1544 1409 1571 pro
1428 1534 1557 1561 tribunali
1577 1535 1711 1561 decretum
1725 1536 1918 1572 interpositum.
1939 1534 1970 1561 l'r.
1983 1536 2006 1561 7.

1138 1588 1140 1604 1
1162 1580 1183 1612 3.
1206 1580 1229 1605 l.
1249 1578 1281 1605 cf.
1301 1577 1332 1604 t'r.
1352 1579 1376 1603 5.
1397 1577 1429 1604 de
1449 1578 1567 1604 confirm.
1593 1582 1639 1605 tut.
1659 1580 1701 1604 26.
1721 1581 1745 1605 3.
1771 1578 1802 1605 1ἰ·.
1821 1579 1863 1604 29.
1888 1578 1910 1611 3.
1929 1579 1954 1604 2.
1974 1577 2008 1604 de

1162 1623 1253 1648 minor.
1273 1623 1296 1647 4.
1316 1622 1340 1647 -1,
1379 1620 1448 1647 Cum
1466 1631 1479 1647 a
1499 1622 1629 1647 sententia
1648 1623 1801 1658 provocatio
1821 1622 2006 1657 interponitur.

1162 1664 1204 1690 Fr.
1223 1663 1256 1690 de
1275 1663 1294 1689 1.
1314 1662 1342 1689 1¹¹.
1367 1663 1389 1697 3.
1412 1665 1451 1689 14.
1489 1662 1703 1696 Consenserunt.
1725 1681 1755 1685 —
1777 1669 1802 1691 et
1822 1664 2008 1701 interpositum

1162 1711 1202 1733 est
1221 1707 1437 1738 instrumentum,
1458 1711 1484 1732 et
1502 1706 1603 1732 adiecta
1621 1717 1714 1744 poena.
1734 1707 1765 1734 l'r.
1786 1709 1844 1733 1:54.
1863 1717 1902 1744 pr.
1922 1706 1955 1733 de
1974 1705 2007 1733 V.

1163 1751 1195 1776 0.
1216 1752 1257 1776 45.
1283 1751 1304 1775 1.
1326 1748 1357 1776 cf.
1383 1749 1413 1775 l'r.
1432 1751 1474 1775 35.
1504 1749 1536 1775 de
1560 1754 1628 1786 pact.
1648 1752 1672 1777 2,
1693 1752 1734 1777 14.
1772 1749 1953 1777 Testationem
1970 1751 2008 1776 in-

1163 1797 1229 1829 terp.
1248 1793 1412 1825 (contrariae
1431 1792 1601 1826 voluntatis.)
1625 1792 1656 1819 fr.
1678 1795 1718 1819 16.
1743 1792 1775 1819 ad
1794 1793 1861 1819 S.C.
1880 1792 1945 1820 Mac.
1966 1794 2008 1819 14.

1162 1837 1186 1862 o.
1226 1834 1341 1861 onrem
1360 1835 1464 1867 ducere,
1484 1836 1625 1862 testatione
1644 1837 1799 1874 interposita
1820 1841 1869 1863 etc.
1890 1835 1950 1873 le.
1963 1835 2008 1862 111.

1162 1880 1186 1904 3.
1225 1878 1300 1913 Quae
1318 1877 1406 1904 solent
1425 1878 1611 1915 stipulationes
1635 1880 1704 1906 inter
1727 1879 1851 1906 heredem
1869 1884 1895 1906 et
1915 1879 2008 1917 partia-

1140 1923 1141 1928 *
1163 1923 1230 1948 rium
1249 1921 1401 1957 legatarium
1420 1922 1560 1959 interponi.
1581 1922 1638 1950 Gai.
1658 1922 1688 1948 ll.
1708 1925 1767 1949 254.
1787 1924 1846 1949 257.

1198 1966 1410 1998 Inter-pres.
1439 1965 1469 1998 ξ.
1489 1966 1524 1991 1.
1545 1967 1788 1993 internuncius.
1825 1965 1844 1992 l.
1864 1965 1926 1999 Sy.
1945 1963 2008 1990 Pro-

1163 2013 1266 2039 xeneta,
1285 2007 1479 2035 lnternuncius.
1499 2008 1529 2034 l'r.
1545 2010 1585 2034 18.
1605 2007 1638 2034 de
1657 2007 1774 2045 sponsal.
1787 2010 1828 2034 23.
1844 2009 1866 2034 1.
1887 2008 1916 2033 i'r.
1928 2009 1952 2033 2.
1966 2016 2006 2043 sq.

1164 2051 1197 2078 de
1216 2055 1351 2088 proxenet.
1372 2053 1413 2078 50.
1435 2053 1474 2077 14.
1512 2050 1555 2077 111.
1568 2052 1634 2078 Cn·
1654 2050 1811 2087 Sequestres
1831 2055 1909 2086 atque
1928 2051 2008 2076 inter-

1165 2099 1262 2131 prete-S,
1282 2095 1353 2120 taciti
1373 2095 1461 2120 nuncii
1480 2094 1651 2128 renunciique
1671 2095 1796 2130 corrupti.
1821 2092 1870 2119 Th.
1883 2092 1914 2119 C.
1926 2092 1969 2119 111.
1983 2094 2008 2119 7.

1165 2148 1186 2164 c.
1207 2139 1229 2163 1.
1249 2147 1289 2174 pr.
1310 2136 1342 2163 de
1362 2141 1434 2173 nupt.
1458 2153 1486 2156 —
1507 2137 1538 2169 §-
1560 2137 1594 2162 2.
1617 2137 1679 2168 Qui
1698 2138 1879 2162 oracionem
1899 2138 2008 2162 obscu-

1164 2190 1231 2207 ram
1249 2181 1406 2214 explicat.
1434 2178 1479 2205 111.
1499 2180 1565 2206 (In.
1586 2178 1621 2205 Vt.
1639 2183 1749 2215 uterque
1768 2178 1875 2205 alterius
1894 2178 2008 2215 linguam

1143 2257 1145 2262 .
1166 2222 1307 2259 intelligat,
1327 2223 1384 2248 sive
1402 2232 1450 2258 per
1470 2232 1507 2254 se,
1527 2223 1583 2248 sive
1602 2231 1649 2258 per
1667 2231 1757 2247 verum
1777 2222 1955 2259 interpretem.
1975 2221 2007 2249 fr.

1169 2269 1190 2292 1.
1211 2266 1232 2299 3.
1252 2269 1276 2292 ti.
1297 2265 1329 2291 de
1351 2264 1379 2291 V.
1400 2266 1433 2291 Ο,
1454 2267 1494 2291 45.
1516 2267 1538 2291 1.
1576 2265 1639 2290 Sine
1658 2264 1746 2301 aliquo
1771 2266 1835 2291 iuris
1860 2269 1941 2296 teste,
1966 2264 2008 2291 vel

1144 2309 1145 2314 ¹
1167 2310 1323 2346 interprete,
1347 2310 1497 2345 (competat
1521 2307 1618 2334 directa
1638 2306 1773 2340 libertas.)
1798 2308 1847 2334 Th.
1868 2308 1898 2334 C.
1919 2307 1964 2334 lv.
1984 2309 2008 2334 7.

1168 2363 1188 2378 c.
1211 2355 1232 2378 1.
1253 2353 1274 2386 3.
1296 2353 1318 2378 l.
1343 2351 1375 2378 (le
1394 2361 1504 2377 manum.
1524 2351 1550 2376 in
1574 2350 1637 2376 eccl.
1680 2350 1744 2377 Tam
1769 2351 1907 2383 conditor,
1932 2361 2009 2388 quam

1168 2397 1298 2432 interpres
1319 2394 1403 2430 legum
1422 2394 1508 2427 (solus
1528 2393 1604 2430 Imp.)
1625 2404 1645 2419 c.
1662 2396 1700 2419 12.
1721 2394 1786 2427 3.1.
1807 2393 1839 2420 de
1857 2393 1910 2420 LL.
1932 2395 2007 2420 1.14.

1168 2439 1278 2474 Antiqui
1298 2439 1383 2473 legum
1402 2438 1568 2473 interpretes.
1588 2447 1609 2462 c.
1623 2440 1663 2462 22.
1684 2436 1716 2463 de
1735 2437 1796 2464 l'urt.
1810 2439 1834 2463 6.
1847 2440 1870 2463 2.
1885 2437 1917 2463 ci'.
1937 2447 1958 2463 c.
1968 2438 2008 2464 17.

1169 2482 1201 2508 de
1221 2481 1306 2507 tideie.
1326 2480 1389 2506 libb.
1409 2481 1432 2505 7.
1453 2481 1476 2505 4.

1204 2522 1473 2557 Interpretari.
1514 2524 1712 2556 Explicare,
1743 2524 1918 2556 Expone-re.
1964 2521 2006 2548 ΠΙ.

1170 2570 1235 2596 Cn.
1272 2567 1426 2603 Antiquitas
1451 2566 1599 2592 institutum
1619 2571 1687 2597 erat,
1712 2570 1739 2592 ut
1758 2571 1860 2598 essent,
1885 2567 1929 2603 qui
1953 2566 2007 2591 iura

1170 2611 1275 2649 publice
1294 2611 1537 2645 iinterpretarentur.
1557 2610 1577 2643 3.
1594 2613 1617 2635 8.
1637 2609 1655 2635 1.
1676 2608 1708 2635 de
1727 2608 1745 2634 1.
1759 2608 1791 2634 B.
1806 2610 1829 2634 1.
1843 2612 1867 2635 2.
1887 2609 1918 2635 et'.
1938 2608 1968 2634 fr.
1981 2609 2005 2633 2.

1170 2656 1207 2688 33
1227 2657 1251 2680 4.
1271 2654 1312 2678 47.
1332 2651 1365 2678 dc
1385 2652 1417 2677 0.
1438 2652 1455 2678 l.
1472 2654 1493 2678 l.
1506 2654 1530 2678 2.
1563 2652 1608 2678 Sic
1627 2657 1711 2678 autem
1731 2652 1934 2688 interpretantur
1948 2660 2007 2687 pru-

1170 2698 1262 2723 dentes
1283 2695 1328 2721 has
1354 2696 1565 2722 constitutiones.
1594 2694 1676 2721 vatic.
1701 2695 1802 2728 §.132
1839 2693 1951 2720 Scientia
1971 2694 2007 2719 in-

1170 2737 1338 2776 terpretandi.
1359 2737 1388 2764 l‘r.
1409 2740 1432 2764 2.
1452 2739 1474 2772 3.
1491 2740 1515 2764 6.
1535 2738 1567 2765 de
1587 2738 1619 2764 Ο.
1639 2737 1657 2764 1.
1678 2740 1700 2764 1.
1720 2740 1744 2764 2.
1782 2738 1836 2773 Qui
1853 2737 2007 2762 sententiam

1171 2782 1237 2809 male
1256 2782 1422 2818 interpretari
1442 2781 1552 2813 dicitur,
1572 2797 1598 2801 --
1628 2782 1650 2807 si
1674 2786 1760 2807 tamen
1778 2782 1800 2807 is
1819 2778 2007 2815 interpretandi

1171 2829 1329 2862 potestatem
1353 2824 1456 2857 habuit,
1484 2824 1557 2851 velut
1580 2823 1689 2850 Praeses
1715 2823 1757 2850 Pr.
1785 2822 1814 2848 st.
1833 2824 1857 2848 4.
1887 2822 1950 2855 31.
1975 2821 2007 2848 de
