2197 3121
243 177 308 208 960

244 268 295 285 scr.
309 268 351 284 vr.
367 259 406 284 19.
420 259 444 283 5.
459 257 488 284 sr.
504 259 527 283 7.
541 266 578 294 pr,
593 255 642 282 sol.
662 255 773 281 matrim.
792 255 834 280 24.
853 254 879 280 3.
899 268 933 273 —
954 253 986 287 ξ.
1001 253 1092 279 ³.A.
1114 259 1115 274 ¹

245 303 381 336 capere.
402 302 582 333 percipere.
620 298 639 324 l.
653 299 716 332 Sy.
738 296 850 334 Capere.
869 295 1005 333 Conseqni
1021 296 1094 332 (por-

245 345 353 377 tiones.)
373 343 402 370 L.
417 343 490 370 l'iom.
511 342 589 377 Bnrg.
611 343 650 366 10.
687 340 730 367 111.
747 341 813 367 Cn.
832 339 962 376 Exemplo
979 338 1092 369 sublato,

243 387 395 423 (obsignari
415 384 594 416 testamenta.)
620 382 694 410 Paul.
720 381 764 409 IV.
784 383 808 408 6.
832 382 853 416 3.
873 384 896 408 2.
938 381 1093 412 Pensiones,
1115 398 1116 406 η

243 440 311 467 quae
329 429 453 465 deinceps
473 427 591 454 sublatae
611 438 624 453 a
639 424 858 463 competitoribus
872 425 975 451 l'uerint.
997 423 1047 451 Th.
1062 423 1092 450 C.

244 472 302 500 XV.
324 475 346 498 1.
367 482 387 498 e.
407 473 448 497 41.
463 470 496 497 de
510 481 569 508 opp.
584 470 646 508 pub.
661 485 693 489 —-
713 468 744 502 §0
760 469 850 498 3.,B.
872 470 1093 495 Contreclare.

246 518 409 549 Abripere.
447 513 465 540 1.
485 515 546 548 Sy.
571 512 691 540 Auferre.
716 510 757 538 Cf.
782 510 808 537 h.
831 521 854 537 v.
879 511 902 544 3.
927 512 950 537 l.
978 509 1093 541 furtiva,

246 558 354 586 Sublata
383 558 471 590 (res.)
500 556 530 583 fr.
549 558 592 583 56.
616 557 638 590 3.
659 557 681 581 l.
708 554 740 581 de
759 553 819 580 furt.
839 555 880 579 47.
900 555 925 580 2.
962 552 1005 579 III.
1027 554 1093 580 011.

246 602 300 638 Qui
319 602 386 626 intra
406 601 534 626 terminos
553 600 609 626 eius
629 598 689 625 loci.
709 596 779 624 unde
796 595 859 633 quid
879 595 1031 627 sustulerat,
1051 594 1094 622 de-

245 643 393 682 prehensus
420 648 467 669 est.
492 642 565 669 Panl.
586 641 617 668 II.
636 642 678 668 3l.
702 641 724 675 3.
743 642 767 666 2.
793 639 825 666 ct'.
851 638 883 666 V.
906 641 948 666 27.
975 639 997 673 3.
1018 640 1040 664 1.
1062 654 1092 658 —
1114 657 1115 667 1

247 688 278 721 ς’.
300 688 339 713 4.
359 688 539 717 Absumere,
563 687 764 712 Cvnsumere.
801 682 819 709 l.
835 683 897 717 Sy.
918 682 994 718 Quae
1012 683 1038 708 in
1052 681 1094 708 ab·
1114 692 1116 717 J

247 740 297 757 usu
317 730 499 759 continentur,
527 729 602 764 Quae
622 737 671 754 usu
699 725 841 757 tolluntur,
871 730 915 752 aut
942 722 1115 752 minuuntur?

246 773 324 806 (res.)
344 772 404 810 ΠΡ.
424 771 521 798 XXIV.
541 773 583 798 27.
603 771 632 797 fr.
655 772 676 796 l.
697 769 729 796 de
749 768 831 796 usufr.
851 778 902 795 ear.
923 778 971 795 rer.
987 769 1008 794 7.
1023 769 1047 794 5.
1062 783 1094 787 -—
1114 767 1116 771 “

247 817 278 850 ξ.
300 816 389 842 -Ι,Ᾱ.
414 817 580 846 Eximere,
601 815 753 841 Reiicere.
791 812 822 845 ᾗ.
845 813 880 838 l.
900 812 1028 838 Amittere
1048 811 1096 843 (ci-

247 859 381 891 vitatem.)
406 857 478 885 Tolli
502 859 553 888 (ex
572 866 680 883 numero
701 856 822 886 civium.)
842 854 898 881 Gai.
918 854 936 880 1.
958 855 1016 880 128.
1052 853 1095 880 Ill.
1115 870 1118 886 ι

248 903 315 930 011.
335 900 454 928 Sublatis
480 899 694 937 susceptoribus,
720 899 885 935 conquiescit
904 898 1095 933 (grassantium
1116 901 1118 931 ᾗ

249 944 367 982 cupido)
387 943 459 970 Paul.
480 943 511 969 Y.
525 945 548 969 3
569 943 590 977 3.
605 945 628 968 4.
667 942 750 978 Quae.
771 941 943 968 dubitationis
962 940 1095 967 tollendae
1116 957 1118 975 1

249 998 336 1019 cansa,
351 1004 382 1007 —
397 989 556 1014 inseruntur.
570 986 600 1012 l'r.
615 987 656 1011 59.
670 995 710 1022 pr.
724 984 809 1011 [nand.
824 986 864 1011 17.
878 986 899 1010 l.
911 999 942 1003 —
957 983 988 1016 ξ.
1003 985 1094 1010 -l-B.

248 1033 387 1067 Effeceu
405 1032 546 1064 privare.
567 1028 780 1063 1.Sy.Elidere.
796 1027 909 1054 Cf.h.v.
929 1025 1095 1057 Dissolvere.
1116 1053 1117 1059 ἵ

250 1073 361 1101 Solvere
373 1072 598 1106 (matrimonium.)
618 1070 691 1098 Paul.
702 1070 733 1097 II.
748 1072 786 1098 19.
805 1071 844 1104 33
855 1072 879 1097 2.
893 1071 916 1096 7.
942 1069 1095 1096 Terminare
1116 1075 1117 1102 j

251 1118 396 1153 (negotium
417 1116 478 1148 etc.)
504 1115 534 1141 t'r.
559 1116 601 1141 56.
621 1115 644 1148 3.
665 1116 686 1140 1.
707 1113 739 1140 de
759 1113 820 1140 furt.
839 1114 880 1139 47.
900 1114 924 1138 2.
962 1112 1094 1139 Liberarc.
1116 1106 1118 1141 ζ

249 1160 280 1186 sr.
301 1162 342 1186 «11.
362 1159 392 1185 fr.
412 1160 453 1185 62.
478 1158 508 1185 t'r.
529 1159 570 1185 95.
596 1157 618 1191 3.
637 1159 663 1184 3.
689 1156 722 1183 de
746 1156 825 1183 solut.
851 1157 892 1182 46.
911 1157 935 1182 3.
961 1156 990 1181 t'r.
1011 1157 1034 1181 5.
1055 1165 1095 1192 sq.

249 1203 280 1230 fr.
308 1205 347 1229 12.
372 1212 411 1238 sq.
436 1201 468 1228 de
496 1200 615 1238 acceptil.
644 1202 684 1226 46.
705 1202 729 1226 4.
766 1199 797 1226 ll.
820 1200 887 1232 ΟΡ.
911 1197 1038 1224 Pendere.
1062 1213 1096 1217 —

250 1245 331 1273 Tolli.
356 1244 417 1282 Ylp.
436 1244 470 1271 X.
489 1245 513 1270 3.
534 1253 572 1280 sq.
597 1243 767 1271 Innninuere,
789 1258 819 1261 —
846 1241 954 1268 Tollere
978 1242 1097 1273 (contra-

250 1290 342 1321 ctum.)
362 1288 394 1314 t‘r.
411 1289 453 1314 27.
474 1288 495 1321 3
514 1288 538 1313 3.
559 1286 591 1313 de
611 1291 679 1323 pact.
699 1288 722 1312 2.
746 1287 785 1311 lt.
822 1284 866 1311 III.
887 1285 952 1312 Cn.
990 1284 1019 1310 Si
1040 1289 1096 1322 pot-

251 1337 291 1358 est
311 1336 365 1357 tota
384 1341 426 1357 res
446 1330 513 1361 tolli.
533 1339 579 1356 eur
598 1339 650 1355 non
670 1334 695 1355 et
714 1328 866 1356 rel'ormari'?
887 1327 917 1354 sr.
938 1329 959 1353 7.
980 1328 1002 1361 3.
1017 1329 1040 1354 6.
1061 1328 1096 1354 ib.
1118 1337 1119 1344 ¹

250 1376 275 1401 2.
296 1376 336 1400 14.
373 1372 609 1410 Acceptilationem
629 1371 728 1408 aliquid
748 1372 846 1407 egisse.
871 1370 1028 1407 tollisscque
1049 1370 1096 1406 [al.

252 1417 416 1454 tulisseque]
443 1421 523 1442 totam
548 1414 742 1450 obligationem.
768 1414 798 1441 l'r.
818 1416 858 1441 13.
883 1414 904 1448 3.
924 1416 949 1440 4.
973 1413 1005 1440 de
1028 1424 1098 1440 aece-

251 1459 310 1498 ptil.
329 1460 371 1486 46.
392 1461 414 1485 4.
440 1459 497 1485 (jai.
517 1457 560 1484 11.
586 1459 643 1483 116.
664 1456 694 1483 fr.
716 1458 756 1483 17.
776 1458 842 1491 3.1.
863 1456 892 1483 (Γ.
912 1458 954 1483 27.
979 1457 1001 1490 3.
1021 1459 1045 1484 ’2.
1066 1456 1098 1483 de

251 1508 319 1541 pact.
338 1504 363 1528 2.
384 1504 423 1528 14.
461 1500 587 1531 Confusa.
607 1499 764 1536 sublataque
784 1500 933 1533 (servitus.)
953 1500 983 1526 fr.
997 1502 1038 1526 30.
1058 1510 1098 1537 pr.

252 1546 284 1573 de
304 1546 331 1572 S.
352 1545 379 1572 P.
395 1544 425 1571 V.
444 1546 467 1570 S.
481 1546 505 1570 2.
543 1543 642 1570 Partim
661 1542 763 1579 legibus
783 1542 916 1569 sublatum
936 1548 984 1574 est.
1004 1544 1098 1580 partim
1119 1537 1122 1569 Ῐ

252 1590 309 1626 ipsa
329 1587 502 1615 desuetudine
523 1586 693 1613 obliteratum
713 1591 753 1612 est
773 1585 835 1618 (boc
856 1590 939 1612 totum
958 1587 1021 1616 ius.)
1042 1586 1098 1611 Gai.
1120 1577 1122 1623 l

252 1631 269 1658 1.
292 1633 350 1658 111.
379 1631 411 1657 cl'.
431 1630 535 1657 15130.
556 1628 585 1655 L.
611 1628 722 1655 Claudia
747 1628 796 1655 lata
825 1633 877 1655 est.
903 1638 968 1665 quae
991 1628 1099 1654 sustulit

253 1674 385 1707 (tutelas.)
405 1673 441 1700 ld.
460 1673 478 1699 Ι.
500 1674 556 1699 157.
580 1673 636 1698 171.
657 1671 719 1708 Ylp.
740 1671 784 1697 XI.
799 1672 822 1697 S.
860 1671 978 1707 Ytraquc
996 1673 1099 1697 actione

253 1717 397 1753 obligatur,
423 1721 449 1742 et
473 1715 553 1742 altera
573 1714 680 1741 alteram
705 1724 757 1740 non
777 1713 861 1741 tollet.
888 1714 917 1741 fr.
937 1716 960 1740 2.
982 1715 1003 1748 3.
1025 1716 1047 1741 l.
1068 1714 1100 1740 de
1122 1726 1123 1748 l

253 1765 302 1786 tut.
328 1764 351 1785 et
377 1764 423 1786 rat.
443 1760 484 1785 27.
503 1760 527 1784 3.
553 1757 584 1784 cf.
610 1758 639 1784 sr.
660 1759 683 1784 6.
705 1756 832 1784 commod.
855 1758 894 1783 13.
914 1758 937 1783 6.
960 1774 990 1778 —-
1011 1758 1041 1790 ξ.
1063 1758 1099 1785 5.
1122 1750 1124 1792 l

257 1804 423 1834 Tolerure,
446 1803 623 1828 Sustinere.
661 1800 702 1827 Cf.
723 1811 746 1827 v.
767 1799 923 1827 Sustollcre.
944 1800 965 1833 3.
985 1801 1009 1826 3.

290 1846 529 1872 Tomentum.
568 1846 658 1871 Lana
678 1845 821 1875 concisa,
842 1846 921 1879 (qnae
935 1853 968 1869 ex
981 1842 1101 1869 vestibus
1123 1859 1124 1865 .

255 1887 381 1925 poliendo
401 1888 568 1917 detrahitur.)
607 1886 650 1913 111.
671 1888 737 1914 sn.
762 1885 848 1912 Lanae
868 1885 1045 1923 adpellatione
1065 1890 1103 1912 to-

255 1936 370 1958 mentum
395 1941 447 1956 non
472 1929 658 1957 continebitur.
683 1928 713 1956 [ν.
739 1930 780 1955 70.
802 1929 826 1963 3.
850 1931 873 1955 5.
899 1928 931 1955 de
955 1928 1031 1964 legat.
1059 1928 1101 1955 111.
1123 1937 1125 1958 ]

273 1974 314 2000 32.
1124 1984 1125 1988 ,

256 1974 265 2006 <
292 1974 481 2043 Tilndcre.
528 2016 664 2049 Lanam,
693 2017 850 2050 capillus,
878 2017 1005 2042 barbam
1033 1994 1126 2061 cae-l

256 2062 333 2086 dere.
372 2057 388 2085 I.
409 2059 471 2092 Sy.
490 2057 593 2084 Radere»
613 2057 764 2090 (barbam.)
786 2057 826 2084 Cf.
848 2057 872 2084 li.
893 2067 916 2083 v.
936 2058 957 2090 3.
977 2059 1001 2083 2.
1029 2058 1104 2092 Quae
1124 2075 1125 2078 κ

258 2103 357 2128 crinem
376 2110 452 2127 suum
471 2100 641 2128 absciderint.
661 2100 753 2127 Tonso
773 2101 859 2137 capite
879 2100 1034 2133 (feminae.)
1054 2099 1102 2127 Th.
1125 2090 1127 2110 ⁴

1124 2125 1127 2134 x

984 170 1082 202 TOM
1096 187 1134 194 -
1150 169 1253 201 TOR.

1139 251 1238 278 naclius
1257 251 1311 278 ssat.
1331 251 1379 278 sed
1398 261 1446 289 por
1464 254 1604 281 triennium
1618 259 1725 281 tonsura
1739 253 1846 291 quidem
1865 260 1890 281 et
1909 260 1982 282 reste

1114 318 1115 330 χ
1138 294 1264 364 ldaicorum
1284 299 1378 322 utatur.
1402 294 1450 322 lul.
1475 306 1515 334 ep.
1535 307 1595 324 nov.
1615 307 1636 323 c.
1657 299 1681 324 4.
1700 298 1723 332 3.
1743 299 1784 324 13.
1805 297 1848 324 Cl'.
1867 307 1891 324 v.
1912 297 1982 325 Ton-

1114 343 1115 365 ἶ
1157 347 1208 364 ere.

1173 380 1388 414 Topiarius.
1432 382 1494 414 Qui
1518 384 1648 416 peritus
1676 389 1723 410 ea!
1751 384 1873 417 operis,
1901 387 1985 418 quod

1138 429 1273 450 ornatus
1292 433 1393 450 causa
1411 426 1616 460 efformatur
1634 427 1681 458 (ex
1700 425 1806 457 arbore,
1827 426 1937 458 frutice,
1958 432 1984 454 et

1138 465 1241 498 herba.)
1276 465 1320 492 HI.
1338 467 1404 494 Gn.
1425 466 1579 504 Topiarium
1593 468 1712 499 ornandi.
1732 468 1885 495 saltuarium
1899 474 1985 496 autem

1139 508 1228 535 tuendi
1257 513 1283 535 et
1310 508 1478 536 custodiendi
1506 509 1580 537 fundi
1608 513 1689 548 magis
1714 528 1745 532 —
1770 517 1888 549 paratum
1917 521 1985 539 esse.

1138 552 1167 578 fr.
1187 553 1229 578 60.
1249 551 1271 585 3.
1289 553 1314 578 3.
1334 551 1366 578 de
1386 551 1462 587 legat.
1482 552 1525 580 III.
1545 555 1612 587 (32.)
1632 553 1663 581 fr.
1685 556 1726 581 12.
1747 555 1769 588 3.
1788 556 1830 581 42.
1849 554 1881 582 fr.
1902 556 1942 581 17.
1962 555 1984 590 3.

1137 597 1162 621 2.
1183 593 1215 621 de
1235 595 1310 621 instr.
1330 594 1379 631 leg.
1397 596 1439 622 33.
1461 597 1483 622 7.

1174 638 1301 664 Torat.
1334 640 1498 671 Stratum,
1519 642 1601 674 quod
1618 641 1708 667 circa
1727 646 1834 667 tarum
1852 642 1986 675 adponi-

1138 687 1199 707 tur.
1235 679 1278 706 ΠΙ.
1299 681 1364 708 011.
1389 680 1430 707 De
1454 683 1550 718 tapetis
1571 683 1660 719 quaeri
1678 687 1781 720 potest,
1800 696 1834 701 —
1855 687 1941 710 utrum
1960 683 1986 710 in
2019 707 2024 710 .

1138 728 1212 750 veste
1232 724 1293 755 sint,
1312 724 1381 750 sicut
1401 724 1529 760 stragula.
1550 735 1582 751 an
1600 726 1627 752 in
1646 724 1813 763 supellectile
1831 726 1901 752 sicut
1919 730 1988 752 tora-

1115 791 1116 797 ,
1139 766 1174 793 lia
1195 765 1246 801 [al.
1267 765 1407 800 thoralia.]
1428 776 1494 803 quae
1513 769 1621 805 proprie
1641 767 1694 803 [al.
1713 768 1838 806 propria]
1858 767 1987 805 stragulo-

1139 819 1197 836 rum
1216 819 1269 836 nou
1287 810 1366 836 sunt?
1391 809 1421 836 t'r.
1441 812 1465 836 5.
1484 820 1524 847 pr.
1551 810 1583 837 ct'.
1603 810 1634 838 fr.
1654 813 1678 838 3.
1698 821 1738 849 pr.
1764 811 1797 838 de
1822 811 1917 849 supell.
1937 810 1985 848 leg.

1116 854 1117 860 ¹
1139 854 1181 879 33.
1203 854 1243 878 10.

1177 895 1434 922 Torcularius.
1459 895 1598 929 (Adiect.)
1630 898 1677 923 Aa
1706 900 1856 925 torcular
1880 899 1987 932 peren·-

1140 949 1222 965 nens.
1260 938 1290 965 11.
1308 940 1376 972 ΟΡ.
1396 937 1465 964 lasa
1480 938 1628 966 torcularia.
1650 956 1680 960 -—
1701 938 1790 971 Dolia,
1811 945 1836 967 et
1849 941 1942 972 seriae,
1962 945 1988 966 et

1140 981 1288 1019 amphorae.
1312 980 1343 1007 fr.
1362 982 1421 1007 206.
1447 981 1479 1007 de
1498 980 1530 1008 V.
1550 981 1577 1008 S.
1597 983 1639 1008 50.
1660 983 1700 1009 16.
1725 982 1757 1009 cf.
1778 982 1809 1010 t'r.
1830 985 1870 1009 17.
1891 993 1929 1021 pr.
1955 982 1987 1010 de

1139 1025 1171 1051 A.
1190 1025 1220 1050 E.
1243 1023 1273 1050 V.
1294 1025 1334 1050 19.
1355 1025 1378 1049 l.

1175 1067 1438 1094 Tol-mentum.
1469 1067 1659 1100 Crat-intus,
1680 1068 1736 1104 (qui
1751 1069 1870 1095 veritatis
1884 1068 1988 1096 elicien-

1140 1109 1187 1136 dae
1206 1110 1287 1146 gratia
1306 1108 1418 1135 insertur
1437 1109 1554 1136 criminis
1573 1113 1720 1147 suspecto.)
1759 1110 1776 1138 I.
1792 1113 1856 1146 Sy.
1877 1111 1919 1138 De
1933 1112 1988 1148 qui-

1139 1152 1188 1179 bus
1209 1152 1242 1178 ob
1262 1162 1358 1178 noxam
1377 1153 1497 1188 quaestio
1518 1154 1655 1180 tormentis
1669 1153 1765 1180 habita.
1786 1154 1864 1181 Torti
1878 1159 1989 1192 propter

1139 1206 1241 1222 noxam.
1262 1195 1319 1222 Gai.
1339 1194 1357 1221 I.
1380 1197 1418 1221 13.
1444 1194 1505 1232 ΠΡ.
1525 1195 1544 1222 I.
1566 1197 1606 1222 11.
1643 1195 1686 1222 III.
1707 1198 1773 1224 Gn.
1797 1198 1821 1223 A
1850 1198 1989 1224 tormentis

1139 1239 1193 1270 his,
1214 1249 1280 1275 quae
1299 1239 1352 1264 reis
1372 1237 1460 1264 debita
1480 1243 1554 1270 sunt,
1580 1243 1606 1265 et
1625 1238 1656 1265 ab
1677 1239 1774 1266 ictibus
1794 1239 1988 1277 plumbatarum

1140 1282 1286 1308 habeantur
1304 1282 1441 1307 immunes.
1461 1280 1511 1307 Th.
1532 1280 1562 1307 C.
1582 1281 1640 1308 XII.
1662 1284 1684 1309 1.
1705 1292 1727 1309 c.
1745 1284 1788 1309 50.
1805 1282 1838 1309 de
1856 1282 1990 1309 decurion.

1142 1324 1304 1351 Yerberibus
1324 1334 1354 1350 ac
1372 1325 1520 1356 tormentis,
1540 1334 1624 1361 usque
1642 1325 1674 1351 ad
1688 1335 1818 1352 summum
1836 1325 1991 1363 periculum,

1142 1368 1272 1395 adflictus.
1292 1367 1323 1394 fr.
1343 1368 1367 1393 6.
1387 1366 1419 1393 ad
1438 1366 1468 1393 L.
1488 1366 1535 1393 Iul.
1555 1367 1588 1394 de
1606 1369 1632 1394 vi
1650 1368 1712 1405 pub.
1727 1370 1768 1394 48.
1783 1370 1806 1394 6.
1845 1368 1874 1395 Si
1894 1369 1920 1395 in
1939 1373 1991 1395 tor-

1142 1416 1228 1438 menta
1254 1411 1367 1437 animum
1395 1420 1544 1447 corpusque
1573 1410 1715 1437 duraverit.
1749 1410 1778 1438 fr.
1800 1412 1840 1438 18.
1870 1411 1892 1445 3.
1913 1413 1936 1438 l.
1957 1411 1990 1438 cf.

1120 1462 1121 1486 j
1142 1455 1173 1481 fr.
1195 1457 1217 1482 1.
1238 1455 1258 1488 3.
1278 1455 1320 1480 23.
1340 1453 1373 1480 de
1393 1454 1539 1490 quaestion.
1559 1454 1600 1479 48.
1622 1455 1662 1480 18.
1701 1454 1755 1490 Qui
1774 1455 1928 1486 tormentis,
1948 1454 1992 1481 vel

1143 1497 1393 1533 interrogationibus
1413 1496 1509 1523 fuerint
1529 1495 1619 1523 dediti.
1641 1496 1691 1523 Th.
1713 1496 1745 1524 C.
1764 1496 1809 1523 IX.
1823 1499 1864 1524 40.
1880 1507 1901 1523 c.
1923 1498 1946 1524 l.
1959 1496 1992 1524 de

1143 1551 1220 1578 poen.
1257 1540 1284 1566 In
1305 1539 1459 1566 criminibus
1479 1539 1602 1566 eruendis
1623 1556 1653 1560 —-
1674 1549 1727 1566 non
1747 1541 1835 1566 statim
1853 1551 1865 1566 a
1881 1544 1993 1566 tormen-

1144 1585 1178 1610 tis
1197 1583 1376 1620 incipiendum
1396 1588 1446 1614 est,
1466 1582 1580 1619 ideoque
1599 1584 1673 1620 prius
1687 1583 1847 1618 argumentis
1867 1592 1992 1619 quaeren-

1120 1641 1122 1661 3
1144 1627 1206 1654 dum
1226 1631 1275 1653 est.
1294 1625 1367 1652 Paul.
1388 1625 1419 1652 V.
1441 1627 1480 1652 14.
1501 1626 1523 1659 3.
1544 1628 1567 1652 1.

1180 1672 1337 1703 Torpor.
1374 1670 1543 1703 Languor,
1564 1670 1715 1703 [gnatia.
1752 1667 1797 1695 111.
1817 1669 1883 1696 (7η.
1911 1667 1993 1695 Debi—

1144 1713 1204 1739 litas
1224 1712 1408 1743 membrorum,
1428 1711 1471 1738 vel
1490 1712 1586 1738 mentis
1605 1716 1705 1748 torpor.
1726 1710 1776 1738 Th.
1798 1710 1828 1738 C.
1847 1710 1904 1737 XII.
1927 1713 1949 1738 l.
1970 1721 1992 1738 c.

1145 1757 1186 1783 59.
1206 1756 1228 1789 3.
1243 1757 1264 1782 1.
1285 1755 1318 1781 de
1337 1754 1470 1781 decurion.
1509 1754 1639 1791 Torporis
1659 1759 1736 1791 atque
1756 1754 1882 1790 segnitiae
1901 1754 1992 1786 (ratio-

1146 1809 1205 1825 nem
1223 1798 1323 1831 edere.)
1346 1797 1383 1824 Ib.
1404 1797 1471 1824 VIII.
1492 1799 1514 1823 l.
1539 1808 1561 1824 c.
1581 1798 1605 1824 9.
1625 1797 1690 1831 3.1.
1715 1797 1747 1824 de
1773 1807 1901 1824 numerar.
1927 1795 1993 1823 Tor-

1146 1852 1211 1880 pore
1229 1846 1390 1872 marcentes,
1416 1840 1534 1867 desidiae
1552 1841 1663 1866 somniis
1689 1841 1840 1866 oscitantes.
1865 1839 1902 1866 lb.
1929 1839 1947 1866 l.
1967 1841 1991 1866 5.

1123 1895 1126 1923 ’ᾖ
1147 1895 1167 1911 c.
1188 1886 1211 1911 9.
1232 1884 1336 1918 OVck.)
1356 1884 1389 1911 de
1408 1884 1451 1910 off.
1470 1883 1523 1910 Prs.
1544 1882 1586 1909 Pr.

1182 1929 1392 1961 Torquere.
1430 1927 1461 1960 §.
1476 1928 1511 1953 1.
1532 1928 1741 1958 Connecaere,
1763 1927 1992 1960 Contorquere.

1146 1970 1189 1996 HI.
1211 1971 1277 1998 (711.
1307 1970 1361 2006 Qui
1380 1985 1412 1989 —
1436 1969 1557 2006 laqueum
1582 1970 1673 2001 torsit,
1697 1969 1753 1995 sive
1777 1968 1993 1995 medicamentum

1147 2024 1195 2051 pro
1215 2023 1316 2040 veneno
1336 2013 1411 2039 bibit.
1436 2012 1465 2039 fr.
1486 2014 1527 2039 23.
1553 2013 1574 2046 3.
1593 2013 1617 2038 3.
1644 2011 1676 2038 de
1695 2010 1782 2038 Aedil.
1807 2011 1884 2038 edict.
1907 2013 1949 2037 21.
1969 2012 1993 2037 l.

1150 2073 1179 2077 —
1200 2056 1231 2090 ς’.
1251 2057 1285 2083 2.
1310 2057 1482 2083 Tormenta
1502 2057 1651 2082 adhibere
1671 2054 1882 2091 (investigandae
1900 2054 1994 2080 verita-

1147 2101 1181 2126 tis
1201 2101 1299 2131 causa.)
1337 2098 1355 2125 l.
1369 2099 1432 2132 Sy.
1452 2098 1643 2133 Quaestionem
1662 2098 1800 2124 tormentis
1820 2096 1925 2123 habere.
1950 2095 1993 2123 Cf.

258 2144 290 2171 C.
309 2143 378 2170 XVI.
398 2145 422 2170 2.
443 2154 464 2170 c.
484 2145 525 2169 27.
546 2144 567 2177 3.
589 2145 610 2169 l.
631 2143 664 2169 de
683 2144 763 2180 episc.
784 2143 848 2169 eccl.
886 2143 927 2170 111.
949 2144 1014 2171 Cn.
1040 2142 1104 2169 Post
1124 2158 1127 2176 g
1148 2153 1171 2168 v.
1192 2141 1371 2168 Torinentum.
1392 2141 1464 2167 Paul.
1484 2140 1526 2167 Ill.
1546 2143 1570 2167 5.
1590 2141 1627 2175 33.
1651 2143 1671 2166 l.
1690 2142 1715 2167 3.
1735 2150 1794 2177 sqq.
1815 2139 1845 2166 V.
1867 2141 1906 2165 14.
1926 2139 1948 2172 3.
1970 2140 1992 2165 1.

258 2192 369 2224 partum,
389 2191 414 2212 et
433 2191 524 2213 tonsas
544 2196 616 2213 oves.
643 2186 672 2212 l'r.
694 2188 716 2213 7.
736 2186 757 2220 3.
777 2188 800 2212 9.
820 2185 870 2212 sol.
889 2187 998 2212 matrim.
1018 2188 1059 2213 24.
1079 2188 1104 2212 3.
1125 2178 1127 2203 Ἴ
1148 2185 1180 2212 V.
1201 2186 1240 2211 l6.
1261 2185 1298 2219 33.
1319 2187 1342 2211 2.
1363 2194 1421 2221 sqq.
1442 2184 1472 2210 l'r.
1494 2185 1533 2210 14.
1559 2183 1591 2210 de
1617 2183 1751 2210 decurion.
1770 2184 1810 2209 50.
1830 2184 1854 2208 2.
1879 2181 1993 2208 Interro—

258 2230 287 2256 Si
309 2246 339 2250 —
359 2229 479 2255 videatur
498 2229 592 2265 dignus
613 2234 734 2261 tonsura,
756 2244 788 2248 —
809 2234 870 2255 tunc
891 2229 1037 2255 tondeatur.
1058 2229 1103 2256 Iul.
1126 2236 1127 2242 ¹
1148 2239 1216 2264 gare.
1246 2227 1287 2254 Cf.
1314 2227 1338 2254 h.
1363 2237 1386 2254 v.
1411 2228 1433 2261 3.
1452 2228 1475 2253 3.
1513 2226 1555 2253 III.
1576 2228 1642 2254 Cn.
1672 2226 1725 2262 Qui
1744 2240 1777 2245 -
1801 2226 1883 2252 civem
1908 2224 1938 2251 li.
1959 2241 1993 2245 -—

260 2283 300 2310 ep.
320 2282 380 2298 nov.
401 2283 422 2298 c.
442 2274 466 2297 4.
486 2273 507 2306 3.
531 2275 568 2299 13.
1125 2283 1127 2286 ⁴
1150 2287 1181 2291 --
1201 2270 1376 2308 atlpellantein
1395 2270 1504 2301 necarit,
1524 2270 1646 2296 necarive
1664 2269 1779 2299 iusserit.
1800 2268 1915 2296 torserit.
1932 2277 1992 2294 ver-

295 2315 500 2342 Toussillae·
538 2316 722 2342 Glandulae
741 2317 772 2341 ιίι
791 2316 922 2340 summis
936 2315 1104 2350 faucibus.
1126 2310 1127 2313 Ἴ

259 2357 302 2384 111.
318 2359 383 2385 Cn.
403 2358 541 2388 Ἀντιίιιὴς,
561 2359 577 2384 i.
592 2368 613 2383 e.
634 2357 756 2384 tonsillae
780 2374 807 2377 ——
828 2358 995 2387 inveteratae,
1016 2362 1041 2383 et
1061 2359 1105 2394 qni

261 2402 310 2427 iam
330 2399 425 2426 discuti
446 2411 497 2427 non
518 2401 621 2437 possint
641 2400 752 2427 sancium
773 2405 897 2427 tumores.
923 2400 953 2426 fr.
974 2401 1014 2426 14.
1039 2400 1060 2433 3.
1080 2403 1104 2427 ὅ.

262 2443 294 2469 de
314 2442 399 2469 Ardil.
420 2443 496 2469 edict.
516 2445 557 2470 21.
579 2445 601 2469 1.

297 2488 454 2512 Tonsor.
499 2488 562 2519 Qui
587 2488 744 2520 capillum
773 2493 799 2512 c!
829 2488 955 2512 barbam
985 2488 1104 2512 tondet.

263 2528 304 2554 Ill.
326 2530 392 2556 Cn.
411 2528 439 2554 ln
460 2528 518 2554 loco
538 2528 689 2566 periculoso
708 2528 800 2554 sellan·
820 2529 925 2555 habenti
946 2530 1047 2555 tonsori
1066 2532 1107 2560 (se
1128 2539 1129 2544 ¹

264 2572 451 2603 ronnnitterr.)
477 2570 506 2597 fr.
530 2573 568 2597 11.
593 2582 631 2608 pr,
652 2571 682 2598 ad
707 2570 737 2597 L.
764 2571 830 2607 Aqn.
850 2574 873 2597 9.
894 2575 918 2598 2.
956 2571 1056 2603 Pistor,
1082 2576 1107 2597 et
1127 2569 1130 2575 Α

264 2618 362 2640 tonsor.
384 2615 426 2650 qni
448 2613 559 2640 familiae
579 2616 692 2641 rusticae
712 2624 788 2640 causa
810 2615 892 2650 parati
913 2619 983 2640 sunt.
1012 2614 1041 2641 l‘r.
1068 2616 1106 2640 12.

264 2655 329 2689 §05
351 2656 381 2681 dn
401 2658 475 2682 instr.
497 2656 544 2692 leg.
564 2658 606 2683 33.
627 2659 649 2684 7.
670 2657 742 2684 Paul.
763 2656 805 2683 Ill.
825 2658 849 2682 6.
870 2657 891 2689 3.
912 2659 953 2683 72.

300 2700 484 2726 Tonsura.
521 2700 552 2733 ξ.
577 2701 611 2726 1.
639 2702 737 2727 Actus
762 2701 929 2726 tondendi.
972 2699 1014 2725 III.
1041 2701 1106 2727 Cn.
1128 2696 1129 2703 ¹

266 2741 352 2778 Prope
371 2746 472 2778 partum
493 2752 568 2770 oves.
594 2760 624 2763 —
645 2744 706 2769 item
727 2744 861 2780 proximae
882 2747 1011 2768 tonsurae.
1033 2742 1062 2769 fr.
1084 2744 1106 2768 7.
1128 2737 1129 2763 l

266 2784 288 2818 3.
307 2786 331 2810 9.
352 2782 400 2810 sol.
421 2786 529 2811 matrim.
549 2787 590 2811 24.
604 2788 627 2811 3.
648 2785 678 2812 sr.
693 2788 734 2812 65.
755 2785 776 2819 3.
791 2787 814 2812 7.
835 2785 956 2821 delegat.
977 2785 1019 2811 III.
1040 2769 1129 2818 (32.)'l

268 2843 298 2846 —
318 2827 349 2860 ξ.
369 2828 403 2853 2.
426 2828 530 2860 caput
551 2835 682 2855 tonsum.
720 2827 763 2854 111.
785 2829 850 2856 Cn.
869 2827 929 2854 Non
948 2829 1036 2855 statim
1056 2838 1108 2855 mo·

1129 2829 1131 2836 '
1152 2833 1177 2855 et
1195 2837 1253 2864 aqu.
1273 2826 1309 2864 pl.
1328 2828 1370 2853 39.
1389 2828 1413 2852 3.

1149 2314 1279 2341 beraverit
1298 2318 1346 2340 etc.
1367 2312 1438 2339 Paul.
1454 2312 1485 2340 V.
1497 2313 1541 2339 26.
1561 2313 1582 2346 3.
1599 2313 1620 2339 l.
1657 2311 1712 2338 Nec
1731 2315 1863 2347 torquere,
1883 2320 1931 2336 nec
1949 2310 1994 2347 ¹1³⁸,

1149 2357 1224 2393 gellis
1244 2356 1360 2383 caedere.
1380 2355 1417 2382 Id.
1436 2355 1477 2382 111.
1498 2357 1521 2382 6.
1541 2356 1563 2389 3
1582 2356 1623 2381 23.
1643 2353 1677 2380 fr,
1691 2355 1733 2380 23.
1759 2354 1824 2387 3.1.
1849 2352 1879 2379 fr.
1899 2354 1940 2379 66.
1960 2352 1993 2379 de

1150 2400 1230 2427 usut'r.
1251 2402 1274 2426 7.
1296 2401 1318 2426 l.
1354 2399 1389 2424 Et
1408 2399 1538 2435 torqueri,
1559 2402 1584 2423 et
1602 2397 1702 2434 puniri,
1726 2406 1750 2422 v.
1771 2405 1872 2422 summo
1892 2395 1992 2432 suppli-

1128 2454 1129 2458 *
1151 2444 1190 2469 cio
1210 2442 1287 2469 adlici
1307 2442 1434 2475 (servos.)
1453 2440 1525 2468 Paul.
1544 2439 1586 2466 111.
1600 2441 1624 2465 5.
1635 2439 1673 2472 33
1687 2440 1710 2464 6.
1724 2442 1747 2464 δ.
1769 2438 1823 2474 Qui
1841 2444 1890 2470 (sc.
1910 2439 1993 2470 servi)

1151 2491 1258 2522 propter
1278 2495 1372 2511 noxam
1387 2486 1463 2516 torti,
1487 2487 1664 2518 nocentesque
1682 2482 1783 2508 inventi
1802 2486 1872 2507 sunt.
1893 2480 1954 2518 ΠΡ.
1973 2480 1991 2508 I.

1154 2531 1191 2554 ll.
1230 2528 1294 2555 Tam
1314 2533 1404 2554 contra
1424 2528 1521 2558 civem,
1548 2535 1624 2562 quam
1648 2534 1696 2562 pro
1716 2534 1760 2556 eo,
1784 2533 1864 2561 posse
1888 2533 1993 2550 servum

1150 2572 1263 2597 civitatis
1283 2572 1408 2607 torqueri.
1428 2569 1458 2596 fr.
1478 2570 1501 2594 6.
1521 2568 1587 2602 31.
1614 2567 1646 2594 de
1670 2567 1700 2594 R.
1727 2567 1760 2594 D.
1786 2569 1808 2593 l.
1828 2568 1852 2593 8.
1873 2565 1903 2593 fr.
1925 2568 1947 2593 7.
1968 2567 1990 2600 3.

1149 2616 1173 2640 3.
1199 2614 1231 2640 de
1255 2613 1346 2640 inrisd.
1370 2615 1394 2639 2.
1417 2614 1437 2638 l.
1475 2610 1503 2637 In
1529 2615 1605 2647 caput
1629 2610 1740 2636 aliorum
1763 2610 1889 2646 torqueri.
1914 2609 1944 2636 fr.
1971 2611 1992 2636 l.

1127 2663 1129 2667 ⁴
1150 2657 1186 2691 33.
1208 2659 1229 2682 7.
1250 2667 1289 2693 sq.
1310 2656 1339 2683 fr.
1361 2656 1399 2681 16.
1419 2655 1441 2688 3.
1463 2655 1484 2680 l.
1506 2653 1538 2679 de
1558 2654 1703 2690 quaestion.
1724 2654 1765 2679 48.
1787 2655 1826 2678 18.

1186 2701 1364 2727 Torrens.
1384 2697 1478 2730 (Part.)
1498 2699 1681 2730 :ldtempus
1694 2698 1865 2722 dunataxut
1884 2698 1993 2722 redun-

1150 2744 1236 2769 dans.
1274 2741 1304 2768 II.
1325 2742 1392 2774 Op.
1416 2740 1535 2766 Perenne
1559 2738 1698 2773 (flumen.)
1717 2738 1747 2765 t'r.
1769 2740 1791 2765 l.
1811 2738 1832 2772 3.
1852 2740 1876 2764 2.
1897 2737 1929 2764 de
1947 2737 1993 2764 ssu-

1152 2784 1241 2812 minib.
1262 2786 1302 2810 43.
1324 2785 1364 2809 12.
1385 2782 1493 2810 Flumen
1513 2783 1573 2820 (per
1585 2791 1614 2809 se
1626 2782 1697 2819 pos.)
1716 2781 1747 2808 t'r.
1761 2783 1785 2808 2.
1805 2781 1826 2815 3.
1841 2782 1864 2808 9.
1884 2780 1918 2808 de
1929 2789 1992 2816 aqua

1902 2867 1993 2893 Tor-
