2197 3121
1044 152 1133 183 vtN.

258 237 422 264 vincire.
449 236 507 270 (Cf.
528 245 551 262 v.
571 234 710 265 Vinctus.)
738 234 769 267 §.
787 234 821 260 1.
843 235 987 265 Nec-tere,
1008 235 1063 260 Li-

220 290 309 315 gare.
353 279 396 306 Ill.
417 281 482 307 Gn.
509 279 562 314 Qui
581 279 668 304 sciens
688 276 796 303 alienam
816 286 869 302 rem
889 276 1008 303 aedilicio
1027 277 1065 302 in-

223 322 310 353 clusit,
330 323 447 349 vinxitve
467 321 514 355 [al.
535 321 660 351 iunxitve,
680 330 700 346 s.
721 318 891 353 iniunxitve]
913 319 934 345 Γι-
962 321 983 345 1.
1003 319 1024 352 ξ.
1039 321 1063 346 2.

223 365 256 392 de
275 367 336 401 tign.
357 366 436 391 iunct.
456 366 496 390 47.
517 365 540 390 3.
570 379 602 382 —
632 363 662 395 ξ.
686 364 721 389 2·
754 363 902 389 Vinculis
922 372 1063 388 onerare.

222 408 253 435 11.
274 410 340 442 011.
356 408 474 434 Solvere.
498 406 528 433 fr.
552 408 593 432 27.
618 406 651 432 de
675 407 775 443 pignor.
801 406 842 430 20.
868 406 889 430 1.
932 404 973 430 111.
998 405 1063 432 Gn.

223 451 318 477 Secum
338 450 441 481 ducito.
464 450 577 480 vincito.
601 454 645 475 aut
667 458 747 475 nervo
772 452 815 473 aut
834 447 1013 483 compedibus.
1034 446 1063 473 L.

223 493 271 519 ΧΠ
292 493 375 519 Tabb.
395 493 436 519 lll.
456 494 480 518 3.
501 492 557 519 Gai.
578 491 620 518 lV.
639 494 681 518 21.
717 491 769 526 Qui
790 499 864 526 quem
884 489 952 516 ferro
973 491 1063 516 vinxit.

223 535 295 562 Paul.
314 535 332 562 I.
347 538 369 562 7.
389 536 409 569 §
425 538 447 561 9.
469 535 588 571 Diligens
609 534 727 561 custodia
747 534 823 559 etiam
843 533 941 559 vincire
961 534 1064 570 permit-

223 580 262 605 tit.
283 578 312 604 fr.
335 580 356 604 1.
377 579 398 612 ξ.
420 580 442 604 7.
461 577 493 604 de
513 578 612 614 fugitiv.
635 580 673 604 11.
693 579 716 603 4.
752 575 794 602 Ob
814 575 944 601 bominem
965 578 990 602 in
1010 577 1064 602 vin-

224 621 280 648 cula
301 621 405 658 publica
425 621 626 651 coniiciemlum.
646 619 821 648 vinciendum,
835 619 957 644 vim-trive
976 619 1065 645 iuben-

223 664 297 695 dum.
318 674 383 690 exve
403 664 515 691 vinculis
536 663 733 693 dimittendum.
754 661 851 697 aliquid
871 663 1012 698 accepisse.
1033 661 1063 688 fr.

224 709 246 733 7.
267 717 305 744 pr.
327 706 358 733 ad
378 706 408 733 L.
428 706 474 733 lul.
497 712 580 743 repet.
600 708 641 732 48.
665 708 702 732 11.
722 703 764 731 Cl'.
784 703 855 730 Paul.
875 704 917 731 lV.
940 706 978 731 12.
998 705 1019 738 §.
1040 705 1063 731 8.

223 749 277 785 Qui
296 749 426 776 hominem
447 749 558 775 liberum
576 749 698 779 vinxerit,
713 748 900 784 suppresserit,
920 746 1064 775 incluserit.

222 802 363 829 operamvc
386 797 414 818 ut
437 792 463 818 id
489 792 564 818 lieret
583 791 691 818 dederit.
723 789 759 816 ld.
781 789 811 816 V.
831 791 853 816 G.
880 790 901 824 §.
924 792 961 815 14.
994 789 1064 816 Coll.

222 835 275 862 LL.
295 835 328 862 Μ.
352 835 422 862 XIV.
442 837 465 861 2.
489 845 528 872 sq.
554 834 595 862 Cf,
614 845 637 860 v.
661 833 803 859 Invinctus.
833 848 865 852 —
894 833 925 865 ξ.
943 834 980 859 3.
1005 835 1065 859 Ad-

222 880 396 913 stringere.
434 878 453 904 I.
474 879 535 912 Sy.
561 877 664 907 Teucri.
685 875 783 902 Vincit-i
804 875 933 908 (nexibus
953 877 1066 901 necessi-

223 921 344 953 tudinis.)
365 921 415 947 Th.
435 920 465 947 C.
486 920 529 947 Vl.
550 922 573 946 4.
593 930 613 946 c.
637 921 658 945 l.
678 929 716 955 sq.
737 919 769 945 de
789 917 873 944 Praet.
895 923 919 944 et
940 918 990 954 Qu.
1020 917 1063 944 111.

224 966 290 992 Cn-
309 963 487 995 Prdessione,
507 974 530 989 v.
551 962 669 989 Solemni
690 961 753 997 lege,
778 971 807 987 se
827 962 934 987 vincire.
963 960 999 987 lb.
1020 960 1063 986 VI.

223 1009 247 1033 2.
268 1017 289 1034 c.
308 1010 332 1034 2.
353 1008 375 1041 ξ.
395 1010 418 1033 2.
439 1007 471 1033 de
492 1006 579 1032 Sonat.
601 1010 626 1032 et
645 1005 676 1031 de
695 1004 762 1041 gleb.
783 1004 826 1031 lx.
846 1007 870 1030 2.
891 1015 912 1030 c.
925 1006 950 1030 3
971 1004 1003 1030 de
1023 1014 1064 1030 ex-

224 1050 278 1076 ltib.
298 1060 320 1076 ν.
341 1055 447 1076 transm.
470 1049 497 1074 ln
518 1059 648 1074 carcerem
671 1064 698 1068 —-
721 1049 821 1074 vinciri.
842 1047 878 1073 lb.
899 1058 919 1073 c.
939 1048 963 1073 3.
983 1046 1000 1073 l.

258 1093 426 1120 Vinctus.
439 1091 560 1124 (partie.)
578 1091 608 1123 ς’.
618 1091 652 1116 l.
670 1092 869 1125 Colligatus,
887 1092 1064 1116 Connexus.

224 1135 266 1162 III.
281 1137 346 1163 Cn.
366 1136 436 1170 Quoi
456 1145 518 1161 auro
538 1134 630 1160 dentes
649 1134 728 1159 vincti
748 1138 848 1159 escunt.
868 1132 896 1159 L.
917 1132 965 1158 ΧΠ
980 1131 1064 1158 Tabb.

223 1178 256 1204 X.
276 1180 299 1204 9.
336 1177 405 1204 Ruta
429 1188 517 1207 caesa.
540 1177 625 1202 vincta
649 1176 762 1212 fixaque.
787 1178 870 1212 (quae
890 1175 992 1201 aedium
1012 1185 1064 1201 non

224 1220 333 1253 essent.)
353 1220 384 1246 t'r.
403 1222 445 1246 3⁸.
465 1221 486 1253 §.
507 1222 530 1246 2.
551 1219 583 1245 de
600 1219 629 1245 A.
644 1219 672 1245 E,
689 1219 719 1245 V.
742 1221 780 1245 19.
798 1221 818 1245 1.
841 1235 870 1238 —
892 1219 923 1251 ἓ.
935 1219 970 1244 2·
994 1219 1064 1245 Vin-

222 1265 305 1290 culis
325 1269 485 1290 oneratus.
522 1261 642 1290 111οη.
663 1262 715 1297 Qui
736 1272 794 1288 eum
814 1262 927 1287 vinctum
948 1260 1063 1292 babebit,

222 1306 303 1333 libras
323 1306 399 1332 farris
418 1305 485 1331 endo
505 1305 562 1331 dies
582 1305 651 1331 dato.
672 1304 702 1331 L.
722 1305 770 1331 ΧΠ
790 1304 874 1330 Tabb.
895 1303 936 1330 111.
957 1305 981 1330 4.
1000 1303 1063 1329 Vin-

222 1354 289 1381 ctus,
308 1348 470 1379 verberatus.
491 1349 556 1384 (igni
575 1349 661 1375 necari
681 1347 806 1379 iubetur.)
827 1347 856 1373 sr.
870 1348 893 1373 9.
910 1346 942 1372 de
961 1345 1064 1372 incend.

222 1393 304 1419 ruina.
323 1393 366 1418 47.
385 1393 407 1418 9.
445 1390 495 1417 Vel
514 1392 607 1421 vincti,
635 1390 677 1417 vel
701 1391 750 1417 sub
775 1389 990 1421 fideiussoribus,
1015 1388 1064 1422 (ad

221 1434 372 1461 Praesidem
391 1435 578 1465 remittantur.)
598 1434 628 1460 l'r.
649 1435 672 1460 7.
692 1434 725 1460 ib.
746 1435 787 1460 47.
807 1435 830 1459 9.
851 1432 882 1458 cs.
896 1432 926 1458 fr.
940 1434 981 1458 23.
1002 1433 1023 1466 §.
1041 1434 1064 1459 l.

223 1477 274 1514 Qu.
294 1483 354 1504 niet.
380 1487 400 1503 c.
421 1478 444 1503 4.
463 1479 486 1503 2.
524 1476 648 1508 Vinctus,
673 1476 713 1502 vel
739 1476 770 1503 ad
791 1475 882 1502 malam
902 1476 1063 1501 mansionem

222 1525 354 1547 extensus.
374 1520 405 1546 fr.
426 1521 448 1546 7.
468 1530 508 1556 pr.
528 1519 619 1556 depos.
642 1521 680 1545 16.
700 1521 724 1545 3.
762 1518 804 1545 Cf.
824 1518 885 1556 le.
905 1519 923 1545 1.
946 1521 985 1546 ll.
1005 1518 1062 1545 Gai.

222 1563 299 1590 1.13.
324 1579 357 1583 —
381 1563 412 1596 ᾖ.
426 1564 463 1590 3.
491 1565 554 1596 Qui
572 1573 682 1589 carere
700 1564 894 1589 continetur.
931 1561 974 1588 lll.
996 1563 1062 1589 Cn.

221 1606 307 1633 Etiam
325 1606 456 1638 inclusos,
475 1606 557 1632 veluti
578 1605 705 1636 latomiis.
725 1598 872 1631 vinctorum
892 1615 1000 1631 numero
1021 1604 1064 1631 ha-

222 1649 286 1676 beri.
306 1649 337 1676 fr.
356 1651 380 1675 9.
400 1659 432 1675 ex
452 1659 494 1685 qu.
515 1659 536 1675 c.
556 1650 613 1675 mai.
634 1650 657 1674 4.
678 1650 703 1674 6.
724 1647 815 1685 Neque
834 1649 959 1679 vinctum,
979 1658 1064 1684 neque

223 1693 249 1718 in
268 1691 379 1718 vinculis
399 1701 464 1717 esse.
486 1691 515 1717 fr.
535 1693 594 1718 216.
616 1691 648 1717 de
668 1691 698 1717 V.
719 1691 747 1717 S.
767 1693 808 1717 50.
831 1693 869 1717 16.
891 1691 932 1718 Cf.
953 1690 981 1717 fr.
1001 1693 1025 1717 9.
1046 1690 1062 1717 l.

223 1736 247 1761 4.
267 1736 291 1761 6.
317 1733 365 1760 Th.
387 1734 416 1761 C.
437 1734 481 1761 IX.
501 1736 524 1760 3.
546 1745 566 1761 c.
586 1736 609 1760 6.
630 1734 662 1760 de
683 1739 748 1760 cust.
768 1744 837 1760 reor.

256 1778 470 1804 Vinculum.
500 1778 530 1810 ξ.
550 1779 584 1804 1.
615 1779 784 1812 Ligamen,
811 1778 916 1803 Nexns
942 1777 1065 1814 <corpori

223 1821 384 1857 impositus.)
421 1820 463 1846 ΙΙΙ.
478 1822 543 1848 Cn.
560 1820 673 1856 Corpori
694 1821 749 1846 eius
768 1819 870 1846 vincula
890 1819 1013 1846 adbibita.
1035 1819 1064 1846 fr.

222 1864 281 1889 216.
301 1862 333 1889 dc
353 1862 384 1888 V.
405 1862 431 1889 S.
452 1865 492 1889 50.
515 1865 553 1889 16.
583 1862 716 1889 Oneratos
736 1862 827 1889 ferreis
847 1862 958 1888 vinculis
979 1863 1065 1895 (mitti

224 1905 255 1932 ad
274 1906 336 1938 etc.)
357 1905 406 1932 Th.
427 1905 457 1932 C.
477 1905 535 1932 XV.
557 1907 595 1932 12.
616 1916 636 1931 c.
656 1907 680 1931 2.
701 1905 733 1931 de
752 1904 855 1941 gladiat.
884 1905 1003 1931 Fustium
1023 1905 1066 1931 ad-

223 1949 348 1979 monitio,
372 1948 534 1984 flagellorum
555 1949 703 1984 castigatio,
723 1948 888 1974 vinculorum
907 1948 1064 1974 verberatio.

224 1992 254 2018 fr.
275 1993 298 2017 6.
323 1992 344 2025 ξ.
363 1994 387 2017 2.
412 1991 442 2017 fr.
463 1993 485 2017 7.
510 1991 543 2017 de
561 2001 638 2028 poen.
658 1993 698 2017 48.
722 1992 759 2016 19.
799 1990 958 2026 Diligentius
979 1996 1066 2017 custo-

224 2034 337 2060 diendus
357 2036 411 2066 (sc.
432 2034 575 2066 furiosus.)
602 2044 645 2063 ac.
670 2035 692 2060 si
716 2033 834 2071 putabis.
859 2035 935 2060 etiam
960 2033 1065 2060 vinculo

224 2077 396 2104 coercendus.
415 2076 445 2109 ὗ
462 2078 500 2102 14.
516 2077 548 2103 de
562 2077 604 2103 off.
625 2076 712 2103 l'raes.
729 2078 750 2102 1.
767 2078 805 2103 15.
831 2076 858 2102 In
873 2076 989 2113 publico.
1009 2078 1066 2103 sine

224 2119 345 2150 vinculis.
365 2121 470 2146 servari.
494 2120 524 2146 tr.
545 2121 585 2145 43.
606 2119 638 2145 de
659 2119 690 2145 V.
711 2119 738 2145 S.
758 2121 798 2145 50.
820 2120 859 2145 16.
897 2119 993 2156 Ruptis
1013 2121 1066 2146 vin-

227 2162 301 2194 culis,
321 2168 347 2189 et
366 2163 473 2188 effracto
493 2173 605 2193 carcere,
625 2162 744 2189 evadere.
765 2162 794 2189 fr.
811 2164 850 2188 13.
870 2162 902 2188 de
917 2167 983 2188 cust.
998 2173 1064 2189 reor.

227 2207 268 2231 ⁴5.
281 2207 304 2231 3.
324 2222 356 2225 —
375 2207 453 2239 §.2.
478 2207 628 2236 Vincula.
648 2207 664 2231 i.
678 2215 696 2231 e.
713 2207 842 2236 Career.
863 2206 972 2242 (inquo
993 2207 1065 2232 noxii

227 2247 397 2280 detinentur.)
433 2248 477 2274 Ill.
492 2249 558 2276 Gn.
578 2248 653 2279 Eum,
674 2249 717 2284 qui
737 2249 763 2274 in
784 2256 887 2274 carcere
907 2248 996 2274 clusus
1017 2253 1065 2279 est,

227 2300 280 2316 non
299 2290 381 2316 videri
399 2301 484 2328 neque
502 2292 627 2322 vinctum,
647 2301 731 2327 neque
750 2291 776 2316 in
798 2290 908 2317 vinculis
928 2301 995 2319 esse.
1015 2292 1065 2317 nisi

228 2333 333 2369 corpori
357 2334 412 2359 eius
435 2333 537 2360 vincula
561 2335 614 2359 sint
638 2333 761 2360 adbibita.
786 2333 819 2359 fr.
844 2334 903 2359 216.
929 2333 961 2359 de
986 2333 1016 2359 V.
1038 2334 1064 2360 S.

228 2378 269 2402 50,
286 2377 324 2401 16.
345 2375 376 2401 cf.
396 2374 426 2401 fr.
440 2377 463 2401 9.
483 2386 522 2413 sq.
543 2387 575 2403 ex
594 2386 635 2413 qu.
657 2386 677 2402 c.
698 2377 754 2402 mai.
774 2378 797 2402 4.
812 2378 835 2402 6.
856 2376 1066 2405 ..Vincnlorum‘2

228 2418 383 2455 adpellatio,
410 2417 451 2443 vel
479 2420 575 2454 privata
603 2419 644 2445 vel
668 2419 772 2456 publica
795 2419 899 2445 vincula
925 2420 1066 2455 significan

228 2461 410 2493 ..Custodiae“
429 2470 498 2492 vero.
517 2466 615 2488 tantum
634 2462 765 2499 publicam
785 2462 938 2488 custodiam.
958 2462 987 2488 ΓΡ.
1006 2464 1065 2488 224.

229 2504 261 2531 de
280 2503 312 2530 V.
332 2503 359 2530 S.
378 2505 421 2529 50.
443 2504 483 2529 16.
507 2503 538 2529 cf.
559 2504 588 2530 fr.
607 2506 630 2531 9.
650 2505 667 2531 l.
687 2507 710 2531 4.
730 2506 753 2531 6.
792 2505 879 2540 Quive
901 2506 927 2530 in
946 2505 1066 2535 vinculis.

229 2546 381 2573 custodiave
399 2545 504 2583 publica
523 2546 580 2572 erit.
604 2546 673 2574 Colt.
692 2547 744 2574 LL.
764 2547 796 2574 M.
816 2547 860 2573 IX.
880 2549 904 2573 2.
924 2547 954 2574 Γπ.
968 2550 993 2573 3.
1006 2548 1027 2581 §.
1042 2550 1066 2573 5.

229 2589 262 2616 de
280 2589 369 2615 testib.
388 2590 430 2615 22.
450 2591 474 2615 5.
512 2588 565 2624 Qui
584 2589 611 2614 in
630 2591 757 2623 custodia,
780 2590 820 2616 vel
840 2591 866 2616 in
885 2590 1007 2621 vinculis,
1026 2590 1066 2616 vel

230 2631 401 2668 compedibus
421 2631 600 2658 decesserunt.
619 2632 650 2659 fr.
669 2634 708 2659 45.
729 2634 749 2667 ξ.
773 2635 792 2659 l.
813 2633 846 2659 de
865 2634 920 2659 iure
939 2633 1005 2659 fisci.
1025 2635 1066 2659 49.

232 2677 272 2701 11.
291 2674 322 2700 cl'.
343 2674 372 2700 l'r.
385 2676 409 2700 3.
429 2674 450 2707 §.
465 2676 488 2700 7.
508 2673 541 2700 de
559 2674 620 2700 hon.
638 2684 691 2700 eor.
704 2677 747 2710 qui
766 2686 787 2702 a.
807 2681 874 2702 sent.
894 2678 935 2701 48.
949 2677 990 2702 21.
1022 2675 1067 2702 Mi-

232 2719 315 2744 nimae
334 2716 507 2748 (delictorum
526 2718 656 2754 poenae:)
679 2716 816 2753 relegatio,
841 2718 975 2750 exsilium,
1001 2727 1067 2755 opus

230 2760 374 2798 publicum,
392 2759 503 2786 vincula.
539 2758 612 2786 Paul.
632 2758 665 2785 V.
685 2761 724 2785 17.
749 2759 770 2792 §.
789 2762 812 2787 3.
833 2761 864 2788 cf.
886 2760 916 2787 V.
935 2763 960 2788 4.
986 2762 1007 2795 §.
1026 2762 1067 2786 22.

232 2803 263 2829 V.
284 2804 323 2829 18.
343 2803 364 2836 §.
386 2804 408 2828 1.
434 2801 573 2829 Vinculum
591 2801 700 2828 insulae.
720 2800 751 2828 fr.
769 2804 793 2828 5.
814 2803 845 2830 de
864 2803 958 2830 interd.
978 2808 1004 2829 et
1022 2802 1068 2829 rel.

1864 154 1947 184 1003

1109 234 1149 260 48.
1163 235 1205 261 22.
1233 234 1261 260 ln
1275 234 1389 271 publica,
1408 235 1450 261 vel
1465 236 1491 261 in
1504 235 1603 272 privata
1617 232 1718 259 vincula
1738 233 1840 260 ductus.
1861 234 1890 260 Γπ.
1905 236 1946 261 23.

1109 287 1141 303 ex
1161 287 1204 313 qu.
1225 287 1246 303 c.
1266 279 1324 304 mai.
1343 280 1367 304 4.
1387 280 1410 304 6.
1431 278 1460 305 sr.
1480 280 1504 304 2.
1525 288 1563 314 pr.
1583 276 1616 302 de
1635 281 1699 302 cust.
1721 281 1746 302 et
1767 276 1852 303 exhib.
1867 278 1908 303 48.
1922 279 1946 303 3.

1110 335 1142 339 —
1162 320 1193 353 §·
1214 321 1250 347 3.
1276 321 1475 352 Necessitas,
1503 321 1601 352 Onus,
1629 320 1810 354 obligatio.
1847 319 1865 346 l.
1886 321 1948 354 Sy.

1108 362 1206 389 Nexus.
1228 362 1268 389 Cf.
1289 362 1313 389 h.
1333 373 1354 389 v.
1372 364 1393 397 §.
1412 366 1436 389 2.
1474 363 1549 389 Onus
1570 362 1780 398 (obligationis.)
1806 362 1836 389 fr.
1856 364 1896 389 67.
1917 362 1949 388 de

1108 415 1212 442 procur.
1232 407 1256 432 3.
1270 407 1293 432 3.
1327 406 1505 437 Consortium.
1526 405 1636 431 Vincula
1655 406 1775 437 (curiae.)
1795 405 1843 431 Th.
1859 404 1889 431 C.
1904 404 1947 431 IV.

1108 449 1132 474 9.
1153 458 1174 474 c.
1193 450 1217 475 3.
1238 458 1258 474 c.
1279 450 1303 475 7.
1322 448 1354 474 ad
1374 448 1400 475 S.
1422 448 1452 475 C.
1472 448 1565 475 Claud.
1586 448 1642 474 ΧΠ.
1665 449 1685 473 l.
1706 458 1726 474 c.
1746 449 1783 474 19.
1803 458 1823 474 c.
1840 450 1897 475 155.
1917 447 1948 473 de

1109 489 1243 518 decurion.
1275 491 1441 521 Observatio.
1462 491 1602 521 Severitas.
1623 490 1732 516 Vincula
1753 490 1880 526 (legum.)
1912 490 1947 516 lb.

1108 533 1152 560 lX.
1173 535 1195 559 7.
1221 544 1242 560 c.
1264 536 1285 561 l.
1310 534 1341 560 ad
1365 534 1394 560 L.
1420 534 1465 560 lul.
1490 534 1522 560 de
1546 533 1625 560 adult.
1669 533 1697 559 ll.
1719 535 1785 566 Op.
1809 532 1950 559 Vinculum

1109 577 1251 603 servitutis.
1273 593 1302 597 —-
1322 577 1500 603 manumissio.
1519 576 1602 603 Vatic.
1627 576 1649 609 ᾗ.
1668 577 1692 602 6.
1735 576 1777 602 111.
1799 577 1864 604 Gn.
1888 575 1949 602 Vin-

1110 618 1197 644 culum
1216 621 1366 656 aeqnitatis,
1392 630 1443 656 qno
1468 619 1526 645 solo
1547 619 1726 645 sustinebatur
1751 620 1803 651 (sc.
1824 618 1949 645 naturalis

1110 660 1256 697 obligatio.)
1277 664 1459 689 conventionis
1473 663 1603 698 aequitate
1617 661 1776 688 dissolvitur.
1791 661 1821 687 fr.
1835 663 1876 687 95.
1890 661 1911 695 ᾖ.
1925 663 1948 687 4.

1110 703 1142 730 de
1161 703 1239 730 solut.
1254 706 1294 731 46.
1308 706 1332 731 3.
1347 705 1378 731 cf.
1393 705 1422 731 fr.
1437 707 1478 732 59.
1498 705 1530 731 de
1550 704 1625 731 cond.
1641 704 1727 731 indeb.
1744 706 1783 731 12.
1798 706 1821 730 6.
1850 703 1950 730 Eodem

1109 746 1187 773 modo
1203 748 1334 774 vinculum
1349 748 1516 784 obligationis
1532 747 1652 779 solvitur,
1670 758 1721 784 quo
1737 748 1825 783 quaeri
1839 746 1949 773 adsolet.

1109 790 1139 816 t'r.
1159 791 1199 816 46.
1225 790 1257 817 de
1280 791 1311 817 A.
1331 800 1352 817 v.
1373 791 1404 817 A.
1424 790 1451 817 P.
1476 793 1517 817 41.
1537 792 1560 816 2.

1110 832 1214 864 factam.
1239 838 1264 860 et
1290 834 1406 870 pignoris
1426 833 1558 860 vinculum
1578 832 1700 859 solutum.
1719 832 1748 858 sr.
1767 834 1808 859 39.
1833 833 1854 866 ξ.
1875 835 1897 858 5.
1919 832 1950 859 de

1110 876 1177 902 adm.
1196 881 1221 902 et
1240 878 1320 913 peric.
1341 878 1382 903 26.
1403 878 1425 902 7.
1446 877 1475 902 Γπ.
1492 878 1530 902 15.
1544 876 1565 910 ξ.
1581 878 1603 902 7.
1618 875 1650 902 de
1664 886 1691 902 re
1704 875 1756 902 iud.
1769 877 1810 902 42.
1826 877 1847 901 l.
1867 875 1951 911 Quasi

1110 918 1195 944 soluta
1215 920 1303 956 priore
1322 919 1435 949 vinculo.
1460 919 1582 955 legitimis
1602 920 1701 955 nuptiis
1721 918 1844 945 secundis
1864 920 1950 945 iuncta

1110 966 1157 986 est.
1178 961 1207 987 sr.
1230 964 1267 987 11.
1288 963 1309 995 §.
1332 964 1371 988 12.
1392 962 1424 988 ad
1442 961 1472 988 L.
1499 961 1544 988 lul.
1565 961 1597 988 de
1616 961 1694 988 adult.
1716 963 1756 988 48.
1776 964 1801 988 5.
1838 961 1950 988 Remoto

1109 1002 1220 1029 familiae
1239 1005 1351 1036 vinculo,
1371 1008 1431 1042 (pro
1451 1004 1547 1031 herede
1566 1014 1657 1040 gerere
1675 1004 1778 1036 videri.)
1798 1004 1828 1031 fr.
1849 1006 1890 1030 87.
1910 1015 1949 1041 pr.

1109 1046 1141 1073 de
1161 1046 1192 1073 A.
1213 1055 1234 1073 ν.
1256 1047 1287 1073 Ο.
1308 1047 1338 1073 H.
1361 1050 1403 1074 29,
1423 1050 1446 1074 2.
1484 1047 1580 1084 Aliquo
1606 1046 1709 1073 vinculo
1735 1047 1949 1078 necessitudinis,

1109 1089 1150 1115 vel
1169 1089 1325 1121 adfinitatis,
1349 1090 1450 1127 pupillo
1470 1092 1633 1117 coniunctus.
1658 1090 1687 1116 fr.
1708 1091 1731 1116 9.
1757 1089 1789 1116 de
1808 1100 1881 1127 susp.
1903 1095 1949 1116 tut.

1108 1134 1149 1158 26.
1166 1134 1204 1158 10.
1228 1132 1407 1163 Inhonestum,
1432 1150 1459 1153 —
1484 1133 1587 1159 vinculo
1607 1143 1706 1170 poenae
1725 1134 1887 1159 matrimonia
1907 1133 1951 1159 ob-

1109 1176 1209 1211 stringi.
1229 1175 1260 1202 fr.
1276 1177 1331 1202 134.
1352 1185 1389 1212 pr.
1410 1175 1441 1201 de
1461 1175 1491 1201 V.
1507 1176 1539 1202 Ο.
1559 1178 1599 1202 45.
1616 1178 1637 1202 1.
1662 1175 1728 1202 luris
1747 1176 1879 1202 vinculum
1898 1186 1951 1202 non

1109 1218 1229 1244 obtinent
1254 1222 1423 1250 (contractus
1447 1219 1615 1254 imaginarii.)
1639 1218 1668 1245 fr.
1693 1220 1734 1244 54.
1759 1219 1790 1245 de
1816 1219 1848 1245 O.
1874 1224 1900 1245 et
1918 1219 1949 1245 A.

1109 1263 1149 1288 44.
1164 1263 1186 1288 7.
1207 1260 1256 1288 Tb.
1275 1261 1306 1288 C.
1326 1261 1382 1288 ΧΠ.
1404 1263 1425 1288 1.
1444 1272 1465 1287 c.
1482 1263 1537 1287 160.
1557 1261 1589 1287 de
1609 1261 1744 1287 decurion.
1766 1261 1807 1288 Ad
1828 1263 1950 1298 propriae

1109 1320 1140 1324 --
1161 1305 1269 1340 originis
1288 1304 1390 1338 vincula
1410 1305 1533 1330 revocari.
1554 1303 1589 1329 lb.
1604 1304 1635 1330 Χ.
1655 1306 1696 1330 20.
1717 1314 1738 1330 c.
1760 1306 1800 1330 14.
1821 1304 1853 1331 de
1873 1306 1949 1331 muri—

1108 1347 1156 1384 leg.
1176 1347 1272 1374 Subire.
1291 1348 1471 1384 inscriptionis
1491 1347 1631 1374 vinculum.
1661 1347 1697 1373 lb.
1718 1347 1760 1373 lx.
1783 1349 1804 1373 l.
1825 1357 1846 1374 c.
1868 1349 1906 1374 11.
1928 1358 1949 1374 c.

1110 1392 1149 1417 14.
1169 1389 1201 1416 de
1221 1400 1306 1417 accus.
1326 1390 1370 1417 IX.
1390 1392 1414 1417 2.
1435 1401 1456 1416 c.
1476 1392 1499 1416 6.
1519 1390 1552 1416 de
1571 1390 1657 1416 exbib.
1678 1399 1700 1416 v.
1723 1394 1828 1416 transm.

1141 1445 1355 1472 Vindemia.
1375 1445 1406 1479 ξ.
1422 1446 1457 1471 1.
1479 1446 1638 1471 Collectio
1658 1454 1801 1471 uvarum.
1827 1444 1870 1471 111.
1885 1446 1951 1472 Gn.

1107 1487 1232 1525 TempuS‚
1252 1498 1309 1514 cum
1327 1489 1422 1514 messis
1441 1487 1639 1523 vindemiaeque
1658 1492 1726 1512 sunt.
1747 1487 1777 1513 fr.
1794 1489 1815 1513 1.
1835 1498 1874 1524 pr.
1895 1488 1916 1521 §
1927 1490 1951 1514 2.

1108 1531 1138 1557 Γι·.
1158 1533 1181 1558 3.
1201 1541 1240 1568 pr.
1260 1531 1290 1557 fr.
1310 1532 1333 1557 4.
1353 1530 1386 1556 de
1405 1530 1450 1557 ser.
1470 1532 1493 1556 2.
1516 1532 1554 1556 12.
1585 1545 1616 1549 -—
1645 1530 1676 1563 §.
1691 1531 1726 1556 2.
1751 1532 1834 1557 Uvae
1853 1533 1950 1564 ipsae.

1112 1575 1281 1600 Vinearum
1306 1575 1437 1600 reditus.
1475 1573 1504 1599 ll.
1526 1575 1593 1606 Op.
1622 1572 1698 1598 Aridi
1724 1572 1832 1599 fructus.
1859 1572 1889 1599 fr.
1909 1575 1950 1599 50.

1598 789 1699 816 lrritam
1724 791 1868 816 cautionem
1891 799 1950 816 esse

1109 1616 1141 1643 de
1161 1618 1216 1643 iure
1236 1617 1301 1642 sisci.
1321 1618 1362 1643 49.
1384 1618 1423 1642 14.
1454 1616 1497 1642 lll.
1514 1617 1579 1643 Cn.
1599 1615 1702 1642 Tritum
1722 1615 1887 1647 frumentum,
1908 1621 1951 1642 aut

1109 1659 1194 1686 oleum
1215 1659 1322 1690 factum,
1349 1664 1392 1685 aut
1410 1659 1537 1685 vindemia
1557 1663 1653 1685 coacta.
1678 1658 1708 1684 fr.
1731 1660 1768 1684 13.
1800 1658 1850 1693 Qu.
1881 1659 1949 1685 mod.

1109 1702 1204 1729 usussr.
1226 1704 1248 1728 7.
1269 1705 1292 1728 4.
1330 1701 1488 1728 Pendentem
1513 1701 1669 1728 vindemiam
1694 1711 1786 1727 emere.
1807 1701 1837 1727 fr.
1857 1703 1898 1727 25.
1918 1701 1950 1728 de

1109 1746 1140 1772 A.
1160 1746 1190 1772 E.
1210 1744 1242 1771 V.
1264 1746 1303 1771 19.
1326 1747 1347 1771 1.
1385 1744 1414 1770 Si
1434 1745 1561 1771 vindemia
1581 1744 1664 1780 legata
1684 1749 1763 1774 esset.
1784 1743 1826 1770 vel
1846 1745 1949 1770 messis.

1110 1788 1140 1815 fr.
1160 1789 1183 1814 6.
1204 1788 1285 1814 usufr.
1306 1787 1422 1824 quemad.
1444 1797 1496 1814 cav.
1517 1789 1539 1814 7.
1558 1789 1583 1814 9.

1142 1839 1402 1866 Vindemfiafls.
1432 1838 1569 1871 (Adiect.)
1601 1840 1647 1864 Ad
1666 1839 1860 1864 vindemiam
1883 1848 1950 1872 spe-

1108 1889 1209 1908 ctans.
1247 1880 1289 1907 III.
1310 1883 1375 1909 (711.
1395 1881 1524 1908 messivae
1543 1881 1631 1913 feriae,
1656 1885 1681 1907 et
1699 1879 1876 1907 vindemiales.
1908 1880 1949 1907 Cf.

1108 1934 1131 1950 v.
1151 1924 1290 1950 illessivus.

1144 1975 1477 2002 Vindemiatorius.
1491 1975 1620 2008 (Adiect.)
1639 1974 1717 2000 Idem.
1751 1973 1792 2000 111.
1808 1975 1873 2001 Gn.
1894 1973 1949 2000 Fal-

1110 2028 1154 2044 ces
1173 2019 1323 2048 messoriae,
1339 2034 1369 2037 —
1390 2018 1459 2054 quali
1479 2017 1678 2047 vindemiatorii,
1698 2017 1903 2052 exceptoriique,
1923 2017 1948 2042 in

1110 2061 1206 2098 quibus
1221 2070 1284 2087 uvae
1298 2065 1500 2097 comportantur.
1515 2060 1544 2087 fr.
1559 2062 1582 2086 8.
1598 2071 1636 2098 pr.
1652 2060 1683 2086 de
1696 2061 1770 2085 instr.
1785 2058 1833 2095 leg.
1847 2060 1887 2086 33.
1903 2061 1926 2085 7.

1144 2116 1302 2142 Vindex.
1322 2116 1352 2148 ξ.
1373 2116 1406 2141 l.
1431 2117 1527 2142 Vltor.
1555 2114 1597 2140 Ill.
1619 2116 1684 2142 Gn.
1703 2114 1820 2145 Maritus.
1840 2114 1948 2149 genialis

1111 2160 1161 2185 tori
1180 2158 1283 2184 vindex.
1304 2157 1352 2184 Th.
1374 2157 1404 2184 C.
1423 2157 1467 2184 IX.
1482 2160 1505 2184 7.
1525 2168 1538 2183 c
1559 2159 1582 2183 2.
1603 2156 1634 2183 ad
1655 2157 1683 2183 L.
1704 2156 1750 2183 lul.
1771 2156 1803 2183 de
1821 2157 1902 2183 adult.
1917 2172 1948 2176 —-

1111 2203 1141 2236 ξ.
1165 2203 1200 2228 2.
1231 2203 1276 2232 Is,
1309 2203 1363 2236 qni
1387 2211 1471 2226 reum
1497 2202 1622 2226 iudicio
1647 2201 1799 2235 defendit.
1841 2199 1859 2225 1.
1886 2201 1947 2234 Sy.

1111 2246 1164 2281 Qui
1183 2245 1290 2271 alterius
1309 2253 1447 2281 personam
1467 2241 1591 2269 del'endit.
1615 2241 1664 2268 Gai
1692 2241 1734 2268 IV.
1754 2244 1795 2268 46.
1815 2242 1845 2268 sr.
1864 2244 1907 2268 22.
1926 2243 1947 2275 §.

1112 2291 1133 2315 1.
1153 2288 1185 2315 de
1203 2289 1230 2314 in
1250 2289 1289 2314 ius
1309 2296 1363 2312 voc.
1382 2287 1406 2311 2.
1427 2287 1450 2311 4.
1482 2285 1535 2317 Qui
1555 2284 1622 2310 endo
1642 2294 1681 2311 em
1701 2286 1763 2311 iure.
1783 2284 1898 2311 vindicit.
1917 2285 1947 2311 L.

1111 2331 1159 2358 ΧΠ
1178 2330 1260 2357 'fabo
1286 2329 1325 2356 111.
1346 2331 1370 2354 3.
1396 2328 1452 2355 Gai.
1477 2327 1519 2354 IV.
1540 2329 1581 2353 21.
1623 2327 1665 2353 111.
1691 2329 1757 2354 Gn.
1779 2327 1835 2354 Nec
1853 2327 1949 2354 licebat

1110 2375 1224 2401 iudicato
1243 2382 1344 2398 manum
1364 2371 1414 2397 sibi
1435 2370 1582 2407 depellere,
1607 2375 1631 2396 et
1656 2380 1704 2407 pro
1728 2380 1757 2396 se
1779 2369 1836 2406 lege
1860 2380 1946 2406 agere;

1111 2417 1157 2443 sed
1176 2415 1304 2442 vindicem
1324 2414 1413 2444 dabat,
1437 2414 1481 2450 qui
1500 2423 1548 2450 pro
1568 2423 1596 2439 se
1616 2422 1718 2439 causam
1737 2423 1812 2448 agere
1831 2413 1947 2444 solebat;

1111 2461 1154 2496 qui
1172 2458 1300 2485 vindicem
1320 2467 1371 2483 non
1395 2456 1485 2487 dabat,
1511 2456 1615 2482 domum
1639 2455 1783 2482 ducebatur
1801 2455 1832 2482 ab
1852 2460 1946 2482 actore.

1111 2502 1168 2529 Gai.
1187 2501 1230 2528 IV.
1250 2502 1291 2526 21.
1310 2501 1352 2525 25.
1390 2499 1443 2534 Qui
1468 2500 1502 2524 ita
1525 2498 1698 2524 vadimonium
1717 2497 1826 2524 Romam
1845 2513 1876 2517 —
1896 2508 1947 2525 non

1111 2544 1274 2583 promiserit,
1305 2547 1348 2568 aut
1371 2541 1499 2568 vindicem
1522 2540 1680 2578 locupletem
1704 2542 1739 2567 ita
1762 2551 1814 2567 non
1837 2541 1946 2568 dederit.

1111 2587 1139 2614 L.
1155 2586 1222 2613 Gall.
1237 2585 1336 2621 Cisalp.
1350 2584 1379 2611 11.
1394 2586 1434 2610 22.
1449 2583 1504 2610 Gai.
1519 2583 1562 2609 lV.
1576 2585 1616 2610 46.
1637 2583 1754 2610 Assiduo
1772 2584 1866 2611 vindex
1885 2585 1947 2610 assi-

1111 2630 1178 2657 duus
1203 2634 1274 2660 est0;
1298 2627 1441 2665 proletario
1461 2627 1523 2662 quoi
1542 2627 1600 2662 quis
1621 2626 1690 2653 volet
1708 2626 1804 2653 vindex
1823 2632 1887 2653 esto.
1915 2626 1944 2652 L.

1111 2673 1159 2699 ΧΠ
1178 2672 1260 2698 Tabb.
1281 2671 1299 2697 l.
1319 2672 1342 2696 4.
1369 2685 1397 2688 —-
1424 2669 1454 2702 ξ.
1475 2670 1512 2695 3.
1538 2670 1697 2704 Defensor
1715 2671 1880 2703 publicus,
1901 2668 1945 2700 (in

1112 2714 1260 2742 civitatibus
1285 2712 1395 2748 singulis
1420 2716 1510 2737 custos
1539 2712 1575 2737 rei
1604 2712 1756 2738 tributariae
1780 2713 1944 2738 constitutus.

1111 2758 1147 2785 10.
1166 2757 1257 2793 Lydus
1278 2756 1310 2783 de
1328 2756 1442 2791 magistr.
1462 2755 1525 2791 reip.
1545 2753 1575 2780 R.
1596 2753 1637 2780 Ill.
1657 2756 1710 2787 49.)
1747 2754 1790 2781 Ill.
1810 2755 1874 2781 Cn.
1894 2751 1945 2778 Cu-

1113 2802 1207 2828 ratnris
1226 2800 1276 2826 hoc
1295 2798 1501 2833 uniuscuiusque
1521 2797 1632 2824 civitatis
1651 2797 1812 2827 vindicibus,
1835 2799 1861 2821 et
1878 2795 1945 2822 eius-

1432 2839 1506 2866 126*
