2197 3121
254 173 317 204 546

290 254 418 282 Lines.
456 253 497 280 Cf.
516 263 540 279 v.
560 252 648 279 Lenis.
686 250 804 284 (Subst.)

290 298 442 324 Lineus.
473 294 612 329 (Adiect.)
649 295 698 321 Ex
721 295 790 320 lino
803 294 929 329 factus.
967 291 1010 318 111.
1031 291 1098 318 Cn.

256 341 351 367 Omnia
364 340 445 367 lanea.
465 338 593 374 lina-aque,
614 336 656 363 vel
670 337 762 368 serica,
781 335 824 362 vel
837 335 1004 371 bombycina,
1019 334 1100 370 (quae

256 382 382 410 induendi
402 387 450 408 etc.
471 390 547 408 causa
566 384 655 417 parata
675 380 763 412 sunt.)
787 379 818 406 fr.
837 380 880 405 23.
899 379 920 412 ξ.
943 379 964 403 l.
984 376 1017 403 de
1036 385 1099 402 auro

257 436 308 461 arg.
327 427 369 451 34.
389 428 413 451 2.
433 424 465 450 cf.
490 422 561 450 Paul.
582 422 625 449 111.
644 425 668 450 6.
687 423 710 457 §.
730 424 770 450 79.
808 421 913 451 Liuoae.
932 419 975 446 vel
995 420 1101 446 amicto-

257 471 302 501 ria,
322 485 355 489 —
374 468 490 504 reliquae
509 465 637 493 delicatae
655 470 754 492 vestes.
779 464 829 492 Th.
845 464 875 491 C.
892 462 957 490 Vlll.
978 465 1003 489 5.
1022 473 1044 489 c.
1057 463 1100 489 48.

257 513 280 546 ᾗ.
299 514 321 538 1.
342 511 375 538 dc
394 520 472 537 cursu
491 508 555 546 pub.

293 555 452 588 Lingua.
490 553 521 586 ς’.
545 553 580 578 1.
614 552 691 579 Oris
712 561 804 586 pars,
830 559 890 585 qua
915 551 1050 585 lingunt
1073 554 1102 575 et

244 601 435 632 ,loquuntur
458 597 610 623 homiues.
647 594 692 620 111.
713 596 779 622 Gn.
810 593 952 630 Amputata
976 591 1103 618 radicitus

258 640 371 668 invidiae
390 639 476 675 lingua
498 638 618 665 vellatur.
651 636 700 664 Th.
721 637 752 663 C.
772 636 804 662 Χ.
827 637 866 661 10.
887 645 908 662 c.
927 638 952 662 2.
977 635 1009 662 de
1028 635 1103 672 petit.

259 689 285 711 et
304 683 373 709 ultro
393 682 445 709 dat.
484 681 565 717 Quod
587 680 698 707 vocibus
722 680 808 715 lingua
832 678 951 714 figuratis
976 678 1105 714 signitica-

260 731 339 753 retur.
364 725 394 752 fr.
415 726 456 752 38.
482 724 515 751 de
534 724 567 751 Ο.
588 729 614 750 ct
632 723 664 750 A.
683 724 725 748 44.
747 724 769 749 7.
790 721 822 748 cf.
847 732 868 748 c.
890 723 929 748 15.
949 721 983 748 de
1001 725 1104 747 testam.

259 771 283 796 6.
303 771 345 795 23.
367 785 396 789 -
417 769 448 802 §0
464 769 498 794 2.
520 769 642 798 Sermo,
666 767 796 792 Oratio.
833 764 851 791 Ι.
871 765 933 799 Sy.
953 764 1054 790 Sermo
1075 763 1104 790 fr.

262 815 301 839 ll.
321 822 360 850 pr.
380 811 412 838 de
432 811 509 847 legat.
528 809 570 836 ΙΙΙ.
591 810 658 842 (32.)
679 808 710 835 l'r.
731 810 756 834 1.
776 808 798 842 ὗ.
818 809 842 834 6.
863 807 895 834 de
914 806 946 833 V.
967 806 1000 833 Ο.
1020 807 1062 832 45.
1083 807 1106 832 1.

261 855 303 882 111.
325 856 390 882 Gn.
419 853 474 880 Nec
499 853 628 879 lubricum
654 851 756 887 linguae
779 850 812 877 ad
830 860 942 888 poenam
961 849 1038 876 facile
1057 853 1108 876 tra-

261 898 375 925 hendum
396 902 445 923 est.
465 897 496 923 fr.
516 897 539 922 Τ.
559 895 581 928 ξ.
601 897 625 922 3.
645 894 678 921 ad
696 894 726 921 L.
746 893 794 920 lul.
814 894 872 920 mai.
892 894 934 920 48.
953 896 977 919 4.

298 940 520 968 Linifarius.
558 937 600 964 Cf.
620 947 646 964 v.
666 936 770 964 Lintea.

296 984 502 1016 Linquere.
539 982 754 1015 Reliquuer-e,
775 981 938 1006 Deserere.
975 978 1107 1006 111.(711.

262 1027 348 1064 Prope
367 1027 393 1052 in
412 1025 478 1062 ipsis
498 1023 602 1059 adigere
623 1022 782 1050 cruciatibus
801 1023 881 1049 vitam
900 1022 1028 1059 linquere.
1057 1020 1107 1048 Th.

263 1070 293 1097 C.
313 1070 358 1096 lx.
381 1070 420 1094 12.
441 1078 462 1094 c.
484 1069 506 1093 1.
527 1066 560 1093 de
579 1065 680 1092 emend.
701 1075 801 1092 servor.

297 1113 537 1139 Linteamen.
557 1111 715 1136 Linteum.
735 1107 1108 1137 111.011.Delicataevestes‚

263 1161 289 1182 et
307 1155 448 1182 linteamen
462 1153 634 1184 amictorium,
651 1157 803 1178 nostrorum
816 1151 909 1178 usibus
923 1151 1108 1177 necessarium.

263 1199 300 1225 lb.
322 1198 388 1224 VIII.
407 1200 432 1223 5.
452 1207 473 1223 c.
494 1198 536 1222 48.
555 1196 578 1230 ξ.
599 1198 622 1222 1.
642 1194 675 1222 de
694 1205 773 1221 cursu
791 1194 854 1232 pub.

300 1239 531 1268 mntem-iun.
569 1238 708 1272 (Adiect.)
747 1240 794 1264 Ad
817 1239 924 1263 lintea
949 1243 1106 1271 spectans.

263 1284 281 1311 1.
296 1286 358 1318 Sy.
378 1283 479 1315 Lintea,
499 1282 630 1309 Lintcaria
650 1281 767 1314 (vestiS.)
788 1289 808 1306 c.
825 1281 864 1306 14.
885 1279 917 1306 de
936 1278 1053 1315 murileg.
1068 1281 1108 1305 ll.

264 1329 287 1354 7.
307 1327 358 1353 Th.
379 1326 410 1353 C.
430 1326 463 1352 X.
482 1328 524 1351 20.
545 1335 566 1351 c.
587 1326 612 1350 6.
631 1323 688 1350 eod.
726 1322 769 1350 Iu.
794 1324 860 1350 Cn.
891 1322 997 1359 Sagaria
1017 1327 1043 1348 et
1061 1321 1110 1348 lin-

264 1371 344 1397 tearia
363 1368 540 1405 (negotiatio.)
560 1367 590 1394 fr.
610 1369 634 1393 5.
655 1368 677 1401 ξ.
698 1369 738 1393 15.
758 1366 791 1393 de
810 1366 900 1392 tribut.
920 1370 968 1392 act.
990 1367 1030 1392 14.
1049 1366 1073 1391 4.

299 1412 531 1440 Lintearius.
564 1410 691 1444 (Subst.)
731 1412 794 1443 Qui
817 1411 922 1436 lintea
946 1410 1108 1441 contexit,

264 1459 312 1483 vel
331 1457 445 1482 vendit.
482 1454 524 1480 111.
539 1455 606 1481 Gn·
626 1453 732 1490 Corpus
752 1453 985 1489 gynaeciariorum,
1005 1450 1047 1477 vel
1062 1450 1109 1477 lin-

266 1499 414 1529 teariorum,
433 1498 490 1524 sive
508 1496 699 1533 liuyfariorum,
719 1496 923 1522 monetariorum
943 1499 991 1521 etc.
1012 1494 1062 1520 Th.
1077 1493 1108 1520 C.

264 1542 297 1568 X.
317 1544 358 1567 20.
379 1551 400 1567 c.
416 1542 454 1567 16.
475 1540 507 1566 de
525 1539 644 1575 murileg.
683 1538 789 1574 Quibus
809 1539 936 1569 vestiarii,
955 1536 997 1564 vel
1016 1537 1109 1564 lintea-

264 1586 305 1613 rii.
325 1584 387 1610 dant
401 1588 500 1610 vestrm
514 1581 756 1613 circuinfcrendam,
777 1586 803 1607 et
816 1580 1020 1608 distrahendam.
1040 1580 1071 1606 fr.
1085 1582 1108 1606 5.

266 1628 288 1662 ξ.
308 1629 331 1653 4.
352 1627 384 1653 dc
403 1627 464 1653 inst.
484 1631 533 1652 act.
554 1627 593 1651 14.
613 1626 637 1651 3.

302 1671 449 1697 Linteo.
489 1670 553 1701 Qui
572 1670 676 1694 lintea
696 1669 787 1694 texit.
825 1666 843 1693 1.
864 1667 926 1701 Sy.
951 1666 1049 1704 Opifex
1068 1676 1111 1693 ve-

266 1714 316 1740 stis
337 1713 433 1739 linteae
452 1710 640 1738 contexendae.
661 1709 711 1736 Th.
726 1710 757 1736 C.
776 1709 810 1736 X.
828 1711 870 1736 20.
891 1720 913 1736 c,
933 1711 957 1736 6.
977 1719 998 1736 c.
1017 1710 1041 1735 8.
1070 1708 1112 1735 Li-

267 1756 398 1792 nyfarius,
422 1753 542 1790 Linyfus.
568 1753 616 1787 [al.
641 1752 843 1790 Lympharius]
880 1752 917 1779 lb.
937 1762 959 1779 c.
978 1755 1003 1779 ὅ.
1028 1762 1049 1778 c.
1071 1754 1111 1778 16.

267 1799 310 1825 111.
327 1800 393 1826 Cn.
412 1797 583 1834 Negotiantes
603 1798 729 1829 vestiarii,
748 1795 888 1827 linteoneS,
908 1796 1067 1833 purpurarii,
1086 1800 1112 1821 et

269 1842 409 1879 particarii.
429 1851 450 1867 c.
471 1842 494 1867 7.
514 1839 546 1866 dc
565 1849 653 1866 excus.
673 1849 742 1866 mun.
763 1840 802 1866 10.
822 1840 864 1865 47.

305 1885 494 1911 Linteum.
532 1882 660 1916 (Subst.)
697 1885 828 1909 Pannus
853 1884 968 1908 lineas.
1010 1880 1029 1907 I.
1049 1881 1111 1915 Sy.

268 1927 379 1955 Licium.
399 1926 442 1953 Cf.
456 1926 480 1952 h.
495 1936 517 1953 v.
555 1926 597 1952 Ill.
618 1927 684 1953 Gn.
704 1924 813 1962 Tapeta,
833 1924 875 1951 vel
893 1924 980 1956 lintea,
1002 1924 1111 1960 (quibus

270 1972 452 1997 insternuntur
471 1968 617 2001 vehicula.)
643 1968 673 1994 fr.
693 1970 717 1994 5.
741 1969 763 2001 ᾗ.
785 1970 807 1994 l.
831 1966 863 1994 de
886 1967 981 2004 supell.
1001 1967 1049 2004 leg.
1069 1969 1111 1994 33.

271 2015 310 2040 10.
347 2012 478 2044 Linteum,
499 2022 551 2048 quo
572 2011 674 2038 tabulae
692 2010 826 2037 involutae
845 2015 915 2037 sunt.
934 2010 965 2036 fr.
983 2012 1025 2036 22.
1045 2011 1067 2044 ᾗ.
1088 2012 1112 2037 7.

271 2058 323 2092 Qu.
345 2060 445 2082 testam.
462 2055 508 2081 fac.
529 2065 554 2092 p.
567 2056 610 2081 28.
626 2056 648 2080 l.
686 2053 778 2080 Nudus
798 2058 906 2090 quaerat
924 2055 973 2087 (sc.
993 2053 1112 2086 furtum)

271 2099 352 2125 linteo
373 2100 483 2130 cinctuS,
504 2098 604 2124 lancem
624 2097 731 2124 habens.
752 2096 808 2123 Gai.
828 2095 869 2122 111.
891 2098 948 2123 192.
968 2106 1008 2133 sq.
1101 2120 1102 2123 ,

308 2142 478 2169 mnteus.
498 2140 627 2174 (Adiect.)
656 2142 784 2166 Lineus.
821 2139 863 2165 Ill.
880 2141 946 2167 Gn.
965 2139 1059 2165 Aercis
1079 2144 1114 2165 ta-

273 2184 352 2211 bulis.
372 2184 413 2210 vol
435 2185 590 2215 cerussatis,
610 2188 653 2210 aut
671 2183 760 2209 linteis
779 2183 882 2219 mappis
901 2183 1043 2219 (scripta.)
1064 2181 1113 2209 Th.

273 2227 304 2255 C.
318 2227 362 2254 Xl.
381 2229 422 2253 27.
443 2237 463 2253 c.
486 2229 506 2253 l.
527 2227 560 2253 de
579 2226 647 2253 alim.
667 2236 710 2263 qu.
730 2227 801 2262 inop.
838 2225 930 2251 Lintea
949 2227 1114 2257 vestimenta,

273 2269 397 2306 stragula,
417 2274 442 2295 et
461 2269 614 2296 consimilia.
635 2269 665 2295 fr.
679 2271 719 2295 23.
739 2269 760 2302 §
775 2272 797 2294 2.
819 2267 851 2294 de
870 2278 932 2294 auro
952 2278 1003 2304 arg.
1016 2270 1058 2294 34.
1071 2271 1096 2294 2.

310 2312 539 2340 Lirin-arius.
577 2314 744 2339 Lintrium
768 2313 942 2338 exercitor.
979 2311 1021 2337 111.
1048 2313 1114 2339 Gn.

274 2357 444 2383 Exercitores
463 2356 572 2387 ratium,
595 2357 656 2382 item
675 2354 786 2381 lintrarii
807 2353 854 2387 [al.
875 2353 1020 2390 lyntrarii.]
1041 2354 1070 2381 fr.
1092 2356 1114 2380 l.

275 2400 297 2433 §.
316 2402 340 2425 4.
360 2403 429 2425 naut.
450 2407 523 2435 caup.
543 2400 566 2424 4.
586 2400 609 2423 9.

310 2443 462 2469 liinuln.
499 2441 530 2474 ᾖ.
550 2441 585 2466 1.
607 2442 764 2472 Materia,
789 2442 864 2466 item
884 2442 999 2472 vestis,
1019 2442 1114 2467 linea.

276 2485 318 2511 111.
340 2486 406 2512 (7η.
429 2483 514 2511 onri
535 2493 598 2509 suae
617 2485 767 2509 nominatim
788 2483 895 2519 legavit,
915 2499 947 2503 —
967 2483 1064 2515 lanam,
1088 2483 1116 2509 li-

278 2538 346 2559 num,
367 2537 516 2565 purpuram,
535 2524 706 2553 versicoloria
726 2526 790 2551 facta
810 2526 958 2562 infectaque
971 2527 1064 2552 omnia.
1084 2526 1115 2552 fr.

277 2572 318 2596 32.
338 2572 359 2604 ξ.
379 2572 403 2596 6.
423 2570 538 2597 deauro
557 2579 609 2605 arg.
628 2571 669 2594 34.
688 2570 712 2594 2.
734 2568 764 2594 cf.
785 2568 813 2594 fr.
835 2571 875 2595 To.
905 2570 943 2603 §§.
965 2571 1004 2595 10.
1024 2579 1063 2605 sq.
1084 2568 1116 2594 de

280 2612 353 2647 logat.
369 2613 409 2639 111.
424 2614 490 2645 (32.)
510 2613 541 2639 fr.
554 2614 596 2638 39.
616 2611 648 2638 dc
667 2621 716 2637 usu
736 2616 761 2636 rt
781 2612 860 2637 usul'r.
876 2612 922 2647 leg.
937 2614 977 2638 33
992 2614 1016 2638 2.
1042 2614 1117 2647 Quae

279 2665 311 2681 vx
332 2655 386 2681 lana
406 2661 429 2682 ct
451 2656 504 2682 lino
525 2660 595 2682 texta
615 2659 683 2681 sunt.
704 2653 775 2680 Paul.
796 2653 837 2680 111,
851 2658 874 2680 (ἰ.
895 2655 916 2687 ξ.
932 2657 970 2681 79.
986 2671 1017 2674 -
1038 2656 1068 2688 §.
1081 2656 1116 2680 2.

282 2699 460 2725 anivulus
484 2702 597 2726 lineus.
636 2698 679 2724 Ill.
700 2699 766 2725 Cn.
791 2696 906 2722 Tabulas
929 2698 1037 2734 proprio
1063 2697 1116 2723 lino
1138 2689 1139 2709 l

281 2741 438 2777 propriaque
463 2752 520 2768 cvra
544 2742 705 2777 consignare.
737 2740 794 2766 Gai.
819 2739 848 2766 ll.
871 2741 926 2765 1⁸1.
968 2740 1117 2766 Pei-foratae

281 2793 334 2813 (sc.
355 2782 473 2815 tabulae)
494 2784 590 2821 triplici
610 2784 663 2810 lino
683 2784 902 2819 constringantur.
934 2781 1004 2809 Paul.
1026 2782 1054 2809 V.
1074 2784 1117 2808 25.

282 2827 303 2860 ᾗ.
320 2828 344 2852 6.
364 2825 395 2852 cs.
417 2826 446 2851 fr.
463 2828 483 2851 1.
503 2827 524 2859 §.
542 2829 579 2853 ll.
600 2827 631 2853 dc
645 2827 674 2853 B.
690 2826 717 2853 l'.
737 2837 757 2853 s.
779 2831 795 2852 t.
810 2828 851 2853 37.
873 2827 911 2851 11.
949 2825 1034 2851 luciso
1055 2825 1117 2857 lino,

1022 165 1093 196 LIN
1103 184 1142 190 --
1151 165 1226 196 LIS.

1120 249 1122 265 ¹
1144 252 1169 274 et
1186 247 1322 283 recognito
1341 251 1511 279 testamento,
1536 246 1607 273 aliud
1631 252 1815 274 testamentum
1834 247 1927 274 facere.
1954 247 1985 274 fr.

1143 292 1184 317 2⁸.
1205 290 1227 324 ξ.
1248 291 1270 316 1.
1290 288 1322 316 de
1341 288 1443 316 liberat.
1463 290 1511 326 leg.
1530 291 1572 317 34.
1592 291 1616 316 3.
1637 289 1668 316 cf.
1688 289 1718 316 fr.
1732 291 1756 316 3.
1776 290 1798 324 §.
1811 292 1852 317 23.
1873 291 1906 318 de
1919 290 1988 318 S.C.

1144 332 1226 359 Silan.
1244 334 1287 360 29.
1306 334 1329 359 5.
1366 331 1439 358 Paul.
1458 331 1503 359 lv.
1527 333 1551 359 6.
1579 333 1601 367 §.
1623 334 1645 359 l.
1674 332 1718 359 lv.
1743 334 1767 359 8.
1795 333 1817 366 §.
1838 335 1860 360 l.
1895 334 1987 370 Aequa

1144 376 1219 403 lance
1238 392 1268 396 —
1294 376 1456 412 suscipiatur
1479 376 1533 408 (sc.
1557 375 1680 409 aurum‚)
1708 375 1811 402 scilicet
1836 381 1864 402 ut
1883 376 1988 403 duobus

1145 419 1234 455 digitis
1254 419 1389 446 summitas
1408 416 1455 444 lini
1474 419 1617 446 retineatur
1636 423 1685 445 etc.
1706 417 1756 445 Th.
1771 417 1802 445 C.
1817 418 1911 445 X11.7.
1931 429 1952 446 c.
1967 421 1988 445 l.

1146 461 1179 488 de
1197 461 1365 499 ponderator.

1181 504 1413 538 Linyfarius.
1444 503 1615 538 Linyfus.

1148 547 1250 574 Linteo.

1183 590 1400 624 Lippitudo.
1441 590 1564 616 Vitium
1583 592 1762 621 oculorum.
1787 592 1991 617 sordentium

1149 635 1196 660 vel
1216 634 1472 659 lacrimantium.
1508 632 1551 659 lu.
1572 633 1638 660 Gn.
1669 632 1749 659 Levis
1773 632 1923 670 lippitudo,
1948 637 1993 659 aut

1150 676 1216 703 levis
1231 675 1317 702 dentis
1335 675 1500 701 auriculaeve
1516 674 1602 708 dolor,
1620 681 1664 702 aut
1676 675 1809 702 mediocre
1822 675 1906 702 ulcus.
1926 675 1956 702 fr.
1967 677 1991 702 4.

1149 720 1170 754 ς’.
1190 720 1218 746 6.
1234 718 1267 745 de
1285 717 1373 744 Aedil.
1393 718 1470 745 edict.
1489 720 1531 745 21.
1553 720 1575 744 l.

1185 762 1411 794 Liquamen·
1431 763 1709 788 Salsameneorum
1727 763 1851 796 liquor,
1869 764 1909 788 ad
1925 771 1992 788 con-

1150 807 1284 832 diendos
1303 805 1388 830 cibos
1407 810 1513 838 aptus.
1550 804 1593 830 ΙΙΙ.
1609 805 1675 832 Gn·
1696 803 1765 836 Vini,
1786 804 1846 837 olei,
1866 809 1893 831 et
1911 803 1993 841 liqua-

1151 848 1229 875 minis
1254 846 1305 880 (ad
1328 846 1493 874 barbaricum
1516 847 1705 880 transferendi,
1732 847 1830 874 nullam
1854 848 1993 884 quisquam

1152 891 1246 918 habeat
1263 889 1438 923 facultatem.)
1461 900 1482 917 c.
1504 892 1525 916 1.
1546 890 1598 926 Qu.
1618 900 1660 916 res
1681 895 1783 928 export.
1802 892 1826 918 4.
1845 892 1887 917 41.

1187 933 1448 966 Liquefaetus.
1467 932 1587 967 (Partic.)
1611 935 1734 960 Fluens
1747 935 1872 970 factus.
1897 933 1915 961 I.
1931 934 1993 968 Sy·

1152 977 1278 1014 Liqueus.
1299 975 1340 1002 Cf.
1360 975 1385 1002 h.
1404 985 1430 1001 v.
1466 974 1509 1002 111.
1529 977 1591 1004 Gn.
1610 975 1793 1013 Liquefactum
1812 976 1948 1014 plumbum
1967 977 1994 1003 iu

1152 1030 1198 1047 ore
1211 1034 1245 1039 -
1264 1020 1419 1056 suscipiant.
1440 1017 1490 1045 Th.
1504 1018 1535 1046 C.
1548 1019 1593 1046 IX.
1606 1020 1649 1046 24.
1669 1030 1690 1046 c.
1706 1022 1728 1046 l.
1748 1019 1781 1046 de
1799 1025 1877 1057 raptu
1895 1020 1977 1056 virgg.

1187 1063 1367 1095 Liquens.
1399 1060 1528 1095 (Partic.)
1559 1061 1640 1089 Idem.
1682 1062 1701 1089 I.
1725 1064 1787 1097 Sy.
1811 1062 1995 1100 Liquefactum

1152 1106 1323 1144 (plumbum.)
1343 1104 1392 1131 Th.
1409 1103 1440 1131 C.
1460 1104 1476 1131 l.
1496 1103 1513 1130 l.

1188 1148 1406 1182 Liquentia.
1453 1149 1588 1174 Flumen
1618 1150 1765 1183 regionis
1797 1150 1995 1176 Fennorum.

1152 1193 1195 1220 Ill.
1216 1194 1283 1221 Gn.
1310 1191 1382 1218 Pons
1404 1190 1570 1227 Liquentiae.
1602 1189 1639 1218 lb.
1658 1190 1703 1218 Xl.
1723 1192 1764 1218 10.
1789 1201 1810 1218 c.
1829 1193 1853 1218 2.
1877 1192 1899 1226 ᾗ.
1922 1194 1943 1218 l.
1963 1201 1996 1218 ne

1154 1246 1226 1274 oper.
1247 1246 1259 1262 a
1280 1234 1368 1261 collat.

1659 503 1700 531 Cf.
1725 514 1749 530 v.
1774 502 1941 536 Lintearius,
1965 514 1988 531 v.

1195 1296 1375 1328 Liquere.
1415 1295 1648 1330 Manifestum,
1676 1295 1898 1328 Exploratum
1922 1305 1994 1322 esse.

1153 1339 1171 1366 I.
1192 1340 1254 1374 Sy.
1283 1338 1423 1364 Constare.
1443 1336 1484 1364 Cf.
1504 1337 1529 1364 h.
1550 1347 1573 1363 v.
1611 1336 1654 1363 111.
1674 1338 1740 1365 Gn·
1768 1336 1898 1364 Constare
1917 1337 1997 1364 debet

1154 1383 1308 1420 liquereque
1327 1380 1454 1413 Praetori,
1475 1396 1505 1400 —
1526 1385 1555 1407 ut
1573 1381 1612 1407 sic
1632 1381 1765 1418 permittat
1775 1380 1805 1407 B.
1819 1379 1906 1407 Pnem.
1927 1380 1957 1408 fr.
1971 1382 1995 1407 5.

1154 1427 1176 1460 ξ.
1197 1427 1219 1452 1.
1240 1425 1291 1461 Qu.
1312 1434 1345 1451 ex
1364 1434 1385 1450 c.
1405 1425 1432 1450 in
1450 1433 1524 1461 POSS.
1540 1424 1581 1450 42.
1601 1425 1624 1450 4.
1662 1423 1692 1450 Si
1710 1422 1828 1450 Praetori
1846 1423 1946 1461 liqueat
1964 1433 1997 1451 ex

1154 1468 1329 1506 apertissimis
1347 1477 1433 1494 rerum
1453 1467 1625 1503 argumentis,
1646 1466 1814 1504 (suspectum
1833 1477 1891 1494 eum
1911 1467 1996 1500 esse.)

1155 1511 1184 1538 fr.
1204 1513 1228 1539 3.
1248 1511 1269 1546 ξ.
1290 1512 1314 1537 4.
1334 1509 1367 1537 de
1386 1519 1459 1547 susp.
1480 1513 1528 1536 tut.
1547 1510 1589 1536 26.
1611 1511 1649 1536 10,
1688 1508 1719 1536 Si
1736 1508 1857 1546 liquerit,
1882 1520 1940 1536 eum
1959 1510 1997 1537 vi-

1155 1565 1224 1581 vere.
1249 1553 1279 1580 fr.
1300 1555 1323 1579 2.
1348 1553 1369 1587 ξ.
1390 1554 1413 1579 4.
1437 1557 1540 1579 testam.
1566 1551 1685 1589 quemad.
1709 1562 1749 1590 ap.
1772 1555 1813 1580 29.
1832 1554 1856 1580 3.
1894 1552 1945 1580 Cui
1965 1552 1998 1579 de

1156 1598 1237 1635 patris
1257 1597 1406 1623 innocentia
1426 1595 1517 1632 liquet.
1536 1594 1566 1622 fr.
1581 1596 1622 1621 86.
1642 1596 1663 1630 ξ.
1680 1597 1702 1622 l.
1722 1595 1755 1622 de
1772 1596 1804 1623 A.
1823 1606 1847 1623 v.
1862 1595 1895 1622 O.
1910 1594 1940 1622 Η.
1954 1596 1996 1621 29.

1155 1643 1179 1666 ‘L
1216 1639 1246 1666 Si
1266 1640 1310 1666 uni
1330 1650 1362 1666 ex
1381 1638 1502 1676 pluribus
1522 1637 1654 1664 iudicibus
1669 1655 1698 1660 —
1721 1639 1753 1666 de
1772 1649 1799 1666 re
1819 1649 1871 1665 non
1890 1638 1998 1675 liqueat,

1156 1683 1252 1709 caeteri
1277 1687 1362 1708 autem
1387 1682 1566 1713 consentiant,
1590 1681 1612 1707 si
1636 1681 1659 1707 is
1683 1682 1808 1708 iuraverit
1826 1682 1878 1708 sibi
1897 1691 1950 1708 uon
1969 1680 1999 1708 li-

1157 1736 1237 1763 quere
1256 1730 1305 1752 etc.
1325 1724 1354 1752 fr.
1374 1726 1415 1751 36.
1436 1724 1469 1751 dc
1488 1735 1515 1751 re
1539 1723 1591 1751 iud.
1612 1726 1653 1751 42.
1677 1727 1697 1752 l.
1717 1725 1749 1752 cf.
1770 1724 1799 1752 fr.
1822 1726 1861 1751 13.
1881 1725 1902 1759 ξ.
1922 1725 1945 1750 4.
1966 1723 1999 1751 de

1157 1779 1208 1795 rec.
1229 1778 1270 1804 qu.
1291 1767 1344 1794 arb.
1364 1769 1388 1794 4.
1408 1770 1432 1794 8.

1192 1812 1435 1844 mque—scere.
1466 1812 1664 1847 Liquefieri.
1700 1810 1743 1838 111.
1759 1811 1826 1839 Cn.
1846 1810 1936 1838 Venae
1955 1819 1999 1837 no-

1157 1854 1233 1885 bilis,
1262 1859 1287 1880 et
1311 1864 1376 1890 quae
1404 1853 1480 1880 facile
1505 1853 1649 1880 deducatur
1672 1854 1776 1890 ignibus
1796 1864 1842 1880 scu
1860 1853 1998 1890 liquescat,

1158 1898 1232 1931 (ferri
1251 1898 1394 1928 materies.)
1417 1896 1467 1923 Tb.
1488 1895 1519 1923 C.
1538 1897 1571 1923 X.
1591 1899 1633 1924 22.
1653 1908 1674 1934 c.
1693 1899 1718 1924 2.
1739 1897 1771 1923 de
1790 1897 1928 1924 sabricens.

1192 1949 1366 1983 Liquido.
1387 1947 1499 1981 (Advb.)
1524 1950 1656 1982 Aperte,
1671 1949 1853 1975 Evidenter.
1873 1946 1916 1973 Ill.
1931 1947 1997 1974 Cn·

1158 1992 1186 2018 Si
1206 1991 1307 2028 liquido
1327 1990 1434 2028 probari
1459 2000 1511 2016 non
1529 1995 1631 2028 potest,
1656 1990 1720 2027 quid
1743 1995 1828 2017 actum
1851 1991 1899 2022 sit,
1923 1993 1949 2015 et
1971 1989 1998 2015 in

1159 2035 1272 2061 obscuro
1293 2035 1342 2060 crit
1361 2038 1411 2060 etc.
1436 2033 1466 2060 fr.
1487 2035 1528 2060 42.
1552 2044 1591 2071 pr.
1615 2033 1648 2060 de
1665 2034 1771 2071 iureiur.
1793 2035 1832 2059 12.
1850 2035 1874 2059 2.
1911 2030 1999 2058 Causa

1158 2079 1269 2114 cognita,
1289 2078 1311 2103 si
1330 2076 1431 2113 liquido
1451 2076 1582 2113 adpareat.
1603 2075 1632 2102 fr.
1649 2078 1671 2102 1.
1691 2076 1713 2109 §.
1733 2077 1757 2102 6.
1778 2075 1858 2111 Quar.
1878 2083 1928 2100 rer.
1949 2078 1997 2100 act.

1158 2122 1199 2147 44.
1219 2123 1242 2146 5.
1263 2120 1294 2146 cf.
1314 2119 1386 2146 Paul.
1403 2119 1433 2145 11.
1455 2121 1476 2145 l.
1496 2119 1510 2152 ξ
1537 2119 1561 2145 3.
1599 2118 1629 2145 Si
1649 2118 1696 2144 tibi
1715 2117 1816 2155 liquido
1836 2121 1999 2153 compertum

1159 2168 1207 2191 est.
1227 2163 1257 2189 fr.
1274 2164 1312 2188 14.
1333 2162 1365 2188 dc
1385 2162 1428 2188 oss.
1448 2161 1536 2188 Praes.
1558 2163 1580 2188 1.
1601 2162 1641 2187 18.
1679 2160 1796 2196 Cogetur
1814 2159 1910 2186 docere
1929 2169 1998 2192 reus,

1159 2205 1260 2243 liquido
1280 2214 1309 2231 se
1328 2205 1437 2231 iurasse.
1461 2204 1490 2231 fr.
1512 2207 1553 2231 15.
1572 2204 1605 2231 de
1623 2204 1728 2230 iureiur.
1749 2204 1788 2229 12.
1807 2204 1832 2229 ⁶2.

1194 2256 1390 2289 Liquidus.
1417 2255 1547 2288 (Adiect.)
1584 2255 1614 2289 ᾖ.
1634 2256 1668 2281 1.
1692 2255 1848 2288 Liquens,
1868 2254 1997 2280 Fluens.

1159 2299 1202 2326 III.
1218 2300 1284 2327 Gn.
1305 2297 1385 2334 Quod
1405 2297 1520 2335 liquidae
1539 2298 1661 2324 materiae
1679 2297 1721 2323 sit.
1742 2296 1772 2322 fr.
1787 2297 1810 2321 4.
1824 2305 1862 2332 pr.
1877 2295 1910 2322 dc
1929 2305 1999 2333 penu

1160 2343 1208 2379 leg.
1227 2344 1270 2369 33.
1290 2343 1313 2368 9.
1338 2357 1371 2361 -
1398 2342 1429 2375 ξ.
1453 2343 1488 2368 Β.
1518 2342 1674 2375 Aper-tus,
1702 2340 1913 2375 Manifestus.
1953 2337 1997 2365 111.

1161 2388 1227 2414 Gn.
1255 2383 1376 2421 Liquidis
1395 2389 1421 2410 et
1439 2383 1593 2410 indubitatis
1612 2381 1831 2419 (probationibus
1850 2381 1998 2414 convinci.)

1161 2440 1181 2456 c.
1204 2431 1243 2455 10.
1272 2428 1304 2454 de
1327 2437 1380 2454 sec.
1404 2431 1476 2464 nupt.
1501 2428 1525 2452 5.
1549 2427 1573 2452 9.
1618 2425 1730 2462 Liquida
1758 2430 1784 2451 et
1812 2423 1998 2461 compendiosa

1161 2471 1230 2507 (lege
1249 2471 1372 2503 sancire.)
1397 2480 1417 2496 c.
1436 2472 1460 2496 4.
1480 2468 1512 2495 dc
1531 2468 1592 2494 bon.
1613 2479 1654 2504 qu.
1675 2467 1720 2494 lib.
1740 2469 1764 2494 G.
1783 2469 1825 2494 60.
1861 2467 1904 2494 Ad
1923 2466 1999 2503 liqui-

1161 2515 1222 2541 dum
1242 2514 1381 2550 exquirere
1399 2511 1484 2545 (diem
1504 2515 1530 2537 et
1549 2510 1629 2543 Cos.)
1654 2510 1684 2536 fr.
1703 2513 1727 2536 2.
1751 2510 1773 2543 ξ.
1793 2511 1816 2537 8.
1837 2510 1870 2536 de
1888 2520 1954 2547 aqua
1973 2513 1999 2536 et

1161 2568 1219 2594 aqu.
1240 2557 1276 2594 pl.
1295 2558 1336 2583 39.
1355 2558 1380 2582 3.
1401 2554 1432 2580 cf.
1451 2553 1481 2580 fr.
1495 2556 1536 2580 2⁸.
1557 2553 1589 2580 dc
1609 2553 1710 2590 probat.
1730 2554 1772 2579 22.
1791 2555 1815 2579 3.

1198 2612 1273 2638 Lis.
1311 2611 1341 2643 ξ.
1361 2610 1396 2635 l.
1423 2610 1595 2641 Quaestio,
1617 2609 1858 2635 Controversia.
1896 2606 1915 2633 1.
1934 2606 1996 2639 Sy·

1162 2654 1246 2680 Actio.
1266 2652 1308 2680 Cf.
1323 2652 1346 2678 h.
1361 2661 1384 2677 v.
1399 2651 1420 2685 §.
1435 2652 1458 2676 4.
1479 2650 1676 2677 Controversia.
1696 2650 1808 2677 Cs.h.v.
1827 2650 1847 2683 §
1858 2651 1883 2676 2.
1902 2648 1996 2675 Causa.

1161 2696 1202 2723 Cf.
1217 2696 1242 2722 h.
1255 2706 1279 2721 v.
1299 2696 1320 2729 §.
1343 2697 1381 2721 10.
1419 2694 1448 2720 H.
1470 2696 1537 2728 ΟΡ.
1556 2694 1598 2720 Au
1617 2692 1688 2719 salva
1708 2693 1813 2729 quidem
1832 2692 1865 2719 lis
1884 2695 1936 2722 est,
1954 2700 1997 2716 ve-

1161 2749 1217 2765 rum
1236 2738 1359 2764 instantia
1379 2742 1477 2763 tantum
1497 2737 1576 2763 edicti
1595 2736 1688 2773 periit?
1715 2735 1746 2762 fr.
1766 2736 1806 2762 73.
1826 2735 1847 2768 §.
1866 2735 1889 2760 2.
1909 2732 1942 2759 de
1960 2734 1997 2759 iu—

1161 2782 1211 2808 dic.
1231 2783 1254 2807 5.
1277 2782 1296 2806 l.
1336 2780 1457 2808 111.(711.
1477 2780 1506 2806 Si
1526 2781 1557 2811 is,
1578 2779 1622 2815 qui
1642 2788 1700 2805 cum
1719 2778 1810 2804 eodem
1828 2776 1917 2814 plures
1935 2775 1997 2802 lites

1162 2823 1281 2855 habebat,
1301 2822 1333 2849 de
1353 2823 1508 2860 quibusdam
1527 2823 1617 2859 egerit,
1636 2821 1669 2848 de
1688 2819 1843 2858 quibusdam
1856 2818 1995 2845 distulerit.
