2197 3121
248 191 309 222 764

249 272 346 299 bitratu
373 282 511 309 quaerere.
540 271 580 298 vel
601 272 713 309 probare.
733 281 814 309 posse
833 277 966 299 emtorem.
995 271 1032 298 lb.
1052 271 1094 298 111.
1118 281 1119 287 ’

250 317 272 342 1.
293 326 314 342 c.
334 318 357 342 6.
384 316 416 342 de
441 321 522 342 contr.
543 320 603 341 emt.
625 314 656 341 cs.
686 315 715 341 l'r.
734 316 776 341 36.
802 315 823 348 3.
846 317 866 341 1.
887 314 918 341 ad
938 315 1033 340 munic.
1053 317 1094 341 50.

251 360 274 384 l.
318 360 370 394 Qui
398 369 428 385 ex
454 368 530 385 causa
555 358 685 395 improbat
709 358 740 384 ab
766 357 865 384 arbitro
888 357 1015 395 probatos
1040 358 1093 390 (sc.
1117 344 1118 374 1

249 401 444 430 fideiussores.)
465 401 530 427 alios
551 401 714 439 improbatos
734 401 836 439 probat.
865 400 895 428 fr.
918 402 955 426 10.
976 401 1041 434 3.1.
1062 399 1093 426 cs.

249 454 288 481 pr.
309 445 338 470 l'r.
358 446 381 471 9.
404 446 455 479 Qu.
476 443 567 470 satisd.
589 454 644 480 cog.
663 446 688 470 2.
708 446 731 471 8.
769 443 848 470 Fides
874 453 964 469 eorum
988 448 1013 469 et
1036 442 1094 469 dili·

249 488 334 524 gentia
359 487 390 512 ab
416 488 474 524 ipso
499 492 626 513 testatore
651 487 760 524 probata
780 492 828 513 est.
854 486 911 513 Gai.
931 486 948 512 I.
969 488 1028 513 200.
1065 485 1094 512 Si
1116 475 1118 517 1

250 531 391 565 negotium,
411 540 422 555 a
443 535 468 556 te
488 532 608 566 quamvis
627 530 694 556 male
713 535 822 567 gestum.
844 529 999 567 probavero.
1020 529 1050 555 fr.
1070 530 1094 555 9.
1117 530 1118 567 1

250 573 282 599 de
302 572 331 598 N.
353 572 384 599 G.
404 574 428 598 3.
447 574 473 599 5.
510 573 591 608 Quod
615 573 680 600 adeo
705 583 753 599 nos
778 572 934 610 probamus.
959 577 987 598 ut
1012 576 1095 598 ratum
1117 600 1119 607 ³

250 624 309 641 esse
329 615 472 642 iubeamus.
498 615 547 643 Th.
569 616 599 643 C.
620 616 652 642 X.
673 618 697 642 4.
719 627 740 643 c.
760 618 783 642 2.
805 615 837 642 de
857 620 905 642 act.
925 624 997 652 proc.
1019 614 1095 641 cond.
1118 610 1119 615 ¹

250 658 305 686 Ius.
331 658 402 695 quod
422 659 447 684 in
468 664 567 686 tantum
587 659 726 697 probatum
747 664 802 691 est,
828 663 857 685 ut
876 663 924 684 ete.
952 657 982 683 fr.
1001 658 1043 684 36,
1064 657 1096 684 de
1118 668 1120 694 ζ

249 700 302 727 LL.
325 703 346 727 l.
366 703 390 728 3.
434 702 562 737 Quamvis
583 718 615 722 —-
640 703 841 732 existimaverit,
868 706 893 727 et
918 710 966 727 nos
991 711 1097 737 quoque
1118 732 1120 744 ⁴

250 744 319 770 idem
343 744 500 781 probemus,
525 750 609 771 tamen
631 745 680 771 hoc
701 751 762 772 tunc
781 755 872 771 verum
891 749 944 775 est.
969 754 1028 770 cum
1047 749 1096 770 ete.

250 786 327 813 Vatic
355 788 450 821 3111.
488 787 619 825 Perpetuo
634 787 749 814 Sabinus
769 788 892 825 probavit
911 792 1028 813 veterum
1043 788 1106 824 opi-¹

250 831 355 856 nionem
376 831 589 858 existimantium.
610 831 640 858 fr.
655 832 677 857 6.
699 831 731 857 de
751 831 827 858 cond.
848 831 881 857 ob
896 835 964 867 turp.
985 840 1007 856 c.
1023 832 1061 857 12.
1073 833 1096 857 5.
1118 829 1120 859 ’ξ

250 874 280 900 sr.
301 875 324 900 9.
345 873 378 900 de
397 874 514 910 sponsal.
534 876 575 901 23.
597 876 618 900 1.
639 874 668 900 fr.
686 876 725 900 12.
745 875 767 908 3.
783 876 804 900 l.
825 873 857 900 ad
877 872 943 900 S.C.
961 873 1040 900 Treb.
1054 874 1096 900 36.
1118 886 1120 911 ἦ

253 918 275 942 1.
313 916 405 947 Posse,
426 933 456 936 —
478 917 557 953 idque
577 917 715 955 probatum
736 922 784 943 est.
804 917 834 943 sr.
853 918 894 942 26.
915 916 948 942 dc
967 917 1023 943 iure
1043 915 1095 942 dot.
1119 920 1120 945 i

249 962 291 986 23.
311 961 335 986 3
374 959 455 995 Magis
476 960 614 996 probatum
635 965 683 986 etc.
705 960 735 986 1'1'.
757 962 797 986 16.
818 960 849 986 do
868 960 899 986 B.
914 959 941 986 Ρ.
958 961 1000 986 37.
1023 961 1044 985 1.
1064 958 1095 985 cs.
1118 967 1120 977 ¹=

251 1002 282 1029 sr.
296 1004 320 1029 5.
341 1003 362 1036 3.
376 1005 400 1029 3.
421 1002 454 1028 de
474 1008 543 1029 statu
564 1003 632 1029 bom.
651 1005 672 1029 1.
692 1005 716 1029 5.
754 1003 921 1029 Probandum
941 1007 990 1035 est.
1011 1002 1097 1033 (illum
1119 1026 1120 1029 .

250 1055 345 1082 posse.
364 1056 388 1072 v.
410 1045 532 1078 habere.)
562 1046 590 1072 l‘r.
611 1048 653 1072 50.
674 1046 750 1072 locat.
774 1048 812 1072 19.
831 1048 855 1072 2.
879 1045 910 1072 sr.
932 1048 953 1072 l.
979 1046 1000 1079 3.
1020 1046 1044 1072 5.
1065 1044 1097 1071 de

251 1088 337 1115 arbor.
363 1088 433 1115 caed.
459 1090 500 1115 43.
524 1091 566 1116 27.
592 1106 622 1110 —
653 1090 683 1122 ξ.
705 1091 741 1116 2.
766 1090 1012 1120 Demens-trare,
1034 1089 1097 1114 Do-

250 1142 333 1163 cere,
352 1133 568 1168 Manifestum
583 1134 709 1169 sac-ere.
747 1132 765 1159 1.
780 1133 842 1166 Sy.
855 1131 1020 1168 Adprobare.
1040 1130 1097 1163 32

250 1174 364 1201 Docere.
385 1175 406 1208 3.
429 1176 450 1200 l.
471 1175 629 1202 Ostendere.
652 1175 693 1202 Cf.
708 1175 732 1201 h.
748 1185 771 1201 v.
791 1176 812 1209 3.
832 1176 857 1201 2.
893 1174 936 1200 111.
951 1175 1017 1201 Cn.
1037 1173 1098 1199 I'ro—
1119 1177 1121 1187 '

250 1217 310 1243 bata
331 1222 356 1243 et
375 1222 481 1255 recepta
502 1228 587 1244 causa.
608 1217 637 1244 fr.
658 1220 682 1244 9.
703 1219 724 1252 3.
746 1219 767 1244 l.
788 1217 821 1244 de
839 1227 951 1244 manum.
971 1216 1042 1243 vind.
1056 1217 1097 1242 40.

250 1262 275 1287 2.
314 1260 343 1287 Si
369 1260 453 1292 dicat,
472 1275 503 1279 —
527 1266 552 1287 et
571 1261 621 1288 hoc
639 1261 800 1298 probaverit.
829 1260 859 1286 l‘r.
879 1262 920 1286 25.
942 1259 974 1286 de
993 1269 1097 1297 procur.

251 1305 274 1330 3.
294 1306 319 1330 3.
358 1303 460 1334 Petere,
481 1308 506 1330 et
526 1304 646 1341 probare.
667 1305 697 1331 sr.
720 1306 756 1330 12.
778 1304 810 1330 de.
829 1305 935 1330 iureiur.
957 1306 998 1329 12.
1018 1306 1042 1329 2.
1069 1302 1098 1329 Si

251 1356 305 1373 non
324 1347 466 1384 probasset
486 1347 549 1379 hoc,
575 1347 646 1384 quod
666 1352 835 1384 proponeret.
865 1346 894 1373 fr.
917 1347 955 1372 18.
980 1347 1002 1380 3.
1022 1348 1046 1372 2.
1067 1345 1098 1371 ad

253 1389 318 1416 S.C.
339 1389 422 1427 Turp.
449 1391 489 1416 48.
512 1392 551 1416 16.
573 1390 604 1417 cf.
630 1390 659 1417 fr.
681 1392 720 1416 10.
746 1391 766 1424 3.
792 1392 815 1416 3.
841 1389 873 1415 de
899 1389 992 1416 edend.
1012 1391 1036 1415 2.
1058 1390 1098 1414 13.

252 1432 311 1468 Qua
332 1432 442 1459 formula
463 1434 496 1459 ita
517 1433 620 1460 demum
639 1434 777 1460 vincimus.
798 1434 820 1459 si
835 1432 1035 1469 probaverimus
1049 1436 1098 1457 etc.

253 1476 310 1502 Gai.
331 1475 374 1502 lv.
394 1478 435 1502 93.
450 1476 481 1502 cl'.
499 1478 554 1503 167.
571 1487 610 1513 sq.
649 1476 677 1502 Si
699 1476 788 1513 plures
808 1476 887 1502 babet
907 1476 1099 1502 excusationes.
1121 1496 1122 1505 .

253 1524 279 1545 et
299 1519 330 1544 de
350 1519 506 1555 quibusdam
534 1530 585 1545 non
610 1519 770 1556 probaverit..
798 1519 827 1545 fr.
847 1520 889 1545 2l.
915 1519 936 1553 3.
959 1519 980 1544 l.
1005 1517 1038 1544 de
1057 1528 1099 1544 ex—

253 1567 346 1587 cusatt.
371 1564 411 1587 27.
435 1564 456 1588 l.
483 1562 567 1588 Yatic.
592 1563 614 1596 3.
636 1563 692 1588 164.
736 1562 765 1588 Si
789 1561 891 1598 liquido
915 1561 1021 1599 probari
1047 1571 1099 1587 non

253 1609 348 1642 potest.
368 1604 399 1630 fr.
414 1607 454 1631 42,
475 1615 514 1642 pr.
536 1605 568 1631 de
588 1606 694 1632 iureiur.
710 1607 750 1632 12.
769 1607 794 1631 2.
831 1605 922 1631 Multis
941 1605 1099 1641 argumentis

252 1647 389 1684 probatur.
418 1647 447 1674 fr.
468 1650 510 1674 23.
535 1648 567 1674 dc
591 1648 642 1674 LL.
670 1645 740 1675 l.*3.
769 1647 853 1675 Vatic.
879 1649 980 1682 3168.
1019 1647 1099 1673 Adito

252 1689 386 1716 Praeside.
407 1701 439 1718 ex
459 1691 587 1728 adspectu
605 1692 726 1728 corporis
740 1690 806 1717 salso
820 1691 943 1728 probavit
957 1690 1100 1728 perfectam

253 1738 371 1760 aetatem.
393 1734 421 1760 l'r.
441 1736 483 1760 32,
504 1734 536 1760 de
556 1736 648 1761 minor.
669 1737 693 1761 4.
713 1736 736 1760 4.
775 1733 880 1769 Quodsi
907 1733 939 1760 de
967 1735 1023 1760 iure
1052 1743 1099 1760 suo

254 1776 408 1813 probantem
429 1777 565 1804 admiserit
579 1778 692 1810 (iudex)
713 1777 742 1804 sr.
763 1779 784 1803 1.
804 1778 825 1811 3.
840 1780 864 1803 2.
885 1778 936 1812 Qu.
957 1781 1024 1803 sent.
1044 1777 1101 1803 sine

254 1819 313 1856 adp.
333 1822 374 1846 49.
394 1822 418 1846 8.
456 1820 535 1857 Apud
556 1820 677 1849 iudicem.
698 1831 718 1847 s.
740 1820 909 1857 Competenti
929 1819 1022 1851 iudici.
1041 1830 1101 1857 pro-

255 1862 323 1888 bare.
354 1864 382 1889 l'r.
404 1865 443 1890 10.
468 1864 490 1897 3.
510 1866 533 1890 3.
555 1864 587 1890 de
607 1863 700 1890 edend.
721 1866 745 1890 2.
767 1865 806 1890 13.
827 1873 847 1889 c.
871 1865 891 1889 1.
917 1863 968 1898 Qu.
989 1863 1046 1889 dies
1065 1863 1100 1889 le-

254 1910 304 1941 gat.
324 1908 347 1931 6.
367 1908 409 1932 53.
448 1906 589 1933 Probatum
609 1916 657 1944 pro
676 1906 802 1933 tribunali
822 1907 941 1939 (irritum
962 1911 1101 1933 testamen-

256 1950 331 1979 tum.)
351 1948 381 1974 sr.
395 1951 436 1975 215.
456 1950 488 1975 de
502 1949 532 1976 N.
548 1949 579 1976 G.
598 1951 623 1975 3.
644 1952 668 1976 5.
706 1950 735 1976 Si
756 1951 814 1986 quis
835 1950 958 1987 imparem
979 1960 1008 1976 se
1028 1951 1101 1976 oneri

255 1992 372 2017 iniuncto
393 1993 479 2028 possit
498 1992 618 2029 probare,
639 1992 668 2019 t‘r.
683 1995 706 2019 7.
727 1992 759 2019 dn
773 1997 901 2019 excusatt.
916 1995 958 2019 27.
978 1995 1000 2019 l.
1021 1994 1101 2028 Quis-

257 2035 316 2070 quis
336 2035 461 2071 probatus
482 2035 544 2061 mibi
565 2035 650 2065 suerit,
671 2046 724 2062 rem
745 2035 824 2062 ullam
845 2035 974 2062 debitoris
994 2052 1023 2056 -
1045 2037 1101 2061 sine

256 2077 310 2103 ullo
331 2077 417 2104 iudice
437 2083 534 2104 temere
554 2078 700 2115 possidere.
725 2078 753 2104 l'r.
777 2080 815 2105 13.
837 2080 887 2114 Qu.
908 2084 968 2105 met.
992 2089 1013 2105 c,
1034 2081 1057 2104 4.
1077 2080 1101 2104 2.
1124 2111 1125 2122 η

256 2119 411 2147 Probandus
431 2121 549 2149 adsistat.
570 2120 655 2157 qualis
675 2121 793 2147 moribus
813 2123 856 2153 sit,
877 2121 945 2148 uude
959 2121 1037 2147 domo
1051 2126 1100 2147 etc.
1123 2132 1124 2137 ¹

257 2162 307 2189 Th.
333 2164 363 2190 C.
388 2163 432 2190 Vl.
456 2166 497 2190 27.
525 2174 545 2190 c.
566 2166 589 2190 4.
615 2163 647 2190 de
672 2168 755 2199 agent.
780 2165 806 2190 in
830 2164 884 2190 reb.
926 2164 1010 2191 Posse
1033 2164 1102 2201 apud

257 2206 421 2239 Praetorem,
446 2207 487 2233 vel
514 2206 663 2233 Praesidem
689 2206 765 2233 I'rov.
795 2217 898 2233 causam
922 2207 1052 2244 probare,
1077 2212 1102 2233 et

257 2250 314 2276 fieri
335 2251 416 2276 civem
437 2250 466 2276 Ii.
496 2250 556 2287 Ylp.
578 2250 619 2277 111.
639 2252 662 2276 3.
684 2249 715 2276 cf.
741 2249 798 2276 Gai.
819 2249 836 2276 1.
856 2252 896 2276 67.
917 2260 975 2286 sqq.
1001 2252 1041 2276 73.
1061 2260 1102 2287 sq.
1123 2250 1124 2255 ¹

258 2292 289 2319 er.
309 2295 350 2319 29.
370 2295 412 2318 152.
1123 2281 1125 2327 1

296 2336 489 2362 Probafio.
528 2337 557 2368 §-
578 2337 611 2362 1.
638 2337 858 2370 Αᾱρνυύαἱίυ,
880 2337 1101 2362 Rarihabieio.

259 2378 288 2405 11.
306 2380 373 2412 01).
399 2378 558 2415 Improbatio
578 2380 702 2415 (operis.)
723 2378 752 2404 fr.
773 2380 814 2405 60.
835 2378 857 2412 3.
876 2380 900 2404 3.
920 2377 997 2404 locat.
1020 2380 1058 2403 19.
1078 2381 1102 2405 2.
1124 2384 1130 2403 >

259 2439 289 2442 —
304 2422 336 2455 ξ.
348 2423 384 2448 2.
400 2423 660 2452 Demonslrnliu,
676 2423 775 2448 Actus
791 2423 960 2455 probandi.
980 2420 1023 2446 111.
1037 2422 1102 2447 Cn.

259 2464 390 2501 Adoptio.
415 2468 438 2489 et
460 2463 606 2499 adrogatio.
632 2473 724 2489 causae
750 2464 885 2500 probatio,
910 2469 936 2490 et
955 2465 980 2489 iu
1000 2473 1103 2489 manum
1125 2482 1126 2489 1

259 2509 407 2533 conventio.
434 2506 503 2533 Coll.
524 2506 576 2532 LL.
600 2506 632 2533 Μ.
653 2506 722 2533 ΧΠ,
743 2510 766 2533 ti.
805 2508 833 2533 Si
859 2506 884 2533 id
909 2517 960 2533 non
987 2506 1103 2543 adparet,
1124 2529 1126 2550 v

259 2561 310 2577 non
331 2552 371 2577 ius
391 2550 492 2581 delicit.
513 2549 559 2575 sed
580 2549 709 2586 probatio.
736 2549 818 2576 Yatir.
846 2551 867 2583 3.
887 2552 946 2576 227.
985 2550 1102 2585 Quarum
1124 2566 1125 2586 3

259 2594 380 2630 probatio
400 2594 530 2629 scriptura
556 2592 746 2628 codicibusque
774 2603 863 2618 eorum
887 2593 998 2619 maxime
1021 2593 1103 2618 conti·
1124 2594 1125 2637 ἰ

260 2641 342 2662 netur.
368 2636 397 2662 fr.
417 2638 440 2662 9.
466 2636 487 2669 3.
507 2638 531 2662 2.
552 2635 584 2661 de
605 2635 697 2661 edenti.
717 2637 740 2660 2.
764 2637 801 2661 13.
823 2636 854 2661 cl.
879 2636 909 2661 sr.
933 2637 953 2661 1.
979 2636 1044 2669 31.
1071 2635 1103 2661 de
1123 2656 1125 2669 ,

260 2680 405 2714 quaestion.
421 2680 556 2704 43.1s.—
579 2678 609 2711 §-
622 2680 659 2704 ³.
675 2679 788 2711 Ratio,
806 2680 995 2704 Momentum
1018 2682 1102 2712 (pro-

260 2724 381 2751 bandi)
420 2721 437 2748 I.
459 2724 520 2755 Sy.
546 2721 684 2752 Rationes,
711 2720 891 2747 Probationes.
917 2720 946 2746 fr.
966 2722 1008 2747 6³3.
1035 2721 1056 2754 3.
1077 2723 1101 2747 4.
1123 2723 1124 2753 i

260 2763 293 2790 nd
312 2763 376 2789 SC.
397 2763 474 2790 'sm-b.
494 2766 536 2790 36.
559 2766 579 2790 1.
605 2764 635 2790 fr.
659 2765 696 2790 17.
724 2764 746 2797 3.
765 2764 789 2789 3.
815 2762 847 2789 de
867 2773 977 2789 manum.
998 2768 1100 2789 testam.
1122 2768 1123 2772 ¹

260 2809 301 2832 40.
321 2807 345 2832 ·1.
382 2805 423 2831 111.
445 2808 510 2833 (ἠ.
531 2807 734 2833 Accusationem
755 2810 875 2843 parante,
896 2810 921 2831 et
940 2805 1101 2841 probationi·
1122 2822 1123 2831 η

261 2849 311 2876 bus
342 2853 480 2875 nstrucnte
500 2849 545 2879 [al.
571 2849 740 2883 instituente]
766 2854 844 2885 atquc
862 2849 1001 2876 muniente.
1026 2848 1056 2875 fr.
1076 2850 1100 2874 2.

1074 187 1173 220 PRO.

1141 271 1162 304 3.
1182 272 1204 297 8.
1226 270 1258 296 ad
1278 269 1306 296 L.
1330 270 1377 297 Iul.
1402 270 1434 297 de
1458 271 1538 298 adult.
1565 274 1606 299 48.
1627 274 1651 299 5.
1688 271 1825 309 Legitiinis
1851 274 1983 312 probatio-

1140 313 1218 340 nibus
1247 313 1395 340 ostendere.
1425 313 1455 340 fr.
1479 318 1520 341 40.
1547 325 1584 352 pr.
1610 315 1643 342 de
1666 315 1742 342 milit.
1767 320 1868 343 testam.
1892 319 1934 344 29.
1961 319 1982 343 1.

1140 356 1344 382 Probationibus
1369 361 1447 392 atque
1471 359 1629 391 argumentis
1653 358 1783 395 detegere.
1813 358 1862 385 Th.
1882 359 1914 386 C.
1937 359 1982 386 XI.

1139 401 1180 425 36.
1201 409 1222 426 c.
1240 401 1260 425 1.
1281 401 1364 434 Quor.
1380 400 1439 436 adp.
1454 409 1478 426 n.
1493 411 1544 427 rec.
1582 401 1641 427 Nisi
1660 411 1750 437 magna
1770 411 1848 428 causa
1867 401 1983 433 suadeat,

1116 447 1118 474 ζ
1140 447 1165 468 et
1185 441 1320 469 evidentes
1341 442 1511 479 probationes
1531 448 1678 480 suggerant.
1703 444 1733 470 fr.
1753 446 1794 470 ⁶27.
1819 444 1840 478 3
1863 446 1885 470 l.
1905 443 1938 471 de
1955 444 1984 471 li-

1140 484 1231 512 berali.
1251 495 1272 512 c.
1293 487 1334 512 40.
1357 486 1396 511 12.
1433 485 1462 511 Si
1483 501 1515 505 —
1535 486 1659 513 dilucidis
1684 487 1888 524 probationibus
1907 486 1985 514 suerit

1141 528 1320 566 adprobatum.
1342 528 1371 554 l‘r.
1388 529 1427 554 14.
1447 529 1468 562 3.
1485 530 1509 555 5.
1530 529 1583 564 Qui
1603 535 1629 556 ct
1648 540 1660 556 a
1681 540 1722 567 qu.
1743 540 1810 557 man.
1830 532 1871 556 40.
1891 531 1915 556 9.

1179 571 1420 598 Probatur-ia.
1461 573 1680 608 Teseificatio
1710 575 1837 608 scripta
1866 574 1986 600 scrinii·

1142 616 1320 649 Principis.
1358 613 1401 640 ΙΙΙ.
1422 615 1488 642 Cn·
1518 613 1601 641 Nemo
1630 617 1687 642 sine
1713 615 1793 642 divali
1823 615 1985 653 probatoria,

1143 668 1219 694 quam
1240 658 1345 684 codices
1365 658 1390 683 in
1411 656 1437 683 S.
1453 662 1545 683 nostro
1565 659 1663 684 scrinio
1682 660 1823 685 memoriae
1842 660 1924 696 positi
1943 658 1987 685 de—

1143 701 1220 727 beant
1240 700 1404 727 inserendam
1425 701 1551 737 accipere.
1571 701 1728 728 militaribus
1748 702 1865 728 eiusdem
1880 701 1987 728 scholae

1142 743 1283 781 stipendiis
1307 745 1431 781 potiatur.
1457 753 1478 769 c.
1497 744 1522 769 3.
1548 743 1580 770 de
1603 749 1686 781 agent.
1710 746 1736 771 in
1756 745 1810 772 reb.
1834 747 1872 771 12.
1892 747 1934 771 20.
1954 744 1986 772 cf.

1142 797 1163 813 c.
1184 789 1207 813 5.
1228 797 1266 824 pr.
1287 786 1320 813 de
1340 786 1383 812 off.
1403 796 1467 821 mag.
1488 786 1557 812 osne.
1580 788 1601 813 l.
1621 789 1662 814 31.
1683 797 1704 814 c.
1723 790 1747 815 9.
1767 797 1806 825 sq.
1827 787 1860 814 de
1879 787 1931 815 div.
1951 787 1988 814 οἵ·

1142 829 1183 855 fic.
1211 831 1250 855 12.
1273 831 1314 856 60.
1343 829 1393 856 Tb.
1414 829 1444 856 C.
1468 828 1531 855 t‘lll.
1553 832 1576 856 7.
1602 839 1623 856 c.
1642 831 1683 856 21.
1704 840 1762 868 sqq.
1788 830 1846 858 eod.
1875 830 1921 858 Iul.
1946 841 1986 868 ep.

1141 882 1202 898 nov.
1222 882 1244 898 c.
1265 874 1305 898 17.
1326 873 1347 906 3.
1367 874 1408 899 62.
1429 883 1450 899 c.
1471 873 1509 899 18.
1530 873 1551 906 3.
1571 874 1612 899 (34.
1650 872 1745 900 Nullus
1766 874 1880 900 iudicum
1900 883 1988 911 quem-

1142 925 1218 952 quam
1239 916 1295 941 sine
1315 925 1387 941 sacra
1407 915 1558 952 probatoria
1578 916 1690 953 probare
1710 916 1811 948 audeat,
1833 915 1876 943 vel
1895 927 1987 954 prove-

1142 958 1211 984 here.
1233 968 1255 984 c.
1276 960 1300 984 2.
1322 958 1354 985 de
1374 958 1501 985 cohortal.
1523 961 1563 985 12.
1583 961 1624 985 55.
1644 959 1699 992 (Cf.
1720 959 1756 985 lo.
1775 958 1867 995 Lydus
1887 960 1920 986 de
1938 970 1988 986 ma—

1142 1002 1216 1037 gistr.
1237 1000 1278 1026 111.
1299 1002 1340 1033 2.)

1181 1045 1381 1071 Probatus.
1402 1043 1523 1076 (Panic.)
1542 1044 1572 1076 ς’.
1586 1045 1620 1071 1.
1636 1046 1849 1079 Adprobatns.
1870 1044 1987 1073 Iltcn.

1119 1116 1121 1125 y
1142 1085 1197 1119 (Cf.
1217 1097 1242 1112 v.
1262 1085 1386 1113 Probare.
1406 1087 1485 1120 3.1.)
1523 1086 1616 1113 Donec
1634 1089 1750 1113 minores
1770 1087 1879 1125 probata
1904 1093 1989 1115 aetate

1119 1129 1121 1143 ³⁴
1143 1139 1203 1155 esse
1222 1128 1369 1156 videantur.
1390 1129 1440 1156 Th.
1461 1128 1492 1156 C.
1513 1129 1579 1155 Ylll.
1601 1130 1640 1156 18.
1661 1140 1682 1156 c.
1702 1132 1726 1156 3.
1746 1130 1779 1156 de
1798 1136 1906 1158 matern.
1926 1131 1988 1158 bon.

1143 1172 1280 1198 Mensuras
1299 1172 1406 1209 publice
1425 1172 1550 1209 probatas
1570 1189 1602 1192 —
1622 1183 1797 1211 corrumpere.
1817 1174 1847 1200 fr.
1866 1175 1908 1201 32.
1928 1175 1950 1209 3.
1966 1177 1988 1202 l.

1144 1215 1176 1241 dc
1195 1214 1224 1241 L.
1246 1215 1327 1242 Corn.
1348 1215 1380 1241 de
1399 1215 1457 1242 fals.
1476 1216 1518 1242 43.
1540 1218 1579 1243 10.
1601 1233 1630 1236 —
1655 1217 1686 1250 §-
1703 1218 1738 1243 2.
1763 1218 1988 1250 Exploratus,

1145 1261 1326 1292 Spectatus.
1364 1257 1383 1284 I.
1404 1260 1465 1293 Sy.
1490 1258 1658 1296 Exploratus.
1685 1258 1734 1286 Th.
1755 1258 1786 1286 C.
1806 1258 1850 1285 VI.
1875 1261 1898 1286 9.
1923 1270 1945 1287 c.
1966 1262 1989 1287 l.

1144 1301 1177 1327 de
1197 1301 1306 1337 Quaest.
1327 1310 1391 1337 mag.
1412 1301 1454 1327 off.
1478 1300 1519 1328 vl.
1542 1303 1580 1328 13.
1611 1311 1631 1328 c.
1653 1304 1675 1328 1.
1701 1301 1734 1329 de
1758 1303 1845 1329 comit.
1865 1313 1920 1330 vac.
1957 1303 1989 1330 11.

1144 1345 1212 1377 01).
1242 1344 1398 1381 Suspectus.
1423 1343 1453 1370 sr.
1472 1346 1497 1370 3.
1522 1345 1544 1378 3.
1564 1346 1589 1371 4.
1614 1344 1646 1371 de
1670 1344 1744 1371 liber.
1770 1344 1856 1372 exbib.
1880 1347 1922 1372 43.
1947 1347 1989 1372 30.

1144 1387 1186 1413 111.
1205 1388 1272 1414 Cn.
1296 1387 1369 1413 Bene
1392 1387 1510 1424 probati,
1531 1393 1555 1414 et
1576 1387 1664 1414 idonei
1684 1393 1762 1425 atque.
1781 1387 1885 1415 bonesti
1905 1389 1990 1422 (tuto-

1144 1431 1212 1463 res.)
1238 1430 1267 1456 fr.
1289 1432 1328 1457 17.
1354 1431 1419 1464 3.1.
1440 1429 1473 1456 de
1497 1435 1597 1457 testam.
1618 1435 1666 1457 tut.
1685 1432 1727 1457 26.
1745 1434 1770 1457 2.
1808 1430 1936 1458 Probatae
1955 1436 1991 1458 at-

1145 1484 1194 1510 que
1214 1475 1329 1509 integrae
1350 1474 1482 1511 opinionis
1502 1475 1560 1500 viri.
1582 1484 1602 1500 c.
1625 1475 1664 1500 11.
1685 1474 1737 1509 Qu.
1757 1479 1811 1511 pot.
1831 1478 1854 1501 δ.
1871 1476 1910 1501 18.
1938 1474 1990 1501 No—

1144 1516 1211 1543 biles
1221 1517 1401 1554 probataeque
1412 1526 1549 1554 personae.
1565 1527 1584 1544 c.
1598 1518 1638 1543 19.
1650 1514 1682 1543 de
1693 1521 1794 1543 testam.
1802 1518 1825 1543 6.
1834 1519 1875 1544 23.
1895 1517 1945 1544 Tb.
1957 1516 1989 1544 C.

1144 1559 1189 1586 XI.
1209 1562 1249 1586 28.
1276 1570 1296 1586 c.
1319 1562 1358 1586 13.
1383 1559 1416 1586 de
1440 1559 1538 1596 iudulg.
1564 1559 1644 1586 debit.
1683 1560 1737 1595 Qui
1760 1570 1772 1586 a
1794 1560 1991 1597 probatissimis

1122 1629 1123 1633 ,
1145 1602 1291 1640 adprobati.
1316 1602 1352 1628 Ib.
1373 1602 1442 1629 XIII.
1462 1604 1485 1629 3.
1507 1613 1529 1629 c.
1549 1604 1572 1629 7.
1592 1602 1625 1629 de
1644 1603 1737 1629 medic.
1758 1607 1783 1629 et
1802 1602 1913 1640 profess.
1945 1603 1991 1630 Di-

1146 1645 1231 1672 lucida
1257 1650 1282 1671 et
1307 1645 1494 1682 probatissima
1519 1647 1638 1672 veritatis
1664 1646 1793 1682 quaestio.
1822 1645 1858 1672 11).
1877 1645 1924 1672 XI.
1947 1647 1990 1672 36.

1146 1698 1167 1715 c.
1190 1691 1211 1714 1.
1233 1688 1316 1724 Quor.
1337 1687 1396 1725 adp.
1416 1698 1440 1714 u.
1461 1699 1512 1715 rec.
1665 1690 1668 1693 ’

1183 1733 1319 1758 Probe.
1358 1731 1480 1765 (Advb.)
1518 1734 1626 1764 Recte,
1651 1733 1835 1758 Praeclare.
1872 1731 1901 1758 11.
1922 1733 1990 1766 Op.

1146 1774 1275 1811 Improbe.
1296 1773 1337 1801 Cf.
1358 1773 1382 1800 b.
1402 1784 1426 1800 v.
1463 1774 1506 1801 111.
1524 1776 1590 1802 οη.
1610 1774 1651 1801 Pr.
1672 1784 1701 1800 se
1720 1784 1795 1810 agere
1815 1773 1864 1806 [al.
1884 1774 1990 1809 gerere]

1147 1819 1213 1844 cirea
1234 1827 1311 1843 omne
1330 1817 1462 1853 negotium
1483 1827 1567 1844 suum.
1587 1817 1617 1844 fr.
1633 1820 1655 1844 l.
1675 1818 1696 1851 3
1711 1820 1734 1844 9.
1756 1817 1788 1844 de
1807 1817 1851 1843 off.
1872 1816 1924 1844 Prf.
1944 1817 1990 1844 Vr.

1148 1862 1169 1886 1.
1192 1862 1230 1886 12.
1269 1860 1374 1897 Operae
1398 1859 1608 1897 qualescunque,
1634 1871 1700 1897 quae
1723 1860 1801 1887 modo
1824 1870 1863 1897 pr.
1888 1861 1945 1887 iure
1962 1859 1992 1887 li-

1146 1904 1198 1930 cito
1218 1905 1397 1940 imponuntur.
1418 1904 1449 1930 l'r.
1464 1905 1487 1930 7.
1507 1904 1566 1937 3.3.
1587 1903 1620 1930 de.
1640 1914 1711 1941 oper.
1732 1903 1818 1930 libert.
1831 1904 1872 1929 38.
1889 1904 1911 1930 l.
1931 1902 1991 1930 Non

1147 1956 1194 1983 pr..
1214 1956 1235 1973 S.
1256 1946 1350 1973 Parum
1369 1957 1408 1984 pr.
1429 1946 1578 1984 (postulare
1597 1948 1660 1979 etc.)
1681 1947 1710 1973 fr.
1729 1948 1771 1972 27.
1791 1946 1813 1980 3.
1829 1947 1852 1972 4.
1873 1945 1905 1972 ad
1923 1945 1989 1972 S.C.

1147 1989 1226 2016 Tre-b.
1246 1991 1287 2015 36.
1310 1991 1331 2015 1.
1351 1990 1380 2016 fr.
1403 1992 1442 2016 13.
1462 1990 1546 2023 3.11.
1565 1989 1598 2016 de
1617 1989 1702 2016 damn.
1722 1989 1766 2016 ins.
1785 1991 1827 2016 39.
1846 1991 1870 2015 2.

1184 2032 1372 2059 Probitas.
1410 2035 1610 2068 Integrilas,
1634 2034 1756 2059 Virtus.
1792 2032 1835 2059 111.
1853 2033 1917 2060 C'n.
1944 2031 1988 2063 Vt,

1147 2076 1211 2101 certi
1231 2076 1263 2101 de
1284 2076 1415 2112 probitate
1435 2086 1544 2107 morum,
1565 2080 1590 2102 et
1608 2076 1701 2112 peritia
1722 2076 1795 2107 artis,
1815 2075 1910 2111 eligant
1929 2075 1988 2112 ipsi,

1147 2118 1243 2154 quibus
1263 2128 1291 2144 se
1312 2134 1342 2139 —
1363 2119 1533 2144 committant.
1554 2118 1583 2144 l'r.
1606 2120 1627 2144 l.
1647 2118 1679 2145 de
1698 2118 1768 2145 decr.
1788 2117 1819 2144 ab
1839 2117 1894 2143 ord.
1909 2119 1950 2144 50.
1964 2119 1989 2144 9.

1146 2161 1260 2187 Idoneus
1280 2161 1412 2198 probitate
1435 2171 1548 2192 morum,
1574 2170 1603 2186 ac
1626 2160 1703 2187 bonis
1727 2160 1826 2187 artibus
1845 2159 1988 2196 praeditus.

1147 2204 1197 2230 Th.
1218 2204 1249 2231 C.
1269 2204 1287 2230 1.
1307 2207 1330 2231 9.
1352 2214 1372 2230 c.
1389 2206 1410 2230 1.
1431 2203 1535 2237 (ch.)
1556 2203 1588 2229 de
1608 2204 1651 2230 ol's.
1672 2203 1736 2239 Mag.
1756 2202 1799 2228 oss.
1819 2201 1849 2228 Il.
1869 2204 1907 2229 17.
1929 2213 1950 2229 c.
1966 2205 1988 2230 l.

1147 2258 1185 2284 pr.
1207 2247 1239 2273 de
1258 2247 1282 2273 h.
1299 2257 1342 2283 qu.
1363 2256 1421 2272 ven.
1442 2251 1492 2273 aet.
1531 2246 1679 2273 Consilium
1699 2246 1862 2282 corruptoris
1881 2245 1913 2272 ad
1932 2256 1990 2283 per-

1147 2291 1240 2316 niciem
1268 2290 1409 2327 probitatis
1436 2290 1507 2316 servi
1538 2289 1724 2316 introductum.
1756 2298 1776 2314 c.
1802 2291 1844 2314 20.
1872 2288 1905 2315 de.
1927 2289 1988 2316 furt.

1147 2334 1170 2359 6.
1190 2335 1214 2359 2.

1186 2377 1386 2402 Probrose.
1407 2375 1520 2408 (Advb.)
1540 2376 1614 2401 Cum
1634 2376 1843 2401 contumelia.
1867 2373 1909 2400 III.
1922 2375 1988 2402 Gn.

1149 2419 1255 2446 lllicite.
1280 2418 1321 2444 vel
1342 2418 1472 2456 probrose
1491 2417 1610 2450 (datmn.
1631 2417 1656 2442 in
1676 2418 1757 2453 patris
1778 2417 1911 2443 dominive
1928 2427 1989 2454 poe-

1149 2464 1227 2493 nam.)
1249 2462 1277 2488 l'r.
1299 2463 1320 2488 l.
1342 2461 1373 2487 de.
1393 2460 1416 2487 11.
1438 2470 1480 2496 qu.
1500 2469 1575 2496 poen.
1597 2469 1618 2485 c.
1637 2461 1679 2485 3-1.
1699 2462 1722 2485 6.

1186 2506 1406 2531 Protin-osus.
1434 2502 1562 2535 (Adiect.)
1594 2504 1778 2536 opprobrio
1804 2504 1987 2536 expositus,

1150 2549 1401 2582 Ignunziniusns.
1445 2544 1486 2570 111.
1510 2546 1576 2572 sn.
1605 2544 1653 2570 Yel
1683 2544 1784 2581 legibus
1811 2544 1987 2576 interdictum,

1149 2590 1190 2617 vel
1211 2590 1274 2616 alias
1292 2589 1462 2626 probrosum.
1482 2587 1523 2613 vel
1544 2589 1620 2613 etiam
1640 2587 1813 2624 impossibile.
1833 2597 1853 2614 c,
1870 2589 1891 2613 l.
1911 2586 1944 2613 de.
1962 2586 1985 2613 h.

1149 2644 1190 2670 qu.
1212 2642 1289 2670 poen.
1309 2641 1376 2657 nom.
1397 2632 1420 2656 o.
1441 2631 1481 2655 tl.
1519 2630 1599 2665 Quod
1623 2631 1648 2656 in
1673 2631 1756 2656 servis
1782 2631 1859 2656 etiam
1879 2629 1986 2667 probro-

1148 2686 1204 2702 sum
1229 2681 1307 2712 atque
1330 2677 1491 2710 postremum
1516 2678 1564 2699 est.
1597 2672 1646 2699 Th.
1667 2672 1697 2699 C.
1717 2672 1773 2698 XII.
1801 2675 1823 2698 l.
1849 2683 1868 2699 c.
1889 2673 1929 2699 39.
1953 2671 1986 2698 (Ie

1148 2719 1281 2745 decurion.
1320 2715 1422 2742 Callida
1448 2721 1514 2747 arte,
1540 2721 1584 2743 aut
1607 2716 1735 2753 probrosa
1761 2716 1905 2752 cuiuspiam
1924 2723 1985 2740 con-

1147 2762 1269 2788 niventia.
1289 2758 1326 2785 lb.
1344 2758 1416 2785 XVI.
1436 2761 1459 2784 2.
1481 2769 1501 2785 c.
1520 2760 1562 2785 27.
1583 2769 1621 2795 pr.
1641 2758 1673 2784 de
1693 2759 1773 2795 episc.
1793 2757 1856 2784 eccl.

1183 2804 1382 2830 Probrum.
1420 2804 1478 2828 Res
1498 2803 1621 2835 turpis,
1645 2811 1665 2827 s.
1685 2802 1927 2827 conaemneliosa.
1964 2799 1983 2826 I.

1145 2848 1207 2881 Sy.
1227 2845 1415 2883 Opprobrium.
1436 2844 1477 2871 Cf.
1492 2844 1516 2870 h.
1537 2854 1560 2870 v.
1597 2843 1640 2870 111.
1655 2845 1721 2871 Gn.
1741 2843 1840 2870 Probra
1858 2841 1984 2878 quaedam
