2197 3121
951 141 1046 173 VOC
1057 161 1096 166 —

211 226 245 253 de
262 225 340 262 legat.
364 225 382 253 Ι.
403 225 479 259 (30.)
515 225 613 252 Rerum
636 223 766 251 vocabula
791 223 962 250 immutabilia
987 228 1058 256 sunt,
1082 227 1084 255 t

210 268 346 295 hominum
366 267 511 294 mutabilia.
531 268 562 294 fr.
581 269 605 294 4.
624 277 664 304 pr.
689 267 706 294 l.
727 268 804 300 (30.)
823 282 855 286 —
884 267 915 299 ἓ.
936 268 972 293 2.
1003 268 1060 293 No-

211 322 290 344 men,
321 313 463 338 Titulus.
505 310 548 337 III.
568 311 635 338 Gn.
659 310 715 337 Sub
739 309 809 336 felici
837 310 921 335 nostri
946 309 1060 335 nominis
1081 305 1083 322 ⁴¹

211 354 339 381 vocabulo
360 353 482 387 (Codice
502 352 714 390 componenda.)
736 352 830 379 Const.
850 351 883 378 de
903 362 972 378 novo
992 351 1060 378 Cod.
1082 345 1083 355 ³

212 397 259 424 fac.
279 397 320 424 Pr.
340 395 539 423 Irenarcharum
558 395 687 422 vocabula
709 411 737 415 -
760 395 885 421 radicitus
904 394 1060 431 amputanda
1082 405 1083 427 ῃ

212 445 282 467 sunt.
303 439 353 466 Th.
373 438 405 466 C.
424 438 483 465 ΧΠ.
505 440 545 465 14.
566 448 587 464 c.
603 439 625 464 l.
646 437 678 464 de
697 437 825 464 irenareh.
843 436 902 463 XV.
923 439 962 463 14.
983 447 1004 464 c.
1020 439 1060 463 13.
1082 434 1084 460 1

212 483 246 510 de
264 482 360 509 infirm.
379 481 404 508 h.
426 491 468 518 qu.
489 491 510 508 s.
530 486 579 516 tyr.

247 527 410 552 Vocare.
434 524 465 557 ξ.
478 525 512 551 1.
534 525 743 557 Nuncupare,
765 524 944 550 Nominare.
964 522 983 549 I.
998 524 1060 557 Sy.

212 567 368 605 Adpellare,
390 567 494 598 Dicere,
515 565 665 592 Nomiuare.
687 565 729 592 Cf.
748 575 773 591 v.
793 564 898 591 Dicere.
918 565 939 599 3.
953 567 976 591 2.
1014 565 1060 592 111.

215 612 281 639 Gn.
302 609 389 646 Vulgo
409 609 507 636 vocari.
532 608 562 635 fr.
585 610 641 634 144.
666 607 699 634 de
718 607 749 634 V.
769 607 796 634 S.
815 609 857 633 50.
879 609 917 634 16.
947 608 1060 644 Quidam

214 657 318 680 vocant.
339 651 396 678 Gai.
415 651 434 678 I.
454 652 512 678 159.
557 651 719 678 Defunctum
747 649 866 676 animalia
886 667 917 670 -
937 661 1061 683 „moven-

215 697 269 722 tia‘·
287 704 407 722 vocasse.
428 694 458 720 fr.
479 695 521 720 93.
542 693 557 720 l.
578 693 596 720 l.
616 696 657 720 50.
674 695 712 719 16.
733 707 763 711 --
778 692 815 725 .§.
830 694 866 719 2.
885 695 1060 726 Αᾱυοοανε,

214 740 378 769 Evocare,
399 739 580 764 Arcessere.
617 736 635 763 1.
656 737 717 770 Sy.
743 735 835 770 Agere.
857 735 957 762 Petere.
977 736 1006 762 In
1025 737 1061 762 iu—

215 781 312 807 dicium
333 790 435 807 vocare.
456 779 486 805 fr.
509 781 531 805 1.
551 780 572 813 3.
592 780 616 805 3.
636 778 669 805 de
687 777 753 804 adm.
774 783 799 803 et
819 779 899 815 peric.
919 780 960 804 26.
982 780 1004 805 7.
1030 778 1060 804 t'r.

216 825 274 850 102.
294 823 327 849 de
347 822 376 848 V.
398 823 431 849 O.
449 824 491 849 45.
508 823 530 848 l.
567 821 704 848 Postulare
723 822 830 853 (reum.)
849 821 989 847 Accusare.
1009 820 1062 847 Vo-

216 876 275 893 care
293 867 337 900 (in
358 865 482 898 crimen.)
507 875 528 892 c.
547 866 589 891 23.
609 873 648 901 pr.
668 873 706 900 sq.
732 873 753 889 c.
777 865 820 889 26.
846 863 879 889 ad
903 863 931 890 L.
957 863 1005 890 Iul.
1030 863 1063 890 de

216 908 296 935 adult.
315 910 340 935 9.
359 910 384 935 9.
421 907 462 934 Ill.
484 909 550 935 Gn.
574 905 682 933 vocatis
705 907 784 941 igitur
803 916 852 937 me,
872 911 898 932 et
917 921 948 925 —
970 905 1064 932 Orien·
1084 922 1086 927 ·

216 953 250 978 tis
269 951 411 989 praesecto,
431 950 511 984 (tradi
530 949 628 981 iussit.)
656 948 737 975 Gesta
761 949 789 975 in
808 948 869 975 Seu.
890 947 923 974 de
941 958 993 974 rec.
1013 947 1062 974 Th.

217 994 248 1021 C.
285 994 315 1020 In
333 993 511 1020 testimonium
530 1001 634 1018 vocare.
654 990 684 1017 fr.
708 993 746 1017 10.
766 992 788 1024 3.
809 992 832 1018 4.
859 991 892 1017 de
917 991 1062 1027 quaestion.
1085 986 1086 998 ¹

216 1038 257 1063 48.
280 1038 319 1063 18.
339 1037 406 1063 Iuris
426 1035 581 1072 experiundi
600 1044 676 1061 cansa
695 1043 790 1060 vocare
809 1034 848 1067 (iu
862 1034 923 1063 iuS.)
943 1033 973 1060 fr.
989 1035 1012 1060 l.
1031 1033 1064 1060 de

215 1080 243 1106 Iu
262 1080 304 1106 ius
324 1090 381 1106 voc.
400 1081 424 1104 2.
444 1079 468 1104 4.
504 1077 548 1104 Ad
567 1077 727 1109 Praetorem,
747 1076 790 1103 vel
810 1075 875 1102 alios
896 1077 940 1112 qui
960 1076 1064 1103 iurisdi—

216 1123 299 1148 ctioni
317 1125 450 1159 praesunt,
470 1121 497 1146 in
517 1121 557 1146 ius
577 1121 674 1146 vocari.
693 1119 723 1145 fr.
737 1121 762 1146 2.
776 1129 815 1156 pr.
836 1119 868 1145 ct'.
888 1118 918 1145 fr.
935 1121 956 1145 l.
976 1120 999 1145 si
1019 1129 1062 1155 qu.

216 1166 244 1191 in
264 1166 304 1191 ius
324 1174 380 1191 voc.
400 1166 425 1190 2.
444 1165 469 1189 5.
490 1163 519 1190 fr.
539 1165 563 1189 5.
584 1162 616 1189 de
636 1162 715 1189 iudie.
735 1164 759 1188 5.
781 1164 803 1188 1.
841 1161 871 1188 Si
890 1163 948 1198 quiS
968 1161 1000 1188 ad
1020 1172 1063 1199 pe·
1084 1166 1086 1174 ⁴

216 1207 326 1233 daneum
351 1206 464 1232 iudicem
487 1210 610 1232 vocatum
639 1206 742 1232 eximat.
768 1204 797 1231 fr.
819 1207 840 1231 l.
865 1205 886 1238 3.
914 1207 935 1231 l.
961 1215 993 1230 ne
1019 1215 1061 1241 qu.

217 1260 274 1276 eum
294 1250 339 1286 qui
358 1250 384 1275 in
404 1249 453 1274 ius.
472 1250 496 1274 2.
517 1250 539 1274 7.
566 1248 620 1284 Qui
639 1249 665 1274 in
684 1249 724 1274 ius
744 1253 862 1279 vocatus,
882 1258 968 1284 neque
986 1258 1063 1274 vene—

215 1293 250 1318 rit
268 1301 353 1328 neque
372 1290 504 1317 vindicem
523 1290 636 1317 dederit.
661 1290 718 1317 Gai.
738 1290 782 1317 IV.
803 1292 843 1316 46.
864 1306 895 1310 -—
922 1291 953 1324 §-
974 1291 1009 1317 2.
1018 1292 1062 1317 A.

215 1336 358 1369 Imperio
387 1335 609 1368 magistratus
636 1336 675 1360 ad
698 1344 727 1360 se
752 1335 861 1360 venire
890 1335 1004 1360 iubere.
1042 1333 1061 1359 1.

216 1379 278 1412 Sy.
306 1376 350 1402 Ius
378 1376 499 1402 vocandi.
528 1375 649 1403 Vocatio.
678 1375 720 1403 Cf.
741 1376 765 1403 h.
785 1387 810 1403 v.
833 1377 855 1410 3.
875 1378 899 1403 2.
935 1375 978 1402 111.
995 1377 1061 1404 Cn.

215 1419 298 1446 Recte
312 1418 434 1457 >facturus
454 1419 531 1445 nohis
555 1419 668 1451 videris,
693 1420 716 1445 si
740 1429 786 1445 eos
806 1434 838 1438 —-
862 1420 1011 1450 vocaveris,
1037 1423 1063 1445 et

216 1472 320 1489 causam
340 1466 426 1487 tantae
446 1462 618 1499 negligentiae
636 1463 796 1493 excusseris,
816 1466 842 1488 et
856 1462 881 1487 in
895 1472 1063 1498 unumquem-

217 1515 267 1541 que
296 1520 328 1523 —
357 1505 534 1531 constitueris.
564 1505 594 1531 fr.
617 1507 655 1531 14.
685 1504 718 1531 de
743 1505 786 1531 off.
812 1504 899 1531 Praes.
927 1507 947 1531 l.
970 1507 1009 1531 18.
1030 1520 1059 1524 -

216 1548 248 1581 §.
269 1548 305 1573 3.
336 1548 500 1579 lnvitare,
530 1550 723 1579 Admittere,
753 1550 918 1574 Adlaibere.
960 1547 979 1573 1.
999 1549 1062 1582 Sy.

216 1590 356 1617 Devocare
384 1589 435 1621 (ad
462 1592 596 1623 munera.)
626 1589 677 1617 Th.
698 1590 729 1617 C.
749 1589 791 1617 VI.
810 1592 852 1616 35.
881 1600 902 1617 c.
921 1591 945 1616 3.
966 1600 1004 1627 pr.
1030 1590 1063 1616 de

217 1634 284 1670 priv.
305 1642 358 1658 eor.
380 1642 422 1668 qu.
443 1633 470 1658 in
490 1632 517 1659 S.
531 1632 582 1670 pal.
602 1633 758 1660 Admittere.
779 1633 820 1659 Cf.
835 1633 860 1659 h.
874 1643 898 1659 v.
915 1633 935 1666 3.
953 1635 973 1658 l.
995 1632 1063 1659 Scri-

218 1675 281 1702 bere
300 1674 460 1708 (heredem.)
480 1674 582 1701 Vocare
602 1676 634 1702 ad
654 1675 861 1709 (hereditatem.)
885 1675 915 1702 fr.
938 1677 977 1702 12.
997 1676 1018 1709 3.
1039 1677 1061 1702 6.

218 1718 251 1744 de
270 1718 330 1744 bon.
351 1717 438 1744 libert.
451 1718 492 1743 38.
506 1720 530 1744 2.
568 1718 632 1745 Dari
646 1720 750 1752 (tutor.)
766 1718 860 1745 Vocari
874 1718 906 1744 ad
920 1718 1062 1751 (tutelam.)

218 1760 303 1788 Vatic.
329 1761 446 1795 33188.
465 1763 524 1787 200,
544 1770 601 1797 sqq.
627 1761 765 1797 Adstringi
790 1761 835 1794 (ad
854 1760 990 1787 subeunda
1010 1771 1063 1787 mu-

219 1805 302 1836 nera.)
323 1814 344 1830 c.
366 1805 388 1830 l.
408 1814 430 1829 c.
449 1805 472 1829 3.
493 1813 514 1830 c.
535 1805 558 1829 6.
579 1804 611 1830 de
635 1804 713 1831 incol.
735 1806 774 1830 10.
794 1805 836 1830 39.
857 1814 877 1830 c.
901 1806 921 1830 1.
942 1804 974 1830 de
993 1814 1062 1830 mun.

220 1851 246 1873 et
265 1846 324 1872 hon.
346 1848 385 1872 10.
405 1848 446 1871 40.
467 1845 516 1872 Th.
538 1846 569 1873 C.
590 1846 647 1873 XV.
670 1849 690 1873 1.
711 1857 734 1873 c.
753 1849 776 1873 7.
797 1847 828 1873 de
848 1857 909 1884 opp.
929 1846 991 1883 pub.
1021 1846 1063 1873 III.

220 1890 287 1917 Cn.
307 1888 429 1924 Vulgaris
448 1888 603 1915 substitutio
618 1890 651 1915 ita
672 1895 748 1916 vocat
767 1889 800 1916 ad
818 1890 990 1916 hereditatem
1003 1889 1063 1916 sub-

219 1933 348 1963 stitutum,
368 1932 390 1957 si
404 1936 452 1958 etc.
473 1931 529 1958 Gai.
548 1931 577 1958 II.
595 1933 652 1958 181.
673 1932 703 1958 fr.
719 1934 760 1959 19.
777 1943 816 1969 pr.
836 1933 868 1959 de
881 1934 979 1959 iniusto
994 1938 1062 1970 rupt.

219 1976 260 2000 28.
280 1976 304 2000 3.
342 1974 418 2009 Quos
438 1973 469 2000 ad
488 1974 661 2001 hereditatem
681 1980 759 2001 vocat
783 1975 857 2009 (lex,
885 1985 908 2001 v.
929 1976 1063 2011 sanguinis
1085 1978 1086 1985 ¹

219 2018 312 2049 ratio.)
337 2017 390 2052 Qui
415 2017 446 2042 ab
473 2018 597 2043 intestato
622 2017 737 2053 legitimo
762 2019 817 2044 iure
841 2018 873 2044 ud
892 2018 1064 2045 hereditatem

220 2065 356 2087 vocantur.
376 2059 433 2086 Gai.
453 2059 471 2086 1.
494 2061 551 2086 165.
572 2060 601 2086 11.
615 2062 656 2086 35.
671 2070 709 2097 sq.
732 2062 787 2087 167.
810 2063 865 2088 169.
885 2061 927 2087 111.
942 2063 982 2087 36.
1003 2061 1063 2098 le.

221 2102 292 2129 XIX.
309 2104 348 2128 13.
363 2112 402 2138 sq.
423 2102 453 2129 sr.
467 2105 491 2129 3.
512 2102 544 2129 de
565 2102 652 2130 hered.
674 2109 724 2139 pet.
738 2106 761 2130 5.
775 2107 798 2130 3.
820 2103 849 2130 I'r.
863 2106 887 2130 2.
907 2104 976 2130 unde
989 2114 1063 2140 cogn.

221 2146 263 2172 38.
282 2146 305 2171 8.
344 2144 451 2171 Praetor
470 2150 547 2171 vocat
566 2145 597 2171 ad
619 2145 798 2177 hereditatem,
818 2156 839 2172 s.
853 2146 882 2173 B.
898 2146 986 2173 Pnem.
1007 2147 1063 2173 Gai.

223 2186 266 2213 111.
285 2189 326 2214 26.
346 2198 405 2224 sqq.
426 2188 486 2225 Hp.
506 2187 603 2214 XXVI.
623 2192 646 2215 8.
670 2189 700 2215 t'r.
723 2191 743 2215 1.
765 2190 786 2223 3.
807 2191 830 2216 7.
851 2189 883 2215 de
902 2191 1022 2225 coniung.
1042 2200 1063 2216 c.

224 2239 320 2256 emano.
339 2232 379 2257 37.
399 2234 423 2258 ὅ,
460 2231 502 2258 Ad
522 2241 609 2257 curam
629 2233 697 2263 eius,
723 2233 797 2258 cuius
817 2232 875 2268 quis
896 2232 1002 2258 tutelam
1023 2232 1065 2258 ad-

224 2273 395 2305 ministravit,
419 2276 516 2301 invitus
541 2276 628 2300 vocari
649 2285 701 2301 nou
721 2280 817 2311 potest.
838 2274 910 2301 Paul.
930 2275 960 2301 11.
980 2277 1022 2301 27.
1042 2276 1063 2309 3.

224 2318 249 2342 2.
270 2331 301 2334 -
322 2316 352 2348 §.
373 2318 411 2342 l.
434 2319 586 2349 Trahere,
608 2319 783 2349 Deducere,
804 2319 1007 2351 Compellere.
1045 2318 1063 2345 1.

225 2360 287 2392 Sy.
306 2358 348 2384 Ad
362 2360 509 2394 portionem
528 2370 622 2386 vocare
642 2359 794 2387 creditores.
814 2360 951 2386 Decidere.
973 2362 1002 2387 sr.
1023 2362 1064 2387 44.

225 2400 257 2426 de
276 2405 345 2437 pact.
370 2403 393 2426 2.
415 2403 454 2426 11.
491 2402 519 2428 In
543 2404 798 2440 compensationem,
822 2413 845 2428 v.
871 2402 1063 2435 deductionem,

225 2453 327 2469 vocare.
356 2443 547 2480 Commu-sare,
576 2456 600 2472 v.
621 2445 766 2472 Dedncere.
797 2445 853 2471 Gai.
880 2445 921 2472 lv.
942 2447 983 2472 66.
1004 2456 1063 2482 sqq.

226 2486 268 2512 111.
287 2487 352 2513 Gn.
377 2485 405 2511 In
430 2487 587 2512 contrarium
612 2499 653 2515 me
677 2493 752 2514 vocat
776 2487 883 2521 (Sabini
908 2490 1064 2521 sententia.)

226 2529 256 2555 fr.
277 2529 342 2561 6.‘§.
366 2530 385 2553 1.
407 2528 438 2554 de
458 2538 525 2554 serv.
546 2536 646 2565 export.
662 2533 701 2558 18.
717 2533 739 2557 7.
777 2530 818 2556 Ad
838 2541 948 2567 poenam
968 2533 1063 2557 vocari.

227 2572 256 2598 l'r.
274 2574 298 2597 2.
319 2571 351 2597 de
371 2570 436 2597 S.C.
457 2570 538 2597 Silan.
558 2572 599 2597 29.
619 2574 644 2598 5.

261 2614 430 2641 Vocatio.
467 2614 498 2646 ᾖ.
513 2615 546 2639 l·
566 2615 743 2648 Invitatio,
765 2618 950 2643 Institutio.
970 2615 988 2642 I.
1003 2617 1064 2650 Sy.

227 2657 388 2693 Scripturae,
408 2655 560 2682 vocationis
580 2655 679 2688 (ordo.)
703 2657 748 2684 Iul.
772 2669 812 2696 ep.
833 2669 892 2685 nov.
910 2669 930 2685 c.
953 2660 976 2684 1.
999 2659 1020 2692 3
1042 2661 1063 2684 l.

230 2717 260 2721 --
280 2701 312 2733 ἓ.
332 2701 367 2725 2.
398 2701 557 2725 Facultas
581 2700 812 2734 magistratus,
841 2704 910 2728 inre
933 2703 1066 2735 imperii

228 2745 367 2776 aliquem
387 2743 576 2768 arcessendi.
614 2740 631 2767 Ι.
649 2742 710 2775 Sy.
734 2741 776 2768 Ius
795 2745 913 2771 vocandi.
933 2744 974 2772 Fr.
994 2744 1063 2770 Ateii

230 2786 378 2823 Capitonis,
398 2784 475 2812 I.Cti.
496 2785 546 2812 Αι).
567 2783 634 2811 Gell.
654 2783 722 2811 XIII.
745 2787 784 2810 12.

1105 143 1206 174 VOL.
1860 146 1946 176 1015

1137 225 1362 253 vociferari.
1386 228 1590 253 Vehementer
1609 228 1797 252 exclamare.
1817 225 1860 252 111.
1876 228 1943 254 Gn.

1081 275 1083 303 ζ
1104 268 1158 304 Qui
1177 268 1336 294 vociferatus
1356 273 1403 295 est.
1425 284 1455 288 —
1482 270 1535 305 Qui
1560 269 1700 295 concitavit
1724 268 1755 294 ad
1780 268 1944 295 vociferatio-

1104 321 1163 337 nem
1182 310 1256 342 alios,
1276 310 1317 337 vel
1337 312 1382 347 qui
1401 311 1523 338 submisit
1537 317 1565 338 ut
1578 312 1763 338 vociferentur.
1785 311 1815 337 fr.
1832 313 1871 337 15.
1885 312 1906 345 3.
1920 314 1944 338 ὅ.

1105 353 1137 380 de
1156 355 1232 380 iniur.
1252 356 1294 380 47.
1317 355 1355 380 10.

1139 397 1382 424 Vociferatio.
1420 398 1450 431 ξ.
1466 399 1500 424 1.
1521 398 1737 424 Exclamatio.
1774 396 1793 423 I.
1814 398 1875 431 Sy.
1894 396 1945 422 Ma-

1104 439 1241 471 ledictum,
1262 439 1333 476 quod
1353 450 1410 466 cum
1429 441 1617 466 vociteratione
1640 439 1738 466 dictum
1763 444 1810 466 est.
1848 439 1945 466 Convi-

1105 484 1180 510 cium.
1201 483 1242 510 Cf.
1262 483 1286 509 h.
1305 492 1330 509 v.
1367 482 1412 509 111.
1430 484 1496 510 Cn.
1520 482 1580 509 Non
1603 492 1706 508 omnem
1724 483 1751 508 in
1770 492 1848 508 unum
1868 481 1946 508 colla-

1105 523 1156 544 tam
1175 518 1390 545 vociferationem
1414 517 1563 544 Praetorem
1588 523 1690 549 notare,
1715 517 1762 543 sed
1787 527 1857 549 eam,
1881 526 1946 553 quae

1105 560 1182 587 bonis
1206 561 1324 587 moribus
1347 560 1511 598 improbatur
1534 566 1582 587 etc.
1608 560 1637 586 fr.
1660 562 1699 586 15.
1723 560 1744 593 3.
1764 562 1787 586 5.
1812 559 1844 586 de
1869 560 1944 586 iniur.

1104 606 1145 630 47.
1167 606 1206 630 10.
1244 604 1323 639 Quod
1343 614 1395 630 non
1414 605 1440 630 in
1460 608 1544 635 coetu,
1565 614 1613 630 nec
1626 602 1822 635 vociferatione,
1842 602 1946 629 dicitur.

1105 646 1135 673 fr.
1157 648 1196 673 15.
1216 647 1298 680 312.
1319 647 1353 673 ib.
1373 649 1415 673 47.
1436 648 1475 672 10.
1513 646 1582 672 Intra
1602 646 1828 677 vociferationem,
1849 650 1893 672 aut
1911 645 1946 672 le·

1104 700 1163 716 vem
1182 689 1327 726 querelam,
1347 689 1459 722 (seditio
1479 694 1547 716 mota
1572 690 1636 721 est.)
1662 689 1691 715 fr.
1710 690 1735 715 3.
1760 689 1782 722 3.
1801 691 1843 715 20.
1863 688 1895 715 de
1913 687 1944 714 R.

1105 732 1138 759 M.
1158 734 1200 759 49.
1221 733 1260 758 16.
1282 747 1313 751 -
1338 733 1369 765 §-
1391 734 1425 758 2.
1451 734 1558 759 Sermo
1577 734 1739 766 publicus,
1762 733 1888 758 Oratio.
1927 731 1945 757 1.

1106 776 1168 810 Sy.
1187 774 1387 801 sermocinatio.
1409 774 1451 801 Cf.
1472 775 1496 801 h.
1517 785 1540 801 v.

1140 818 1329 845 Vocitare.
1371 818 1402 850 ξ.
1422 820 1457 844 l.
1483 820 1664 851 ,idpellara
1701 817 1743 843 III.
1764 818 1829 844 Cn.
1850 816 1946 842 Filium

1107 862 1244 897 exposuit;
1273 860 1315 886 hic
1343 860 1463 886 sublatus
1492 860 1523 886 ab
1552 860 1602 887 alio
1623 860 1749 886 educatus
1769 865 1821 886 est.
1842 861 1946 885 nomine

1107 904 1189 940 patris
1208 905 1337 930 vocitatus
1359 903 1412 938 [al.
1432 904 1566 936 vocatus]
1592 903 1622 929 I'r.
1642 906 1683 929 29.
1704 902 1736 929 de
1754 913 1865 928 manum.
1887 907 1945 928 test.

1108 948 1148 971 40.
1162 948 1185 972 4.
1208 963 1237 967 —
1258 947 1288 979 ἓ.
1304 947 1339 972 2.
1360 947 1519 978 Evocare,
1541 948 1714 973 Arcessere.
1751 945 1794 971 Ill.
1809 947 1874 972 Cn.
1894 944 1946 971 Vo-

1108 989 1203 1015 citasse
1222 988 1352 1014 diversam
1371 994 1479 1025 partein,
1500 994 1529 1015 ut
1547 988 1780 1015 contradictionem
1800 988 1903 1014 faceret.
1924 997 1945 1013 c.

1107 1033 1131 1057 5.
1151 1031 1183 1057 de
1202 1032 1286 1067 ingen.
1306 1041 1371 1057 man.
1393 1033 1416 1057 7.
1439 1034 1479 1058 14.

1141 1074 1320 1101 Voconia.
1341 1076 1456 1100 Nomen
1474 1077 1557 1109 legis
1571 1076 1853 1103 testamentariae,
1868 1074 1946 1110 (quae

1107 1116 1244 1143 mulierum
1267 1118 1308 1142 ius
1334 1117 1474 1152 capiendae
1498 1117 1650 1143 hereditatis
1677 1118 1806 1147 coercuit.
1831 1118 1946 1152 itemque

1107 1160 1199 1196 legatis
1223 1159 1329 1185 modum
1353 1160 1499 1196 imposuit.)
1541 1160 1583 1186 111.
1605 1162 1670 1187 Cn.
1695 1160 1801 1188 Mulier.
1826 1170 1891 1195 quae
1915 1159 1946 1185 ab

1108 1213 1146 1235 eo,
1167 1203 1210 1239 qui
1231 1202 1341 1228 Cmilliu
1361 1203 1427 1228 aeris
1447 1212 1540 1228 census
1561 1208 1609 1234 est,
1629 1213 1676 1239 per
1695 1202 1723 1229 L.
1742 1202 1886 1229 Voconiam
1905 1201 1947 1228 he-

1107 1256 1148 1272 res
1167 1246 1270 1272 institui
1290 1255 1341 1271 non
1361 1250 1457 1282 potest.
1484 1245 1539 1270 (jai.
1560 1245 1590 1272 11.
1610 1247 1668 1271 274.
1693 1245 1722 1271 L.
1743 1245 1872 1277 Voconia,
1898 1255 1946 1281 qna

1107 1294 1209 1315 cautum
1228 1293 1282 1319 est,
1306 1298 1338 1314 ne
1363 1289 1404 1314 cui
1428 1287 1488 1324 plns
1514 1287 1657 1323 legatorum
1680 1290 1798 1320 nomine,
1820 1289 1947 1314 mortisve

1107 1342 1184 1358 causa
1207 1341 1300 1368 capere
1328 1331 1432 1362 liceret,
1462 1341 1538 1367 quam
1567 1330 1679 1357 heredes
1709 1336 1838 1368 caperent.
1859 1330 1895 1357 ld.
1915 1330 1946 1356 II.

1106 1376 1163 1401 226.

1140 1417 1391 1444 Voconianus.
1411 1416 1540 1449 (Adiect.)
1561 1417 1643 1449 Legi
1659 1418 1821 1443 Voconiae
1834 1425 1948 1442 accom-

1107 1463 1259 1487 modatus.
1297 1459 1339 1485 111.
1355 1461 1420 1486 Cn.
1441 1458 1562 1485 Feminae
1582 1459 1613 1484 ad
1633 1459 1792 1485 hereditates
1811 1458 1948 1494 legitime-S,

1107 1503 1173 1530 ultra
1193 1503 1398 1538 consanguineas
1418 1503 1616 1533 successiones,
1636 1512 1688 1527 non
1708 1501 1892 1531 admittuntur,
1912 1500 1949 1526 id-

1107 1557 1157 1583 que
1184 1547 1240 1572 iure
1266 1545 1337 1572 civili
1358 1545 1508 1571 Voconiana
1538 1545 1638 1570 ratione
1666 1544 1714 1577 [al.
1740 1543 1856 1570 Voconia
1877 1553 1949 1578 roga-

1106 1591 1186 1621 tione,
1205 1599 1227 1615 v,
1248 1587 1389 1622 relatione]
1411 1588 1514 1614 videtur
1528 1588 1657 1613 effectum.
1678 1587 1749 1613 Paul.
1770 1586 1812 1612 IV.
1826 1587 1850 1612 S.
1871 1586 1892 1619 3.
1906 1587 1948 1611 22.

1108 1632 1190 1666 (Call.
1210 1631 1262 1658 LL.
1283 1631 1316 1658 M.
1337 1631 1377 1658 X1
1389 1631 1406 1657 I.
1425 1632 1463 1662 3.)

1142 1677 1290 1702 Volare.
1330 1676 1389 1701 Per
1409 1683 1511 1700 aerem
1525 1675 1624 1709 ferri.
1662 1673 1680 1699 I.
1705 1674 1767 1707 Sy.
1791 1671 1888 1698 Yolare
1908 1671 1947 1697 ab.

1107 1718 1227 1745 Evolaoe.
1248 1717 1278 1743 fr.
1298 1718 1322 1742 3.
1342 1717 1424 1750 3.16.
1445 1716 1477 1742 de
1497 1716 1528 1742 A.
1548 1727 1572 1742 v.
1592 1716 1624 1742 A.
1646 1715 1672 1742 P.
1693 1717 1733 1741 41.
1753 1718 1778 1741 2.

1142 1763 1290 1788 volens.
1311 1759 1431 1792 (Partic.)
1452 1759 1492 1785 Cf.
1513 1769 1536 1785 v.
1557 1758 1640 1785 Yelle.
1660 1759 1681 1792 3.
1704 1760 1725 1784 l.

1142 1803 1401 1833 Volsiniensis,
1418 1812 1438 1828 s.
1453 1802 1714 1828 Vulsiniensis.
1748 1803 1859 1827 Incola
1878 1801 1948 1826 1²01-

1108 1849 1279 1878 siniorum,
1299 1844 1407 1882 (oppidi
1428 1845 1573 1877 Etruriae.)
1609 1844 1652 1870 111.
1674 1846 1739 1872 Gn.
1764 1843 1843 1870 Vrbis
1863 1842 1950 1869 Vulsi-

1108 1890 1237 1916 niensium
1260 1888 1427 1926 principales.
1453 1887 1502 1914 Th.
1528 1886 1558 1913 C.
1582 1886 1640 1913 XII.
1661 1889 1682 1913 1.
1708 1897 1729 1912 c.
1752 1887 1794 1912 61.
1819 1885 1851 1912 de
1875 1885 1950 1912 decu-

1109 1934 1173 1959 riou.

1142 1974 1326 2002 W'olucris.
1363 1975 1448 1999 Avis.
1487 1972 1503 1999 1.
1524 1974 1586 2006 Sy.
1611 1973 1686 2007 Quae
1710 1971 1782 1998 caelo
1803 1972 1947 2008 capiuntur.

1108 2017 1245 2044 Volucres.
1266 2017 1322 2043 Gai.
1344 2016 1373 2042 11.
1392 2018 1433 2042 66.
1451 2026 1491 2052 sq.
1528 2015 1570 2041 111.
1588 2016 1653 2042 Cn.
1675 2014 1810 2045 volucres.
1831 2024 1897 2050 quae
1916 2029 1948 2032 —

1109 2061 1197 2087 nidum
1217 2060 1333 2086 fecerint.
1355 2059 1384 2085 fr.
1405 2061 1420 2084 5
1448 2059 1470 2092 3
1489 2061 1513 2084 2.
1534 2058 1565 2084 de
1584 2058 1615 2084 A.
1636 2057 1665 2083 K.
1686 2057 1719 2083 D.
1739 2058 1779 2082 41.
1802 2058 1823 2082 1.

1143 2105 1339 2130 volumen·
1376 2103 1407 2136 §.
1429 2104 1465 2128 1.
1486 2103 1682 2128 ίἸιιινιιινιιηι
1701 2101 1949 2125 convolaturum

1109 2149 1202 2177 liber,
1223 2156 1242 2172 8.
1262 2148 1364 2172 codex.
1402 2144 1420 2171 I.
1435 2146 1497 2178 Sy.
1518 2143 1602 2169 Liber.
1618 2142 1744 2168 Libellus.
1766 2140 1807 2167 Cf.
1822 2152 1844 2167 v.
1860 2141 1947 2167 Liber.

1108 2190 1130 2223 3.
1152 2190 1173 2215 l.
1215 2188 1257 2214 111.
1279 2189 1344 2215 Cn.
1369 2187 1456 2213 Libris
1481 2186 1586 2221 legatis,
1611 2185 1714 2211 chartae
1737 2184 1882 2214 volumina,
1906 2183 1948 2209 vel

1109 2231 1284 2262 membranae,
1309 2236 1335 2257 et
1358 2229 1476 2267 philurae
1500 2229 1674 2254 continentur.
1704 2227 1818 2253 Codices
1844 2236 1948 2262 qnoque

1109 2274 1244 2300 debentur.
1265 2273 1328 2299 Paul
1342 2272 1381 2298 III.
1396 2273 1418 2297 6.
1434 2272 1455 2304 3.
1470 2273 1511 2297 157.
1531 2270 1648 2306 Reliquit
1667 2274 1716 2301 (sc.
1729 2270 1830 2301 Labeo)
1848 2268 1949 2295 CCCC

1111 2317 1154 2350 [al.
1174 2316 1241 2349 XL]
1271 2315 1409 2341 volumina.
1435 2314 1464 2339 sr.
1484 2316 1508 2339 2.
1532 2314 1553 2346 3
1573 2315 1613 2339 47.
1639 2313 1670 2339 de
1690 2314 1722 2338 O.
1748 2313 1765 2338 I.
1792 2314 1813 2338 l.
1837 2314 1861 2337 2.
1898 2312 1948 2337 Ex-

1109 2364 1180 2386 stant
1200 2358 1331 2384 volumina
1352 2358 1491 2393 inscripta:
1512 2356 1632 2384 ..Manilii
1653 2360 1849 2381 nmuunwntast-
1874 2354 1904 2380 t‘r.
1923 2355 1948 2380 2.

1110 2403 1130 2436 3.
1144 2403 1184 2428 39.
1200 2401 1233 2427 ib.
1250 2403 1272 2426 1.
1285 2403 1309 2426 2.
1347 2399 1406 2425 Non
1427 2399 1484 2424 leve
1504 2398 1564 2425 libri
1578 2399 1699 2424 volumen
1719 2397 1868 2424 extendere.
1889 2407 1910 2423 c.
1924 2399 1946 2422 4.

1109 2455 1147 2481 pr.
1167 2444 1199 2470 de
1220 2443 1248 2469 V.
1270 2442 1296 2468 S.
1317 2444 1340 2468 6.
1359 2444 1401 2467 38.
1422 2457 1454 2461 --
1479 2441 1509 2474 §-
1530 2443 1564 2467 2.
1595 2443 1781 2468 Tractatus.
1818 2439 1860 2465 111.
1882 2441 1948 2467 (7η.

1109 2486 1284 2512 Novationnm
1305 2485 1425 2510 nocentia
1450 2486 1580 2519 corrigere
1599 2483 1738 2509 volumina.
1764 2493 1784 2509 c.
1805 2483 1828 2508 S.
1853 2481 1885 2508 de
1905 2492 1948 2508 no·

1109 2534 1159 2555 vat.
1179 2531 1202 2556 8.
1223 2531 1264 2555 42.
1292 2527 1418 2553 immensa
1438 2528 1534 2552 veteris
1555 2526 1709 2563 prudentiae
1729 2525 1865 2551 volumina.
1886 2524 1948 2551 Pro-

1086 2564 1087 2572 η

1110 2582 1174 2598 oem.
1195 2571 1257 2597 lust.
1278 2571 1299 2604 3.
1319 2573 1342 2596 2.
1363 2584 1395 2588 -
1416 2570 1446 2602 3¹.
1462 2571 1498 2595 3.
1521 2571 1760 2595 Monumentum
1779 2570 1947 2602 scriptum.

1086 2625 1087 2642 ι
1113 2616 1262 2641 Tabulae.
1300 2613 1341 2640 III.
1363 2614 1428 2640 Cn.
1448 2612 1505 2648 Ipsa
1525 2610 1656 2637 volumina
1676 2612 1812 2637 rationum.
1832 2610 1861 2637 fr.
1882 2612 1904 2636 6.
1925 2611 1946 2642 3.

1110 2659 1132 2683 7.
1153 2656 1185 2683 de
1204 2656 1319 2682 statulib.
1339 2657 1380 2681 40.
1397 2657 1418 2680 7.
1439 2654 1552 2680 lunexus
1573 2653 1752 2680 voluminibus
1771 2653 1946 2680 censualibus-

1086 2689 1087 2707 ³
1110 2699 1158 2726 Th.
1179 2699 1209 2725 C.
1230 2698 1272 2724 VI.
1291 2700 1333 2724 35.
1353 2708 1373 2724 c.
1393 2699 1416 2723 3.
1436 2697 1458 2730 3.
1480 2699 1501 2723 l.
1521 2696 1553 2722 de
1572 2697 1637 2733 priv.
1659 2706 1711 2722 eor.
1731 2697 1775 2732 qui
1794 2697 1818 2723 in
1840 2696 1866 2721 S.
1886 2694 1936 2731 pal.

1143 2741 1377 2768 Voluntati-ie.
1413 2739 1534 2772 (Advb.)
1566 2742 1697 2773 Sponte,
1723 2740 1876 2766 Consilio.
1914 2736 1945 2762 II.

1111 2786 1178 2818 ⁰1³·
1198 2783 1269 2810 Casu
1289 2782 1470 2816 (homicidIum
1491 2781 1594 2809 factum.
1628 2781 1657 2808 L.
1677 2782 1752 2809 Rom.
1772 2781 1848 2807 Bura.
1868 2782 1893 2806 2.
