2197 3121
948 155 1026 187 FAS
1048 173 1091 178 —
1114 156 1210 187 FAT.

206 243 285 269 cina.
323 240 365 267 III.
386 242 453 268 Gn.
479 240 638 276 Irnponimus
658 238 806 275 praesentis
826 237 923 263 multae
943 237 1047 265 fascem.
1069 237 1071 240 ⁴

208 289 238 311 ut
257 289 305 310 etc.
326 284 363 310 lb,
383 283 428 310 XI.
448 285 490 310 30.
512 293 533 309 c.
552 284 594 308 22.
614 281 646 307 de.
665 292 724 318 app.
746 286 771 307 et
789 291 867 318 poen.
1070 314 1071 321 ἵ

240 327 468 353 Fastidium.
509 327 680 356 Taedinm,
702 326 898 351 Cuntemlas.
923 323 966 350 III.
982 324 1047 350 Gn.
1069 330 1071 355 ξ

206 369 256 395 Vel
268 369 383 397 fastidit).
402 369 444 395 vel
464 369 544 404 gratia
564 367 707 403 cognitoris
727 368 768 399 (se
788 371 831 392 aut
850 376 901 391 non
922 365 1047 393 auditum.
1069 358 1071 375 ἱ

205 417 249 438 aut
273 412 407 445 dilatum.)
451 411 500 438 Th.
526 410 556 437 C.
581 409 611 436 II.
635 412 655 436 l.
681 420 702 436 c.
722 411 746 436 6.
771 409 803 435 de
822 408 950 435 iurisdict.
1006 409 1048 435 De
1070 413 1071 445 t

206 454 292 481 alieno
311 465 420 481 necesse
444 454 551 480 babebit
574 452 690 490 pendere
714 451 829 478 fastidio.
858 451 896 477 lb.
916 450 961 477 IV.
981 452 1005 477 8.
1026 461 1047 477 c.

206 499 230 524 5.
251 497 356 531 (ch.)
376 497 408 524 de
428 496 530 523 liberali
550 506 571 522 c.

241 540 464 575 Fastigium.
514 539 711 573 Dignitatis
741 538 927 566 summitas.
960 537 1072 573 Alta(

206 586 281 610 tudo
301 585 443 609 honoris.
479 582 498 608 I.
513 583 575 616 Sy.
595 580 716 607 Cuhnen.
755 579 795 606 Cf.
816 579 840 605 h.
858 588 882 604 v.
903 578 1048 614 Suggestus

207 625 399 658 (consularis.)
425 624 492 651 Nov.
517 624 575 651 Val.
600 624 641 650 llI.
667 623 699 650 de
724 623 844 649 honorat.
864 621 895 648 II.
923 624 962 648 12.
984 632 1004 648 c.
1026 624 1048 648 1.

206 668 244 702 ἓξ.
265 669 287 694 l.
307 678 347 704 sq.
384 667 427 694 III.
444 669 510 695 Gn.
530 668 585 694 'Nec
604 676 733 704 personae
751 666 855 697 merito,
874 675 921 692 nec
941 665 1049 691 honoris

207 710 311 747 fastigio
331 710 520 737 defendendus.
541 710 591 736 Th.
607 710 637 736 C.
652 708 707 735 VII.
727 709 751 734 4.
772 718 793 734 c.
816 710 837 735 l.
858 708 890 734 (le
910 717 979 743 erog.
994 707 1048 734 mil.
1071 721 1072 736 1

207 763 301 780 annon.
339 753 499 790 Quicunque
519 769 551 773 -—
569 752 749 790 praefecturae
771 750 884 777 sublime
908 750 1048 786 fastigium,

206 795 249 822 vel
268 796 444 822 ministerium
464 795 589 827 militare,
613 794 655 821 vel
680 795 888 820 consistorianae
911 794 1049 819 comitivae
1071 794 1072 801 ¹

205 839 317 874 insignia
341 840 466 865 meruerit
490 839 634 875 dignitati&
659 848 680 863 c.
704 839 746 863 25.
771 836 803 864 de
827 846 932 874 procur.
956 838 980 863 2.
1008 838 1047 862 13.
1070 843 1072 870 ¹,

207 880 239 908 cf.
260 880 309 907 Th.
330 880 361 908 C.
381 881 438 907 XII.
460 883 482 907 1.
503 892 524 908 c.
546 883 602 907 121.
623 880 655 906 de
674 879 809 906 decurion.
848 879 971 916 Fastigiis
990 889 1049 916 pro-

205 924 351 950 motionum
370 925 397 950 in
416 923 529 950 sublime
541 923 669 960 provecti.
688 922 725 949 lb.
742 921 785 948 VI.
799 924 840 949 35.
862 933 883 949 c.
897 924 921 949 5.
935 922 968 949 de
981 923 1048 959 priv.
1070 956 1071 965 ἵ

207 976 261 993 eor.
282 977 324 1003 qu.
345 968 370 993 in
391 966 477 1004 S.pal.
498 966 529 993 cf.
550 965 592 992 VI.
613 967 636 991 6.
658 975 679 992 c.
701 967 722 991 l.
744 964 776 991 de
796 964 874 991 Coss.
1070 972 1072 986 ³

242 1011 391 1036 Fastus.
429 1009 546 1043 (Subst.)
578 1008 621 1042 [cf.
646 1019 670 1034 v.
691 1007 790 1034 Fascis.
815 1009 838 1042 §.
857 1009 893 1042 2.]
932 1011 1049 1042 Super·
1070 1022 1071 1037 η

206 1053 273 1084 bia,
295 1054 410 1079 Elatia
429 1054 540 1079 animi.
578 1050 621 1077 III.
637 1052 702 1078 (7η.
723 1050 935 1078 Numer-ariorum
956 1051 1048 1081 fastus,

206 1094 250 1121 vel
269 1105 376 1132 rapaces
397 1100 530 1131 quaestus.
558 1093 607 1120 Th.
628 1093 659 1121 C.
680 1093 723 1120 VI.
743 1095 786 1120 35.
806 1104 827 1120 c.
849 1096 888 1120 ll.
924 1094 1049 1131 Erigendi

207 1137 343 1175 supercilii
362 1138 453 1164 fastus.
474 1137 512 1163 lb.
531 1137 564 1163 X.
584 1138 626 1163 26.
647 1147 668 1163 c.
690 1139 712 1163 l.
733 1136 765 1163 de
785 1136 861 1163 cond.
882 1142 908 1164 et
927 1137 996 1164 hom.

242 1181 401 1207 Fatalis.
438 1180 568 1213 (Adiect.)
605 1181 637 1213 §.
669 1181 704 1206 1.
743 1181 827 1207 Fato
856 1183 1048 1215 impendens.

206 1222 226 1249 1.
237 1224 299 1257 Sy.
319 1222 367 1249 Vis
387 1225 477 1250 maior.
498 1240 530 1243 -
549 1223 681 1249 Damnum
700 1222 785 1249 fatale.
805 1223 836 1250 fr.
855 1224 879 1249 3.
899 1223 921 1257 ξ.
937 1225 959 1250 1.
979 1228 1050 1250 naut.

207 1275 281 1303 caup.
302 1267 326 1292 4.
346 1268 370 1292 9.
391 1266 423 1293 cf.
448 1266 478 1293 fr.
501 1269 526 1292 2.
550 1266 572 1300 ξ,
594 1267 616 1292 1.
641 1265 673 1292 (16
699 1266 779 1302 peric.
806 1271 832 1292 et
851 1276 943 1292 comm.
965 1267 1006 1293 18.
1025 1268 1048 1292 6.

207 1308 314 1335 Obitus.
352 1308 418 1335 Sors
439 1308 532 1335 fatalis.
553 1308 602 1335 Th.
623 1308 654 1335 C.
674 1308 716 1335 Ill.
739 1310 777 1334 13.
804 1319 825 1335 c.
844 1310 869 1335 3.
894 1319 933 1346 pr.
952 1309 985 1336 (16
1004 1309 1050 1336 do-

206 1351 253 1378 tib.
291 1351 322 1377 11.
335 1353 402 1385 Op.
422 1350 523 1377 Vitium
543 1351 724 1388 negligentiae.
745 1367 777 1371 -——
797 1351 895 1378 Fatalis
917 1362 994 1378 casus
1007 1362 1050 1378 ne-

207 1395 327 1421 cessitas.
353 1404 373 1420 c.
398 1396 422 1420 5.
446 1393 479 1420 de
503 1404 562 1431 app.
589 1399 614 1421 et
637 1394 751 1421 consult.
777 1396 800 1420 7.
820 1396 861 1420 62.
899 1395 1049 1431 Augmenta

207 1437 325 1464 foetuxun
345 1442 371 1463 et
389 1442 518 1474 partuum.
539 1453 571 1457 —-—
591 1437 757 1464 Detrimenta
777 1438 901 1464 fatalium.
922 1437 951 1464 fr.
965 1440 990 1464 3.
1009 1448 1050 1475 pr.

208 1479 241 1507 de
259 1482 334 1507 instr.
356 1480 404 1516 leg.
425 1481 466 1506 33.
488 1482 510 1506 7.
558 1480 600 1507 III.
625 1482 691 1508 Gn.
729 1481 843 1513 Damna,
869 1491 935 1518 quae
954 1481 1050 1518 impru-

208 1523 333 1550 dentibus
352 1522 483 1551 accidunt.
503 1522 527 1549 h.
548 1533 569 1549 e.
590 1523 681 1550 damna
701 1524 795 1550 fatalia.
816 1524 846 1550 fr.
860 1526 901 1550 52.
922 1525 943 1558 ξ
957 1526 981 1551 3.
1001 1534 1050 1562 pro

208 1576 262 1593 soc.
284 1568 324 1593 17.
344 1568 369 1592 2.
407 1565 436 1591 Si
456 1565 577 1592 incendio
597 1566 639 1593 vel
658 1568 731 1593 ruina
752 1567 851 1604 aliquid
871 1569 989 1603 contigit,
1008 1567 1051 1593 vel

208 1609 317 1646 aliquod
340 1609 462 1635 damnum
486 1608 571 1635 fatale.
601 1609 632 1636 fr.
656 1612 680 1636 5.
709 1610 731 1644 ς’.
756 1611 780 1636 4.
807 1610 935 1636 commod.
961 1612 1001 1637 13.
1026 1612 1049 1637 ss.

207 1652 318 1678 Etiamsi
338 1653 395 1678 siue
416 1652 492 1688 culpa
512 1653 567 1678 eius
588 1662 629 1679 res
648 1654 739 1690 periit.
759 1653 801 1679 vel
821 1653 942 1679 damnum
962 1653 1050 1679 datum

210 1699 264 1725 est;
288 1695 339 1720 nisi
364 1696 386 1721 si
411 1695 475 1731 quid
499 1694 592 1721 damno
618 1695 689 1722 fatali
713 1697 848 1732 contingit.
873 1696 903 1722 fr.
927 1699 951 1723 3.
980 1697 1002 1730 ξ.
1028 1698 1049 1722 l.

209 1742 279 1763 naut.
299 1747 372 1774 caup.
392 1739 415 1764 4.
436 1739 459 1764 9.
485 1753 516 1757 -
545 1739 575 1772 §.
588 1740 623 1765 2.
644 1740 788 1766 Finalis.
808 1739 929 1766 HLGn.
948 1739 977 1765 In
990 1749 1050 1776 pro-

209 1780 393 1806 vocationibus
412 1779 519 1806 ultimus
540 1780 626 1807 fatalis
646 1781 712 1808 dies.
738 1781 786 1808 Iul.
807 1792 847 1818 ep.
868 1792 928 1808 nov.
950 1792 971 1808 c.
992 1784 1049 1808 110.

209 1824 231 1857 §.
252 1825 310 1849 401.
332 1833 353 1849 e.
374 1824 432 1848 113.
451 1823 473 1856 ξ,
493 1824 551 1849 421.
590 1823 729 1860 Tempora,
750 1824 846 1860 quibus
860 1829 976 1850 caeterae
988 1834 1051 1860 quo-

210 1876 261 1902 que
280 1865 341 1891 lites
362 1864 432 1891 fatali
454 1865 496 1891 die
516 1871 578 1902 post
597 1866 799 1903 appellationem
819 1883 851 1886 -
870 1868 1051 1893 terminantur.
1072 1895 1074 1905 Ι

211 1919 232 1935 c.
251 1910 293 1934 32.
314 1918 352 1945 pr.
373 1908 405 1934 de
425 1918 484 1945 app.
505 1914 531 1934 ct
550 1909 662 1936 consult.
684 1911 706 1936 7.
726 1911 767 1936 62.
789 1920 809 1936 c.
822 1911 846 1935 2.
867 1920 906 1947 pr.
926 1910 958 1936 de
972 1915 1050 1947 temp.
1072 1907 1074 1917 ¹

211 1955 236 1977 ct
255 1961 339 1988 repar.
361 1952 382 1977 7.
403 1952 444 1976 63.

246 1994 446 2021 Fatalitas.
485 1995 567 2020 Fati
589 1997 774 2022 necessitas.
811 1995 830 2021 I.
858 1997 918 2030 Sy.
939 1995 1052 2022 Fortuiti

211 2047 295 2063 casus.
316 2047 336 2063 e.
358 2039 380 2062 1.
402 2036 434 2062 de
453 2037 509 2062 iure
529 2036 613 2073 emph.
633 2040 657 2063 4.
678 2039 718 2064 66.

246 2080 446 2107 Fataliter.
485 2079 606 2113 (Advb.)
644 2082 693 2107 Ex
711 2082 812 2116 fatis.
850 2080 880 2107 II.
907 2082 974 2115 Op.
994 2081 1051 2113 Est,

212 2122 284 2158 quod
303 2123 340 2148 eis
359 2123 510 2159 imputetur.
531 2137 564 2141 —
583 2122 638 2149 Fat.
659 2124 778 2149 accessit.
798 2122 828 2150 fr.
850 2125 906 2150 135.
927 2123 959 2150 de
978 2123 1009 2150 V.
1024 2124 1051 2150 S.

213 2166 255 2191 50.
275 2166 313 2191 16.
350 2165 392 2191 111.
414 2166 480 2193 Gn.
509 2164 564 2191 Fat.
584 2166 723 2192 interemto
742 2166 854 2200 (servo.)
874 2166 946 2193 Paul.
966 2167 1008 2193 111.
1028 2168 1053 2193 6.

214 2207 236 2240 ᾗ.
261 2208 284 2232 9.

251 2250 392 2277 Fateri.
430 2251 461 2284 §.
486 2251 521 2277 l.
543 2252 721 2287 Confiteri.
759 2251 777 2277 1.
797 2252 858 2286 sy.
878 2251 1009 2278 Profiteri.
1030 2263 1051 2279 c.

217 2293 238 2317 1.
259 2301 280 2317 c.
300 2293 324 2317 4.
344 2291 376 2318 de
399 2294 468 2329 pign.
493 2298 517 2319 et
542 2293 604 2331 hyp.
630 2295 654 2320 8.
680 2295 719 2320 14.
762 2293 899 2320 Confiteri.
919 2294 949 2321 fr.
970 2296 1010 2321 15.
1030 2295 1051 2328 ξ.

217 2336 239 2360 l.
260 2334 290 2360 tr.
312 2335 350 2360 16.
370 2334 392 2367 ξ.
414 2337 435 2361 l.
456 2336 488 2362 de
507 2337 596 2363 interr.
621 2338 647 2363 in
671 2338 734 2363 iure.
757 2338 796 2363 ll.
822 2339 844 2363 1.
869 2336 899 2363 fr.
926 2339 948 2363 1.
969 2338 990 2371 ξ.
1010 2340 1052 2364 27.

216 2377 249 2403 dc
268 2378 415 2413 quaestion.
436 2379 476 2404 48.
498 2380 536 2405 18.
573 2379 604 2406 ΙΙ.
620 2382 687 2413 Op.
719 2378 833 2415 Negare,
853 2379 975 2406 Inficiari.
995 2380 1052 2407 Gai.

217 2419 260 2446 lv.
289 2421 345 2446 173.
370 2419 401 2445 fr.
425 2421 449 2445 5.
473 2421 494 2453 ξ.
517 2423 541 2448 2.
569 2422 600 2449 de
620 2432 697 2449 servo
717 2432 783 2449 corr.
804 2425 844 2448 11.
864 2424 888 2449 3.
924 2422 967 2449 ΠΙ.
987 2425 1053 2451 On.

217 2462 268 2488 Vel
288 2461 408 2493 fatentes,
433 2461 475 2488 vel
499 2466 619 2491 convicti.
645 2465 694 2492 Th.
715 2465 745 2492 C.
769 2465 841 2492 XVI.
865 2467 888 2491 5.
913 2475 934 2492 c.
959 2467 1000 2492 39.
1020 2466 1053 2493 de

217 2505 340 2532 haeretic.
379 2504 407 2530 Si
428 2505 487 2541 quis
507 2505 576 2533 ultro
599 2507 631 2534 (16
650 2508 778 2535 maleficio
797 2507 915 2534 fateatur.
936 2508 966 2535 fr.
988 2511 1010 2535 l.
1030 2510 1052 2543 §.

216 2550 259 2574 27.
279 2546 312 2573 de
331 2548 476 2583 quaestion.
496 2550 537 2574 4⁷5.
559 2550 598 2576 18.
633 2551 676 2577 Ad
695 2551 817 2583 edictum,
837 2551 885 2577 sub
906 2551 996 2577 titulo:
1025 2551 1054 2578 Si

218 2590 350 2621 fatebitur,
370 2591 463 2616 iniuria
483 2592 599 2617 occisum
618 2602 683 2620 esse.
704 2593 773 2620 Coll.
793 2593 845 2620 LL.
865 2593 899 2621 M.
919 2594 949 2620 II.
968 2597 992 2621 4.
1024 2594 1053 2621 Si

219 2634 342 2663 fateatur,
368 2642 397 2658 se
422 2632 530 2665 debere,
550 2639 721 2672 paratumque
741 2636 812 2662 dicat
830 2636 942 2663 solvere.
962 2636 992 2663 fr.
1011 2639 1054 2663 21.

220 2676 253 2703 de
272 2676 350 2702 iudic.
371 2677 394 2701 5.
416 2677 438 2701 1.
467 2692 499 2695 —
527 2677 558 2710 ξ.
582 2678 617 2703 2.
641 2679 826 2711 Adsentire,
853 2681 1054 2706 Consentire.

220 2719 238 2745 I.
259 2720 320 2753 Sy.
340 2718 426 2754 Vulgo
446 2718 577 2751 fatebitur,
597 2718 657 2745 Non
677 2719 817 2754 dubitatur,
837 2721 958 2749 Constat.
967 2722 1003 2750 fr.
1013 2724 1054 2750 39.

221 2762 259 2796 ἕξ.
279 2763 303 2788 6.
323 2771 363 2798 sq.
384 2761 416 2787 dc
435 2761 509 2797 legat.
530 2762 547 2788 I.
568 2762 634 2795 (30.)
655 2761 684 2788 fr.
703 2764 745 2789 27.
764 2774 803 2800 pr.
823 2765 855 2791 de
873 2765 905 2791 A.
919 2765 950 2792 R.
964 2766 998 2792 D.
1013 2768 1056 2792 41.

224 2806 246 2830 1.
283 2804 326 2830 111.
351 2805 416 2832 011.
437 2803 520 2840 Negat
539 2804 660 2831 lulianus.
681 2821 713 2824 —
732 2805 767 2831 Et
784 2806 834 2833 hoc
858 2813 898 2834 est
916 2807 1057 2841 fatendum,

1871 158 1935 189 369

1094 237 1280 274 requirendum
1300 243 1385 265 tamen
1406 243 1431 264 et
1450 238 1516 265 illud
1536 243 1583 265 est.
1604 238 1633 264 fr.
1654 240 1695 265 63,
1715 239 1736 272 ξ.
1757 240 1780 264 4.
1801 238 1832 265 ad
1853 238 1879 265 S.
1900 239 1932 266 C.

1070 307 1071 312 ,
1093 280 1173 307 Treb.
1192 282 1233 307 36.
1257 283 1277 307 l.
1315 281 1456 308 Marcellus
1477 281 1586 313 fatetur,
1607 283 1629 308 si
1649 283 1708 318 quis
1729 287 1777 308 ete.
1797 282 1827 308 fr.
1850 284 1890 308 12.
1909 283 1931 316 §.

1096 325 1116 350 l.
1137 323 1221 350 mand.
1244 326 1283 350 17.
1306 325 1328 350 1.

1128 367 1321 401 Fatigato.
1364 368 1493 394 l'exare.
1531 367 1548 393 I.
1575 369 1637 402 Sy.
1666 367 1791 394 Adficere
1820 368 1932 400 iniuriis,

1092 418 1116 434 v.
1137 409 1271 435 oneribus.
1291 409 1341 435 Th.
1356 409 1386 436 C.
1401 410 1446 436 XI.
1469 412 1507 436 16.
1528 421 1548 436 c.
1565 412 1586 436 l.
1608 420 1628 436 c.
1642 411 1666 437 3.
1686 409 1719 436 de
1739 415 1804 437 extr.
1825 420 1845 437 S.
1860 410 1932 437 sord.

1070 473 1071 498 ζ
1093 450 1204 478 Vexare.
1225 451 1262 478 1b.
1282 451 1338 478 Vll.
1359 454 1381 479 7.
1403 463 1423 479 c.
1443 455 1467 479 5.
1488 452 1520 479 dc
1539 454 1653 490 pascuis.
1690 452 1732 479 III.
1759 454 1825 481 Gn.
1854 452 1933 479 Nulla

1093 493 1246 530 dignitatem
1266 500 1391 531 sequatur
1414 505 1542 532 expensa.
1568 506 1652 532 neque
1672 506 1762 522 eorum
1781 496 1870 532 fatiget
1889 496 1933 522 he-

1093 536 1177 563 redes.
1198 537 1234 564 lb.
1255 537 1323 564 XIII.
1343 540 1368 564 3.
1389 548 1409 564 c.
1431 541 1470 564 12.
1491 538 1523 565 de
1541 538 1634 565 medic.
1655 543 1680 565 et
1692 538 1759 575 prof.
1796 538 1836 565 Nc
1856 554 1888 558 —
1907 544 1933 565 et

1093 579 1257 616 publicarum
1281 591 1367 607 rerum
1393 586 1488 608 statum
1509 581 1629 617 fatigent,
1654 586 1680 607 et
1699 581 1868 608 festivitatem
1888 583 1933 608 im-

1094 622 1209 659 pediant.
1234 623 1270 649 Ib.
1291 623 1349 650 XV.
1370 625 1393 650 5.
1419 634 1440 650 c.
1464 626 1488 650 3.
1509 623 1541 650 de
1561 629 1674 660 spectac.
1713 624 1838 650 Officium
1857 634 1933 651 suum

1093 667 1198 692 noverit
1217 682 1249 685 ——
1268 668 1355 703 gravis
1376 666 1472 693 multae
1491 666 1642 693 discrimine
1654 666 1820 703 fatigandum.
1841 667 1932 694 1b.V1.

1095 711 1134 735 10.
1155 719 1176 734 c.
1199 711 1220 735 l.
1241 709 1273 735 de
1292 710 1421 746 primicer.
1442 715 1467 736 et
1486 715 1569 736 notar.
1607 709 1636 736 Si
1656 721 1684 736 ea
1705 716 1753 741 (sc.
1771 710 1876 741 mulier)
1889 721 1933 747 pe-

1071 747 1072 755 *
1094 752 1164 777 nitus
1193 752 1281 789 inopia
1306 752 1435 789 fatigetur.
1461 763 1482 779 c.
1506 754 1547 779 23.
1572 753 1594 787 §.
1620 754 1642 778 l.
1667 752 1698 778 ad
1723 752 1750 779 S.
1771 753 1801 779 C.
1821 753 1889 780 Vell.
1908 754 1932 780 4.

1070 803 1072 824 j
1093 796 1135 820 29.
1172 794 1201 821 Si
1221 800 1311 821 contra
1330 795 1357 822 id
1376 795 1542 833 privilegium
1565 795 1598 822 ad
1622 805 1729 827 munuS,
1754 795 1877 832 fatigandi
1894 797 1933 823 tui

1094 847 1185 868 causa,
1211 837 1316 874 quidam
1340 843 1365 864 te
1390 838 1585 865 devocaverint.
1610 848 1631 864 c.
1653 840 1675 865 1.
1694 838 1727 864 de
1746 844 1824 865 sumt.
1843 849 1933 876 recup.

1070 906 1071 919 χ
1095 881 1133 906 10.
1154 881 1194 906 67.
1233 880 1349 906 Cursum
1368 881 1501 918 publicum
1522 880 1639 917 fatigavit
1660 881 1825 918 quorundam
1844 883 1933 908 immo-

1093 922 1182 949 derata
1201 924 1370 959 praesumtio.
1391 923 1440 950 Th.
1462 924 1492 950 C.
1507 923 1574 950 VIII.
1588 926 1612 950 5.
1625 934 1646 950 c.
1662 926 1701 950 12.
1722 924 1754 951 de
1768 934 1846 950 cursu
1859 924 1922 961 pub.

1128 966 1334 1000 Fatigatio.
1375 967 1522 993 vexatio.
1565 966 1610 993 III.
1632 968 1698 994 Gn.
1734 966 1812 993 Nulla
1832 968 1934 994 itineris

1094 1008 1244 1044 fatigatione
1264 1008 1391 1035 laedatur.
1412 1008 1461 1035 Th.
1483 1009 1513 1036 C.
1534 1009 1552 1035 I.
1572 1011 1596 1036 6.
1617 1020 1637 1036 e.
1657 1011 1681 1036 3.
1707 1009 1818 1043 (ch.)
1837 1008 1870 1036 de
1889 1009 1933 1036 off.

1094 1051 1146 1078 Prf.
1167 1051 1212 1078 Vr.
1249 1052 1367 1088 Excepta
1382 1053 1453 1078 omni
1466 1053 1625 1079 necessitate
1638 1053 1762 1089 omnique
1775 1052 1934 1088 fatigatione,

1094 1094 1230 1132 (indeptae
1249 1095 1384 1131 dignitatis
1404 1095 1504 1121 honore
1523 1096 1678 1132 potiantur.)
1698 1105 1719 1121 c.
1741 1097 1780 1122 14.
1801 1095 1833 1122 de
1851 1095 1933 1122 Palat.

1094 1138 1121 1164 S.
1146 1138 1225 1175 lai-gg.
1251 1140 1292 1164 12.
1316 1139 1358 1164 24.
1383 1137 1414 1164 cf.
1440 1137 1489 1165 Th.
1515 1137 1545 1165 C.
1571 1137 1638 1164 VIII.
1663 1140 1687 1164 5.
1712 1148 1733 1164 c.
1755 1140 1794 1165 19.
1820 1138 1852 1165 de
1878 1149 1934 1165 cur-

1094 1191 1125 1207 su
1145 1181 1207 1218 pub.

1129 1224 1340 1258 Fatigatus.
1378 1223 1500 1257 (Partic.)
1538 1225 1730 1258 Depressus,
1751 1226 1934 1260 Adflictas,

1098 1268 1249 1294 rexatus.
1290 1266 1308 1292 I.
1333 1268 1395 1301 Sy.
1419 1267 1512 1294 Morbo
1532 1266 1632 1303 fatigati
1651 1271 1677 1293 et
1697 1266 1806 1293 debiles.
1843 1266 1935 1293 Fortu-

1095 1320 1142 1336 nae
1166 1310 1259 1336 iniuria
1282 1309 1455 1336 miserabiles.
1481 1309 1530 1336 Th.
1551 1309 1582 1337 C.
1603 1310 1621 1336 l.
1643 1312 1683 1336 10.
1708 1320 1729 1336 c.
1755 1311 1779 1335 2.
1804 1319 1844 1346 pr.
1869 1310 1890 1344 §.
1913 1312 1934 1336 1.

1095 1352 1128 1379 (16
1147 1352 1191 1379 off.
1211 1352 1263 1379 iud.
1289 1362 1357 1379 omn.
1394 1352 1428 1378 ΙΙ.
1452 1354 1520 1386 Op.
1552 1352 1606 1388 Qui
1631 1353 1740 1388 integris
1763 1352 1865 1379 viribus
1888 1352 1936 1379 sso-

1094 1400 1160 1422 rent.
1180 1411 1211 1415 -
1232 1395 1343 1432 Fatigati
1362 1395 1478 1429 (fundi.)
1503 1406 1524 1422 c.
1550 1397 1590 1421 10.
1615 1394 1648 1421 (16
1671 1395 1742 1422 fund.
1768 1397 1871 1433 patrim.
1894 1397 1934 1422 ll.

1095 1440 1136 1465 61.
1173 1438 1216 1464 III.
1239 1440 1306 1466 Gn.
1324 1438 1468 1469 Advocati,
1494 1439 1538 1473 qui
1558 1452 1590 1457 —
1610 1448 1673 1464 suae
1695 1438 1858 1465 defensionis
1876 1440 1936 1465 viri-

1095 1482 1145 1508 bus
1164 1497 1196 1501 ——
1216 1481 1289 1518 lapsa
1314 1482 1429 1518 erigunt,
1452 1481 1557 1517 fatigata
1580 1486 1708 1518 reparant.
1734 1492 1755 1508 c.
1777 1483 1816 1508 14.
1842 1481 1874 1508 (16
1893 1482 1936 1508 ad—

1095 1535 1152 1550 voc.
1172 1524 1224 1550 div.
1245 1524 1365 1551 iudicior.
1384 1526 1408 1550 2.
1429 1525 1452 1550 7.
1490 1524 1544 1559 Qui
1562 1529 1636 1550 reatu
1655 1524 1757 1561 aliquo,
1776 1524 1818 1550 vel
1838 1524 1935 1551 debitis

1095 1568 1201 1603 fatigati.
1222 1566 1271 1593 Th.
1292 1567 1323 1594 C.
1344 1567 1387 1594 lx.
1408 1568 1449 1593 45.
1470 1577 1491 1593 c.
1511 1569 1535 1593 2.
1556 1566 1588 1593 de
1608 1566 1632 1593 h.
1652 1577 1695 1604 qu.
1715 1567 1747 1593 ad
1767 1567 1830 1594 eccl.

1130 1611 1340 1638 Fatiseere.
1379 1611 1523 1641 collabi,
1552 1612 1694 1637 Ruinam
1722 1612 1853 1637 minari.
1891 1609 1934 1636 III.

1096 1655 1161 1681 Gn.
1182 1653 1338 1688 Priusquam
1357 1662 1385 1678 ea
1406 1655 1455 1683 (sc.
1476 1654 1577 1689 opera‚)
1597 1663 1663 1689 quae
1681 1654 1751 1679 victa
1770 1654 1844 1680 senio
1864 1653 1936 1680 fatis-

1096 1701 1193 1727 cerent,
1213 1699 1371 1732 repararent.
1392 1695 1429 1721 Ib.
1448 1694 1507 1721 XV.
1528 1697 1550 1722 1.
1571 1705 1592 1721 c.
1614 1697 1654 1721 15.
1674 1695 1707 1722 de
1728 1706 1789 1733 opp.
1809 1696 1872 1733 pub.

1130 1739 1317 1766 Fatuitas.
1354 1739 1560 1764 Perversitas
1580 1740 1692 1764 animi.
1729 1738 1854 1766 HLGn.
1884 1739 1937 1766 Eu-

1095 1782 1217 1812 nomiani,
1237 1780 1382 1806 haereticae
1402 1780 1528 1807 fatuitatis
1548 1785 1678 1807 auctores.
1697 1780 1766 1808 Nov.
1787 1781 1837 1808 Th.
1853 1781 1882 1808 11.
1903 1782 1936 1809 de

1096 1823 1150 1850 lud,
1171 1823 1189 1849 I.
1210 1824 1233 1849 6.
1254 1833 1275 1849 c.
1296 1825 1318 1850 1.
1339 1823 1360 1856 ξ.
1381 1824 1404 1850 9.

1131 1867 1282 1893 Fatum.
1320 1866 1351 1899 §.
1370 1867 1405 1892 1.
1432 1868 1508 1892 Sors
1527 1868 1725 1893 mortalium.
1766 1868 1862 1894 Vitae
1881 1869 1935 1894 Ῐιιι-

1096 1919 1207 1936 manae
1225 1911 1334 1935 exitas
1354 1911 1535 1935 naturalis.
1572 1909 1614 1935 III.
1636 1910 1702 1936 Cn.
1731 1908 1796 1935 Fato
1815 1919 1863 1935 suo
1882 1911 1935 1936 vita

1096 1951 1232 1978 excedere.
1253 1950 1309 1977 Gai.
1329 1950 1372 1977 IV.
1388 1952 1430 1977 81.
1467 1951 1524 1977 Fati
1538 1962 1632 1978 munus
1645 1951 1763 1989 implere,
1778 1962 1798 1978 s.
1818 1952 1934 1990 explere.

1097 1994 1167 2021 Coll.
1187 1993 1239 2020 LL.
1260 1993 1293 2020 M.
1314 1993 1355 2020 III.
1375 1996 1398 2020 4.
1419 1993 1469 2021 Th.
1490 1993 1520 2020 C.
1541 1993 1597 2020 VII.
1617 1996 1641 2021 8.
1667 2005 1688 2021 c.
1709 1997 1749 2022 16.
1774 2006 1813 2032 pr.
1833 1995 1866 2021 dc
1885 2006 1935 2022 me-

1097 2043 1141 2065 tat,
1179 2037 1207 2063 In
1226 2036 1307 2063 fatum
1326 2036 1479 2064 concedere.
1505 2036 1535 2063 fr.
1554 2039 1596 2064 ⁴20.
1621 2038 1643 2072 ξ.
1664 2040 1686 2064 l.
1712 2038 1744 2064 de
1764 2038 1865 2064 liberat.
1886 2038 1934 2075 leg.

1096 2082 1137 2107 34.
1157 2082 1181 2106 3.
1219 2079 1249 2106 Si
1268 2081 1327 2116 quis
1346 2080 1397 2113 (in)
1417 2081 1543 2117 parentis,
1562 2085 1606 2107 aut
1624 2080 1673 2107 filii
1692 2096 1724 2100 —
1744 2080 1794 2107 fata
1812 2091 1935 2118 propera-

1096 2125 1172 2150 verit.
1192 2122 1242 2149 Th.
1263 2122 1294 2149 C.
1314 2122 1359 2149 IX.
1380 2124 1421 2149 15.
1441 2133 1462 2149 c.
1484 2125 1506 2149 l.
1526 2123 1558 2150 de
1577 2123 1700 2160 parricid.
1720 2140 1752 2143 —
1772 2125 1803 2158 §-
1818 2126 1853 2151 2.
1875 2126 1934 2151 Ca-

1097 2177 1148 2193 sus
1163 2168 1344 2202 fortuitus.
1382 2168 1525 2192 Eventus
1549 2169 1700 2193 incertas.
1721 2166 1739 2193 I.
1757 2168 1818 2201 Sy.
1839 2166 1933 2193 Casus.

1097 2209 1130 2236 cf.
1150 2209 1175 2235 h.
1193 2219 1217 2235 v.
1237 2209 1259 2242 §.
1279 2210 1304 2235 3.
1340 2208 1454 2242 1101).
1468 2208 1604 2235 Voluntas.
1624 2208 1654 2235 fr.
1673 2211 1714 2236 32.
1734 2220 1773 2247 pr.
1793 2209 1825 2236 ad
1843 2209 1873 2236 L.
1888 2208 1933 2235 Iul.

1097 2252 1129 2279 de
1152 2253 1192 2278 ad.
1212 2253 1252 2278 48.
1273 2253 1297 2278 5.
1335 2251 1418 2278 Noxa.
1444 2251 1513 2278 Coll.
1538 2251 1590 2278 LL.
1616 2251 1648 2278 M.
1673 2251 1690 2279 l.
1715 2252 1731 2278 l.
1757 2263 1777 2279 c.
1806 2255 1826 2278 1.
1852 2252 1885 2278 ad
1904 2251 1932 2277 L.

1098 2295 1178 2322 Corn.
1199 2294 1231 2321 de
1251 2295 1326 2321 sicar.
1346 2296 1370 2321 9.
1392 2296 1431 2320 16.
1466 2294 1508 2320 III.
1530 2296 1595 2321 011.
1628 2295 1708 2330 Quod
1727 2295 1779 2321 fato
1799 2294 1932 2329 contingit.

1098 2338 1127 2365 Si
1147 2338 1198 2364 fato
1218 2337 1316 2364 fecerit.
1342 2337 1371 2364 fr.
1393 2339 1433 2363 11.
1457 2337 1479 2370 §.
1499 2339 1523 2364 5.
1548 2337 1580 2363 de
1604 2339 1697 2364 minor.
1716 2339 1739 2364 4.
1760 2340 1783 2363 4.
1808 2336 1838 2362 fr.
1857 2338 1880 2362 2.
1901 2335 1933 2361 de.

1098 2381 1174 2408 cond.
1194 2386 1220 2407 et
1239 2380 1305 2407 dem.
1325 2382 1366 2406 35.
1388 2382 1410 2406 l.
1448 2378 1508 2405 Non
1527 2395 1559 2399 —-
1579 2381 1669 2417 utique
1688 2385 1713 2406 et
1732 2379 1810 2406 satum
1829 2388 1935 2415 posses-

1098 2434 1142 2450 sor
1160 2428 1295 2461 praestare
1314 2423 1399 2449 debet.
1424 2422 1454 2449 fr.
1482 2425 1522 2449 16.
1546 2433 1585 2460 pr.
1611 2423 1643 2449 de
1666 2423 1696 2449 R.
1719 2422 1748 2448 V.
1768 2423 1791 2447 6.
1814 2423 1835 2448 l.
1873 2422 1934 2448 Am-

1098 2467 1174 2504 bigua
1194 2466 1244 2492 fata
1264 2476 1406 2492 causarum.
1428 2476 1448 2492 c.
1470 2467 1509 2492 14.
1534 2465 1567 2492 de
1586 2465 1675 2492 advoc.
1699 2464 1749 2490 diV.
1769 2463 1889 2490 iudicior.
1908 2466 1932 2490 2.

1099 2512 1122 2536 7.
1159 2509 1369 2546 Disceptationis
1387 2507 1446 2535 fata.
1471 2508 1520 2535 Th.
1541 2507 1571 2535 C.
1591 2508 1635 2534 XI.
1654 2508 1695 2534 30.
1720 2516 1740 2533 c.
1760 2507 1801 2532 41.
1821 2506 1854 2533 de
1873 2517 1932 2544 app.

1098 2557 1124 2579 et
1161 2562 1218 2578 oen.

1134 2563 1290 2622 lisiatuus.
1327 2596 1509 2628 Insipiens,
1530 2594 1670 2619 Stultus.
1707 2591 1737 2618 11.
1763 2593 1830 2626 Op.
1849 2591 1933 2619 Valde

1101 2639 1207 2674 sapiens
1228 2638 1365 2670 (servus.)
1386 2653 1418 2656 —
1438 2636 1475 2662 Ita
1499 2636 1597 2665 sanum,
1621 2634 1663 2660 vel
1688 2636 1785 2666 morio,
1810 2639 1838 2660 ut
1857 2636 1882 2661 in
1903 2645 1932 2661 eo

1100 2690 1163 2707 usus
1183 2680 1271 2706 nullus
1291 2682 1333 2706 sit.
1353 2679 1383 2706 fr.
1404 2681 1427 2705 4.
1447 2679 1468 2712 ξ
1487 2680 1511 2703 3.
1532 2677 1563 2703 de
1582 2677 1648 2703 Aed.
1673 2677 1750 2703 edict.
1769 2679 1811 2703 21.
1832 2679 1853 2703 1.
1890 2677 1932 2704 III.

1101 2725 1167 2751 Gn.
1185 2723 1315 2760 Pupillus,
1334 2721 1446 2759 pupilla,
1465 2720 1592 2751 furiosus,
1611 2719 1721 2751 surlesa,
1741 2720 1836 2750 fatuus,
1856 2720 1933 2749 fatua.

1101 2767 1172 2798 (cum
1190 2767 1249 2792 istis
1269 2775 1375 2802 quoque
1393 2763 1513 2800 personis
1532 2767 1636 2789 curator
1653 2762 1750 2795 detur.)
1769 2763 1799 2790 fr.
1815 2764 1836 2789 l.
1856 2763 1877 2796 ξ.
1893 2763 1932 2788 ll.

1103 2809 1132 2835 fr.
1152 2811 1176 2835 2.
1197 2819 1236 2845 sq.
1257 2809 1289 2835 de
1307 2806 1405 2845 postul.
1424 2808 1448 2832 3.
1470 2807 1491 2831 1.

1460 2849 1492 2873 47
