2197 3121
277 168 338 198 196

277 251 318 276 14.
355 248 423 276 Cum
447 259 603 275 consensum
621 254 710 275 mutuo
730 246 875 274 venditioni
895 246 1001 273 dedisse
1021 255 1116 283 propo-

276 297 379 319 nantur.
408 292 437 318 t'r.
457 293 480 318 9.
500 302 539 329 pr.
564 292 616 327 Qu.
635 291 704 317 mod.
724 292 794 328 pign.
819 292 861 316 20.
881 291 904 316 6.
943 289 1011 316 Cum
1030 299 1115 325 neque
1138 326 1139 332 ἵ

277 345 434 362 consensum
454 345 529 361 suum
549 334 790 361 accommodaverat
809 334 885 371 patri,
906 338 947 359 aut
968 333 1043 368 signo
1057 342 1115 363 suo,
1137 339 1138 342 ’

277 383 321 404 aut
340 378 388 404 alia
409 379 546 414 scriptura.
574 377 604 403 fr.
623 378 665 403 26.
690 377 756 410 3.1.
782 376 814 403 de
833 373 902 414 pi'gn.
922 378 963 401 20.
986 377 1007 401 1.
1046 374 1116 401 Con-

277 432 357 448 sensu
376 422 520 458 peragitur,
546 424 571 445 et
594 421 662 446 inter
681 419 804 446 absentes
825 419 942 446 contrahi
963 422 1065 455 potest,
1090 422 1115 444 et
1137 426 1138 455 ᾗ

277 474 324 501 per
343 465 474 494 nuncium,
495 468 519 488 et
538 473 586 499 per
606 462 715 489 litteras.
741 462 771 489 fr.
787 465 808 490 l.
823 464 845 497 3
859 465 882 489 2.
903 462 936 488 dc
955 466 1039 487 contr.
1055 465 1114 487 emt.

278 510 318 533 15.
340 508 361 533 l.
399 506 458 532 Non
477 505 578 537 verbiS,
602 505 650 532 sed
669 516 801 533 consensu
820 505 983 532 contrahitur
1002 503 1116 539 (oblign-
1137 512 1138 527 1

277 550 340 583 tio).
369 549 400 576 sr.
422 551 443 575 l.
469 548 545 574 locat.
571 550 609 575 19.
630 552 654 575 2.
683 549 712 575 1“1·.
732 552 756 576 2.
777 560 815 586 pr.
843 549 908 582 3.1.
933 547 966 574 de
986 547 1018 574 Ο.
1039 551 1064 574 et
1083 547 1114 573 Α.
1138 581 1139 590 ¹

277 594 318 619 44.
339 594 362 619 7.
392 592 448 618 Gai.
464 591 505 617 111.
525 593 566 618 59.
588 593 645 618 119.
667 594 723 618 135,
743 602 782 628 sq.
805 593 861 617 154.
898 590 950 618 lus.
970 590 1042 627 quod
1056 600 1116 617 con-

277 645 356 662 sensu
376 639 510 671 receptum
533 639 581 660 est.
611 634 667 661 Gai.
692 635 733 661 lll.
753 638 794 661 82,
837 634 945 661 Tacitus
969 643 1116 660 consensus

277 678 412 716 (populi).
444 677 504 714 le.
524 677 543 704 I.
563 679 587 704 4.

314 722 612 748 Consentaneus.
642 720 759 753 (Subst.)
797 721 969 752 Conscius,
994 722 1116 747 Socius.

277 764 307 791 II.
329 766 397 798 ⁰11.
425 764 556 790 Auctores
581 774 610 789 ac
633 764 775 800 principes.
802 779 834 782 —
859 763 1053 795 Consentanei,
1074 764 1118 797 (et

277 817 361 844 usque
381 807 446 834 adeo
466 807 651 837 contentiosi.)
681 805 751 832 Coti.
771 805 824 832 LL.
844 805 877 832 M.
897 805 956 832 XV.
976 808 1001 832 3.

313 851 611 878 Consentaneus.
633 848 762 881 <Adit-ct.)
792 850 978 884 Congruens,
999 851 1117 876 Conve-

275 895 372 920 niens.
410 892 452 918 Ill.
468 894 533 920 (⁸11.
562 892 776 917 Consentaneum
795 893 880 918 visum
899 897 948 923 est,
968 902 1049 929 posse
1068 897 1116 918 etc.

276 936 334 963 Gai.
354 935 396 962 111.
419 937 475 961 170.
518 936 593 970 Quae
617 935 747 960 sententia
771 934 877 961 utilitati
902 945 988 961 rerum
1008 945 1118 961 consen-

276 984 351 1006 tanea
375 984 423 1005 est.
456 978 486 1004 fr.
506 980 530 1004 6.
555 978 576 1011 3.
598 979 621 1004 7.
649 977 735 1004 mand.
761 979 800 1004 17.
826 980 848 1004 1.
895 978 963 1004 Cum
987 988 1040 1004 non
1064 979 1117 1004 sint

276 1022 352 1048 ambo
372 1031 448 1048 casus
467 1021 519 1048 sibi
539 1022 716 1047 consentanei.
737 1031 758 1047 c.
773 1022 795 1047 l.
816 1021 838 1054 3.
858 1022 882 1047 8.
902 1020 935 1047 de
953 1020 1010 1047 Lat.
1029 1021 1116 1047 libert.

275 1064 333 1091 toll.
355 1066 377 1090 7.
397 1066 421 1090 6.

311 1108 547 1135 Consentire.
585 1108 615 1141 §.
640 1108 675 1133 1.
703 1109 873 1141 Aequalem
899 1110 1117 1139 voluntatem,

275 1162 294 1178 s.
317 1152 526 1183 Consensnnt,
545 1152 702 1177 exhibere.
738 1150 756 1176 1.
781 1152 843 1185 Sy.
870 1150 899 1176 In
919 1161 996 1176 unam
1015 1155 1118 1177 senten-

276 1195 337 1220 tiam
361 1194 513 1221 decurrere.
538 1193 566 1219 In
591 1203 670 1219 unum
694 1194 853 1220 consentire.
888 1193 918 1219 fr.
947 1195 968 1220 1.
994 1194 1016 1227 3.
1035 1195 1059 1220 3.
1085 1193 1118 1220 de

274 1242 343 1275 pact.
367 1239 392 1263 2.
413 1238 453 1263 14.
494 1236 596 1263 Auctor
621 1236 719 1267 sactUS,
750 1235 935 1263 Consentiens.
965 1236 995 1263 fr.
1017 1238 1057 1263 10.
1077 1246 1116 1273 sq.

276 1280 308 1307 cs.
329 1280 359 1306 sr.
379 1282 403 1306 6.
424 1280 457 1306 de
476 1279 563 1316 adopt.
585 1281 606 1305 1.
628 1281 651 1306 7.
689 1278 773 1305 Yelle.
800 1279 830 1306 sr.
843 1282 867 1306 2.
888 1280 909 1313 3.
929 1281 954 1306 2.
974 1280 1026 1315 Qu.
1046 1279 1115 1306 mod.

275 1322 358 1350 ususf.
380 1325 402 1349 7.
422 1324 446 1349 4.
491 1322 521 1348 11.
546 1324 613 1356 Op.
646 1321 842 1349 Contradicere.
871 1323 901 1349 fr.
921 1325 945 1349 5.
971 1323 1003 1349 de
1027 1322 1115 1360 adopt.

276 1367 300 1392 l.
320 1368 343 1392 7.
364 1365 393 1392 fr.
410 1367 449 1391 15.
463 1375 502 1402 pr.
523 1365 555 1391 de
574 1375 678 1402 procur.
697 1367 721 1391 3.
735 1367 759 1392 3.
779 1365 809 1392 fr.
823 1367 848 1392 2.
862 1366 883 1400 3.
898 1368 921 1392 2.
942 1365 991 1392 sol.
1005 1367 1116 1392 matrim.

275 1410 317 1434 24.
341 1410 366 1434 3.
407 1408 566 1435 Dissentirc.
602 1408 632 1434 sr.
652 1410 693 1434 21.
719 1408 740 1442 3.
761 1410 785 1435 2.
817 1408 849 1435 de
872 1409 903 1435 Α.
923 1409 954 1435 E.
974 1408 1005 1436 V.
1032 1411 1071 1435 19.
1092 1410 1115 1435 1.

276 1450 307 1478 fr.
329 1453 368 1477 12.
389 1451 411 1484 3.
430 1453 454 1477 3.
475 1451 506 1477 de
526 1452 620 1488 captiv.
645 1453 687 1477 49.
708 1454 747 1478 15.
785 1451 827 1478 111.
848 1453 914 1479 011.
945 1451 1006 1478 Non
1024 1451 1117 1478 videor

277 1495 439 1526 consentire.
465 1495 509 1530 qui
533 1495 631 1521 sentire
657 1505 710 1521 non
734 1495 845 1532 possim.
880 1494 910 1521 sr.
934 1495 959 1521 8.
987 1496 1009 1529 3.
1028 1497 1052 1522 2.
1084 1495 1117 1522 de

277 1537 351 1564 elect.
371 1537 418 1573 leg.
437 1539 480 1564 33.
500 1539 523 1564 5.
561 1537 725 1573 Intelligere,
750 1548 775 1564 v.
794 1537 882 1570 Scire,
908 1543 933 1564 et
957 1539 1115 1565 consentire.

276 1580 307 1607 fr.
326 1582 367 1607 48.
392 1580 425 1607 de
449 1580 482 1607 O.
508 1585 534 1606 et
553 1580 584 1606 A.
609 1582 650 1607 44.
671 1583 694 1607 7.
726 1580 756 1607 sr.
777 1582 835 1607 145.
864 1580 896 1607 de
919 1581 950 1607 R.
970 1581 988 1608 Ι.
1013 1584 1054 1608 50.
1075 1583 1116 1608 17.

276 1624 330 1659 Qui
349 1624 433 1650 sciant
452 1634 480 1650 se
499 1633 551 1649 non
572 1633 630 1649 esse
650 1623 785 1650 subiectos
805 1624 981 1651 iurisdictioui
1001 1626 1071 1657 eius,
1091 1629 1117 1652 et

276 1667 303 1693 in
322 1677 380 1693 eum
399 1667 572 1693 consentiant.
600 1666 630 1692 fr.
650 1668 673 1692 2.
694 1676 733 1703 pr.
754 1666 786 1692 ct‘.
806 1666 836 1693 fr.
857 1669 879 1693 1.
901 1667 932 1693 de
952 1667 1029 1694 iudic.
1051 1670 1074 1694 5.
1092 1670 1115 1694 1.

276 1709 307 1736 fr.
328 1711 368 1735 15.
389 1709 420 1736 de
440 1709 531 1736 iurisd.
552 1712 576 1736 2.
593 1711 614 1736 1.
652 1708 711 1735 Nisi
730 1710 831 1736 animus
851 1711 989 1747 utriusque
1009 1721 1118 1737 consen-

276 1753 316 1779 tit.
347 1752 378 1778 sr.
399 1754 440 1779 55.
461 1752 493 1778 de
513 1752 546 1779 0.
567 1757 593 1778 et
612 1752 644 1778 A.
664 1754 705 1778 44.
721 1754 744 1779 7.
781 1753 835 1788 Qui
855 1763 887 1779 cx
906 1753 1019 1780 diversis
1038 1755 1117 1780 animi

276 1795 392 1822 motibus
411 1796 437 1821 in
457 1805 536 1822 unum
556 1796 731 1821 consentiunt.
760 1794 790 1822 sr.
812 1798 834 1822 l.
860 1796 882 1830 3.
901 1798 926 1823 3.
952 1796 984 1823 dc
1003 1802 1071 1834 pact.
1091 1798 1116 1823 2.

277 1839 318 1864 14.
356 1837 437 1864 Aliud
457 1843 497 1865 est
516 1838 642 1870 vendere,
662 1838 733 1864 aliud
752 1838 877 1865 vendenti
897 1841 1054 1867 consentire.
1085 1840 1116 1866 fr.

278 1882 336 1906 160.
355 1891 394 1917 pr.
424 1881 455 1907 cs.
475 1881 504 1908 sr.
527 1883 583 1907 165.
609 1881 641 1907 de
666 1881 698 1908 R.
725 1881 743 1908 Ι.
768 1884 809 1908 50.
831 1884 871 1909 17.
899 1882 929 1909 fr.
951 1884 973 1909 7.
997 1893 1037 1920 pr.
1063 1883 1115 1918 Qu.

276 1923 346 1950 mod.
366 1924 436 1960 pign.
455 1927 497 1950 20.
516 1926 540 1950 6.
578 1924 730 1961 Stipulanti.
749 1935 773 1951 v.
794 1925 883 1957 Danti7
904 1927 1061 1953 consentire.
1086 1926 1116 1953 sr.

278 1968 319 1993 11.
338 1966 373 1992 ib.
393 1970 434 1993 20.
455 1969 478 1993 6.
508 1966 538 1993 sr.
558 1968 582 1992 3.
608 1967 629 2000 3.
649 1969 673 1993 5,
699 1967 731 1993 de
750 1969 843 1994 minor.
867 1970 891 1994 4.
912 1971 935 1995 4.
978 1968 1007 1995 Si
1033 1969 1117 1996 adhuc

278 2010 443 2035 consentiant
467 2011 493 2035 in
516 2010 676 2036 societatem.
710 2010 766 2036 Gai.
792 2010 834 2037 111.
862 2013 918 2037 153.
956 2011 985 2038 Si
1009 2022 1118 2039 consen-

278 2062 336 2079 sum
350 2052 467 2079 fueritin
487 2053 605 2089 (corpus,
625 2063 646 2079 s.
668 2054 800 2090 corpore).
820 2053 850 2080 fr.
862 2056 885 2080 9.
900 2055 921 2088 3.
932 2056 956 2080 2.
977 2054 1007 2081 fr.
1023 2056 1062 2081 ll.
1076 2065 1116 2092 pr.

278 2095 309 2121 sr.
331 2098 370 2121 15.
390 2106 429 2133 pr.
450 2095 482 2122 de
502 2100 585 2121 contr.
606 2100 665 2121 emt.
687 2097 727 2121 1⁸.
748 2097 771 2122 1.
792 2096 822 2122 fr.
841 2099 883 2123 21.
904 2097 925 2131 3.
944 2099 969 2123 2.
989 2097 1021 2124 de
1040 2098 1072 2124 A.
1086 2098 1116 2124 E.

277 2137 310 2165 V.
332 2140 371 2165 19.
392 2141 414 2164 1.
451 2138 571 2175 Nuptiis,
591 2149 612 2165 s.
632 2137 811 2167 Matrimonio.
836 2141 992 2167 consentire.
1025 2140 1055 2167 fr.
1074 2142 1116 2167 48.

277 2191 318 2218 pr.
338 2181 370 2207 de
390 2192 462 2218 oper.
482 2181 568 2208 libert.
594 2184 637 2208 38.
660 2183 680 2207 1.
706 2180 736 2207 sr.
759 2183 798 2208 12.
818 2183 839 2216 3.
859 2184 883 2209 3.
908 2183 940 2209 de
960 2185 1055 2221 captiv.
1075 2185 1117 2210 49.

280 2226 320 2250 15.
358 2224 593 2252 consentientibus
613 2224 741 2262 partibus.
779 2225 808 2251 Si
828 2227 910 2252 maior
928 2236 989 2263 pars
1009 2236 1119 2253 consen-

279 2268 351 2294 serit.
377 2267 405 2293 tr.
425 2269 448 2294 9.
469 2278 507 2304 pr.
529 2268 558 2294 t'r.
579 2269 619 2294 14.
640 2268 669 2294 sr.
690 2269 731 2294 27.
753 2268 774 2301 3.
788 2270 813 2294 ·3.
833 2268 866 2295 dc
885 2279 935 2295 rec.
957 2280 999 2305 qu.
1020 2270 1074 2296 arb.
1093 2272 1117 2296 4.

279 2312 303 2337 8.
347 2309 422 2336 Solet
446 2309 554 2337 Praetor
577 2312 749 2343 intervenire,
777 2316 803 2337 et
830 2312 898 2338 inter
922 2313 1118 2339 consentientes

280 2353 399 2379 arbitrari
420 2357 468 2379 ete.
497 2353 526 2379 l'r.
547 2356 571 2380 8.
592 2365 630 2391 pr.
656 2354 688 2381 de
708 2359 830 2381 transact.
851 2357 875 2380 2.
897 2357 937 2381 15.
967 2371 1000 2374 -
1029 2356 1059 2388 §.
1082 2357 1118 2382 2.
1140 2369 1142 2395 3

279 2398 479 2430 Adprobare,
500 2398 722 2431 Adstipulari.
760 2397 885 2425 111011.
904 2397 1053 2435 Rescripsit
1072 2398 1118 2431 (D.

280 2438 446 2471 Hadrianus)
466 2439 492 2464 in
512 2438 575 2465 llaec
594 2440 686 2466 verba:
706 2440 775 2466 Illud
795 2441 940 2472 consentio,
960 2445 989 2467 ut
1007 2445 1056 2467 etc.
1088 2440 1119 2466 l'r.

282 2483 322 2508 14.
343 2482 365 2515 3.
385 2482 408 2507 6.
429 2480 462 2507 de
480 2491 549 2508 mun.
569 2486 595 2507 et
613 2482 674 2508 lion.
694 2485 734 2509 50.
755 2485 779 2510 4.
816 2483 877 2509 Non
896 2488 937 2511 cst
955 2484 1120 2509 consentien-

281 2524 342 2550 dum
362 2524 549 2560 (parentibus,
569 2525 613 2561 qui
633 2526 708 2556 eto).
734 2526 764 2552 [ι’.
784 2528 808 2553 4.
828 2526 861 2553 de
880 2526 952 2553 inoff.
972 2531 1074 2552 testam.
1093 2528 1118 2552 5.
1141 2546 1142 2552 ,

280 2568 305 2592 2.
342 2568 443 2592 Omnes
467 2572 586 2593 auctores
611 2568 680 2604 apud
704 2567 833 2595 Plautium
857 2571 884 2595 111
908 2569 958 2595 lioc
980 2579 1120 2595 consense-

281 2614 350 2635 runt.
380 2610 410 2635 l'r.
427 2611 448 2635 1.
468 2610 489 2643 3.
503 2612 527 2636 3.
548 2610 581 2637 dc
595 2609 662 2636 usus.
676 2609 745 2635 ader.
766 2613 789 2637 7.
808 2614 832 2637 2.
870 2612 903 2638 lit
922 2612 1037 2638 lulianus
1057 2613 1120 2639 scri-

281 2651 333 2682 bit,
354 2656 379 2676 ct
398 2652 440 2678 alii
460 2652 580 2689 plerique
604 2654 780 2679 consentiunt.
814 2654 843 2680 t'r.
866 2657 904 2681 10.
930 2656 952 2689 3.
971 2657 996 2681 2.
1026 2655 1056 2681 l'r.
1079 2657 1118 2682 12.
1141 2671 1143 2686 ῑ

283 2694 315 2720 de
334 2699 401 2730 pan-t.
421 2698 444 2720 2.
468 2697 505 2721 14.
526 2711 558 2714 -
578 2696 608 2728 ξ.
626 2697 663 2723 3.
689 2697 889 2730 congruere,
911 2700 1118 2731 Conspirare.

283 2735 301 2762 I.
317 2738 378 2770 Sy.
407 2736 565 2771 congruere.
590 2738 621 2765 sr.
636 2740 676 2765 14.
697 2739 729 2765 dc
748 2739 867 2775 acceptil.
888 2742 966 2766 46³1.
995 2740 1037 2766 111.
1054 2742 1120 2768 (ln-

284 2778 342 2805 Nisi
361 2781 508 2806 consentiat
527 2781 691 2817 acceptilatio
712 2792 770 2809 cum
784 2781 951 2816 obligatione.
972 2782 1001 2808 fr.
1017 2785 1057 2809 14.
1073 2783 1088 2809 l.
1103 2783 1119 2810 l.

284 2837 316 2840 —
336 2822 366 2854 ξ.
389 2822 427 2847 Ι.
456 2824 669 2858 Respondere,
690 2826 862 2861 Snsficerc
908 2824 950 2851 ΙΙΙ.
970 2826 1036 2852 Cn.
1057 2826 1120 2861 Qui-

1087 162 1190 194 CON.

1159 245 1222 278 bus,
1250 245 1283 272 ad
1307 244 1450 271 exercenda
1474 245 1578 272 metalla
1601 247 1715 283 privata,
1744 246 1818 273 dives
1841 258 1999 274 marmorum

1158 298 1224 314 vena
1244 289 1383 314 consentit.
1412 287 1462 314 Th.
1477 288 1507 315 C.
1526 289 1560 315 X.
1582 291 1620 315 19.
1642 299 1662 315 c.
1685 291 1724 315 11.
1745 289 1777 315 de
1795 291 1892 317 mctall.

1195 331 1449 363 Consequens.
1479 331 1608 365 (Partic.)
1645 333 1676 365 §-
1698 333 1731 358 1.
1765 334 1920 367 Sequens,
1949 335 2000 361 1⁷1·-

1159 375 1265 405 cinus,
1291 375 1446 400 Futurus.
1484 373 1526 400 Ill.
1553 376 1619 402 (711.
1652 374 1767 401 Primum
1792 380 1941 403 tractemus.
1967 393 2000 396 —

1160 416 1336 452 Consequens
1360 421 1401 443 est
1426 421 1454 442 ut
1476 416 1611 443 videamus
1638 422 1687 444 etc.
1717 417 1747 444 fr.
1770 420 1792 444 1.
1817 419 1898 452 331.
1918 421 1941 446 6.
1967 419 2000 446 de

1160 469 1232 496 susp.
1253 464 1332 485 tutor.
1352 460 1394 485 26.
1415 461 1455 485 10.
1475 459 1505 485 fr.
1518 461 1542 485 2.
1562 460 1584 494 3.
1599 462 1637 486 1-3.
1658 460 1690 487 de
1710 460 1742 487 Ο.
1763 461 1782 487 1.
1805 463 1825 488 1.
1848 464 1872 488 2.
1904 462 2000 489 Iterum

1158 502 1316 528 introductis
1340 502 1466 534 testibus,
1492 505 1679 539 consequentia
1703 503 1825 530 factionis
1850 506 1999 531 testamenti

1160 544 1311 582 procedere.
1341 555 1362 571 c.
1387 547 1429 572 25.
1453 555 1493 582 pr.
1522 545 1554 572 de
1577 551 1678 573 testam.
1710 552 1736 573 et
1760 547 1878 584 quemad.
1908 550 1932 574 6.
1956 549 1998 574 23.

1161 587 1277 625 Tempus
1297 598 1471 624 consequens
1503 599 1525 615 c.
1544 591 1568 615 6.
1588 589 1620 615 de
1638 600 1753 627 praescr.
1774 590 1790 616 l.
1810 595 1828 616 t.
1854 592 1876 617 7.
1896 592 1937 617 33.
1966 607 2000 610 —

1161 631 1192 664 §.
1207 632 1242 657 2.
1273 632 1490 663 Coniunctus,
1510 634 1645 659 Similis.
1682 633 1726 659 III.
1743 634 1808 661 011.
1828 633 1857 659 Id
1871 633 2000 660 custodiri

1161 678 1280 711 oportet,
1305 673 1376 710 quod
1394 674 1511 700 moribus
1535 679 1561 700 et
1581 676 1771 702 consuetudine
1791 676 1926 703 inductum
1945 681 2000 707 est3

1162 722 1187 744 ct
1207 718 1230 743 si
1249 727 1299 754 qua
1318 718 1345 743 in
1364 727 1392 743 re
1411 716 1461 743 hoc
1481 717 1615 749 deficeret,
1634 723 1696 745 tunc
1716 719 1786 756 quod
1806 720 1955 757 proximum
1974 723 2000 745 et

1162 770 1328 796 consequens
1349 765 1396 787 cst.
1422 760 1453 786 fr.
1467 762 1508 786 32.
1524 770 1561 797 pr.
1583 760 1615 787 de
1634 760 1686 787 LL.
1707 764 1730 789 1.
1749 766 1773 789 3.
1811 762 1892 798 Quod
1911 766 2002 788 contra

1161 805 1289 830 rationem
1307 805 1372 830 iuris
1391 808 1525 840 receptum
1545 808 1592 829 est.
1613 813 1666 830 nou
1685 809 1725 831 est
1747 805 1945 842 producendum
1969 804 2002 832 ad

1162 848 1349 883 consequentia
1369 846 1413 880 [al.
1434 847 1645 883 consequentias,
1665 857 1689 873 v.
1709 849 1944 885 consequentiam}
1970 847 2000 874 sr.

1163 892 1220 916 141.
1240 900 1280 927 pr.
1305 889 1338 916 de
1355 889 1387 916 R.
1407 889 1425 916 Ι.
1446 892 1487 916 50.
1507 891 1548 916 17.
1578 889 1608 916 cf.
1630 890 1660 916 11.
1681 892 1721 916 14.
1746 890 1779 917 de.
1796 891 1849 918 LL.
1870 894 1892 918 l.
1911 893 1936 918 3.
1968 907 2001 911 -

1162 934 1193 967 ξ.
1216 935 1253 960 3.
1283 935 1500 965 Conveniens,
1524 934 1762 960 Rationabilis.
1803 934 1822 960 I.
1842 936 1903 969 Sy.
1931 934 2002 961 Con·

1153 978 1279 1016 xveniens.
1308 975 1366 1002 Gai.
1385 975 1403 1002 Ι.
1424 978 1465 1002 sl.
1486 985 1526 1012 sq.
1550 975 1580 1002 sr.
1602 977 1624 1002 7.
1644 976 1727 1010 §.1:3.
1752 976 1784 1002 de
1803 976 1834 1003 Α.
1853 977 1885 1004 R.
1904 978 1938 1004 D.
1958 979 2000 1004 41.

1164 1021 1186 1046 1.
1231 1019 1262 1045 Η.
1290 1020 1358 1053 Op.
1394 1018 1592 1045 Iuconveuiens.
1626 1019 1648 1052 3.
1667 1020 1691 1045 3.
1716 1019 1735 1045 I.
1759 1019 1792 1046 dc
1815 1019 1902 1047 donat.
1927 1023 1952 1047 2.
1976 1022 1999 1047 7.

1163 1062 1205 1089 [H.
1226 1064 1292 1090 (111.
1321 1061 1496 1098 Consequens
1520 1066 1605 1088 autem
1625 1067 1665 1088 est
1685 1067 1733 1088 etc.
1753 1078 1785 1082 —-
1805 1064 1913 1099 aequius
1933 1064 2002 1090 enim

1163 1110 1204 1132 est
1223 1110 1272 1131 etc.
1302 1104 1332 1131 sr.
1348 1106 1371 1131 l.
1390 1105 1411 1138 3.
1426 1106 1449 1130 8.
1471 1104 1503 1130 de
1522 1104 1576 1131 dot.
1595 1105 1682 1131 collat.
1700 1107 1743 1132 37.
1758 1107 1780 1132 7.
1818 1105 1926 1132 Ytilitas
1945 1116 2002 1132 sua-

1163 1149 1212 1180 sit,
1232 1164 1264 1167 —
1284 1157 1395 1184 namque
1419 1157 1584 1184 consequens
1609 1153 1664 1174 erat
1687 1153 1736 1175 etc.
1765 1148 1795 1175 sr.
1814 1150 1838 1175 3.
1862 1150 1884 1183 3.
1904 1151 1944 1176 12.
1969 1149 2002 1176 de

1161 1192 1217 1217 itin.
1245 1195 1331 1228 aetuq.
1350 1191 1417 1227 priv.
1441 1191 1483 1216 43.
1503 1192 1544 1217 19.
1576 1189 1608 1216 cf.
1634 1190 1664 1217 fr.
1685 1193 1707 1218 1.
1725 1201 1765 1228 pr.
1789 1193 1812 1218 si
1830 1202 1891 1229 pars
1911 1191 2001 1219 lic-red.

1161 1236 1185 1260 5.
1205 1235 1229 1260 4.
1250 1233 1280 1260 fr.
1302 1235 1324 1260 1.
1344 1243 1382 1270 pr.
1404 1233 1436 1259 de
1456 1233 1543 1260 collat.
1563 1233 1624 1260 bon.
1643 1236 1685 1260 37.
1705 1235 1728 1260 6.
1766 1234 1844 1260 Varie
1862 1240 2002 1262 tractatum

1162 1281 1210 1303 est.
1248 1277 1283 1303 Et
1302 1286 1467 1313 consequens
1488 1281 1528 1302 est
1548 1281 1596 1303 etc.
1627 1276 1657 1303 fr.
1677 1278 1701 1303 4.
1728 1276 1760 1302 de
1779 1278 1874 1314 captiv.
1898 1280 1940 1305 49.
1960 1280 2001 1305 15.

1162 1320 1357 1355 Quaerebatur,
1377 1335 1409 1339 -—
1429 1319 1484 1346 dixi
1504 1329 1669 1356 consequens
1689 1330 1748 1346 esse
1767 1325 1816 1346 etc.
1841 1320 1872 1347 fr.
1886 1322 1928 1348 20.
1948 1321 2000 1357 Qu.

1160 1364 1257 1400 potior.
1277 1365 1319 1389 20.
1339 1364 1363 1389 4.
1388 1362 1418 1389 l'r.
1438 1364 1480 1388 60.
1500 1363 1521 1396 3.
1541 1366 1565 1389 ὅ.
1586 1362 1619 1389 de
1636 1362 1667 1388 R.
1681 1361 1713 1388 N.
1732 1364 1773 1389 23.
1793 1365 1817 1389 2.
1855 1363 1956 1390 Vereor
1969 1373 2002 1391 ne

1161 1422 1194 1425 —
1213 1410 1239 1432 et
1257 1405 1308 1433 hoc
1326 1407 1361 1432 sit
1385 1415 1551 1442 consequens
1571 1405 1610 1431 illi
1630 1410 1678 1431 etc.
1707 1405 1739 1432 fr.
1759 1408 1800 1432 20.
1826 1406 1848 1440 3.
1870 1408 1892 1433 l.
1917 1407 1950 1434 de
1969 1406 2000 1434 B.

1160 1448 1189 1475 P.
1204 1459 1225 1475 c.
1237 1454 1254 1475 t.
1274 1451 1316 1476 37.
1329 1450 1354 1475 4.
1392 1448 1446 1475 Sed
1458 1447 1530 1474 'illud
1549 1458 1714 1485 consequens
1734 1448 1857 1481 futurum,
1877 1466 1909 1469 —
1930 1449 2002 1487 quod

1161 1493 1251 1529 utique
1271 1493 1306 1518 sit
1325 1491 1477 1518 absurdum.
1501 1491 1532 1518 fr.
1551 1493 1593 1518 24.
1613 1492 1679 1526 3.1.
1699 1496 1746 1518 rat.
1766 1502 1822 1518 rem
1840 1492 1899 1519 hab.
1918 1494 1960 1519 46.
1975 1496 2000 1519 δ.

1161 1535 1247 1571 Quam
1270 1535 1426 1562 sententiam
1449 1534 1565 1560 Iulianus
1589 1534 1654 1560 adeo
1681 1536 1812 1571 sequitur,
1839 1540 1867 1561 ut
1891 1539 1939 1561 etc.
1968 1550 2001 1554 —

1162 1578 1216 1604 Sed
1235 1578 1286 1604 hoc
1305 1587 1357 1604 non
1377 1581 1418 1604 est
1441 1587 1606 1614 consequens
1627 1577 1718 1604 Sabini
1743 1583 1768 1604 et
1787 1578 1875 1604 Cassii
1899 1583 2003 1604 senten-

1161 1622 1225 1652 tiae,
1251 1631 1328 1658 quam
1352 1626 1378 1647 et
1397 1622 1454 1658 ipse
1474 1621 1549 1657 sequi
1570 1619 1681 1646 videtur.
1713 1620 1744 1646 sr.
1764 1623 1805 1647 57.
1833 1620 1865 1647 de
1889 1632 2001 1648 manum.

1161 1668 1263 1690 testam.
1287 1665 1328 1689 40.
1348 1666 1372 1690 4.
1415 1663 1512 1699 Vtique
1536 1673 1701 1699 consequens
1726 1667 1766 1689 est
1790 1664 1953 1695 existimare.
1977 1674 2001 1690 v.

1161 1707 1304 1733 observari.
1334 1706 1365 1733 fr.
1385 1708 1426 1733 19.
1451 1707 1472 1740 3.
1492 1708 1516 1733 3.
1541 1706 1619 1732 locat.
1640 1708 1680 1732 19.
1699 1708 1724 1732 2.

1161 1751 1217 1776 iure
1236 1750 1302 1776 fisci.
1326 1751 1368 1776 49.
1389 1750 1429 1775 14.

1197 1793 1494 1825 consequenter.
1522 1792 1634 1826 (Advb.)
1665 1794 1904 1828 Congruenter,
1925 1795 2003 1820 Con-

1163 1838 1334 1862 eenienter.
1375 1835 1418 1862 111.
1444 1837 1510 1863 Cn.
1541 1836 1576 1862 Et
1601 1835 1677 1862 facile
1701 1837 1760 1872 quis
1789 1836 1885 1863 dixerit
1913 1846 2004 1863 conse·

1162 1883 1272 1915 quenter
1290 1878 1438 1915 prioribus,
1464 1888 1529 1915 quae
1549 1883 1597 1905 etc.
1629 1878 1659 1905 fr.
1680 1881 1720 1905 11.
1741 1880 1762 1913 3.
1782 1881 1806 1906 6.
1831 1879 1863 1905 ad
1881 1879 1911 1906 L.
1931 1878 2001 1905 Falc.

1160 1924 1202 1949 35.
1221 1924 1246 1948 2.
1282 1921 1331 1948 llis
1356 1932 1481 1958 consequ.
1508 1926 1533 1947 et
1558 1921 1625 1948 illud
1648 1922 1782 1958 probatur.
1815 1922 1845 1948 fr.
1870 1923 1910 1948 14.
1935 1922 1957 1956 3.
1976 1923 2000 1948 6.

1162 1964 1194 1991 de
1214 1975 1291 1991 servo
1311 1974 1378 1991 corr.
1399 1966 1439 1991 11.
1459 1966 1483 1990 3.
1509 1964 1539 1990 fr.
1560 1966 1582 1990 7.
1603 1965 1624 1998 3.
1644 1966 1668 1991 4.
1694 1964 1727 1991 de
1747 1965 1806 1991 bon.
1827 1964 1938 1990 damnat.
1959 1966 2001 1991 48.

1161 2010 1202 2034 20.
1240 2007 1294 2034 Sed
1313 2009 1336 2034 si
1354 2018 1497 2044 proponas,
1517 2023 1550 2027 -—
1569 2017 1694 2043 consequ.
1715 2007 1831 2033 dicemus
1851 2012 1900 2033 cte.
1926 2006 1956 2033 l'r.
1975 2009 2000 2034 3.

1161 2052 1183 2085 3.
1203 2052 1227 2076 5.
1253 2049 1286 2076 de
1304 2049 1380 2085 legat.
1400 2055 1497 2086 praest.
1515 2051 1558 2076 37.
1577 2052 1601 2076 5.
1626 2050 1656 2076 fr.
1671 2052 1712 2076 36.
1732 2060 1771 2086 pr.
1791 2060 1823 2076 ex
1843 2060 1886 2086 qu.
1907 2060 1928 2076 c.
1942 2051 2001 2077 mai.

1161 2095 1185 2120 4.
1205 2094 1229 2119 6.
1266 2093 1442 2125 Existimavit.
1463 2108 1495 2112 —-
1515 2093 1559 2128 qui
1579 2102 1704 2129 consequ.
1725 2098 1751 2119 et
1770 2092 1835 2119 illud
1854 2093 2000 2130 respondit.

1162 2137 1219 2163 Gai.
1239 2135 1282 2162 III.
1302 2137 1360 2162 179.
1398 2136 1465 2162 Cum
1484 2138 1552 2162 enim
1566 2136 1747 2162 confirmatum
1760 2137 1795 2162 sit
1808 2140 2001 2169 testamentum,

1163 2189 1288 2215 consequ.
1308 2179 1403 2205 tutoris
1423 2189 1528 2216 quoque
1547 2178 1617 2205 datio
1636 2179 1742 2206 valebit.
1767 2178 1798 2205 sr.
1820 2181 1858 2205 10.
1882 2179 1904 2213 3.
1924 2182 1948 2206 2.
1969 2179 2002 2206 de

1163 2228 1264 2249 testam.
1283 2227 1331 2248 tut.
1350 2223 1392 2248 26.
1411 2224 1435 2248 2.

1200 2265 1493 2299 Consequenfia.
1523 2264 1639 2298 (Subst.)
1676 2265 1707 2298 §.
1732 2266 1767 2291 1.
1797 2266 2001 2298 Consecutio,

1165 2311 1341 2336 Saecessio.
1378 2308 1421 2334 ΙΙΙ.
1442 2309 1507 2336 Cn.
1535 2308 1596 2345 Ipso
1617 2307 1722 2344 quidem
1744 2309 1801 2334 iure
1820 2310 1908 2335 testati
1927 2308 2002 2336 dece·

1164 2352 1241 2384 dunt,
1267 2351 1315 2378 sed
1338 2361 1386 2388 per
1409 2352 1611 2387 consequentias
1636 2350 1740 2377 sublato
1765 2356 1934 2385 testamento,
1964 2353 2002 2379 in-

1164 2396 1253 2421 testati
1272 2394 1410 2421 decedunt.
1439 2394 1510 2420 Paul.
1530 2393 1575 2420 IV.
1595 2398 1618 2420 δ’.
1639 2394 1660 2428 3.
1675 2396 1699 2421 2.
1736 2394 1778 2421 De
1797 2394 1915 2431 reliquis,
1935 2405 2002 2432 quae

1163 2449 1210 2476 per
1229 2438 1431 2474 consequentias
1455 2437 1576 2463 emtionis
1599 2438 1706 2474 propria
1729 2442 1803 2470 sunt,
1827 2453 1860 2457 —-
1884 2439 1923 2475 agi
1943 2448 2002 2465 cum

1164 2492 1195 2508 eo
1215 2482 1321 2519 poterit.
1349 2480 1380 2507 fr.
1399 2482 1423 2506 5.
1442 2489 1481 2517 pr.
1503 2479 1536 2506 de
1554 2480 1585 2506 A.
1606 2480 1635 2506 E.
1656 2479 1687 2507 V.
1708 2482 1748 2507 19.
1769 2482 1792 2507 l.
1816 2480 1848 2507 cf.
1867 2480 1897 2507 fr.
1918 2482 1941 2508 7.
1959 2491 1999 2518 pr.

1165 2525 1196 2551 de
1215 2529 1282 2551 auct.
1303 2528 1328 2550 et
1347 2533 1418 2550 cons.
1437 2525 1479 2549 28.
1499 2525 1523 2550 8.
1560 2523 1684 2560 Reliqua,
1705 2534 1770 2560 quae
1789 2522 1821 2549 ad
1840 2533 2001 2560 consequen-

1164 2569 1225 2594 tiam
1250 2567 1354 2604 quidem
1377 2567 1427 2592 iam
1451 2571 1608 2593 statutorum
1631 2568 1776 2603 pertinent,
1804 2567 1887 2603 priori
1914 2571 2000 2593 tamen

1164 2612 1310 2637 sententiae
1333 2609 1435 2636 desunt.
1460 2608 1490 2635 sr.
1509 2611 1551 2636 42.
1576 2609 1609 2636 de
1628 2620 1656 2636 re
1674 2609 1727 2636 iud.
1751 2611 1792 2635 42.
1814 2611 1836 2636 1.

1165 2665 1220 2680 cam
1240 2663 1331 2680 vocem
1350 2652 1547 2681 transformare.
1568 2653 1616 2679 sub
1636 2653 1728 2679 eodem
1747 2652 1839 2679 ordine
1858 2652 2000 2688 eademque

1165 2697 1353 2733 consequentia
1371 2700 1420 2722 etc.
1445 2706 1466 2722 c.
1479 2697 1502 2721 2.
1523 2696 1544 2729 3.
1558 2698 1600 2722 21.
1620 2696 1652 2722 de
1672 2701 1722 2722 vet.
1742 2696 1798 2722 iure
1817 2694 1899 2722 enucl.
1920 2697 1942 2721 l.
1958 2696 1998 2721 17.

1164 2739 1307 2766 Redituum
1326 2738 1537 2774 frequentissima
1558 2739 1754 2775 consequentia.
1785 2749 1806 2765 c.
1829 2740 1870 2764 20.
1894 2748 1932 2774 pr.
1966 2737 2000 2764 de

1165 2781 1270 2819 agricol.
1291 2783 1331 2808 11.
1350 2783 1392 2808 47.
1424 2798 1456 2801 —
1487 2783 1518 2815 §.
1538 2784 1573 2809 2.
1601 2784 1834 2817 Argumentum
1857 2791 1873 2807 a
1892 2791 1999 2807 conse-

1164 2831 1290 2861 quente,
1310 2827 1359 2852 vel
1376 2826 1590 2857 rationabili,
1611 2827 1758 2859 petitum.
1793 2823 1824 2850 11.
1844 2825 1911 2857 011.
1935 2823 1999 2861 Spe-

1753 1706 1784 1732 sr.
1806 1708 1846 1734 18.
1873 1707 1894 1741 ξ.
1914 1708 1938 1733 s.
1969 1706 2002 1733 de

1878 2610 1907 2636 In
1929 2619 1999 2645 grae-
