2197 3121
950 171 1036 204 ECC
1063 191 1100 196 —
1127 173 1209 203 EDI.
1295 205 1300 210 ⁸
1874 175 1933 204 :311

225 257 393 283 ecclesiarum
413 266 507 282 nomen
526 256 651 292 accipere.
671 253 706 280 lb.
724 254 794 280 XVI.
816 257 837 280 1.
858 264 878 281 c.
898 256 922 280 2.
942 255 963 288 5
985 256 1007 281 1.
1028 254 1060 281 de
1082 259 1083 273 ³

224 299 276 326 fide
300 299 394 325 cathol.
419 299 534 331 Romana
563 297 681 324 ecclesia.
707 313 738 316 —
763 296 951 334 Transalpinae
979 297 1059 324 eccle-

224 343 285 368 siae.
323 341 390 368 Nov.
417 342 519 368 Valent.
544 340 586 366 Ill.
611 339 643 366 de
670 341 749 377 episc.
775 340 858 366 ordin.
882 339 912 366 II.
935 341 974 366 17.
994 350 1014 366 c.
1036 341 1058 365 1.
1081 323 1082 375 l

223 385 261 419 55.
284 386 305 410 l.
322 395 379 421 sqq.
400 401 432 404 —
452 385 482 417 ξ.
496 385 530 410 2.
551 386 647 410 Aedes
668 384 944 409 Christianorum.
964 382 981 408 1.
997 383 1058 416 Sy.
1080 393 1082 422 s

224 427 363 464 Templum
383 427 432 453 dei.
452 427 501 453 Tb.
522 426 552 452 C.
572 426 616 452 IX.
637 428 677 451 45.
698 436 718 451 c.
740 427 762 451 1.
782 425 817 451 de
836 424 860 450 h.
880 435 922 461 qu.
944 424 975 450 ad
995 424 1057 451 eccl.
1080 428 1081 453 1

224 470 266 496 ΠΙ.
281 472 346 498 011.
366 470 512 501 Ecclesiae.
533 473 559 495 et
578 468 620 494 alii
640 468 804 495 venerabiles
828 467 886 494 1001.
906 467 998 493 Iuliani
1018 478 1058 504 ep.
1080 470 1081 498 1

223 522 283 539 11ον.
304 523 325 539 e.
345 515 385 540 49.
405 514 503 547 5190.
541 511 676 538 Ecclesiae
696 521 757 538 suae
777 510 877 542 domus,
898 515 924 536 et
942 509 999 536 loca
1020 520 1059 536 se·
1080 509 1081 532 ἶ

223 555 341 593 pulchris
361 561 427 593 apta.
447 555 496 582 Th.
521 554 552 581 C.
572 554 641 582 XVI.
661 557 684 581 5.
709 565 731 581 c.
755 556 778 580 2.
798 553 831 580 de
850 553 971 579 haeretic.
1008 552 1059 578 Ex·
1079 554 1080 557 ’

224 603 261 624 tra
282 598 415 627 ecclesias,
435 608 498 634 quas
518 603 608 624 nostra
622 608 672 635 pax
686 597 795 627 obtinet,
815 600 959 622 conventus
974 605 1056 631 agere..

222 640 260 667 Ih.
280 641 295 668 l.
317 641 332 667 l.
354 651 374 667 0,
394 643 418 667 4.
438 640 469 667 cs.
488 640 558 667 XVI.
578 643 602 666 2.
623 651 643 667 c.
662 642 703 666 37.
724 639 756 665 de
775 640 855 676 episc.
876 638 938 665 eccl.
968 654 1000 657 —
1026 638 1056 671 ξ.
1078 669 1079 675 ¹

222 685 259 710 3.
281 685 473 710 clericatus.
493 683 510 709 Ι.
529 684 589 718 Sy.
608 683 742 710 Ecclesiae
761 683 819 717 iuge.
839 680 993 717 obsequium
1013 680 1056 707 de·
1077 680 1079 701 ἶ

221 731 320 763 putare.
357 725 554 752 Ecclesiasticis
575 736 603 752 se
623 735 785 762 congregare.
807 724 843 750 lb.
864 723 880 750 l.
902 723 917 750 l.
939 734 960 750 0.
979 725 1020 749 21.

256 768 559 795 Ecclesiasticus,
597 769 627 802 §.
646 770 679 795 1.
704 770 750 794 Aa
767 768 934 793 ecclesiam
953 768 1055 800 perti-

220 807 302 838 nens.
340 810 388 837 III.
404 812 468 838 (7η.
498 810 551 837 Res
571 810 710 838 immobilis
730 809 920 841 ecclesiastica,
939 808 981 835 vel
1000 814 1056 846 pto-

220 854 300 880 chica.
322 853 411 879 Iulian.
433 864 473 890 ep.
493 864 514 880 c.
535 855 557 880 7.
577 854 598 888 5.
618 855 658 880 35.
696 853 736 879 Ex
760 853 840 888 gestis
864 853 989 888 negotiis,
1013 857 1056 877 aut

219 907 251 924 ex
271 896 434 933 quibuslibet
453 896 509 923 aliis
524 896 708 923 ecclesiasticis
723 895 832 927 actibus.
847 894 985 931 obligatus.
1005 894 1053 921 Th.

219 939 250 966 C.
270 939 302 965 V.
322 941 346 965 3.
372 949 393 966 c.
415 941 437 966 l.
457 939 490 965 de
512 939 564 965 bon
584 938 671 965 cleric.
713 937 755 964 Ad
779 939 819 964 ius
848 937 1054 964 ecclesiasticum

218 983 375 1020 pertinentia
394 982 506 1019 praedia.
527 993 547 1008 c.
569 983 608 1008 14.
629 982 650 1015 5.
664 983 688 1008 5.
708 981 740 1007 de
754 980 803 1007 SS.
824 980 887 1007 0001,
908 982 930 1007 l.
950 982 974 1007 2.
1011 980 1054 1006 Ad
1075 1002 1076 1012 ,

218 1025 424 1052 ecclesiasticum
444 1035 472 1051 se
491 1025 609 1051 ordinem
628 1024 777 1051 transferre.
801 1022 868 1049 Nov.
888 1022 990 1050 Valent.
1010 1023 1052 1049 Ill.

217 1067 250 1094 de
270 1069 349 1105 episc
375 1067 426 1094 iud.
451 1067 481 1094 II.
506 1069 547 1094 35.
573 1078 593 1094 c.
616 1069 637 1094 1.
663 1067 684 1101 5.
709 1068 732 1094 6.
758 1083 790 1086 —
816 1067 845 1099 ξ.
865 1067 900 1092 2.
927 1068 990 1099 Qai
1007 1077 1053 1092 et·-

216 1113 334 1137 etesiae
361 1112 542 1137 muneribus
565 1112 738 1146 fungitur.
775 1109 793 1136 1.
824 1110 885 1143 Sy.
922 1108 1051 1135 Clericus.

216 1152 283 1179 Nov.
308 1152 429 1179 marcian.
455 1152 488 1179 de
511 1158 612 1179 testum.
636 1152 722 1179 cleric.
742 1152 784 1179 111.
804 1154 827 1178 5.
848 1162 869 1178 0.
890 1154 912 1178 1.
932 1162 971 1189 pr.
1008 1151 1051 1178 ΙΠ.

216 1197 281 1224 Gn.
301 1195 492 1227 Ecclesiastici‚
512 1201 537 1222 et
557 1197 651 1222 caeteri
671 1195 814 1222 catholicae
833 1199 918 1221 sectae
938 1196 1052 1221 servien-

215 1243 263 1265 tes.
283 1238 332 1265 Tb.
349 1238 379 1265 C.
392 1237 462 1264 XVI.
483 1240 507 1264 2.
528 1249 549 1265 0.
569 1241 593 1265 5.
614 1249 634 1265 c.
648 1240 690 1264 20.
711 1237 743 1264 de
763 1238 842 1274 episc.
863 1237 926 1264 eccl.
947 1237 978 1264 cl'.
991 1237 1050 1264 XV.

214 1283 237 1308 8.
258 1292 279 1308 c.
303 1284 324 1307 1.
344 1281 376 1307 de
395 1280 481 1307 lenon.

248 1324 428 1351 Echinus.
465 1326 571 1351 Piscis
590 1334 626 1350 ex
644 1333 835 1350 cancrorum
851 1334 974 1359 genere.
1008 1323 1049 1350 III.
1071 1332 1073 1367 ᾗ

213 1368 279 1395 Gn.
310 1365 349 1392 Ne
368 1367 427 1402 quis
447 1367 625 1403 cuiuscunque
644 1367 740 1397 vestis,
760 1366 802 1392 vel
827 1367 921 1403 piscis,
946 1366 989 1393 vel
1007 1376 1050 1403 pe-

214 1411 311 1437 ctinum
325 1409 399 1440 sorte.
419 1413 463 1435 aut
482 1408 610 1435 00111111-
620 1409 799 1446 monopolium
813 1408 906 1435 audeat
919 1419 1048 1435 exercere.

214 1463 235 1479 c.
256 1455 278 1479 1.
298 1452 330 1479 de
349 1451 482 1488 monopol.
502 1453 526 1477 4.
545 1453 586 1478 59.

246 1497 423 1522 Eculeus.
460 1495 491 1528 ξ.
512 1495 546 1520 l.
567 1496 683 1521 Pullus
701 1496 845 1529 equinus.
870 1494 912 1520 111.
934 1496 999 1522 (711.
1020 1494 1048 1521 Si

214 1539 326 1564 iumenta
352 1538 398 1564 tibi
422 1537 635 1569 commodavero,
662 1547 772 1574 quornm
792 1537 898 1573 sequela
918 1543 973 1564 erat
992 1548 1049 1564 000-

214 1581 269 1607 leus
289 1581 337 1615 [al.
358 1580 510 1616 equuleus]
536 1579 566 1606 fr.
593 1581 632 1606 14.
657 1581 744 1614 §.15.
770 1580 802 1607 (10
826 1574 888 1607 l'urt.¹
910 1582 951 1606 47.
971 1582 994 1606 2.
1016 1596 1047 1600 —

214 1623 244 1656 ἓ.
263 1625 298 1650 2.
320 1625 486 1654 Machina,
511 1625 541 1649 in
565 1625 687 1649 modum
711 1626 785 1658 equi
807 1629 990 1658 compacta,
1015 1625 1047 1650 in

214 1676 275 1700 qua
294 1667 559 1692 distendebantur
577 1668 758 1700 torquendi.
796 1665 839 1692 III.
859 1667 924 1693 Gn.
950 1665 1047 1692 Condi-

214 1708 278 1734 tioni
297 1717 341 1734 eos
365 1707 444 1734 subdi
467 1712 668 1737 tormentorum.
693 1713 718 1735 et
737 1708 834 1734 eculeis
854 1713 932 1745 atque
952 1708 1047 1735 lacera-

215 1750 328 1776 tionibus
347 1750 488 1776 subiacere.
513 1749 562 1776 Th.
588 1750 618 1777 C.
639 1750 706 1777 VIII.
735 1753 756 1777 l.
782 1761 803 1777 c.
823 1752 847 1777 4.
868 1751 900 1777 de
919 1762 1045 1779 numerar.

214 1792 246 1819 cf.
265 1792 309 1818 IX.
330 1793 368 1818 16.
388 1803 409 1819 c.
429 1794 452 1819 6.
473 1792 506 1819 de
525 1792 634 1819 malefic.

247 1836 366 1862 Edax.
398 1835 526 1867 (Adiect.)
561 1837 674 1862 Vorax.
711 1835 755 1862 III.
778 1837 844 1864 Cn.
874 1835 955 1862 Edaci
976 1836 1047 1862 locu-

213 1883 310 1904 starum
329 1878 443 1914 pernicie
462 1878 608 1904 sterilitatis
628 1879 719 1904 vitium
739 1879 895 1905 intercessit.
917 1889 937 1905 c.
954 1880 992 1905 18.
1013 1878 1045 1905 de

213 1920 287 1946 locat.
307 1922 330 1945 4.
351 1921 391 1946 65.
429 1920 558 1947 Flammae
583 1920 670 1947 edacis
690 1931 804 1947 examen.
826 1921 874 1947 Th.
895 1920 925 1948 C.
946 1921 1002 1948 XII.
1023 1924 1045 1948 7.

213 1973 232 1989 c.
252 1965 277 1989 3.
297 1962 329 1988 de
348 1962 514 1999 ponderator.

245 2007 385 2032 Edera-
423 2006 455 2032 ct'.
475 2016 498 2032 v.
519 2005 629 2032 Hedera.

245 2049 383 2075 Edere.
422 2050 595 2075 comedere.
634 2048 665 2075 cf.
685 2059 708 2074 v.
728 2049 802 2075 Esse.

246 2091 382 2118 Edere.
420 2091 451 2124 §0
471 2092 504 2117 l.
525 2093 695 2118 Emittere.
715 2091 732 2117 I.
753 2092 815 2126 Sy.
840 2090 942 2123 Parere,
961 2092 1046 2119 Edere

214 2132 346 2168 (partum.)
366 2132 396 2158 fr.
418 2135 456 2158 15.
477 2143 516 2169 sq.
537 2133 566 2159 fr.
588 2134 628 2159 18.
653 2133 684 2159 de
708 2139 778 2160 statu
796 2134 864 2160 hom.
886 2136 907 2160 l.
927 2137 950 2161 5.
971 2134 1000 2161 fr.
1019 2137 1043 2161 2.
1066 2142 1068 2164 ζ

215 2174 236 2207 ξ.
247 2175 270 2200 3.
282 2174 313 2200 aa
329 2174 354 2202 s.
366 2174 397 2201 c.
409 2174 480 2201 Tem.
498 2177 539 2202 38.
555 2178 594 2202 17.
606 2175 692 2202 Nasci.
704 2176 761 2203 Edi.
777 2176 806 2203 fr.
820 2179 858 2203 10.
870 2177 891 2211 ς.
906 2179 927 2203 l.
942 2177 986 2204 1.1.
1003 2179 1044 2204 38.
1066 2171 1067 2184 ³

216 2218 254 2242 17.
269 2216 460 2254 fr.4.p1'·.fr.10.
473 2218 549 2244 suli.
562 2220 581 2252 5.
592 2219 653 2245 l.de
667 2229 736 2245 usur.
748 2221 817 2246 22.1.
833 2219 964 2257 Suscepti‚
975 2220 1046 2247 Editi
1065 2241 1066 2244 ,

216 2259 324 2290 (liberi.)
340 2260 368 2285 fr.
382 2262 404 2286 3.
420 2261 456 2294 55.
472 2263 493 2287 1.
508 2271 566 2298 sqq.
582 2261 614 2288 de
628 2271 731 2298 agnose.
746 2267 771 2287 et
785 2262 816 2288 al.
829 2264 870 2288 25.
884 2264 908 2288 3.
925 2262 954 2289 fr.
970 2264 1008 2288 17.
1022 2263 1044 2296 5.

215 2304 237 2326 5.
252 2301 282 2327 sd
303 2302 329 2327 S.
344 2302 373 2328 C.
393 2303 470 2330 Treb.
490 2305 531 2330 36.
552 2306 573 2331 1.
593 2304 715 2332 111021.
729 2304 813 2330 Prima
832 2306 904 2341 origo
923 2316 936 2331 a
955 2310 1043 2337 matre.
1065 2321 1066 2328 1

215 2354 297 2380 -·oqu‹¹
316 2343 365 2371 die.
386 2355 435 2380 quo
453 2357 485 2373 ex
505 2357 532 2373 ea
553 2347 639 2373 editus
659 2352 707 2379 est,
727 2348 856 2373 numerari
869 2347 953 2374 debet.
975 2348 1004 2374 sr.
1018 2350 1041 2374 9.

214 2386 245 2412 ad
265 2388 359 2413 munic.
379 2388 419 2412 50.
439 2389 460 2413 1.
496 2389 530 2415 Et
548 2390 644 2426 neptis.
665 2394 690 2415 et
708 2391 853 2427 proneptis,
874 2395 924 2416 tam
944 2390 1043 2417 01111110

214 2439 289 2465 «luam
310 2440 340 2455 ex
360 2429 411 2455 filia
432 2429 568 2463 editarum,
594 2437 805 2469 caeterarumque
823 2434 915 2459 mariti.
935 2432 965 2459 fr.
986 2434 1042 2459 136.
1064 2459 1065 2467 ἵ

214 2472 245 2498 de
266 2471 296 2498 V.
317 2471 343 2498 S.
363 2474 403 2497 50.
424 2473 463 2498 16.
499 2472 535 2499 Vt
553 2475 576 2500 ei
594 2474 634 2506 id,
660 2475 731 2511 quod
757 2475 854 2502 editum
878 2476 926 2505 sit,
950 2475 1043 2511 adgno-
1063 2505 1064 2512 ἵ

214 2525 287 2540 scere
308 2516 342 2540 sit
361 2524 474 2540 necesse.
495 2514 524 2540 fr.
545 2517 567 2542 l.
586 2517 608 2550 5.
629 2519 668 2543 12.
688 2517 720 2544 de
738 2528 841 2554 agnose.
862 2523 888 2544 et
906 2517 937 2544 al.
956 2520 997 2544 25.
1017 2520 1040 2545 3.
1063 2539 1064 2554 ἢ

214 2557 243 2583 Si
263 2558 331 2583 servi
351 2557 469 2583 sobolem
488 2556 632 2585 ediderunt.
655 2559 684 2586 fr.
706 2563 745 2587 10.
772 2562 794 2595 5.
813 2563 837 2587 2.
863 2561 895 2587 de
914 2562 969 2587 iure
988 2561 1041 2587 dot.

212 2602 253 2626 23.
273 2602 297 2626 3.
334 2599 404 2625 Editi
423 2599 515 2626 foetus.
536 2615 567 2619 -
586 2600 662 2633 Haec,
682 2613 747 2639 quae
767 2604 883 2630 edentur.
908 2603 938 2630 fr.
960 2605 999 2630 70.
1020 2604 1040 2637 5.

212 2645 235 2669 4.
256 2642 288 2668 de
308 2642 386 2668 nsut'r.
408 2644 430 2668 7.
452 2643 558 2676 l.-§.
573 2644 608 2669 2.
628 2646 797 2681 Proferre,
817 2649 1040 2682 Promalgare.

211 2685 254 2711 HI.
273 2687 338 2713 Cn.
376 2685 404 2711 Si
428 2687 486 2722 quis
511 2685 607 2712 librum
630 2702 662 2705 —
685 2689 833 2725 scripserit,
854 2691 1039 2726 composuerit,

212 2728 329 2754 ediderit.
354 2728 384 2753 fr.
404 2730 427 2754 5.
452 2728 472 2761 5.
492 2729 515 2754 9.
540 2728 572 2754 (10
596 2730 671 2755 iniur.
698 2731 739 2756 47.
759 2734 798 2758 10.
836 2731 906 2758 Vitia
924 2733 1039 2769 priorum

211 2781 343 2801 censuum,
363 2770 440 2797 editis
459 2772 534 2797 novis
553 2772 771 2808 professionibus,
790 2780 954 2801 evanescunt.
972 2775 1002 2801 fr.
1015 2777 1038 2801 2.

212 2813 243 2838 de
262 2813 358 2839 censib.
382 2815 423 2839 50.
446 2815 483 2839 15.
526 2813 601 2848 Quos
624 2814 729 2851 probari
753 2818 849 2852 poterit
868 2833 900 2837 -
920 2817 1039 2844 consulto

1105 256 1171 281 circa
1195 253 1322 281 edendum
1350 255 1532 290 patrimonium
1556 254 1724 290 quantitatem
1748 255 1880 281 minuisse.
1905 255 1935 281 fr.

1106 299 1126 323 l.
1146 298 1167 331 5.
1188 299 1210 323 7.
1236 297 1269 323 de
1292 296 1335 322 off.
1356 296 1407 323 Prf.
1427 296 1472 323 Vr.
1498 299 1520 323 l.
1542 299 1580 322 12.
1622 296 1685 322 Reis
1709 297 1762 322 suis
1789 296 1865 323 edere
1889 298 1936 323 cri-

1103 341 1170 366 mina
1189 344 1353 366 accusatores
1373 339 1481 375 cogendi
1500 344 1568 365 sunt.
1588 338 1660 365 Paul.
1674 338 1704 365 V.
1726 341 1764 365 16.
1785 339 1806 372 5.
1822 341 1861 365 14.
1882 339 1935 374 Qui

1103 382 1143 409 edi
1163 382 1213 409 sibi
1232 392 1313 418 genus
1338 381 1407 419 apud
1430 381 1541 408 eundem
1565 381 1677 408 iudicem
1700 381 1832 408 desiderat
1857 383 1935 408 actio-

1104 426 1151 451 nis.
1172 425 1201 451 fr.
1215 426 1256 451 33.
1278 424 1308 451 cl'.
1328 424 1358 451 fr.
1372 426 1414 450 21.
1435 424 1466 450 de
1486 424 1562 451 indic.
1577 427 1600 451 5.
1617 426 1638 450 l.
1658 424 1688 451 sr.
1701 426 1722 451 1.
1742 434 1780 462 pr.
1795 424 1827 451 de
1842 424 1933 451 edend.

1102 470 1125 494 2.
1153 469 1190 494 13.
1232 467 1408 494 Provocamus
1436 467 1612 494 adversarium
1641 467 1685 494 tali
1715 468 1872 504 sponsione,
1902 484 1934 487 —

1103 509 1196 536 deinde
1216 509 1351 537 formulam
1370 509 1478 541 edimus.
1498 520 1546 546 qua
1567 510 1725 536 intendimus
1745 515 1793 537 etc.
1813 509 1869 537 Gai.
1889 510 1932 537 IV.

1102 554 1142 579 93.
1165 555 1221 579 141.
1242 553 1272 579 fr.
1292 554 1315 579 4.
1335 553 1357 586 5
1378 554 1417 579 19.
1437 552 1469 579 de
1489 552 1513 578 d.
1533 563 1565 579 111.
1586 563 1640 579 exc.
1661 554 1701 579 44.
1715 555 1738 579 4.
1775 553 1854 590 Apud
1873 553 1933 579 alte-

1102 606 1158 622 rum
1178 598 1226 628 (sc.
1247 595 1323 629 Cos.)
1342 596 1444 622 nomina
1469 595 1559 626 edere,
1584 595 1652 632 apud
1671 595 1780 622 alterum
1798 597 1932 622 manumit-

1103 643 1163 665 tere.
1184 638 1213 665 l'r.
1234 641 1255 665 l.
1276 639 1296 672 5.
1319 640 1340 665 1.
1361 638 1393 664 de
1412 638 1454 664 off.
1476 637 1538 664 Cos.
1564 639 1586 664 1.
1609 640 1646 664 10.
1667 654 1698 657 —
1718 639 1748 671 δ.
1769 640 1805 665 3.
1832 640 1932 666 Exhi-

1101 683 1182 713 bere,
1202 684 1384 708 Praestare.
1420 681 1438 707 1.
1457 682 1518 715 Sy.
1536 680 1615 712 Dare,
1634 681 1765 707 Exhibere
1784 682 1932 714 (rationes.)

1077 737 1079 750 1
1102 723 1130 750 fr.
1150 726 1174 750 4.
1194 725 1215 757 5.
1235 727 1258 751 5.
1279 724 1309 751 fr.
1323 725 1346 750 6.
1367 734 1405 761 pr.
1425 724 1461 757 55.
1483 725 1504 749 l.
1519 733 1577 759 sqq.
1597 722 1626 749 fr.
1647 724 1670 749 8.
1689 733 1728 760 pr.
1748 724 1780 750 (10
1799 724 1890 750 0(1011(1.
1906 726 1930 750 2.

1077 764 1078 767 ¹
1102 768 1141 792 13.
1178 766 1296 797 Solvere,
1317 766 1452 793 Praestare.
1471 766 1598 803 (operas.)
1618 766 1648 792 fr.
1668 768 1690 792 9.
1710 767 1732 799 5.
1749 769 1770 792 1.
1790 766 1820 793 fr.
1842 768 1880 793 16.
1900 766 1930 793 fr.

1103 810 1140 835 18.
1161 819 1218 845 sqq.
1239 809 1271 835 de
1291 820 1362 846 oper.
1382 809 1468 836 libert.
1487 809 1528 835 38.
1550 811 1571 834 1.
1609 808 1750 835 Celebrare
1769 809 1880 841 (ludos.)
1900 809 1930 836 fr.

1077 847 1078 858 ¹
1102 853 1140 877 16.
1161 862 1200 888 sq.
1220 851 1251 878 de
1270 862 1320 878 usu
1339 857 1365 879 et
1384 852 1464 878 usufr.
1484 851 1532 888 leg.
1551 853 1592 877 33.
1612 853 1636 877 2.
1673 851 1715 877 ΙΙΙ.
1732 853 1796 878 Cn.
1816 851 1853 883 Si,
1873 862 1931 878 01110

1100 894 1253 931 Imperatori
1277 895 1448 927 scriberetur,
1474 894 1621 930 exemplum
1644 893 1788 920 litterarum
1806 893 1930 930 IitIgatori

1099 937 1198 964 editum
1217 938 1260 963 sit.
1282 937 1310 963 fr.
1330 939 1354 964 3.
1392 937 1442 973 Qu.
1463 937 1557 973 adpell.
1582 938 1623 963 sit.
1643 938 1684 963 49.
1704 938 1726 963 -1,
1764 936 1876 963 Tutelae
1894 938 1930 963 iu-

1099 980 1167 1007 dicio
1191 985 1262 1006 tutor
1285 985 1441 1009 conventus,
1465 979 1546 1006 edidit
1569 979 1664 1006 librum
1683 981 1819 1006 rationum.
1839 979 1868 1006 fr.
1888 981 1928 1006 46.

1098 1023 1119 1056 5.
1143 1025 1166 1049 5.
1192 1023 1224 1049 de
1250 1022 1317 1049 adm.
1343 1028 1368 1049 et
1391 1023 1470 1059 peric.
1493 1024 1534 1048 26.
1559 1024 1581 1048 7.
1619 1022 1668 1048 Vel
1687 1023 1745 1059 ipso
1765 1022 1867 1054 edente,
1887 1022 1929 1048 vel

1098 1065 1148 1092 alio
1169 1065 1246 1092 modo
1260 1071 1352 1092 nactus
1366 1066 1486 1092 rationes.
1506 1065 1537 1091 fr.
1552 1067 1591 1091 10.
1611 1066 1632 1099 5.
1645 1067 1669 1091 3.
1690 1065 1719 1091 fr.
1736 1067 1773 1091 11.
1788 1065 1820 1091 de
1836 1065 1928 1092 edeud.

1097 1111 1120 1135 2.
1142 1110 1181 1135 13.
1219 1108 1378 1135 Civitatibus
1403 1108 1482 1144 legari
1505 1113 1593 1145 potest
1613 1124 1643 1127 -
1664 1108 1695 1134 ad
1714 1108 1847 1137 honorem.
1867 1113 1929 1145 puta

1097 1151 1168 1188 quod
1187 1151 1219 1178 ad
1238 1161 1331 1178 munus
1351 1150 1491 1182 edendum.
1511 1151 1715 1179 venationemve.
1735 1150 1811 1177 ludos
1831 1151 1929 1177 scaeni-

1097 1204 1142 1220 cos
1163 1199 1210 1220 etc.
1231 1194 1261 1220 fr.
1283 1196 1340 1220 122.
1360 1194 1391 1220 de
1410 1193 1486 1230 legat.
1505 1193 1523 1219 I.
1544 1194 1610 1226 (30.)
1630 1193 1661 1219 cl'.
1681 1193 1710 1219 fr.
1727 1195 1764 1219 17.
1785 1193 1817 1219 (10
1835 1204 1883 1220 usu
1903 1199 1927 1219 et

1096 1236 1163 1263 usuf.
1184 1237 1231 1273 leg.
1250 1239 1292 1263 33.
1311 1239 1335 1263 2.
1356 1236 1385 1262 fr.
1405 1238 1429 1262 4.
1449 1236 1482 1262 de
1500 1235 1565 1262 adin.
1586 1246 1634 1262 rer.
1654 1235 1686 1262 ad
1706 1237 1754 1262 civ.
1773 1238 1814 1262 50.
1833 1237 1857 1262 8.

1130 1280 1305 1307 Efficere.
1348 1280 1378 1313 ἓ.
1410 1280 1445 1305 l.
1480 1281 1718 1310 Pronuneiare,
1749 1280 1926 1314 Profiteri.

1095 1322 1137 1348 III.
1164 1323 1229 1350 (711.
1260 1322 1362 1349 Nomen
1381 1332 1456 1348 suum
1474 1322 1642 1358 profiteatur,
1661 1325 1687 1347 et
1705 1331 1733 1347 ea
1752 1336 1784 1340 —
1804 1331 1848 1347 ore
1868 1331 1926 1357 pro-

1094 1366 1151 1402 prio
1172 1365 1264 1391 edicat.
1285 1364 1334 1391 Th.
1354 1365 1385 1391 C.
1404 1364 1449 1391 IX.
1468 1366 1509 1391 34.
1529 1375 1550 1391 c.
1572 1366 1594 1391 7.
1614 1364 1646 1391 de
1665 1363 1754 1390 samos.
1779 1363 1860 1390 libell.
1898 1363 1927 1390 Si

1094 1423 1126 1426 —
1145 1407 1294 1440 donaverit,
1317 1418 1369 1434 non
1388 1413 1473 1434 tamen
1498 1408 1601 1433 nomina
1624 1407 1823 1444 possessionum
1842 1406 1928 1433 edixe-

1093 1451 1133 1476 rit.
1154 1460 1175 1476 0.
1194 1452 1235 1477 35.
1259 1451 1324 1485 5.1.
1348 1450 1380 1477 (10
1406 1451 1494 1477 donat.
1517 1451 1541 1477 8.
1566 1452 1607 1476 54.
1648 1450 1682 1476 Et
1700 1460 1790 1476 verum
1809 1454 1849 1475 est
1867 1449 1925 1480 1100,

1093 1493 1144 1519 nisi
1163 1492 1234 1519 aliud
1253 1498 1364 1520 testator
1383 1493 1472 1520 edixit.
1497 1493 1527 1519 fr.
1546 1495 1587 1519 20.
1612 1494 1633 1526 5.
1653 1494 1677 1519 8.
1697 1492 1754 1518 sam.
1775 1493 1864 1518 ercisc.
1886 1493 1924 1518 10.

1092 1537 1115 1561 2.
1136 1534 1167 1561 cf.
1188 1545 1209 1561 c.
1229 1536 1252 1561 8.
1273 1536 1324 1572 Qu.
1345 1541 1445 1563 testam.
1465 1536 1512 1563 sac.
1531 1547 1556 1573 p.
1577 1537 1600 1562 6.
1619 1538 1659 1562 22.
1672 1536 1744 1568 —-§.
1759 1536 1793 1561 2.
1807 1536 1925 1561 Edicto

1089 1581 1261 1613 proposito
1290 1581 1404 1606 iubere.
1442 1579 1460 1606 1.
1482 1581 1543 1614 Sy.
1570 1579 1691 1606 Edictum
1714 1587 1870 1615 proponere.
1894 1576 1924 1603 fr.

1094 1623 1115 1647 1.
1134 1631 1174 1658 pr.
1194 1622 1215 1655 5.
1237 1623 1259 1647 l.
1279 1621 1312 1648 de
1330 1623 1422 1649 minor.
1443 1624 1466 1649 4.
1486 1625 1510 1649 4.
1530 1622 1560 1648 fr.
1581 1624 1603 1648 1.
1623 1632 1661 1659 pr.
1681 1622 1702 1655 5.
1723 1623 1746 1647 l.
1766 1620 1798 1646 de
1816 1619 1876 1645 bon.
1896 1618 1925 1645 li-

1092 1664 1157 1690 bert.
1176 1666 1217 1691 38.
1237 1666 1261 1690 2.
1298 1664 1343 1691 Ait
1362 1664 1476 1692 Praetor.
1495 1665 1621 1692 Edicitur.
1641 1664 1671 1691 sr.
1692 1666 1714 1691 l.
1752 1663 1803 1699 Qu.
1823 1666 1882 1688 met.
1903 1672 1923 1688 0.

1091 1710 1114 1732 4.
1133 1708 1157 1732 2.
1194 1706 1237 1733 III.
1261 1708 1327 1734 Gn.
1365 1707 1439 1742 Quae
1458 1708 1551 1737 edixit,
1576 1708 1629 1740 (sc.
1650 1711 1768 1744 praetura
1788 1704 1923 1737 functus.)

1092 1759 1157 1785 quae
1177 1748 1293 1775 decrevit
1312 1754 1360 1775 etc.
1381 1750 1410 1776 fr.
1429 1752 1453 1776 3.
1474 1750 1506 1776 de
1530 1750 1572 1776 off.
1592 1749 1676 1776 Praet.
1697 1751 1718 1775 l.
1741 1750 1779 1774 14.
1817 1748 1870 1783 Qui
1890 1747 1923 1773 al-

1091 1791 1152 1817 bum
1170 1792 1271 1822 raserit,
1283 1807 1314 1810 -
1326 1792 1422 1828 quidve
1441 1792 1511 1819 aliud
1530 1793 1695 1829 propositum
1715 1790 1832 1817 edicendi
1847 1800 1923 1817 causa

1091 1833 1242 1859 turbaverit.
1262 1833 1333 1860 Paul.
1352 1834 1371 1860 1.
1393 1836 1424 1860 13
1442 1835 1473 1862 A.
1494 1836 1515 1869 5.
1535 1837 1559 1862 3.
1596 1835 1687 1861 Edicta
1707 1844 1804 1865 eorum,
1824 1834 1868 1870 qui
1882 1834 1922 1859 ius

1091 1875 1209 1902 edicendi
1237 1876 1340 1903 habent.
1378 1876 1434 1904 Gai.
1454 1877 1472 1904 I.
1500 1880 1524 1904 2.
1543 1879 1567 1904 6.
1604 1878 1665 1904 Ideo
1693 1877 1741 1903 sub
1769 1876 1819 1902 hoc
1847 1876 1923 1902 titulo

1092 1919 1199 1945 Praetor
1218 1924 1243 1945 et
1262 1919 1294 1946 de
1313 1920 1475 1947 commodato
1495 1920 1584 1947 edixit.
1604 1920 1634 1946 fr.
1655 1922 1677 1946 l.
1697 1919 1728 1945 de
1747 1919 1778 1945 R.
1793 1918 1824 1946 C.
1845 1921 1884 1945 12.
1900 1921 1921 1944 1.

1091 1962 1132 1989 De
1157 1962 1247 1988 militis
1271 1967 1427 1989 testamento
1452 1963 1512 1990 ideo
1537 1964 1675 2000 separatim
1700 1962 1806 1988 Procos.
1835 1961 1921 1989 edicit.

1067 2009 1069 2027 ἱ
1092 2004 1163 2041 quod
1183 2010 1231 2031 etc.
1251 2005 1281 2031 fr.
1300 2008 1324 2032 2.
1345 2005 1377 2032 de
1396 2006 1469 2033 milit.
1489 2011 1590 2033 testam.
1609 2008 1651 2033 29.
1667 2008 1688 2032 1.
1726 2005 1797 2031 Olim
1816 2007 1850 2031 ita
1870 2005 1922 2031 edi-

1067 2050 1068 2058 *
1091 2048 1205 2075 cebatur.
1225 2048 1255 2074 l'r.
1277 2050 1299 2075 1.
1329 2049 1379 2084 Qu.
1399 2054 1460 2075 met.
1480 2059 1501 2075 c.
1520 2051 1544 2075 4.
1563 2051 1587 2075 2.
1624 2048 1678 2075 Hac
1696 2049 1830 2075 sanctione
1848 2058 1922 2084 gene-

1090 2091 1180 2117 raliter
1198 2091 1331 2118 edicimus.
1352 2091 1401 2118 Th.
1422 2091 1452 2118 C.
1466 2091 1536 2119 XIV.
1554 2093 1579 2118 3.
1599 2102 1619 2118 0.
1641 2094 1679 2117 11.
1699 2091 1731 2118 (1(Ι
1750 2092 1841 2128 pistor.
1861 2090 1921 2117 Edi-

1090 2135 1180 2165 cimus.
1201 2144 1233 2160 ne
1253 2139 1301 2161 etc.
1320 2134 1357 2161 Ib.
1377 2135 1409 2161 X.
1429 2137 1470 2161 20.
1491 2145 1511 2161 0.
1532 2137 1571 2160 10.
1592 2144 1630 2171 pr.
1650 2134 1682 2160 de
1700 2133 1817 2169 murlieg.

1123 2177 1320 2204 Edictalis.
1358 2177 1494 2212 (Adiect.)
1531 2179 1578 2204 Ad
1599 2179 1735 2204 edictum
1763 2183 1919 2210 spectans.

1090 2230 1110 2245 υ.
1140 2222 1222 2254 qnod
1249 2222 1309 2246 vim
1341 2222 1591 2247 constitutionis
1619 2221 1788 2255 generalis
1819 2221 1917 2245 habet.

1090 2262 1130 2288 111.
1150 2264 1216 2290 Gn.
1235 2262 1299 2295 Lex,
1318 2273 1342 2289 v.
1362 2263 1477 2295 Sanctio,
1496 2273 1520 2289 v.
1541 2262 1710 2293 ConstitutiQ
1730 2261 1855 2288 edictalis.
1869 2260 1917 2287 Th.

1089 2304 1119 2331 C.
1140 2304 1158 2331 I.
1184 2307 1206 2332 1.
1232 2316 1253 2332 0.
1274 2307 1296 2332 6.
1321 2316 1360 2343 pr.
1380 2306 1491 2339 (Wek.)
1516 2305 1548 2332 de
1571 2309 1653 2332 const.
1682 2304 1723 2331 Pr.
1743 2304 1773 2331 II.
1792 2306 1832 2330 31.
1853 2314 1872 2329 c.
1895 2304 1915 2328 1.

1089 2347 1139 2383 Qu.
1160 2349 1241 2374 iussu.
1260 2349 1293 2374 X.
1319 2351 1359 2375 10.
1384 2359 1405 2375 0.
1429 2350 1469 2375 31.
1495 2348 1527 2374 de
1550 2349 1623 2385 petit.
1648 2353 1673 2374 et
1692 2347 1760 2373 ultro
1780 2346 1829 2372 dat.
1850 2344 1914 2370 Nov.

1088 2390 1208 2417 Anthem.
1228 2391 1260 2417 de
1279 2391 1379 2417 mulier.
1399 2390 1442 2417 VI.
1464 2393 1486 2417 l.
1507 2401 1527 2417 0.
1549 2393 1570 2417 1.
1590 2392 1610 2424 5.
1632 2393 1654 2416 l.
1698 2390 1845 2416 Constituta
1865 2387 1916 2413 edi-

1088 2433 1170 2460 ctalia.
1191 2434 1333 2460 Decretum
1354 2433 1471 2460 edictale.
1491 2433 1558 2460 Nov.
1570 2433 1670 2460 Valent.
1681 2433 1722 2459 ΙΙΙ.
1743 2432 1773 2458 de
1787 2440 1855 2457 succ.
1875 2440 1915 2456 cu·

1088 2476 1142 2502 rial.
1161 2475 1191 2502 II.
1211 2478 1234 2502 2.
1255 2487 1276 2503 c.
1298 2478 1320 2502 l.
1339 2477 1360 2510 5.
1381 2478 1404 2502 5.
1424 2476 1490 2503 Nov.
1511 2476 1599 2503 Maior.
1620 2476 1651 2502 de
1670 2475 1776 2501 adulter.
1792 2473 1834 2499 lV.
1853 2476 1876 2499 8.
1894 2484 1913 2499 c.

1090 2521 1110 2545 1.
1146 2519 1278 2545 Bonorum
1298 2520 1434 2556 possessio
1454 2519 1580 2546 edictalis.
1601 2520 1629 2545 l'r.
1648 2520 1688 2544 30.
1709 2518 1772 2551 5.1.
1793 2516 1824 2543 de
1837 2517 1868 2542 A.
1889 2526 1911 2541 v.

1087 2561 1118 2588 O.
1138 2561 1169 2587 H.
1188 2563 1229 2588 29.
1249 2564 1273 2588 Ζ.
1293 2561 1322 2587 1“1·.
1343 2563 1365 2588 l.
1385 2562 1406 2595 5.
1426 2563 1450 2588 4.
1471 2563 1493 2588 si
1513 2562 1563 2588 tab.
1584 2566 1683 2587 testam.
1704 2559 1767 2586 null.
1786 2560 1825 2585 38.
1847 2561 1869 2585 6.

1119 2605 1307 2631 Edictum.
1343 2605 1374 2638 ξ.
1394 2606 1428 2631 l.
1450 2606 1593 2635 Dictum,
1613 2605 1774 2629 Elocutio.
1793 2601 1836 2628 111.
1848 2603 1913 2629 Cn.

1086 2648 1160 2683 Quae
1179 2648 1226 2680 (sc.
1247 2646 1301 2679 lex)
1321 2647 1420 2674 iudices
1444 2657 1534 2673 omnes
1553 2662 1585 2666 —
1605 2645 1689 2671 edicto
1708 2655 1755 2672 suo
1775 2650 1852 2682 atque
1871 2655 1913 2671 au-

1085 2690 1204 2716 ctoritate
1224 2690 1336 2716 cohibet.
1361 2690 1410 2717 Th.
1436 2690 1465 2716 C.
1485 2688 1542 2715 XV.
1564 2690 1585 2714 1.
1611 2699 1631 2714 c.
1653 2690 1691 2714 15.
1721 2688 1753 2715 de
1771 2698 1832 2725 opp.
1851 2688 1911 2725 pub.

1085 2748 1116 2751 —
1135 2732 1166 2765 ξ.
1185 2734 1220 2759 2.
1239 2735 1365 2760 Iussum
1389 2734 1623 2767 magistratus,
1647 2734 1694 2757 vel
1715 2733 1806 2758 ducis
1824 2741 1911 2757 exer>

1084 2777 1183 2807 ritus,
1202 2777 1233 2802 in
1253 2778 1387 2810 scriptis
1404 2777 1514 2808 palam
1531 2776 1744 2808 propositum.
1783 2773 1823 2800 111.
1845 2775 1908 2800 ίή.

1083 2818 1227 2855 Antequam
1252 2819 1317 2845 lines
1345 2818 1494 2854 provinciae
1518 2833 1548 2836 -
1573 2816 1677 2844 Procos.
1706 2819 1838 2853 ingressus
1866 2817 1907 2842 sit.
