2197 3121
237 182 301 212 806
1061 172 1150 214 Qm.

240 268 279 290 cet
300 267 325 289 et
345 261 454 289 Latinus
474 261 531 288 fieri
550 264 648 298 potest,
668 263 694 285 et
713 259 754 285 ius
768 257 844 293 Quir.
859 256 996 293 consequi.
1013 254 1085 283 1d.1.
1106 256 1109 272 ⁹
1131 254 1162 281 11.
1181 256 1241 281 252.
1278 253 1308 281 Si
1327 254 1390 291 quid
1408 256 1452 287 sit,
1472 255 1543 293 quod
1562 256 1586 283 ei
1605 256 1756 292 imputetur.
1775 254 1806 282 fr.
1824 256 1850 282 2.
1869 256 1891 290 §.
1907 257 1931 282 8.
1952 257 1975 282 si

240 308 283 333 35.
320 305 456 332 Beneficio
478 302 620 340 Principali
639 301 749 329 Latinus
774 301 906 327 civitatem
929 309 995 326 rom.
1020 299 1086 326 acci·
1130 307 1173 335 qu.
1187 302 1266 324 eautt.
1285 299 1365 324 211.
1386 297 1418 324 cf.
1437 297 1468 325 fr.
1483 300 1523 325 11.
1544 298 1577 325 de
1596 297 1641 325 off.
1660 297 1735 324 Proc.
1755 302 1781 324 et
1799 297 1861 334 Leg.
1883 300 1904 326 1.
1920 299 1960 325 16.

240 351 291 387 pit,
317 349 340 375 si
360 348 391 374 ab
411 347 570 384 Imperatore
589 346 630 372 ius
650 345 726 381 Quir.
745 344 935 381 impetraverit.
960 341 1021 379 le.
1041 340 1085 368 111.
1106 368 1108 373 ,
1166 340 1389 373 Quisquam.
1426 342 1572 376 Aliquis,
1603 343 1703 368 l'Ilus.
1740 339 1760 367 l.
1780 341 1842 375 Sy.
1861 341 1974 379 Aliquis.

239 395 264 418 2.
285 391 317 418 εἴ.
337 390 394 418 Gai.
414 389 455 416 111.
471 391 511 415 72.
532 404 564 408 -
584 389 615 422 §-
630 389 667 415 ³.
688 389 827 415 Illorum
847 395 1010 417 numerus,
1031 386 1087 420 qui
1131 383 1188 411 Gai.
1207 383 1237 410 II.
1257 385 1316 410 259.
1335 385 1395 410 261.
1441 383 1574 420 Quisque,
1603 383 1800 420 Vnusquisque.
1828 383 1864 410 Id.
1889 384 1906 411 1.
1933 386 1974 411 54.

240 438 415 462 dumtaxat
434 434 520 458 iuris
539 433 596 459 civ.
611 433 644 458 R.
657 432 876 457 communione
888 430 1084 464 gaudebant.
1130 426 1160 453 11.
1174 428 1215 452 40.
1234 425 1278 452 lv.
1294 428 1334 452 71.
1370 425 1415 452 ΙΠ.
1429 427 1496 454 Cn.
1514 426 1570 454 Nec
1589 427 1728 464 quisquam
1747 425 1888 453 hominum.
1908 426 1974 453 1“1·.1.

243 477 260 504 1.
282 478 343 511 Sy.
363 476 402 502 Ex
422 474 479 511 loge
498 475 651 511 Quiritium,
670 474 710 501 Ex
730 474 786 500 iure
805 481 912 499 romano
932 471 1044 508 (petere,
1064 480 1085 496 s.
1108 505 1109 513 ἵ
1129 470 1152 503 ξ.
1171 471 1195 496 ¹2.
1220 468 1250 496 l'r.
1269 470 1293 496 2.
1319 468 1352 495 de
1378 468 1403 495 h.
1428 479 1470 506 qu.
1495 470 1544 496 sui.
1571 471 1593 496 l.
1613 471 1637 496 6.
1680 469 1826 505 Quisquam
1851 470 1976 501 onmium,

242 519 389 550 vindicare,
413 527 435 544 S.
459 517 596 544 intendere
621 526 698 543 suum
717 516 803 548 esse.)
823 514 852 541 sr.
874 516 897 541 l.
917 513 942 547 §.⁴
958 516 982 540 2.
1003 513 1035 540 de
1054 512 1085 540 R.
1130 512 1187 548 (qui
1206 520 1285 549 supra
1306 511 1490 548 comprehensi
1508 513 1591 545 sunt.)
1611 511 1661 538 Th.
1677 512 1707 538 C.
1727 511 1771 538 lv.
1791 514 1815 538 8.
1836 521 1856 538 c.
1872 514 1895 538 6.
1915 512 1937 546 ξ.
1951 513 1975 538 4.

242 562 272 589 Y.
293 564 315 588 6.
338 563 360 587 1.
380 560 437 587 Gai.
457 560 487 587 11.
508 561 566 586 194.
603 559 685 586 Pleno
705 560 773 590 iure,
797 558 837 585 Ex
860 558 916 584 iure
941 556 1087 593 Quiritium
1108 563 1109 581 1
1131 554 1236 588 (1Vck.)
1255 554 1288 582 de
1307 553 1412 581 liberali
1432 564 1453 581 e.
1473 554 1515 581 Ex
1534 554 1617 581 aliena
1637 554 1733 581 familia
1752 564 1906 591 quemquam
1925 555 1977 588 (re-

242 607 313 638 (essu.¹
333 603 520 635 dominorum.)
541 601 576 629 Id.
591 601 608 628 Ι.
625 603 719 628 15.17.
740 601 770 627 11.
790 602 831 626 41.
868 598 1013 636 Theophili
1033 608 1086 636 par.
1131 596 1220 634 digere
1238 598 1265 624 in
1283 598 1464 635 potestatem.)
1485 597 1514 624 fr.
1531 599 1570 624 17.
1590 597 1612 632 §.
1625 600 1649 624 2.
1670 596 1703 624 de
1722 597 1811 634 adopt.
1833 599 1855 624 l.
1870 599 1892 624 7.
1923 597 1977 624 Ab·

241 650 301 675 inst.
326 647 343 673 l.
363 648 388 673 5.
411 646 434 680 ξ.
454 647 478 672 4.
520 645 550 672 Il.
571 647 638 679 01).
664 644 713 671 Vel
738 645 764 670 in
788 643 879 675 bonis,
907 641 950 668 vel
975 651 1007 668 ex
1030 643 1087 668 iure
1108 644 1110 671 ὲ
1131 645 1206 667 sente
1229 650 1400 678 possessore,
1428 650 1476 667 nec
1499 650 1629 677 quoquam
1658 641 1763 667 nomine
1787 641 1844 667 eius
1869 650 1978 678 respon-

241 692 332 727 Quir..
356 689 399 716 vel
418 699 451 716 ex
470 693 582 725 utroque
602 689 658 714 iure
677 687 849 723 (cuiusquam
868 695 928 712 esse
947 684 1087 721 intelligi.)
1108 672 1110 720 ἶ
1132 683 1218 710 dente.
1238 682 1268 710 fr.
1290 685 1329 710 14.
1354 683 1376 717 §.
1398 685 1420 710 1.
1446 683 1479 710 de
1498 683 1558 721 adp.
1584 688 1609 710 et
1628 683 1702 711 relat.
1722 685 1763 711 49.
1785 685 1807 710 1.
1828 683 1859 710 cf.
1884 682 1915 710 fr.
1934 685 1977 709 41.

1109 724 1110 738 ¹
1132 726 1165 753 de
1183 736 1288 764 procur.
1307 729 1332 759 3.
1351 728 1376 753 3.
1413 726 1474 753 Non
1498 731 1539 753 est
1562 725 1700 753 definitum
1724 726 1794 765 apud
1814 735 1976 763 quemquam.

243 734 300 760 Gai.
316 733 332 759 1.
350 734 392 759 54.
429 731 543 758 Tantum
562 732 588 758 in
608 730 694 761 bonis,
714 739 766 755 uon
787 730 864 755 etiam
883 738 916 755 ex
934 729 991 754 iure
1011 728 1087 763 Quir.
1109 744 1110 749 .

242 776 372 808 (habere.)
392 774 540 812 le.1.16.
560 773 631 801 XIX.
645 775 687 799 20.
707 771 850 810 Theophil.
870 770 886 798 l.
906 770 923 797 l.
943 771 966 805 ξ.
981 772 1005 797 3.
1035 769 1088 797 Nu·
1134 769 1218 796 Vatic.
1238 769 1261 803 ξ.
1281 771 1340 796 321.
1377 769 1406 796 Si
1425 770 1530 806 quisqu.
1552 785 1581 790 -—
1602 774 1677 806 optat
1695 769 1854 807 expendere.
1874 768 1924 796 Th.
1945 767 1977 796 C.

1132 811 1178 839 XI.
1193 813 1215 838 l.
1230 822 1251 838 c.
1266 814 1306 839 15.
1326 811 1358 839 de
1377 822 1436 838 ann.
1456 817 1482 838 et
1498 812 1590 839 tribut.
1627 812 1668 839 Ex
1687 817 1799 849 utroque
1817 814 1874 839 iure
1893 813 1978 839 cuius-

242 819 303 846 dum
318 820 359 846 ius
374 818 449 854 Quir.
471 834 501 838 —-
521 816 550 843 In
563 816 641 842 bonis
655 815 787 848 (habere.)
807 814 863 841 Gai.
878 813 896 840 l.
909 815 952 840 54.
971 813 1014 840 111.
1030 814 1087 840 166.

243 874 264 888 c.
286 864 308 888 1.
329 861 361 888 de
380 860 451 888 nudo
471 861 518 887 iur.
545 860 621 895 Quir.
642 860 665 885 7.
684 860 726 885 25.
763 857 807 884 IH.
827 858 894 885 Gn.
918 856 955 883 Ita
979 856 1028 889 do,
1053 857 1088 882 ita
1110 866 1111 878 1
1133 865 1209 892 quam
1232 865 1326 882 servus
1350 865 1417 882 esse.
1447 855 1504 881 Gai.
1528 854 1546 881 1.
1571 856 1613 881 54.
1655 854 1804 893 Corporale
1826 854 1977 892 quidquam.

243 906 310 942 lego,
330 906 365 932 ita
384 909 480 935 testor,
506 905 592 939 itaque
611 912 659 928 vos
680 902 800 937 Quirites
827 900 1006 926 testimonium
1025 898 1088 925 mihi
1134 898 1164 924 fr.
1178 900 1202 925 8.
1223 898 1274 934 Qu.
1290 899 1338 925 cui.
1351 899 1421 925 univ.
1435 908 1504 924 nom.
1524 899 1547 924 3.
1562 900 1586 924 4.
1624 897 1757 935 Compelli
1776 897 1865 935 quidq.
1885 897 1979 924 facere.

243 948 421 986 perhibetote!
450 946 506 972 Gai.
527 945 556 972 11.
579 946 636 971 104.
660 944 720 982 le.
741 943 800 970 XX.
820 944 844 969 9.
881 942 957 969 Hune
977 952 1024 978 ego
1044 942 1089 968 ho-
1110 948 1111 956 ¹
1133 940 1190 968 Gai.
1210 940 1240 967 11.
1259 942 1318 967 237.
1356 940 1412 968 Nec
1431 941 1539 978 quidqu.
1566 941 1657 968 heredi
1676 941 1840 978 relinquere,
1864 945 1979 978 praeter-

243 993 338 1018 minem
357 1001 389 1017 ex
409 991 456 1016 iur.
477 989 552 1024 Quir.
572 998 658 1015 meum
678 997 737 1014 esse
756 987 811 1018 ain,
838 985 996 1019 (secundum
1015 995 1089 1012 suam
1133 994 1209 1021 quam
1229 989 1278 1010 etc.
1297 983 1334 1010 Id.
1354 983 1384 1010 11.
1398 986 1458 1010 224.
1490 984 1545 1011 Nec
1565 984 1673 1021 quidqu.
1693 984 1809 1022 prolicit,
1828 985 1852 1010 si
1871 988 1920 1010 etc.
1940 983 1978 1010 Id.

243 1035 373 1067 causam.)
403 1033 459 1059 Gai.
479 1031 496 1058 l.
518 1033 575 1058 119.
605 1030 635 1057 Π.
654 1032 696 1057 24.
725 1029 768 1056 ΙΙΙ.
789 1030 846 1056 167.
875 1027 920 1055 IV.
942 1030 980 1055 16.
1019 1028 1088 1064 Quia
1133 1027 1163 1053 11.
1186 1028 1242 1053 166.
1263 1026 1293 1053 fr.
1313 1028 1355 1053 58.
1375 1027 1408 1053 de
1427 1031 1496 1064 pact.
1514 1029 1539 1053 2.
1562 1028 1601 1053 14.

244 1088 295 1103 non
315 1081 403 1114 potest
426 1085 504 1108 „eam
525 1085 556 1101 ex
576 1075 631 1100 iure
652 1073 728 1110 Quir.
748 1082 822 1099 suam
841 1073 923 1098 esse‘'
943 1071 1088 1103 intendere,
1169 1070 1351 1102 Quisque·
1387 1069 1419 1103 ξ.
1440 1070 1475 1096 1.
1499 1071 1662 1105 Singulas
1686 1072 1773 1104 quis,
1801 1071 1979 1104 Vnusquis-

243 1121 350 1155 lingitur
369 1129 423 1146 rem
443 1118 607 1155 usucepisse,
627 1121 653 1143 et
671 1117 715 1148 ita,
735 1116 809 1153 quasi
830 1125 862 1141 ex
881 1116 937 1141 iure
950 1114 1026 1150 Quir.
1044 1113 1089 1140 do·
1111 1142 1112 1146 ,
1134 1123 1198 1148 que.
1236 1112 1254 1138 1.
1275 1113 1338 1146 Sy·
1362 1111 1476 1148 Aliquis.
1501 1111 1542 1138 Cf.
1563 1111 1588 1138 h.
1608 1122 1632 1138 v.
1657 1113 1679 1147 §.
1701 1114 1724 1139 I.
1762 1112 1917 1149 Quisquam.
1936 1111 1978 1139 Cf.

243 1165 328 1189 minus
348 1162 432 1189 faetus
452 1166 536 1193 esset,
559 1159 673 1187 intendit
691 1159 741 1185 hoc
760 1158 847 1185 modo.
874 1157 910 1184 Id.
930 1157 974 1184 lv.
994 1158 1036 1184 36.
1056 1155 1088 1182 cf.
1133 1155 1159 1182 h.
1178 1165 1202 1182 v.
1234 1154 1433 1191 Vnusquisquc.
1453 1153 1580 1191 Singulos
1599 1156 1667 1191 quis.
1687 1154 1744 1182 Gai.
1758 1155 1789 1181 11.
1803 1158 1845 1182 40.
1864 1155 1979 1182 111.146.

244 1206 272 1232 11.
295 1207 352 1232 194.
378 1204 422 1231 lv.
443 1206 484 1230 45.
503 1205 544 1230 86.
582 1202 653 1230 Olim
673 1218 706 1222 ——
725 1212 757 1228 ex
777 1203 833 1228 iure
853 1201 928 1237 Quir.
949 1200 1090 1236 unusquis·
1134 1198 1226 1225 Tertio
1252 1208 1357 1235 quoque
1381 1197 1431 1224 die.
1467 1197 1587 1224 Alternis
1611 1197 1712 1224 diebus.
1738 1197 1769 1224 fr.
1791 1200 1813 1224 1.
1837 1198 1860 1231 ξ.
1879 1200 1922 1225 22.
1947 1197 1981 1225 de.

243 1259 294 1286 que
313 1248 435 1275 dominus
456 1252 518 1279 erat,
539 1251 582 1273 aut
602 1256 654 1272 non
667 1244 862 1281 intelligebatur
875 1243 1006 1270 dominus,
1035 1241 1090 1268 Sed
1110 1276 1112 1279 Ι
1134 1252 1200 1279 aqua
1227 1246 1299 1278 quot.
1328 1242 1370 1267 43.
1394 1242 1436 1268 20.
1482 1240 1525 1267 III.
1546 1241 1612 1268 Gn.
1641 1240 1686 1267 Vti
1713 1251 1755 1267 mc
1783 1251 1886 1278 quaque
1913 1240 1980 1278 lege,

243 1296 335 1329 postea
349 1290 506 1318 divisionem
519 1290 621 1326 aceepit
635 1288 786 1319 dominium,
807 1292 835 1314 ut
848 1286 914 1313 alius
929 1286 1017 1323 possit
1030 1294 1090 1311 esse
1135 1284 1162 1311 S.
1170 1283 1231 1316 Oto,
1249 1284 1280 1310 B.
1300 1283 1382 1310 Pnem
1400 1283 1462 1310 dare
1481 1283 1623 1321 oportebit,
1643 1284 1677 1310 ita
1698 1282 1773 1309 dabo.
1797 1283 1828 1310 fr.
1850 1285 1871 1310 l.
1892 1293 1931 1321 pr.
1952 1289 1981 1311 ut

243 1345 275 1362 ex
295 1336 350 1361 iure
367 1334 443 1369 Quir.
463 1333 594 1363 dominus,
614 1331 680 1358 alius
695 1332 720 1358 in
735 1330 812 1357 bonis
827 1329 932 1356 habere.
951 1327 1090 1355 1d.11.40.
1135 1337 1168 1354 ex
1190 1326 1243 1354 LL.
1267 1328 1309 1354 38.
1335 1328 1374 1353 14.
1400 1326 1430 1353 fr.
1453 1328 1509 1353 131.
1533 1326 1556 1360 ᾗ.
1577 1327 1599 1353 1.
1624 1325 1657 1353 de
1682 1325 1713 1353 V.
1738 1326 1766 1353 S.
1790 1328 1832 1353 50.
1856 1328 1896 1354 16.
1934 1326 1980 1353 Vti

244 1378 273 1404 Si
293 1378 319 1403 in
338 1377 416 1403 bonis
435 1377 492 1402 eius
512 1376 547 1402 sit
566 1382 615 1407 (sc.
635 1374 748 1407 servus)
769 1373 871 1400 etiamsi
890 1371 969 1399 simul
989 1381 1021 1398 ex
1034 1372 1091 1398 iure
1135 1380 1254 1407 quaeque
1272 1379 1314 1396 res
1334 1370 1392 1402 erit,
1411 1369 1623 1396 animadvertam.
1643 1369 1674 1396 l'r.
1692 1370 1714 1396 l.
1734 1370 1757 1403 §.
1775 1371 1800 1396 4.
1820 1369 1853 1396 de
1872 1369 1979 1397 aleator.

1109 803 1111 819 l

244 1421 321 1456 Quir.
341 1419 459 1446 eiusdem
478 1429 530 1445 non
550 1419 592 1445 sit.
612 1417 649 1444 Id.
669 1417 687 1444 I.
706 1419 748 1443 54.
770 1417 826 1443 167.
1136 1415 1177 1440 11.
1197 1415 1221 1439 5.
1241 1412 1273 1440 cf.
1293 1412 1324 1439 fr.
1345 1414 1368 1439 1.
1387 1413 1409 1447 ξ.
1431 1414 1453 1439 l.
1473 1412 1506 1439 ‹le
1524 1413 1619 1440 minor.
1639 1414 1664 1439 4.
1683 1413 1708 1439 4.
1726 1411 1756 1440 fr.
1778 1414 1818 1439 15.
1842 1413 1864 1447 ᾗ.
1883 1414 1925 1440 28.
1948 1412 1981 1440 de

280 1462 385 1495 Quis.
410 1460 567 1494 (Pronum.)
593 1460 623 1493 §.
640 1461 675 1487 1.
697 1462 772 1493 Qui,
795 1460 920 1492 Qualis.
958 1457 1001 1484 lII.
1022 1458 1089 1485 οη.
1112 1455 1113 1466 ’
1135 1457 1212 1483 iniur.
1230 1458 1272 1483 47.
1294 1458 1334 1483 10.
1371 1455 1452 1492 Quod
1476 1457 1518 1482 ius
1543 1455 1576 1482 de
1598 1465 1701 1492 quaque
1719 1465 1748 1482 re
1767 1456 1880 1492 quisque
1898 1455 1981 1483 dietu-

245 1507 314 1542 Quis
334 1506 401 1531 enim
421 1505 501 1540 magis
522 1520 552 1524 —
573 1502 684 1529 alienam
704 1513 758 1529 rem
777 1506 925 1529 contrectat
944 1500 1012 1527 eta?
1032 1500 1089 1526 Gai.
1111 1516 1113 1531 ,
1135 1509 1180 1527 rus
1200 1503 1280 1525 esset.
1300 1498 1330 1525 fr.
1344 1500 1368 1525 2.
1389 1499 1411 1533 §.
1426 1500 1466 1525 10.
1487 1497 1520 1525 de
1533 1498 1598 1525 0.1.
1615 1500 1676 1525 1.2.
1706 1498 1895 1536 Exceptiones‚
1914 1509 1981 1536 quae

245 1549 286 1576 llI.
305 1550 363 1575 209.
401 1546 437 1573 Vt
456 1546 592 1583 adpareat,
615 1556 628 1572 a
649 1545 745 1582 quibus
765 1550 790 1572 et
809 1544 932 1581 qualibus
951 1543 1016 1570 haec
1034 1544 1090 1570 iura
1135 1552 1264 1580 personae
1283 1543 1410 1579 cuiusque
1430 1541 1578 1568 cohaerent.
1603 1541 1634 1568 fr.
1655 1543 1677 1568 7.
1697 1551 1736 1579 pr.
1756 1541 1789 1568 de
1808 1552 1879 1569 excc.
1898 1543 1940 1569 44.
1958 1543 1980 1569 1.

246 1597 301 1618 orta
323 1608 352 1612 —
374 1591 434 1617 sint.
456 1589 486 1616 sr.
506 1591 530 1616 2.
551 1589 572 1623 ξ.
592 1590 634 1615 35.
654 1588 687 1615 de
707 1588 772 1615 Ο.1.
793 1590 816 1614 1.
829 1590 853 1614 2.
891 1587 1043 1623 Quaeritur,
1058 1603 1088 1607 —
1134 1584 1362 1622 Quemadmodum
1381 1584 1444 1621 quid
1464 1586 1592 1621 cuiusque
1610 1584 1664 1611 fiat.
1685 1583 1716 1611 fr.
1730 1585 1771 1610 41.
1791 1584 1824 1611 de
1842 1584 1896 1611 LL.
1917 1587 1940 1611 l.
1955 1586 1979 1612 3.

245 1634 308 1672 quid
328 1635 392 1661 iuris
412 1633 463 1659 sit'!
483 1631 512 1658 fr.
533 1633 556 1658 7.
576 1632 598 1665 ξ.
612 1634 636 1657 2.
657 1630 689 1657 de
709 1630 783 1657 distr.
803 1631 874 1668 pign.
893 1632 935 1656 20.
949 1632 974 1657 5.
995 1629 1049 1663 (Cf.
1062 1639 1087 1656 v.
1135 1629 1166 1656 fr.
1190 1630 1215 1655 2.
1239 1638 1278 1666 pr.
1303 1627 1335 1654 de
1360 1627 1391 1654 R.
1411 1627 1444 1654 D.
1471 1629 1493 1654 l.
1514 1630 1537 1654 8.
1580 1627 1656 1663 Quae
1680 1629 1734 1660 (sc.
1758 1628 1818 1661 res)
1844 1629 1981 1665 cuiusque,

246 1677 327 1714 Quid.
347 1677 368 1710 ξ.
382 1676 420 1708 3.)
440 1690 472 1694 —-
493 1674 523 1707 ἓ.
539 1675 574 1701 2.
595 1676 741 1708 Aliquis,
762 1675 884 1700 Certus.
921 1672 940 1699 1.
955 1674 1017 1708 Sy.
1037 1671 1091 1699 Ali·
1136 1682 1194 1699 cum
1213 1672 1332 1703 moritur,
1351 1670 1408 1697 fuit.
1429 1670 1460 1697 sr.
1479 1672 1503 1697 3.
1523 1671 1545 1704 §.
1565 1672 1588 1696 2.
1609 1670 1641 1697 de
1659 1669 1689 1696 B.
1705 1669 1734 1696 P.
1753 1671 1795 1697 37.
1816 1672 1838 1697 1.
1859 1670 1891 1697 cf.
1911 1670 1942 1698 sr.
1955 1672 1980 1698 3.

247 1721 315 1757 quis.
340 1719 381 1746 Cf.
402 1718 426 1744 h.
447 1728 471 1743 v.
493 1717 515 1750 ς’.
537 1719 560 1744 1.
584 1717 645 1753 Qui.
673 1716 713 1743 Cf.
735 1716 758 1742 h.
779 1727 802 1742 v.
827 1716 848 1750 ξ.
868 1718 892 1742 2.
929 1715 967 1748 Is,
991 1726 1012 1742 s.
1033 1715 1091 1747 Hic,
1135 1725 1174 1752 pr.
1194 1713 1226 1740 de
1245 1713 1277 1740 N.
1298 1713 1330 1740 G.
1349 1715 1373 1740 3.
1392 1715 1417 1740 5.
1437 1712 1468 1740 fr.
1487 1715 1529 1740 39.
1549 1713 1571 1747 ξ.
1593 1715 1614 1739 l.
1638 1712 1670 1739 de
1690 1712 1721 1739 V.
1742 1712 1769 1740 S.
1789 1715 1830 1740 50.
1852 1715 1891 1740 16.
1929 1713 1981 1741 Pro

246 1765 297 1800 qui.
318 1762 375 1789 Gai.
396 1761 425 1788 11.
448 1761 504 1787 166.
524 1770 581 1797 sqq.
601 1759 644 1786 lv.
664 1761 706 1786 60.
730 1759 772 1786 Fr.
793 1758 825 1786 de
845 1759 862 1785 1.
882 1758 911 1786 F.
930 1759 969 1793 §§.
988 1760 1012 1785 2.
1032 1768 1090 1795 sqq.
1136 1768 1185 1794 qua
1209 1762 1283 1795 parte
1307 1758 1418 1793 quisque
1437 1766 1527 1783 eorum
1546 1756 1669 1788 dominus
1689 1755 1775 1782 suerit.
1800 1755 1857 1782 Gai.
1877 1756 1918 1783 III.
1939 1757 1981 1783 59.

247 1807 277 1833 fr.
300 1807 337 1832 15.
358 1805 379 1839 §.
400 1806 424 1830 3.
445 1803 474 1830 fr.
498 1805 536 1829 17.
557 1813 596 1840 pr.
617 1802 648 1829 dc
669 1802 756 1840 adopt.
779 1804 800 1829 l.
822 1804 844 1829 7.
882 1802 927 1829 111.
941 1803 1007 1830 (Ju-
1027 1800 1092 1828 Ver·
1112 1807 1114 1828 ἐ
1136 1800 1179 1827 lV.
1201 1802 1258 1826 144.
1283 1799 1313 1827 fr.
1333 1801 1375 1827 29.
1399 1799 1431 1826 de
1455 1799 1544 1826 hered.
1564 1800 1626 1826 inst.
1645 1800 1687 1825 28.
1708 1801 1731 1826 5.
1768 1798 1882 1826 Idoneos
1902 1809 1981 1836 quos-

248 1849 308 1875 bum
328 1847 390 1874 hoc:
411 1846 462 1874 ..Si
476 1847 567 1883 quiS.·'
587 1850 637 1871 tam
658 1845 789 1872 masculos
809 1856 885 1882 quam
901 1845 1009 1871 seminas
1024 1854 1092 1871 com·
1136 1854 1187 1881 que
1206 1844 1255 1877 (ex
1277 1853 1326 1870 suo
1347 1852 1471 1880 corpore,
1497 1853 1534 1869 sc.
1555 1842 1643 1875 dare.)
1669 1841 1719 1868 Th.
1740 1841 1770 1868 C.
1790 1842 1834 1868 XI.
1856 1844 1878 1869 7.
1899 1852 1920 1869 c.
1939 1843 1981 1869 21.

248 1891 379 1929 plectitur.
404 1890 433 1916 fr.
456 1891 478 1915 l.
504 1889 535 1915 de
558 1887 590 1915 Y.
611 1888 637 1914 S.
662 1890 703 1915 50.
726 1890 764 1915 16.
808 1888 847 1915 Ne
871 1899 921 1925 qua
945 1897 1091 1925 praegnans
1137 1887 1169 1914 de
1192 1887 1321 1913 exaction.
1358 1886 1400 1913 Ad
1425 1887 1556 1912 civitatem
1581 1896 1710 1922 quamque
1734 1886 1880 1922 proximam
1902 1884 1982 1912 dedu-

248 1935 291 1961 sit.
328 1933 398 1960 Dum
422 1942 454 1958 ne
478 1942 526 1968 qua
551 1941 639 1958 earum
663 1936 710 1958 cte.
736 1931 766 1958 l‘r.
789 1933 810 1958 l.
836 1932 858 1965 ᾗ.
880 1933 920 1957 10.
945 1931 977 1958 de
996 1932 1092 1968 inspic.
1137 1935 1186 1957 cat.
1223 1929 1290 1956 Nov.
1306 1928 1363 1956 Vol.
1383 1929 1425 1955 lII.
1446 1928 1478 1955 de
1498 1930 1575 1955 tiron.
1595 1928 1626 1955 11.
1646 1930 1670 1955 6.
1691 1938 1711 1955 e.
1728 1931 1749 1955 l.
1769 1929 1791 1962 §.
1805 1930 1829 1954 2.
1866 1927 1917 1954 Per
1930 1928 1981 1954 sin-

248 1982 348 2004 ventre.
371 1978 413 2001 25.
434 1977 456 2000 4.
495 1974 638 2000 Plebiseito
663 1976 824 2004 continetur:
850 1973 885 2000 Vt
908 1984 941 2000 ne
960 1975 1019 2011 quis
1040 1973 1091 2007 [al.
1113 1979 1114 2012 ]
1136 1973 1212 2009 gulos
1231 1982 1351 2010 quosque
1370 1982 1460 1998 annos.
1486 1970 1536 1998 Th.
1557 1971 1587 1998 C.
1607 1971 1652 1998 XI.
1674 1973 1696 1998 l.
1718 1982 1739 1998 e.
1761 1973 1800 1997 13.
1825 1970 1857 1997 de
1876 1980 1934 1997 ann.
1955 1974 1981 1996 et

249 2020 289 2047 Ne
307 2019 382 2055 quis]
402 2017 555 2044 Praesidum
575 2028 668 2043 munus
690 2034 719 2038 —-
742 2022 854 2055 caperet.
879 2017 910 2043 [ι’.
932 2019 970 2043 18.
995 2016 1027 2043 de
1047 2016 1092 2043 off.
1113 2018 1114 2053 i
1136 2016 1226 2043 tribut.
1271 2015 1324 2043 Sua
1349 2025 1451 2052 quaque
1477 2014 1532 2046 die,
1558 2014 1620 2041 Suis
1645 2015 1793 2051 quibusque
1816 2013 1980 2051 temporibus

251 2063 337 2090 Praes.
359 2064 380 2088 1.
399 2063 437 2087 1³5.
475 2059 548 2086 Neve
567 2061 625 2095 quis
645 2071 734 2087 eornm
755 2061 778 2086 11.
800 2060 816 2086 l.
837 2061 863 2086 in
883 2070 955 2086 reum
975 2061 1092 2086 testimo-
1113 2086 1114 2090 ,
1137 2058 1310 2092 (exsolvere.)
1332 2058 1360 2084 fr.
1375 2059 1398 2084 8.
1419 2058 1440 2092 ξ.
1453 2060 1477 2084 3.
1499 2057 1531 2083 dc
1550 2059 1620 2095 pign.
1641 2063 1689 2084 act.
1710 2059 1750 2084 13.
1766 2059 1788 2083 7.
1808 2057 1838 2083 fr.
1857 2059 1898 2082 25.
1919 2056 1940 2090 §.
1955 2058 1979 2083 3.

250 2107 320 2132 nium
339 2105 416 2131 dicat.
437 2103 506 2130 Coll.
525 2102 578 2129 LL.
599 2102 630 2129 M.
651 2103 695 2129 lx.
715 2106 739 2129 2.
777 2103 806 2129 Si
826 2104 948 2140 patuerit,
968 2113 1045 2140 quem
1059 2118 1091 2122 —-
1112 2095 1115 2142 J
1137 2101 1214 2128 locat.
1232 2103 1270 2128 19.
1284 2103 1308 2127 2.
1329 2101 1359 2127 sr.
1375 2103 1413 2127 12.
1435 2100 1467 2126 de
1480 2110 1551 2127 usur.
1565 2103 1607 2126 22.
1624 2102 1645 2126 l.
1666 2100 1715 2126 Th.
1731 2100 1761 2127 C.
1781 2099 1837 2126 XII.
1860 2101 1898 2125 11.
1920 2109 1940 2125 c.
1958 2101 1979 2125 1.

251 2153 340 2175 contra
360 2148 473 2173 venisse.
493 2156 514 2172 c.
533 2147 556 2172 9.
582 2145 614 2172 de
633 2146 676 2172 off.
697 2146 771 2172 Rect.
792 2146 834 2172 Pr.
856 2149 877 2172 l.
898 2148 939 2173 40.
959 2145 991 2172 ef.
1016 2145 1046 2172 fr.
1067 2147 1091 2172 4.
1113 2143 1115 2189 Ἰ
1137 2155 1176 2182 pr.
1196 2144 1229 2171 de
1249 2154 1302 2171 cur.
1323 2143 1452 2170 calendar.
1490 2143 1578 2170 Primo
1603 2153 1707 2179 quoque
1729 2143 1783 2174 die,
1807 2152 1831 2168 v.
1852 2146 1979 2178 tempore.

251 2193 303 2227 Qu.
324 2191 407 2227 quisq.
428 2191 474 2216 iur.
494 2191 518 2215 2.
537 2191 561 2214 2.
599 2189 639 2215 Ex
663 2189 757 2225 quibus
783 2189 1007 2221 constituebatur,
1033 2189 1091 2225 quis
1113 2190 1115 2226 j
1138 2187 1179 2213 Fr.
1198 2186 1228 2213 L.
1249 2186 1343 2214 Servil.
1370 2197 1391 2213 c.
1413 2188 1452 2212 19.
1478 2186 1508 2213 fr.
1528 2189 1569 2212 25.
1590 2196 1628 2223 pr.
1654 2186 1686 2212 ad
1705 2185 1769 2212 S.C.
1791 2184 1871 2211 Treb.
1894 2187 1936 2211 36.
1958 2187 1979 2211 l.

251 2243 356 2271 quoquo
381 2243 448 2258 anno
472 2236 607 2269 praeesset
630 2232 748 2268 privatis.
778 2232 807 2258 fr.
827 2234 850 2258 2.
876 2232 898 2265 §.
918 2233 942 2258 6.
967 2231 999 2258 de
1021 2232 1053 2258 Ο.
1074 2231 1091 2258 I.
1113 2229 1115 2263 ἶ
1137 2229 1167 2256 1ἰ·.
1186 2232 1210 2256 5.
1230 2229 1252 2263 ξ.
1271 2231 1313 2256 22.
1335 2234 1362 2256 ut
1380 2230 1406 2255 in
1426 2239 1498 2266 poss.
1518 2228 1594 2265 legat.
1606 2230 1648 2256 36.
1663 2230 1685 2255 4.
1711 2227 1811 2255 Tertio.
1831 2237 1855 2254 v.
1870 2228 1980 2263 Quinto,

255 2280 275 2304 l.
294 2280 318 2303 2.
356 2276 413 2302 Etsi
433 2276 491 2311 quis
512 2285 542 2301 cx
562 2275 689 2311 proximis
709 2275 825 2311 cognatis
845 2275 958 2311 petierit.
979 2273 1036 2300 Gai.
1050 2274 1092 2301 111,
1113 2265 1115 2311 1
1137 2282 1241 2309 quoque
1260 2272 1310 2302 die.
1330 2283 1354 2298 v.
1375 2282 1450 2298 anno.
1471 2272 1501 2298 l'r.
1518 2274 1538 2298 1.
1559 2272 1582 2305 ξ.
1595 2274 1636 2297 22.
1656 2271 1688 2297 de
1707 2281 1771 2307 aqua
1791 2276 1862 2307 quot.
1883 2273 1924 2297 43.
1938 2274 1979 2298 20.

251 2321 292 2346 37.
330 2319 358 2345 Si
378 2319 446 2354 quis,
466 2327 523 2343 cum
543 2319 622 2343 sciret
641 2317 703 2353 quid
722 2318 774 2344 sibi
793 2317 909 2354 subripi.
934 2327 986 2343 non
1005 2317 1094 2354 prohi—
1113 2314 1116 2343 l
1138 2316 1167 2342 fr.
1189 2318 1211 2342 1.
1231 2325 1270 2353 pr.
1296 2315 1327 2341 de
1347 2314 1441 2351 glande
1461 2314 1508 2351 leg.
1532 2317 1572 2341 43.
1592 2316 1633 2340 26.
1658 2313 1706 2340 Th.
1728 2313 1758 2340 C.
1780 2313 1834 2340 111,
1854 2315 1895 2340 23.
1916 2324 1936 2341 c.
1959 2316 1980 2340 1.

253 2363 316 2389 buit.
337 2362 366 2388 l'r.
386 2363 427 2387 91.
448 2359 479 2386 de
500 2359 560 2386 furt.
578 2362 619 2386 47.
632 2362 656 2386 2.
695 2360 827 2396 Quamdiu
846 2360 939 2386 horum
958 2359 1020 2396 quid
1041 2360 1094 2386 siat.
1114 2360 1116 2387 J
1139 2359 1170 2385 de
1194 2358 1274 2385 oblat.
1298 2368 1387 2395 equor.
1418 2375 1448 2378 —
1479 2358 1509 2390 §.
1530 2359 1565 2383 2.
1593 2358 1757 2389 Quilibet,
1785 2358 1981 2389 Qualiscum-

255 2405 314 2442 le.
330 2404 347 2430 Ι.
364 2405 403 2430 16.
442 2403 471 2429 Si
491 2403 553 2439 quid
574 2402 618 2435 [al.
633 2404 704 2439 quis]
726 2403 789 2430 mihi
803 2403 946 2430 liberorum
960 2418 991 2422 -—-
1005 2412 1094 2429 nasce·
1139 2412 1201 2437 que.
1238 2401 1281 2428 III.
1297 2403 1363 2429 Gn.
1384 2401 1520 2437 Cuiusquc
1539 2399 1581 2433 [al.
1601 2399 1803 2435 Cuiuscunque]
1825 2401 1860 2426 sit
1878 2401 1980 2426 aetatis.

253 2454 302 2475 tur.
325 2447 353 2474 [Γ.
368 2448 409 2472 47.
430 2446 451 2479 ξ.
468 2447 489 2472 l.
509 2445 541 2472 dc
561 2445 648 2471 liei-ed.
670 2447 729 2472 inst.
743 2448 785 2473 28.
799 2448 823 2473 5.
845 2463 875 2467 -
897 2446 927 2479 §.
942 2447 977 2472 Β.
1000 2448 1093 2479 Quis-
1114 2422 1116 2461 l
1139 2445 1168 2471 fr.
1190 2446 1212 2471 7.
1232 2445 1253 2478 ξ.
1273 2447 1296 2471 2.
1318 2444 1350 2471 de
1370 2443 1471 2470 liberali
1491 2453 1512 2469 c.
1531 2444 1572 2468 40.
1595 2444 1634 2468 12.
1672 2442 1798 2469 Maturius
1818 2452 1894 2479 quam
1912 2443 1982 2478 quis-

253 2501 322 2525 que,
355 2491 479 2523 Quivis.
518 2488 535 2514 1.
556 2490 618 2523 Sy.
647 2490 781 2525 Quisque,
807 2490 961 2525 Quisquam.
985 2488 1042 2515 Gai.
1062 2488 1093 2515 11.
1116 2517 1117 2525 ¹
1139 2498 1189 2524 que
1209 2488 1382 2524 (pervenire.)
1402 2486 1431 2513 fr.
1453 2487 1508 2511 137.
1529 2485 1551 2519 ξ.
1571 2487 1595 2511 2,
1616 2485 1648 2511 de
1669 2484 1699 2511 Υ.
1721 2485 1753 2511 O.
1773 2487 1816 2511 45.
1838 2487 1860 2511 l.
1887 2484 1982 2512 Cuius-

256 2536 312 2560 197.
333 2543 371 2569 sq.
392 2531 434 2558 lv.
456 2533 513 2557 144.
534 2531 564 2557 fr.
586 2533 607 2557 1.
628 2541 666 2568 pr.
686 2532 707 2564 ᾗ.
723 2534 746 2557 3.
767 2532 796 2557 fr.
810 2534 835 2558 3.
856 2532 885 2558 fr.
901 2533 926 2558 4.
946 2532 968 2565 ξ.
982 2534 1006 2558 5.
1027 2531 1057 2557 fr.
1070 2533 1094 2558 6.
1116 2540 1118 2559 1
1140 2541 1189 2566 que
1209 2530 1316 2557 :ulterius
1336 2538 1425 2556 eorum
1445 2529 1557 2554 nomine.
1582 2528 1611 2554 fr.
1634 2530 1655 2554 1.
1676 2528 1697 2561 ξ.
1719 2530 1741 2554 1.
1766 2528 1817 2564 Qu.
1841 2529 1890 2554 cui.
1910 2529 1983 2555 univ.

256 2577 276 2608 ξ.
300 2578 319 2601 l.
345 2575 378 2601 de
397 2574 506 2601 edendo.
531 2576 555 2600 2.
578 2576 616 2600 13.
654 2574 683 2600 Si
702 2573 772 2610 quid.
801 2574 946 2611 Quidquid.
975 2574 1032 2601 Gai.
1053 2574 1094 2600 111.
1117 2587 1118 2611 3
1141 2583 1208 2599 noui.
1228 2576 1252 2599 3.
1266 2576 1289 2599 4.
1322 2571 1376 2598 Nec
1395 2572 1487 2607 cuique
1509 2587 1539 2590 —
1561 2571 1658 2597 aditum
1674 2568 1791 2597 reserari.
1813 2570 1862 2597 Th.
1877 2570 1908 2597 C.
1922 2569 1979 2597 XV.

260 2620 313 2643 151.
339 2618 367 2644 1“1·.
391 2620 412 2643 1.
433 2628 471 2655 pr.
496 2618 517 2651 ξ.
537 2619 560 2643 4.
587 2616 618 2643 de
642 2616 685 2643 off.
706 2616 757 2643 l’ri'.
779 2615 824 2643 Vr.
846 2620 867 2644 l.
891 2620 929 2644 12.
966 2617 1009 2643 III.
1029 2618 1096 2645 Gn.
1117 2614 1119 2638 .'
1144 2618 1164 2642 1.
1184 2626 1204 2642 e.
1224 2617 1266 2642 41.
1286 2614 1318 2641 dv
1337 2624 1397 2651 opp.
1417 2614 1478 2650 pub.
1518 2613 1576 2640 Non
1596 2613 1734 2640 sinendum
1755 2619 1803 2641 est.
1824 2618 1851 2639 ut
1870 2614 1980 2649 quisque

256 2660 284 2686 Si
305 2670 355 2695 quo
375 2660 452 2686 modo
473 2661 570 2686 veritas
589 2659 622 2686 de
640 2659 693 2685 lide
712 2664 862 2686 contractus
881 2662 969 2697 possit
983 2659 1096 2686 ostendi.
1117 2646 1119 2688 l
1143 2675 1172 2679 —
1198 2663 1333 2685 terreatur.
1359 2657 1396 2682 11).
1422 2656 1466 2683 IX.
1488 2658 1511 2682 1.
1537 2668 1558 2683 c.
1578 2661 1601 2683 ὅ.
1627 2656 1659 2683 (le
1683 2662 1795 2682 accusat.
1821 2656 1852 2682 cs.
1872 2655 1915 2682 Vl.
1938 2656 1981 2681 27.

259 2702 327 2728 l'nul.
348 2702 378 2728 11.
400 2705 437 2729 17.
458 2704 471 2737 ξ
496 2705 535 2729 14.
572 2702 600 2729 Si
620 2702 682 2739 quid
702 2707 749 2728 est.
770 2702 840 2738 quod
861 2703 976 2739 pupillus
997 2702 1096 2739 agendo
1118 2703 1120 2715 ¹
1142 2712 1163 2728 c.
1183 2703 1207 2728 3.
1227 2710 1266 2738 pr.
1286 2700 1318 2727 de
1336 2705 1419 2736 agent.
1440 2701 1464 2726 in
1486 2700 1538 2726 reb.

258 2750 369 2771 tutorem
394 2754 468 2771 suum
492 2745 650 2772 liberaturus
675 2750 728 2777 est,
753 2744 779 2771 id
799 2749 847 2771 etc.
867 2745 897 2771 l'r.
918 2748 958 2771 22.
979 2745 1011 2772 de
1030 2750 1096 2772 auct.
1177 2743 1367 2776 Quisquis.
1417 2743 1448 2776 ὃ.
1474 2744 1507 2769 1.
1544 2743 1787 2776 l'nusquisque,
1820 2742 1980 2776 Singulas

258 2793 283 2813 et
303 2796 375 2814 cons.
395 2789 436 2812 26.
455 2792 478 2813 S.
517 2788 564 2817 Vt.
588 2787 716 2824 quidquid
735 2787 894 2814 hereditario
914 2789 1019 2814 nomine
1039 2798 1098 2814 con-
1143 2789 1221 2821 quis.
1259 2785 1277 2812 I.
1294 2787 1355 2820 Sy.
1381 2786 1408 2812 Si
1429 2786 1495 2822 quis.
1520 2785 1559 2811 Is.
1580 2785 1631 2821 qui.
1652 2784 1681 2811 fr.
1704 2786 1743 2810 13.
1764 2786 1815 2821 Qu.
1835 2788 1893 2810 met.
1914 2792 1935 2809 c.
1955 2784 1979 2808 4.

259 2830 394 2856 demnatus
415 2828 517 2863 suissqt.
536 2832 592 2857 sive
611 2830 674 2867 quid
693 2830 757 2857 alias
771 2830 795 2857 b.
811 2830 825 2856 f.
841 2829 959 2857 dedisset
972 2836 1020 2857 etc.
1041 2830 1097 2857 Gai.
1120 2831 1121 2863 1
1142 2832 1167 2856 2.
1187 2829 1215 2855 sr.
1231 2833 1254 2855 ὅ.
1275 2829 1296 2862 §.
1314 2831 1334 2854 l.
1356 2828 1388 2855 de
1403 2828 1472 2864 vulg.
1493 2833 1517 2854 et
1537 2837 1597 2865 pup.
1617 2830 1658 2853 25.
1673 2828 1696 2853 6.
1734 2827 1776 2854 111.
1791 2828 1856 2855 Cn.
1875 2825 1904 2852 Si
1917 2825 1980 2861 quid
