2197 3121
245 174 310 205 620

249 255 385 283 matricula
405 253 630 290 (negotiatorum.)
651 253 701 280 Th.
716 252 747 280 C.
761 252 819 280 XII.
838 253 862 279 6.
883 262 904 279 c.
923 253 966 279 29.
987 251 1019 278 de
1039 261 1095 278 sus-
1117 256 1119 284 ἒ,

250 304 350 336 ceptor.
369 298 439 325 ΧΠ.
459 300 484 323 2.
509 308 529 324 c.
551 299 590 323 15.
616 297 681 331 3.1.
701 296 734 323 de
753 297 834 333 episc.
855 295 918 322 cccl.
956 294 1096 322 Curiarum
1116 288 1117 325 J

250 342 370 373 ordines,
390 351 418 366 ac
437 341 622 377 negotiatores.
647 338 715 366 Nov.
735 339 824 366 Maior.
845 338 878 365 de
897 338 986 365 curial.
1007 337 1051 364 IV.
1072 339 1095 364 7.
1117 353 1118 358 =

251 395 273 412 c.
295 387 316 410 1.
341 385 362 417 3.
383 385 423 410 17.
444 383 476 410 ef.
505 382 555 410 Th.
577 382 608 409 C.
628 381 698 408 XVI.
719 383 743 408 5.
769 392 790 409 c.
810 384 851 408 52.
877 391 916 418 pr.
941 380 975 407 dc
998 380 1095 407 haeret.
1117 387 1118 415 ξ

252 428 320 463 Quis
339 437 371 453 ex
386 426 485 452 ultimis
499 425 716 462 negotiatoribus
736 434 758 451 c.
772 426 796 451 6.
811 424 843 451 de
857 423 986 459 dignitatt.
1002 425 1042 450 12.
1057 425 1078 450 l.

285 470 518 503 Negotiosus.
557 468 695 503 (Adiect.)
735 469 871 502 Negotii
893 469 1015 501 plenus.
1052 465 1095 492 111.
1117 463 1118 493 l

251 514 318 541 Cn.
347 512 376 538 Si
401 517 452 538 tam
476 512 571 539 diffusa
598 516 624 538 et
647 511 783 547 negotiosa
808 511 842 535 sit
862 510 916 543 (sc.
935 508 1048 542 tutela,)
1069 513 1097 535 nt
1118 518 1119 535 z

251 566 299 593 pro
318 555 440 592 pluribus
461 554 543 582 cedat.
563 555 594 581 l'r.
613 556 656 581 31.
675 555 697 588 3.
717 556 741 580 4.
762 552 794 579 de
813 557 941 579 excusatt.
961 553 1004 578 27.
1024 553 1047 578 1.

286 598 499 632 Negotium.
535 599 567 632 ᾖ.
582 599 616 624 l.
639 598 807 633 Officium
824 597 993 630 publicum
1011 604 1098 620 mau-

251 644 370 668 dalum.
414 642 502 668 Cura
525 643 572 668 rei
594 641 748 675 publicae
771 640 950 665 commissa.
993 636 1012 663 1.
1035 638 1097 671 Sy.

252 684 306 710 Res
331 682 486 717 (Caesaris,
511 694 546 710 sc.
568 683 686 720 gerere.)
715 682 744 708 sr.
766 683 788 707 l.
813 681 835 715 3.
858 683 879 707 l.
905 680 938 707 dc
957 680 999 706 off.
1020 679 1096 706 Pron.

253 727 331 753 Caes.
351 728 373 760 l:
395 728 434 753 19.
470 726 514 753 Ill.
535 728 602 754 Cn.
620 726 679 753 Erit
698 729 724 751 et
742 724 787 751 illa
805 733 904 761 poena,
924 733 957 749 ne
976 724 1036 759 quis
1056 733 1098 749 ne-

251 771 331 806 gotiis
350 769 465 807 publicis
485 770 650 796 interveniat.
670 768 702 794 fr.
721 770 745 794 9.
765 768 786 801 3.
806 770 830 793 ὃ.
851 766 884 793 de
903 776 980 804 poen.
1000 768 1097 793 48.19.

252 812 375 849 LegatuS,
395 814 439 849 qui
460 814 486 839 in
505 813 637 848 negotium
655 810 790 848 publicum
809 814 925 836 sumtum
938 809 1008 836 fecit.
1028 809 1059 836 fr.
1075 811 1098 836 7.
1119 820 1120 823 ¹

252 866 293 893 pr.
312 856 364 891 Qu.
386 857 433 882 cui.
454 856 523 882 univ.
545 865 613 881 nom.
633 857 658 881 3.
678 856 702 880 4.
740 853 817 880 Parvi
839 853 925 884 refert,
944 853 1004 889 ipse
1023 852 1097 879 Ordo

253 898 369 935 elegerit,
389 909 421 924 an
440 899 462 924 is
482 899 523 924 cui
543 897 618 924 Ordo
638 897 771 934 negotium
792 895 871 923 dedit.
892 895 923 922 sr.
939 898 962 922 6.
983 896 1004 929 3.
1020 897 1042 921 l.
1063 895 1097 921 ib.

251 944 277 968 3.
297 943 320 968 4.
342 941 374 968 cf.
399 941 429 967 t'r.
449 943 488 967 74.
514 940 546 967 de
566 950 670 978 procur.
690 942 715 966 3.
734 940 759 965 3.
781 956 810 960 -
836 940 867 973 ξ.
889 940 924 965 2.
949 941 1008 965 Res
1029 940 1097 973 pri-

252 991 346 1016 vata,
371 990 427 1010 aut
447 989 560 1010 nostra
580 989 636 1010 aut
656 985 811 1014 alterius,
831 984 1097 1009 administranda

252 1029 301 1054 vel
316 1029 466 1062 gerenda.
504 1026 523 1053 1.
540 1028 603 1061 Sy.
623 1026 710 1058 Bona,
730 1024 849 1061 Negotia.
869 1024 900 1051 l'r.
922 1027 961 1051 12.
981 1025 1003 1058 3.
1022 1026 1046 1050 2.
1067 1024 1098 1050 de

252 1069 285 1096 N
301 1070 332 1096 G.
352 1070 376 1095 3.
396 1071 419 1095 5.
458 1069 520 1101 Res,
540 1069 652 1105 Negotia
673 1072 784 1101 (nostra.
804 1068 846 1094 vel
859 1067 990 1101 alterius.)
1009 1066 1066 1093 Gai.
1080 1066 1098 1092 l.
1120 1072 1122 1090 1

252 1114 312 1140 197.
333 1112 362 1139 sr.
382 1114 406 1139 5.
426 1112 459 1138 de
478 1111 577 1149 postul.
597 1113 622 1138 3.
643 1113 665 1137 l.
686 1110 716 1137 sr.
738 1113 760 1137 l.
780 1111 802 1145 3.
815 1113 839 1137 2.
860 1110 892 1137 de
911 1121 1016 1148 procur.
1036 1112 1059 1136 3.
1073 1111 1097 1136 3.
1121 1119 1122 1134 ῑ

253 1155 284 1182 l'r.
305 1157 345 1182 51.
366 1155 399 1182 de
418 1154 485 1181 adm.
506 1160 531 1181 et
554 1155 634 1192 peric.
653 1155 696 1180 26.
717 1155 739 1180 7.
764 1154 794 1180 sr.
817 1156 855 1180 13.
875 1164 915 1191 pr.
934 1153 967 1180 de
986 1163 1043 1179 ann.
1064 1152 1099 1178 le-

252 1243 288 1268 ita
307 1246 333 1267 et
353 1242 378 1267 in
398 1240 498 1267 litibus.
524 1240 554 1267 l'r.
574 1242 615 1267 46.
635 1240 658 1274 3.
678 1241 702 1266 4.
722 1239 754 1266 de
773 1249 878 1277 procur.
898 1241 922 1266 3.
941 1241 966 1265 3.
1004 1238 1101 1265 Procu-

253 1289 326 1311 rator
343 1288 387 1310 aut
406 1283 439 1310 ad
457 1283 539 1316 litem,
558 1288 602 1310 aut
621 1283 653 1310 ad
672 1293 748 1309 omne
767 1283 909 1319 negotium,
929 1287 974 1309 aut
991 1281 1024 1308 ad
1042 1292 1100 1319 par·

253 1332 307 1354 tem
326 1328 438 1363 negotii,
463 1331 505 1353 aut
526 1326 558 1353 ad
577 1336 620 1353 res
640 1326 861 1352 administrandas
881 1325 964 1352 datur.
988 1324 1061 1351 Paul.
1082 1324 1099 1350 1.

253 1372 278 1397 3.
298 1371 320 1404 3.
339 1372 363 1396 2.
384 1370 415 1396 ct'.
436 1369 493 1396 Gai.
509 1369 550 1396 lll.
572 1370 629 1396 148.
667 1368 751 1395 Cuius
771 1368 888 1401 tutelam,
907 1369 1044 1404 negotiare
1057 1367 1100 1394 ad-

253 1414 393 1440 ministrat.
418 1412 448 1439 sr.
468 1413 510 1438 38.
530 1411 562 1438 de
581 1411 613 1438 N.
634 1412 665 1439 G.
685 1414 710 1438 3.
730 1414 754 1438 5.
791 1411 914 1447 Adgnato
934 1411 1028 1438 furiosi
1046 1421 1099 1437 non

254 1466 445 1493 usquequaque
464 1456 591 1492 competit
609 1465 695 1481 rerum
716 1455 772 1481 eius
792 1454 922 1487 alienatio,
945 1454 994 1481 sed
1013 1459 1101 1491 quate-

254 1509 304 1526 nus
324 1499 488 1534 negotiorum
508 1498 589 1533 exigit
612 1497 813 1524 administratio.
838 1498 868 1524 fr.
890 1500 930 1524 12.
955 1498 986 1524 fr.
1007 1499 1047 1524 17.
1067 1497 1099 1523 de

255 1547 336 1569 curat.
355 1542 446 1568 furios.
459 1543 556 1568 2210.
595 1540 671 1576 Quos
691 1551 776 1578 poena
796 1542 921 1573 coercuit,
941 1546 985 1567 aut
1004 1540 1035 1567 ab
1055 1540 1100 1566 lio-

254 1595 319 1612 nore
337 1583 511 1616 ministrandi,
534 1583 577 1609 vel
596 1583 817 1610 administrandae
836 1585 874 1610 rei
893 1584 998 1619 negotio
1017 1593 1100 1610 remo-

254 1630 300 1655 vit.
324 1627 354 1654 fr.
374 1629 415 1654 51.
441 1628 463 1661 3.
484 1629 506 1653 1.
532 1626 564 1652 de
589 1636 700 1652 manum.
726 1631 828 1652 testam.
853 1628 894 1652 40.
914 1628 938 1652 4.
977 1626 1007 1653 Si
1032 1627 1100 1652 inter

255 1681 301 1698 eos
320 1671 404 1697 div1sa
424 1671 459 1696 sit
478 1668 560 1695 tutela
580 1669 745 1705 regionibus,
766 1685 798 1689 —-
818 1674 844 1695 ct
863 1668 929 1695 alius
948 1669 1038 1696 urbica
1058 1679 1101 1695 ne—

254 1715 337 1751 gotia,
357 1713 423 1740 alius
443 1713 579 1750 peregrina
599 1712 800 1738 administraret.
825 1712 854 1738 fr.
874 1714 916 1738 51.
937 1711 969 1738 de
987 1712 1054 1738 adm.
1075 1716 1101 1737 et

255 1758 334 1795 peric.
354 1758 396 1783 26.
417 1757 440 1782 7.
466 1756 497 1781 t‘r.
519 1756 576 1781 100.
602 1754 634 1781 de
659 1754 737 1782 solut.
757 1756 799 1781 46.
819 1756 843 1781 3.
880 1755 915 1781 Et
936 1755 1040 1791 negotia
1059 1765 1100 1791 ge-

254 1806 328 1832 runt,
355 1804 381 1826 et
404 1799 585 1826 auctoritatem
609 1799 781 1835 interponunt
805 1800 859 1831 (sc.
880 1797 1042 1835 pupillorum
1061 1803 1100 1824 tu-

256 1845 348 1876 tores.)
369 1842 428 1879 le.
448 1841 494 1868 XI.
513 1843 555 1868 25.
584 1840 709 1868 Mulieres
725 1842 842 1878 —ipsae
862 1841 913 1867 sibi
932 1842 1036 1877 negotia
1051 1846 1100 1867 tra·

256 1891 335 1913 ctant.
354 1886 410 1912 Gai.
426 1885 443 1912 l.
459 1887 516 1911 190.
548 1884 610 1910 Suis
631 1885 743 1920 negotiis
763 1884 894 1916 sufficere,
913 1894 934 1911 s.
949 1894 1098 1921 superesse.

256 1930 287 1956 fr.
307 1931 330 1955 4.
350 1938 390 1964 sq.
410 1928 443 1954 de
461 1927 559 1964 postul.
578 1929 603 1953 3.
624 1929 645 1953 l.
666 1927 695 1953 t'r.
710 1930 751 1954 45.
772 1927 793 1960 3.
814 1928 837 1952 4.
857 1926 889 1953 de
909 1931 1037 1953 excusatt.
1056 1928 1098 1953 27.

257 1974 280 1998 l.
304 1971 422 1998 Alterius
436 1971 538 2005 negotia
553 1980 651 1997 curare.
676 1970 769 1996 Aliena
785 1971 887 2006 negotia
907 1970 1098 2002 administrare,

257 2025 278 2042 s.
299 2025 382 2051 agere,
403 2024 423 2040 s.
443 2023 540 2050 gerere.
563 2012 621 2050 ΠΡ.
636 2013 732 2039 XXIV.
749 2015 788 2040 19.
809 2013 838 2039 t'r.
855 2015 895 2039 14.
915 2014 937 2039 si
957 2023 1000 2049 qu.
1020 2017 1098 2039 cautt.

255 2061 280 2084 2.
301 2060 341 2084 11.
361 2057 391 2084 fr.
412 2059 434 2083 l.
454 2066 494 2093 pr.
514 2056 546 2082 de
565 2066 669 2092 procur.
689 2058 712 2083 3.
733 2059 756 2082 3.
777 2056 808 2082 fr.
822 2058 846 2082 6.
866 2056 947 2089 3.10.
968 2055 1001 2082 de
1020 2055 1051 2081 N.
1067 2055 1098 2082 G.

256 2104 280 2128 3.
295 2103 318 2127 5.
347 2100 502 2130 Commune,
521 2109 574 2125 non
589 2098 711 2130 alienum,
731 2109 751 2125 s.
766 2098 959 2131 Voluntarium,
979 2104 1005 2125 et
1023 2108 1098 2125 suum

256 2145 346 2182 potius
370 2143 518 2178 (negotium
542 2142 658 2177 gessisse
682 2141 792 2173 videri)
819 2142 849 2168 l'r.
869 2144 893 2168 9.
918 2143 955 2176 33.
975 2144 998 2168 4.
1018 2144 1042 2168 6.
1067 2141 1100 2168 de

256 2187 312 2214 reb.
332 2191 397 2212 auct.
418 2185 470 2212 iud.
488 2187 529 2211 42.
544 2187 567 2211 5.
606 2185 669 2211 Sive
688 2184 844 2210 hereditaria
864 2187 975 2221 negotia,
995 2186 1051 2211 sive
1071 2196 1099 2211 ea
1120 2193 1122 2209 1

257 2239 324 2266 quae
343 2228 453 2255 alicuius
472 2232 570 2260 essent,
590 2229 695 2263 (gerens
715 2227 832 2264 aliquis)
852 2228 881 2254 [ι’.
901 2231 942 2254 22.
964 2228 996 2254 de
1014 2227 1046 2254 N.
1067 2228 1098 2254 G.

256 2275 281 2299 3.
301 2275 324 2298 5.
362 2271 390 2297 Si
410 2272 536 2308 pecuniae
556 2272 615 2307 quis
634 2272 766 2307 negotium
785 2276 864 2306 gerat.
885 2271 914 2297 sr.
928 2273 969 2297 37.
989 2272 1011 2304 3.
1028 2273 1048 2296 l.
1064 2271 1098 2297 ib.
1121 2293 1122 2301 ,

256 2317 281 2342 3.
301 2318 325 2341 5.
363 2313 422 2340 Non
447 2315 521 2350 quasi
544 2315 632 2346 amici,
658 2313 705 2340 sed
730 2315 804 2350 qnasi
829 2313 941 2345 domini,
967 2315 1099 2349 negotium

257 2359 346 2395 gessit.
367 2357 397 2383 sr.
411 2358 453 2383 36.
473 2357 507 2382 ib.
521 2359 544 2382 3.
559 2359 582 2383 5.
621 2356 718 2383 Curam
732 2358 896 2392 negotiorum
909 2366 1017 2383 suorum
1031 2367 1100 2382 man-
1121 2367 1122 2381 1

258 2401 328 2428 dare.
353 2416 384 2420 —
413 2399 477 2426 Sine
500 2399 622 2426 mandatu
645 2401 782 2437 suscipere
806 2401 970 2435 negotiorum
994 2399 1100 2425 admini-

258 2445 419 2471 strationem.
441 2443 470 2469 sr.
490 2444 513 2468 5.
535 2452 572 2479 pr.
594 2442 625 2468 dt·
645 2442 677 2468 Ο.
699 2448 723 2468 et
740 2443 770 2469 Λ.
790 2444 831 2468 44.
853 2444 876 2469 7.
912 2442 1037 2468 Ins-adore
1058 2452 1100 2468 ne-
1121 2436 1122 2465 l

258 2488 327 2524 gotia
346 2486 462 2512 alterius.
499 2485 656 2515 humisa-re.
676 2495 698 2511 s.
718 2486 831 2512 Obl'erre
851 2495 890 2516 se,
908 2485 1021 2521 negotiis
1041 2484 1100 2511 alie·
1121 2477 1122 2482 ¹

259 2532 308 2557 nis.
328 2529 359 2556 sr.
369 2531 393 2555 5.
407 2539 445 2566 pr.
466 2528 482 2555 l.
503 2530 543 2555 44.
556 2530 579 2554 7.
598 2527 630 2554 cf.
650 2528 714 2554 sr.3.
734 2529 771 2562 33
783 2530 806 2554 9.
827 2538 867 2565 sq.
887 2528 921 2554 «le
939 2527 971 2554 N.
992 2528 1022 2554 G.
1038 2529 1061 2553 3.
1075 2530 1099 2553 5.
1121 2549 1122 2555 .

259 2573 371 2599 Deserta
391 2571 569 2608 derelictaque
588 2571 700 2606 negotia,
716 2586 746 2589 —
763 2571 862 2597 Cerere
875 2581 1046 2608 perseverare
1059 2581 1100 2596 ne-
1121 2590 1122 2596 .

259 2617 327 2652 gotia
347 2614 475 2652 (pupilli.)
496 2614 525 2641 l'r.
546 2616 568 2640 6.
589 2613 634 2640 ubi
653 2623 714 2650 pup.
734 2615 775 2639 27.
794 2617 819 2640 2.
839 2614 868 2640 l'r.
883 2617 906 2640 4.
928 2624 966 2651 pr.
987 2613 1019 2640 de
1038 2613 1101 2639 fide-

260 2659 323 2684 iuss
344 2663 389 2684 tut.
409 2660 451 2684 27.
472 2659 495 2684 7.
534 2656 572 2683 'Ne
597 2673 628 2676 —
653 2656 755 2692 negotia
780 2667 792 2681 a
817 2657 949 2683 tutoribus
975 2657 1099 2683 curatori·
1121 2666 1122 2691 J

259 2701 362 2736 busque
381 2705 574 2731 consumantur.
595 2704 638 2726 aut
657 2699 846 2725 deminuuntur.
867 2699 923 2725 Gai.
938 2699 955 2725 Ι.
972 2700 1029 2725 199.
1054 2699 1099 2725 Di·
1121 2712 1122 2715 ¹

260 2748 394 2780 reptorum
413 2744 575 2778 negotiorum
595 2742 734 2769 audientia.
759 2752 781 2768 c.
801 2743 823 2767 7.
849 2740 881 2767 de
905 2741 960 2767 ord.
981 2752 1054 2777 cogn.
1075 2743 1097 2767 7.

260 2787 302 2812 19.
339 2785 497 2812 Contractus
518 2785 635 2822 quidam:
657 2802 686 2806 -
707 2783 864 2813 mandatum.
878 2799 910 2803 -
930 2783 1051 2815 locatum,
1066 2800 1097 2803 —
1119 2818 1120 2831 χ

260 2827 370 2860 tutelae,
394 2829 496 2863 negotia
515 2833 595 2863 gesta.
620 2828 650 2855 sr.
669 2830 710 2855 23.
731 2827 763 2854 de
781 2826 813 2854 R.
833 2826 851 2853 1.
871 2829 912 2853 50.
934 2828 974 2853 17.
1010 2826 1097 2854 Actio.
1119 2834 1120 2842 ¹

1117 2877 1119 2891 l

979 169 1072 200 NEG
1090 187 1128 193 --
1146 169 1252 200 NEM.

1140 261 1207 288 quae
1231 252 1316 278 oritur
1340 261 1372 278 ex
1396 253 1502 288 negotio
1526 256 1609 288 gesto.
1655 251 1826 288 Negotiomm
1851 258 1985 290 gestorum

1140 295 1217 326 actio,
1237 305 1257 321 s.
1279 293 1412 321 iudicium.
1432 294 1462 321 fr.
1481 297 1505 321 2.
1527 295 1556 321 fr.
1575 296 1599 321 3
1620 295 1641 329 3.
1662 296 1685 321 7.
1705 296 1735 321 fr.
1754 296 1779 322 8.
1799 306 1838 333 pr.
1858 296 1888 323 fr.
1908 298 1932 323 9.
1953 296 1986 323 de

1116 328 1118 337 '
1140 336 1172 363 N.
1193 337 1224 363 G.
1248 339 1272 363 3.
1293 339 1316 363 5.
1341 336 1398 363 Ga.
1418 336 1462 364 iv.
1481 339 1522 364 33.
1543 340 1584 364 62.
1609 352 1642 356 —
1667 338 1699 371 ς.
1718 339 1755 365 a.
1782 340 1984 373 Negotiatio.

1143 382 1312 413 Quaestus.
1350 379 1369 406 I.
1390 381 1451 414 Sy.
1476 380 1634 416 Negotiatio.
1661 380 1803 416 Quaestus.
1831 380 1872 408 Cf.
1891 391 1916 408 v.
1936 381 1985 408 Ne-

1140 424 1257 459 gotiatio.
1294 423 1337 450 lll.
1352 425 1418 451 Cn.
1439 424 1493 459 Qui
1512 425 1660 450 institorem
1673 423 1805 456 tabernae,
1824 423 1866 450 vel
1881 425 1985 461 negotio

1141 467 1303 503 praeposuit.
1329 466 1358 493 fr.
1380 468 1401 493 1.
1422 476 1461 504 pr.
1482 466 1515 493 de
1533 477 1618 493 exerc.
1638 471 1686 493 act.
1708 469 1748 493 14.
1770 469 1792 493 l.
1813 466 1842 493 fr.
1862 468 1886 493 3.
1911 466 1941 494 fr.
1960 469 1985 494 5.

1141 518 1180 546 pr.
1200 508 1232 535 de
1252 509 1334 536 instit.
1349 514 1397 536 act.
1414 511 1453 535 14.
1466 510 1491 536 3.
1518 509 1663 541 Tabernae,
1683 519 1704 536 s.
1719 509 1833 542 Mensae,
1853 511 1986 546 negotium

1142 561 1272 578 exercere.
1301 552 1331 578 fr.
1352 553 1392 578 19.
1417 552 1455 586 33.
1476 553 1498 578 1.
1519 562 1556 589 sq.
1578 552 1612 579 ib.
1634 554 1674 579 14.
1693 554 1718 579 3.
1739 552 1769 579 fr.
1790 555 1830 579 77.
1850 553 1934 586 §.16.
1954 552 1987 580 de

1141 593 1217 630 legat.
1238 594 1268 620 11.
1289 596 1365 628 (31.)
1403 593 1439 621 Vt
1457 594 1541 632 probe
1565 605 1594 622 se
1618 600 1695 631 agant
1718 595 1768 629 [al.
1788 595 1894 632 gerant]
1919 596 1987 622 circa

1142 647 1219 663 omne
1238 639 1371 673 negotium
1390 647 1466 664 suum
1486 638 1540 671 (sc.
1561 638 1754 671 nummularii.)
1774 638 1804 666 fr.
1826 640 1849 665 l.
1869 639 1891 673 3.
1910 640 1935 665 9.
1955 638 1988 665 de

1118 672 1119 682 ἵ
1143 680 1187 706 off.
1211 679 1264 707 Prf.
1285 680 1329 707 Vr.
1351 683 1373 707 l.
1395 682 1434 707 12.
1461 697 1491 701 —
1519 681 1550 714 §0
1576 682 1615 707 4.
1644 683 1774 714 Actum,
1800 683 1986 709 Convcntio.

1120 751 1121 759 ἵ
1142 723 1161 749 I.
1173 724 1235 757 Sy.
1254 723 1292 755 Id,
1309 723 1380 760 quod
1393 728 1478 750 actum
1493 728 1540 750 est.
1561 723 1592 750 fr.
1606 725 1647 750 58.
1662 724 1695 750 de
1707 729 1776 762 pact.
1790 726 1814 751 2.
1831 726 1869 751 14.
1892 724 1987 761 Agere,

1119 780 1121 809 ἔ
1143 765 1321 798 Contraliere,
1349 766 1489 802 Negotium
1514 776 1611 803 gerere.
1638 766 1668 793 fr.
1687 769 1711 793 5.
1737 767 1770 793 de
1789 766 1819 793 R.
1840 767 1859 794 1.
1883 769 1925 794 50.
1947 769 1987 794 17.

1144 809 1201 835 Gai.
1221 809 1265 835 IV.
1292 811 1332 836 71.
1353 811 1394 836 74.

1436 809 1579 846 Obligatio.
1609 808 1778 836 Contractus.
1803 810 1834 837 fr.
1856 812 1896 837 17.
1921 811 1943 845 3.
1962 811 1987 837 3.

1120 854 1121 884 l
1143 851 1272 879 commod.
1299 853 1339 878 13.
1364 854 1388 879 6.
1413 852 1442 879 l'r.
1465 854 1503 879 15.
1529 853 1558 879 fr.
1577 854 1619 879 22.
1645 853 1677 879 de
1700 863 1815 890 praescr.
1839 863 1881 880 vv.
1903 855 1942 880 19.
1962 855 1986 880 5.

1143 895 1173 922 fr.
1193 897 1217 922 2.
1238 895 1320 929 331.
1340 904 1398 931 sqq.
1423 894 1453 922 sr.
1472 898 1496 922 5.
1521 896 1557 929 33.
1580 897 1602 922 1.
1623 906 1662 933 sq.
1688 895 1718 922 fr.
1738 898 1779 922 57.
1804 895 1836 922 de
1856 895 1889 923 O.
1910 901 1936 923 et
1955 896 1986 923 A.

1143 940 1184 964 44.
1205 940 1227 964 7.
1264 937 1307 964 Ill.
1329 939 1394 965 Cn.
1415 938 1500 964 Omne
1520 948 1601 974 genus
1621 940 1785 975 negotiorum
1806 943 1832 965 et
1851 938 1987 975 obligatio-

1143 991 1212 1008 num.
1233 980 1306 1007 Paul.
1320 980 1351 1007 11.
1367 982 1406 1006 11.
1426 981 1491 1015 3.1.
1528 981 1610 1018 Magis
1630 981 1662 1008 ad
1682 981 1846 1013 donationes,
1867 986 1893 1008 et
1911 981 1989 1008 bene·

1143 1024 1196 1050 ficii
1217 1034 1333 1054 causam,
1361 1033 1436 1060 quam
1461 1024 1493 1050 ad
1513 1025 1609 1060 negotii
1630 1025 1772 1057 contracti,
1792 1027 1912 1062 (spectat
1930 1034 1988 1062 pre—

1144 1067 1206 1093 carii
1226 1066 1365 1098 conditio.)
1385 1065 1416 1092 fr.
1438 1067 1477 1093 14.
1497 1066 1529 1093 de.
1549 1077 1647 1104 precar.
1662 1069 1703 1094 43.
1722 1069 1763 1094 26.
1784 1067 1816 1094 cf.
1837 1067 1866 1094 fr.
1886 1068 1928 1094 58.
1947 1077 1987 1105 pr.

1143 1108 1176 1136 de
1195 1109 1256 1136 don.
1276 1111 1322 1136 int.
1340 1108 1373 1135 V.
1391 1111 1434 1135 24.
1456 1111 1478 1136 l.
1515 1109 1565 1136 Est
1583 1111 1716 1146 negotium
1736 1110 1814 1137 civile
1833 1115 1943 1147 gestum,
1963 1115 1989 1137 et

1120 1153 1122 1191 ζ
1144 1152 1249 1189 quidem
1269 1152 1293 1179 b.
1310 1152 1326 1179 f.
1347 1152 1377 1179 l'r.
1400 1155 1421 1179 l.
1441 1162 1481 1190 pr.
1502 1152 1534 1179 de
1553 1154 1711 1180 aestimator.
1734 1156 1773 1180 19.
1792 1155 1817 1180 3.
1838 1153 1867 1180 fr.
1887 1155 1928 1179 50.
1947 1162 1988 1190 pr.

252 1203 303 1235 gat.
322 1200 364 1224 33.
386 1200 408 1224 l.
445 1197 488 1225 111.
510 1199 575 1225 Gn.
605 1196 640 1224 Vt
659 1198 686 1223 in
705 1198 815 1223 caeteris
834 1197 948 1232 negotiis
968 1195 1099 1232 gerendiS,
1121 1206 1122 1210 ¹

1144 1195 1177 1222 de
1202 1196 1258 1222 iure
1282 1195 1335 1222 dot.
1354 1197 1396 1222 23.
1416 1197 1441 1222 3.
1477 1195 1559 1222 Aliud
1582 1197 1680 1232 negotii
1704 1206 1802 1233 gerere.
1822 1212 1855 1216 —
1880 1195 1989 1222 Nullum

1144 1239 1276 1275 negotium
1298 1238 1460 1265 contrahere.
1487 1238 1516 1265 fr.
1536 1240 1578 1265 33.
1598 1238 1630 1265 cf.
1651 1238 1679 1265 fr.
1699 1242 1724 1266 2.
1744 1250 1782 1276 pr.
1803 1239 1835 1266 de
1855 1238 1931 1265 cond.
1951 1239 1989 1265 in-

1146 1281 1204 1308 deb.
1231 1283 1270 1307 12.
1290 1283 1314 1308 6.
1356 1282 1438 1318 Magis
1466 1280 1612 1308 distrahere
1639 1281 1708 1308 velle
1733 1283 1879 1318 negotium,
1908 1291 1986 1318 quam

1145 1324 1309 1351 contrahere.
1337 1324 1395 1351 Gai.
1415 1324 1456 1351 111.
1477 1326 1518 1351 91.
1562 1324 1590 1350 In
1617 1324 1740 1350 omnibus
1764 1325 1936 1357 testimoniis,
1956 1340 1988 1344 —

1144 1368 1189 1394 ubi
1209 1367 1309 1404 aliquid
1328 1369 1425 1405 negotii
1444 1368 1552 1403 geritur,
1570 1377 1618 1404 per
1637 1367 1708 1404 quod
1722 1367 1881 1404 adquiratur.
1901 1367 1932 1394 sr.
1945 1369 1988 1393 20.

1144 1412 1166 1446 3.
1185 1413 1210 1438 3.
1231 1411 1282 1447 Qu.
1303 1416 1404 1438 testam.
1424 1410 1472 1437 sac.
1494 1421 1519 1448 p.
1539 1412 1580 1437 28.
1602 1412 1624 1437 1.
1662 1410 1759 1437 Totum
1778 1410 1829 1437 hoc
1848 1411 1989 1447 negotium,

1145 1453 1217 1490 quod
1241 1455 1325 1490 agitur
1348 1455 1498 1480 testamenti
1522 1453 1661 1480 ordinandi
1683 1454 1772 1489 gratia.
1803 1453 1860 1480 Gai.
1879 1453 1909 1480 11.
1930 1455 1988 1480 105.

1144 1497 1328 1529 venditionis,
1352 1507 1376 1523 v.
1396 1496 1550 1523 Locationis
1569 1496 1820 1533 conductionisque,
1847 1497 1989 1533 negotium.

1145 1540 1175 1567 fr.
1195 1542 1237 1567 31.
1266 1540 1299 1567 de
1322 1544 1389 1577 pact.
1414 1541 1437 1565 2.
1465 1541 1505 1566 14.
1530 1539 1560 1566 sr.
1580 1541 1621 1565 22.
1647 1539 1680 1566 de
1703 1549 1817 1577 praescr.
1841 1549 1883 1566 vv.
1905 1540 1943 1566 19.
1964 1541 1988 1565 5.

1144 1583 1249 1615 Locus,
1278 1593 1330 1619 quo
1354 1583 1485 1619 negotium
1511 1587 1613 1619 gestum
1633 1583 1676 1609 sit.
1701 1582 1732 1609 sr.
1750 1583 1775 1609 3.
1794 1582 1827 1609 de
1846 1582 1900 1609 reb.
1921 1587 1988 1609 auct.

1144 1626 1197 1652 iud.
1217 1628 1258 1652 42.
1279 1628 1303 1652 5.
1345 1625 1456 1658 Statim,
1480 1626 1507 1652 in
1530 1626 1589 1662 ipso
1614 1626 1720 1662 negotio
1743 1635 1884 1663 praesens,
1909 1625 1989 1652 debet

1144 1674 1236 1695 auctor
1258 1669 1324 1695 fieri.
1353 1668 1384 1695 fr.
1403 1670 1427 1695 9.
1456 1669 1478 1702 3.
1499 1670 1522 1694 5.
1548 1668 1580 1694 dc
1605 1674 1672 1695 auct.
1697 1674 1723 1695 et
1747 1678 1819 1695 conS.
1843 1670 1886 1695 26.
1911 1670 1934 1696 8.
1955 1685 1987 1689 -

1145 1712 1175 1745 ξ.
1189 1713 1226 1739 5.
1243 1713 1413 1744 Quaestio,
1430 1713 1672 1738 Controversia.
1701 1711 1793 1746 LSy.
1813 1711 1908 1738 Causa.
1928 1721 1950 1738 c.
1965 1712 1988 1738 7.

1144 1754 1177 1781 de
1197 1755 1244 1781 iur.
1265 1759 1291 1780 et
1309 1754 1370 1781 sacti
1389 1755 1440 1790 ign.
1456 1757 1478 1781 l.
1494 1755 1533 1781 18.
1554 1753 1603 1780 Th.
1619 1754 1650 1781 C.
1665 1753 1710 1781 XI.
1725 1756 1766 1781 30.
1788 1764 1808 1781 c.
1825 1756 1847 1781 1.
1868 1764 1908 1791 sq.
1928 1764 1950 1781 c.
1963 1755 1988 1780 5.

1145 1808 1165 1824 c.
1182 1799 1223 1824 39.
1245 1807 1266 1823 c.
1286 1799 1328 1823 41.
1353 1796 1385 1823 de
1406 1806 1465 1834 app.
1487 1802 1512 1823 et
1531 1807 1608 1834 poen.
1648 1797 1785 1833 Quaestio.
1810 1808 1832 1824 c.
1851 1798 1876 1823 3.
1896 1807 1936 1834 sq.
1956 1795 1989 1823 de

1144 1841 1200 1867 ord.
1225 1840 1303 1867 iudic.
1323 1841 1347 1865 3.
1367 1840 1390 1865 8.
1434 1839 1476 1866 III.
1497 1841 1563 1867 Cn.
1588 1839 1696 1866 Vtilitas
1721 1841 1875 1877 provinciae
1900 1840 1988 1876 exigit,

1144 1894 1204 1911 esse
1222 1883 1344 1920 aliquem,
1363 1892 1411 1920 per
1430 1892 1507 1919 quem
1526 1883 1629 1918 negotia
1649 1893 1695 1909 sua
1709 1882 1886 1920 provinciales
1905 1881 1988 1919 expli-

1144 1932 1212 1954 cent.
1238 1926 1268 1952 t'r.
1289 1928 1329 1952 10.
1350 1935 1389 1963 pr.
1414 1925 1447 1951 de
1467 1925 1511 1951 off.
1530 1925 1605 1952 Proc.
1627 1931 1652 1952 et
1670 1925 1732 1962 Leg.
1754 1927 1775 1952 1.
1797 1927 1837 1952 16.
1874 1925 1987 1961 Quoties

1145 1969 1272 2006 Princeps
1292 1968 1324 1995 ad
1343 1968 1482 1995 Praesides
1496 1968 1591 1995 Provv.
1612 1970 1723 1995 remittit
1741 1969 1852 2004 negotia.
1872 1967 1902 1994 fr.
1915 1968 1940 1994 9.
1954 1966 1986 1993 cf.

1145 2013 1174 2040 fr.
1194 2015 1218 2039 8.
1239 2012 1272 2039 de
1292 2012 1335 2038 off.
1355 2011 1443 2038 Praes.
1465 2014 1486 2038 1.
1508 2013 1547 2038 18.
1586 2012 1640 2047 Qui
1663 2013 1690 2038 in
1714 2013 1754 2038 ius
1778 2015 1886 2037 vocatus
1909 2009 1987 2036 fuerit

1145 2056 1176 2082 ab
1200 2056 1364 2087 adversario,
1389 2056 1414 2081 ni
1440 2064 1470 2081 eo
1495 2054 1537 2081 die
1561 2055 1677 2081 finiverit
1696 2054 1835 2090 negotium.
1865 2052 1921 2079 Gai.
1942 2051 1986 2079 lV.

1146 2101 1202 2125 184.
1228 2098 1259 2125 cs.
1282 2100 1338 2124 141.
1376 2097 1528 2124 Consiliarii
1553 2096 1602 2130 [al.
1623 2096 1806 2129 Consiliariis]
1828 2111 1859 2115 -
1883 2096 1986 2131 negotia

1144 2147 1256 2168 tractare
1281 2142 1306 2167 in
1331 2150 1407 2167 suum
1432 2139 1537 2176 quidem
1560 2139 1717 2166 auditorium
1737 2138 1810 2164 nullo
1828 2137 1907 2165 modo
1927 2148 1987 2165 con-

1144 2194 1247 2211 cessum
1267 2189 1315 2210 est.
1336 2183 1366 2209 l'r.
1386 2185 1409 2209 5.
1430 2183 1463 2209 (le
1482 2183 1525 2209 osl'.
1546 2183 1645 2209 adsess.
1667 2184 1688 2209 1.
1708 2184 1749 2208 22.
1787 2180 1986 2208 condemnatus

1144 2227 1299 2265 adpellavit,
1329 2231 1355 2253 et
1374 2226 1418 2252 diu
1438 2227 1570 2262 negotium
1590 2230 1699 2251 tractum
1719 2229 1766 2250 est.
1796 2223 1825 2250 fr.
1845 2226 1885 2250 64.
1906 2223 1938 2251 de
1957 2233 1986 2251 re

1144 2270 1196 2297 iud.
1222 2272 1263 2296 42.
1287 2272 1306 2296 l.
1345 2268 1471 2295 For-cusia
1495 2269 1605 2305 negotia.
1631 2268 1672 2294 Cf.
1697 2277 1720 2293 v.
1742 2266 1873 2293 Forensis.
1901 2266 1985 2294 Vsum

1144 2314 1198 2346 (sc.
1219 2312 1412 2344 adiectionnm)
1435 2312 1546 2338 warietas
1566 2311 1728 2346 negotiorum
1748 2310 1901 2336 introduxit.
1927 2309 1983 2336 Gai.

1143 2356 1188 2383 IV.
1204 2358 1261 2382 129.
1289 2356 1438 2382 Exsecutor
1456 2356 1482 2380 in
1501 2355 1605 2389 negotio
1626 2363 1682 2379 lneo
1703 2352 1778 2378 datus
1799 2357 1825 2385 (a
1838 2352 1984 2386 Praetore.)

1144 2399 1175 2425 t'r.
1194 2400 1218 2424 3.
1239 2399 1260 2431 3.
1281 2400 1304 2424 S.
1325 2398 1358 2425 de
1376 2397 1407 2424 N.
1425 2396 1455 2424 G.
1474 2398 1497 2422 3.
1517 2399 1541 2422 5.
1580 2395 1676 2422 Facere
1695 2395 1782 2427 alicui,
1802 2411 1834 2415 ——-
1853 2395 1909 2422 Pati
1929 2396 1985 2429 (ne-

1144 2443 1268 2478 gotium.)
1294 2441 1324 2467 fr.
1346 2443 1368 2467 l.
1387 2450 1427 2477 pr.
1452 2440 1517 2473 3.1.
1544 2438 1574 2464 l'r.
1594 2441 1618 2465 3.
1643 2440 1664 2472 3.
1683 2441 1708 2466 3.
1733 2438 1766 2464 de
1786 2437 1896 2464 calumn.
1915 2439 1939 2464 3.
1959 2439 1982 2465 6.

1145 2485 1174 2511 sr.
1195 2487 1218 2510 5.
1238 2494 1277 2521 pr.
1298 2483 1330 2510 dc
1349 2483 1457 2518 obsequ.
1477 2491 1531 2518 par.
1548 2483 1589 2507 37.
1612 2483 1651 2507 15.

1179 2529 1310 2555 Nema.
1348 2527 1475 2556 Nemea,
1501 2526 1636 2550 scarnen.
1674 2523 1704 2549 11.
1726 2525 1793 2557 Op.
1817 2522 1898 2549 Nema
1921 2523 1984 2549 seri-

1145 2581 1211 2597 cum.
1233 2586 1263 2590 -
1283 2569 1393 2595 lllctaxa.
1414 2567 1454 2593 Ct'.
1473 2566 1497 2592 h.
1517 2577 1541 2592 v.
1579 2566 1622 2593 lli.
1638 2568 1703 2595 Cn.
1724 2566 1833 2603 Species
1852 2566 1983 2603 pertinen-

1145 2619 1184 2640 tes
1205 2613 1236 2640 ad
1256 2610 1380 2647 vectigal:
1402 2627 1431 2630 -—
1457 2611 1539 2636 vestis
1566 2611 1661 2641 serica,
1689 2608 1731 2635 vcl
1755 2608 1902 2639 subserica,
1924 2606 1982 2633 vela

1145 2658 1233 2684 tincta.
1253 2653 1387 2684 carbasea,
1408 2662 1480 2678 nenia
1501 2653 1622 2679 sericum.
1649 2651 1679 2678 fr.
1701 2653 1740 2677 16.
1760 2652 1782 2685 3.
1803 2653 1826 2678 7.
1846 2650 1879 2677 de
1896 2649 1982 2687 publi-

1144 2709 1201 2725 ean.
1218 2699 1259 2724 39.
1280 2698 1303 2722 4.

1177 2739 1402 2767 Nennesiaei.
1448 2741 1552 2765 Genus
1580 2739 1742 2764 homiuum
1769 2736 1980 2770 superstitio-

1143 2792 1262 2814 sorum,
1282 2788 1311 2808 et
1331 2783 1596 2808 vaticinantium.
1633 2779 1676 2806 III.
1697 2781 1762 2808 Cu.
1787 2777 1934 2813 Collegiati,
1954 2781 1980 2803 et

1141 2825 1275 2857 vitutiarii,
1295 2829 1320 2851 et
1339 2825 1486 2855 ncmesiaci,
1509 2822 1640 2859 signiferi,
1661 2821 1828 2852 cantabrum,
1848 2825 1874 2847 ct
1892 2821 1979 2856 singu-
