2197 3121
942 162 1068 193 0131-
1079 161 1175 192 OBL.

182 253 242 278 Per
265 251 476 279 occasionem,
505 250 552 274 vel
581 246 855 279 consequentiam.
890 243 1020 271 111011.

182 292 259 319 Patre
278 292 436 329 paciscente,
457 295 481 316 et
500 289 610 316 liberato
631 287 794 319 adversario,
814 287 896 313 silium
916 295 1021 323 quoque
1042 310 1043 315 ,

183 335 269 362 obiter
288 335 401 361 liberari.
422 333 451 359 sr.
470 335 490 358 1.
511 332 543 358 de
562 341 628 358 resc.
648 330 724 357 vend.
740 332 779 356 18.
800 332 823 356 5.
1042 330 1044 344 “

218 377 362 404 obitus.
391 376 507 409 (Subst.)
538 376 587 401 Μυ
597 384 634 400 rs.
672 373 690 399 I.
710 374 772 407 Sy.
792 372 871 399 Mors.
892 370 932 397 Cf.
953 371 977 397 h.
997 381 1021 396 v.
1043 399 1045 414 A

183 421 206 454 3.
227 422 248 446 l.
286 419 329 446 III.
350 421 415 447 Gn.
444 417 524 454 Quod
547 421 609 454 post
637 416 738 442 obitum
763 414 867 442 heredis
894 413 1023 439 codicillis

184 463 313 499 legatum,
338 462 380 489 vel
405 461 535 488 ademtum
559 464 605 486 est.
631 459 660 485 fr.
682 460 720 485 14.
745 468 784 495 pr.
810 457 842 484 dc
866 457 921 483 iure
940 456 1023 482 codic.
1044 451 1045 460 ¹

183 507 226 532 29.
247 507 270 531 τ.
1045 521 1046 526 =

219 548 441 581 obiurgare.
463 547 687 580 Exprobrare,
708 544 955 577 Reprehenaere.
980 541 1023 568 III.
1045 563 1046 574 ,

185 592 252 618 Cn.
276 590 312 616 Ita
338 589 502 625 obiurgatum
526 598 585 614 esse
605 598 617 614 a
638 588 689 623 Qu.
710 587 809 616 Muci03
836 595 946 622 namque
967 594 1024 610 eum
1045 593 1046 614 j

186 633 294 665 dixisse,
315 637 390 669 turpe
410 641 469 657 esse
488 631 607 668 patricio.
629 635 654 655 et
673 629 763 661 nobili,
784 634 807 655 et
823 638 913 654 causas
932 628 1024 659 oranti.

185 677 235 707 ius,
255 677 281 702 in
301 685 352 711 quo
372 679 533 705 versaretur,
554 675 680 710 ignorare.
707 672 736 698 fr.
755 674 779 698 2.
800 672 821 706 3.
841 673 882 698 43.
903 670 934 697 de
954 672 986 697 O.
1006 670 1024 696 I.

188 721 210 745 l.
230 721 253 745 2.

221 761 442 788 Oblatieius.
463 759 592 792 (Adiect.)
617 759 786 785 oblationi
805 759 967 784 obnozius.
1005 756 1023 782 Ι.

185 804 247 837 Sy.
268 803 433 829 OblationeS.
459 802 618 828 Oblaticium
629 811 726 827 aurum.
747 799 796 826 Th.
809 800 839 826 C.
852 799 894 826 Vl.
914 802 937 825 2.
960 810 980 826 c.
1001 801 1024 825 5.

186 856 207 872 c.
227 847 251 872 9.
271 856 292 872 c.
314 848 353 872 14.
375 846 406 871 de
426 845 515 871 Senat.
535 850 560 871 et
579 844 611 871 de
629 843 696 880 gleb.
1046 852 1047 876 ἦ

221 889 382 916 Oblatio.
419 889 449 921 §-
470 889 504 914 1.
534 890 632 915 :lctus
655 888 837 920 promendi,
866 887 915 912 vel
939 879 1048 921 offe-J

186 934 286 958 rendi.
325 931 343 958 I.
368 933 429 965 Sy.
454 931 557 957 Offerre
577 929 827 962 (aestimationem.)
856 927 1024 954 Oblationein
1046 935 1047 960 ff

186 974 271 1000 faeere
291 974 522 1007 (aestimationis)
550 972 579 999 l'r.
599 974 640 998 2³⁴9.
665 972 678 1006 3
708 973 730 997 l.
751 971 782 997 de
802 971 877 1007 legat.
898 971 928 997 ΙΙ.
949 971 1025 1003 (31.)
1046 962 1047 967 ¹

187 1016 229 1043 llI.
247 1018 312 1044 Gn.
334 1016 382 1043 vel
401 1018 485 1042 victus
505 1016 654 1046 necessarii⁷
674 1013 716 1040 vel
730 1015 846 1051 potionis
860 1014 968 1046 oblatio,
984 1012 1025 1039 vel

187 1059 367 1086 medicaminis
387 1059 464 1090 datio,
485 1057 527 1084 vel
547 1058 689 1095 impositio.
713 1067 733 1083 c.
753 1059 794 1083 2³.
814 1068 853 1094 pr.
873 1057 905 1084 de
924 1062 1025 1083 testam.
1047 1057 1048 1060 ’

188 1108 214 1129 et
233 1102 351 1139 quemad.
371 1104 394 1128 6.
413 1103 454 1127 23.
492 1100 522 1127 Si
546 1100 613 1127 sorte
637 1099 735 1126 oblatio
756 1101 779 1126 ei
798 1100 844 1126 liat
863 1101 931 1132 eius,
956 1099 1026 1136 quod
1048 1113 1049 1120 κ

188 1145 308 1172 relictum
333 1150 387 1176 est,
412 1145 486 1181 quasi
511 1154 541 1170 ex
565 1143 699 1169 voluntate
722 1145 857 1169 testatoris
880 1143 968 1169 oblato
988 1153 1026 1168 eo.

188 1187 218 1214 fr.
237 1190 260 1215 8.
281 1189 302 1222 3.
323 1190 362 1214 10.
383 1187 415 1213 de
434 1187 506 1213 inoff.
527 1191 627 1212 testam.
651 1189 675 1212 5.
695 1188 718 1212 2.

188 1230 320 1257 oblatione
341 1235 418 1267 atque
438 1229 549 1256 solemni
569 1229 735 1266 depositione
755 1230 823 1262 (non
844 1231 893 1256 erit
912 1228 1027 1255 difficilis

187 1274 305 1310 pignoris
318 1273 462 1305 liberatio.)
484 1283 504 1298 c.
521 1274 560 1298 10.
575 1272 607 1299 de
620 1274 690 1309 pign.
705 1277 753 1298 act.
765 1274 788 1298 4.
799 1274 839 1298 24.
854 1288 885 1291 —
904 1273 1027 1306 §.LA-

188 1318 408 1352 Susfragium
433 1318 612 1342 licitanais.
644 1318 754 1342 Pretii
770 1317 947 1351 professio.
984 1313 1027 1340 111.

187 1360 254 1387 Gn.
283 1359 336 1395 Qui
357 1364 474 1385 caeteros
495 1358 628 1384 oblatione
647 1360 789 1395 superavit.
813 1358 863 1385 Th.
884 1357 914 1384 C.
936 1357 966 1383 V.
988 1358 1027 1383 13.

187 1412 208 1428 c.
230 1403 271 1428 18.
292 1402 406 1436 (Wek.)
443 1402 618 1437 Augmentum
638 1406 662 1427 te
683 1401 815 1434 facturam,
835 1417 867 1421 ——
888 1406 916 1427 nt
934 1402 1028 1427 iustam

187 1444 318 1472 uberioris
342 1446 420 1482 pretii
445 1442 605 1470 olffationem
629 1444 754 1471 admittat.
781 1455 801 1471 c.
822 1447 845 1471 4.
870 1444 902 1470 de
926 1443 978 1470 fide
1004 1448 1028 1469 et

186 1488 244 1514 iure
262 1488 328 1514 hast.
349 1490 389 1514 10.
409 1489 432 1514 3.
459 1503 490 1507 -—
514 1488 544 1520 §-
565 1489 600 1514 ².
622 1490 817 1523 Adlegaeio,
843 1489 1027 1514 Exliibitio.

187 1530 230 1557 III.
251 1532 317 1558 Gn.
339 1530 442 1562 Mulier,
462 1540 528 1567 quae
547 1529 650 1567 repudii
670 1541 682 1556 a
703 1540 731 1556 se
751 1530 804 1556 dati
823 1530 956 1556 oblatione
976 1529 1028 1555 dis-

188 1575 305 1600 cesserit.
334 1573 384 1600 Tb.
406 1573 436 1600 C.
464 1573 505 1599 111.
532 1574 570 1599 16.
598 1583 618 1599 c.
638 1575 662 1599 2.
687 1573 719 1599 de
743 1573 834 1611 repud.
876 1573 950 1608 Quae
975 1574 1028 1605 (se.

189 1618 318 1649 actiones)
338 1627 385 1654 per
404 1616 565 1642 oblationem
585 1626 701 1653 precum.
721 1621 746 1642 et
766 1616 797 1643 ad
817 1626 859 1643 eas
879 1617 1029 1653 rescriptio-

189 1669 261 1691 nem,
281 1664 478 1696 perpetuantur.
499 1669 520 1685 c.
539 1661 563 1685 2.
589 1660 640 1695 Qu.
659 1659 741 1686 libell.
762 1659 847 1686 Princ.
869 1662 891 1685 1.
910 1661 951 1685 20.
988 1658 1027 1684 ln-
1050 1663 1052 1680 t

189 1706 395 1729 strumentorum
415 1702 513 1728 oblatio
533 1703 603 1735 (sine
617 1712 692 1729 causa
708 1702 892 1735 desideratur.)
912 1701 984 1728 Paul.
997 1701 1028 1727 11.

192 1745 322 1778 17.§.14.
339 1761 371 1765 -—
391 1745 421 1778 §0
436 1746 473 1771 3.
494 1747 554 1771 Res
574 1748 644 1779 ipsa
665 1747 853 1782 offerenda,
873 1747 1028 1771 oblatave.

190 1788 400 1814 Donativum.
437 1787 455 1814 Ι.
475 1788 536 1821 Sy.
562 1788 634 1823 Quid
654 1788 729 1820 dare.
750 1794 777 1814 ut
798 1788 846 1814 deo
867 1788 950 1813 detur.
987 1785 1029 1812 Ad

191 1830 350 1857 oblationem
370 1830 411 1857 dei
432 1830 535 1856 donare.
556 1830 586 1857 fr.
606 1833 629 1856 5.
650 1832 671 1864 3.
694 1833 731 1856 12.
752 1831 784 1857 de
803 1831 863 1857 don.
884 1832 928 1856 int.
944 1828 973 1855 V.
987 1831 1029 1855 24.

191 1874 214 1899 1.
252 1872 281 1899 11.
302 1874 369 1907 ΟΡ.
390 1873 555 1899 Oblationes.
576 1889 608 1892 —
633 1873 776 1899 Postulata.
803 1873 851 1899 Th.
873 1872 904 1899 C.
924 1871 967 1898 VI.
987 1874 1029 1898 26.

191 1926 212 1942 c.
231 1917 254 1942 3.
276 1916 307 1942 de
326 1926 401 1953 prox.
423 1926 487 1942 com.
508 1915 575 1952 disp.
613 1915 655 1942 111.
677 1918 742 1944 Gn.
761 1917 784 1942 A
805 1914 990 1942 collationibus
1005 1919 1030 1940 et

191 1959 312 1985 omnibus
332 1958 510 1985 oblationibus
536 1958 646 1984 liberati.
676 1959 712 1985 lb.
733 1959 800 1985 thl.
822 1961 845 1985 5.
874 1969 894 1984 c.
915 1960 938 1984 5.
963 1958 1028 1991 3.1.

191 2012 213 2028 c.
234 2004 256 2028 Τ.
276 2001 308 2028 de
328 2001 438 2028 navicul.
469 2001 576 2027 Oblatio
597 2002 673 2027 nobis
693 2002 769 2039 ampl.
799 2001 909 2028 Ordinis
927 2005 1028 2038 promta

191 2044 347 2071 liberalitate
366 2045 504 2081 promissa.
528 2044 564 2071 lb.
586 2044 628 2071 Vl.
649 2047 671 2071 2.
693 2055 713 2071 c.
732 2047 771 2071 14.
792 2045 823 2071 de
843 2045 931 2071 Senat.
953 2049 978 2070 et
997 2043 1029 2070 de

192 2087 259 2121 gleb.
288 2088 330 2114 Ad
352 2087 510 2113 oblationem
523 2089 692 2125 pecuniarum
706 2089 798 2124 urgeri.
819 2087 914 2114 1b.X1.
930 2089 951 2113 l.
972 2098 994 2114 c.
1004 2089 1028 2112 5.

193 2130 225 2156 dc
244 2142 301 2157 ann.
322 2136 346 2157 et
365 2130 456 2157 tribut.
484 2130 739 2168 Eudoxiopolitanae
758 2132 871 2157 civitatis
891 2132 961 2157 cives
981 2140 1029 2166 pro

193 2172 324 2200 oblatione
344 2174 386 2207 [al.
406 2173 540 2207 oblatano]
561 2184 623 2199 suae
642 2175 740 2211 patriae
761 2173 803 2207 [al.
820 2184 892 2200 suam
907 2173 1028 2210 patriam]

194 2217 332 2251 ergasteria
352 2216 537 2243 condonamus.
558 2216 594 2242 lb.
609 2216 666 2243 XV.
682 2219 703 2242 l.
724 2227 745 2243 c.
759 2219 800 2243 42.
822 2217 854 2243 de
873 2227 934 2254 opp.
950 2216 1011 2253 pub.

228 2258 395 2286 oblatus.
415 2259 535 2293 (Partic)
559 2262 677 2294 Sponte
696 2262 854 2291 traditus,
872 2263 920 2286 vel
938 2262 1028 2294 depo-

195 2303 289 2327 situs.
326 2300 367 2328 111.
388 2304 452 2330 Gn.
472 2302 646 2340 Conceptum.
667 2307 693 2330 et
712 2303 827 2329 oblatum
847 2303 952 2329 furtum.
973 2302 1029 2328 Gai.

195 2343 237 2369 111.
258 2344 315 2369 183.
353 2343 477 2372 Oblatum
495 2346 592 2373 furtum
612 2346 715 2377 dicitur.
736 2356 793 2372 cum
812 2356 854 2372 res
868 2345 963 2372 furtiva
982 2345 1031 2371 tibi

196 2386 227 2412 ab
251 2385 339 2422 aliquo
363 2386 449 2413 oblata
472 2390 518 2421 sit,
543 2399 625 2426 eaque
644 2389 712 2426 apud
732 2394 757 2415 tc
777 2393 902 2426 concepta
922 2389 964 2414 sit.
992 2388 1030 2414 Ib.

195 2429 238 2455 ΙΙΙ.
259 2430 316 2455 187.
337 2430 395 2455 191.
414 2429 459 2455 IV.
480 2433 536 2458 173.
556 2432 628 2458 Paul.
647 2431 677 2458 ll.
696 2434 737 2458 31.
757 2432 778 2465 3
798 2434 822 2458 3.

230 2473 570 2501 Oblectamentum.
608 2477 805 2502 Delu-tatio.
848 2474 866 2501 1.
889 2476 950 2509 Sy.
979 2473 1031 2500 Vo-

196 2514 319 2551 luptates,
339 2514 537 2542 Oblectamenta
550 2517 676 2554 (populi.)
695 2529 716 2545 c.
730 2520 771 2544 26.
790 2518 822 2545 de
836 2519 916 2555 episc.
930 2522 956 2544 et
969 2517 1030 2544 cler.

198 2560 220 2584 1.
244 2559 269 2584 3.
310 2557 353 2583 111.
378 2559 444 2585 Cn.
467 2557 602 2586 Ludorum
625 2577 656 2581 ——-
680 2563 810 2588 interesse
832 2561 981 2593 festivitati,
1005 2565 1031 2586 et

197 2600 395 2627 oblectamentis
418 2600 533 2627 savorem
552 2601 646 2629 elicere
663 2604 828 2642 populorum.
852 2603 901 2630 Th.
922 2603 952 2631 C.
972 2602 1030 2630 XV.

197 2645 221 2670 9.
242 2654 262 2670 c.
281 2646 305 2669 2.
326 2643 358 2669 de
378 2653 485 2681 expens.
506 2644 558 2670 lud.

232 2687 455 2714 oblectatio.
474 2687 553 2713 Idem.
590 2687 632 2713 111.
645 2689 710 2715 Gn.
729 2689 764 2716 Vt
783 2690 831 2716 sub
851 2690 899 2716 hac
918 2689 1031 2715 oblecta-

197 2730 270 2756 tione
288 2729 402 2767 populus
416 2740 462 2756 sua
476 2731 580 2756 tristitia
595 2730 754 2759 consoletur.
771 2733 807 2759 lb.
821 2733 878 2760 ΧΠ.
895 2736 917 2760 l.
937 2744 958 2760 c.
974 2734 1030 2760 169.

199 2772 231 2799 de
250 2772 383 2799 decurion.

233 2817 421 2843 ”bliderffl
466 2818 656 2850 Reprimcre.
700 2816 742 2843 III.
767 2819 832 2845 Gn.
861 2819 1033 2851 Officialium‚

757 1186 806 1212 Vel
826 1186 966 1217 solutione,
985 1184 1028 1211 vel
1048 1180 1050 1203 '1

1844 161 1906 190 613

1066 253 1146 280 parva
1164 252 1308 278 magnaque
1327 243 1505 279 poscentium.
1530 240 1686 268 intolerandi
1710 242 1821 277 impetus
1842 241 1905 267 obli-

1067 287 1167 313 dantnr.
1188 285 1238 312 Th.
1260 285 1290 312 C.
1311 285 1330 311 I.
1353 287 1390 311 16.
1411 296 1432 313 c.
1453 288 1475 311 7.
1497 284 1599 317 (ch.)
1620 283 1651 310 de
1672 284 1715 309 off.
1735 283 1808 310 lieet.
1830 283 1870 310 Pr.

1101 330 1291 363 Obligare·
1330 328 1360 361 ξ.
1381 330 1414 355 l.
1440 330 1628 359 Derincire,
1650 327 1834 353 Obnoxiam
1849 329 1903 363 fu-

1067 383 1148 404 rere,
1169 374 1351 407 Collz'gare.
1389 371 1431 397 111.
1447 373 1512 398 Gn.
1533 371 1585 406 Qui
1605 380 1677 396 sacra
1697 370 1784 406 impia,
1803 374 1905 396 noctur—

1068 425 1141 446 nave‚
1161 420 1189 441 nt
1209 424 1285 451 quem
1299 414 1476 445 obeantarent.
1497 414 1647 449 deligerent.
1668 412 1821 448 obligarent.
1841 412 1906 438 sece-

1067 459 1127 484 rint.
1152 457 1222 484 Paul.
1244 456 1274 483 V.
1299 458 1340 483 23,
1366 457 1386 490 3.
1408 459 1446 482 15.
1492 456 1581 482 Fidem
1605 466 1676 482 suam
1701 455 1816 491 obligare
1840 460 1906 492 (pro

1067 502 1177 537 pecnnia
1202 501 1315 533 mutua.)
1339 500 1368 526 fr.
1389 502 1430 526 54.
1455 499 1487 525 de
1512 499 1629 525 fideiuss.
1656 500 1696 525 46.
1722 501 1744 525 1.
1786 498 1906 534 Pignoris

1069 543 1192 580 obligatio
1219 544 1295 569 etiam
1320 544 1387 569 inter
1406 542 1528 568 absentes
1549 547 1619 568 recte
1639 552 1669 568 ex
1688 546 1822 567 contractu
1841 540 1906 566 obli-

1069 591 1149 622 gatur.
1170 586 1200 612 sr.
1215 588 1256 612 23.
1277 586 1298 619 3.
1316 587 1336 612 l.
1352 585 1383 611 de
1398 586 1496 622 pigner.
1510 586 1551 610 20.
1568 587 1588 610 1.
1617 585 1815 615 lllatrimoninm⁷
1835 584 1906 620 quod

1046 652 1047 655 ,
1069 645 1101 648 ——
1122 631 1186 655 arris
1207 629 1285 655 suerit
1305 628 1452 664 obligatum.
1479 627 1528 653 Th.
1550 627 1580 654 C.
1601 627 1641 653 lll.
1662 630 1684 653 6.
1706 638 1726 653 c.
1748 629 1769 653 1.
1790 628 1812 653 si
1831 637 1904 663 prov.

1045 671 1142 705 <lieet
1165 688 1194 691 —
1224 672 1254 705 ξ.
1279 673 1314 698 2.
1345 672 1475 698 Crediti
1497 677 1525 697 et
1549 672 1650 697 debili
1678 672 1813 696 nexibus
1836 680 1905 696 con-

1069 717 1240 749 stringere.
1270 714 1288 740 1.
1303 716 1364 748 Sy.
1386 713 1559 750 Obstringere
1578 716 1627 746 (sc.
1642 712 1801 745 hereditati.)
1821 712 1850 738 fr.
1866 722 1904 749 pr.

1046 774 1048 792 5
1069 758 1090 791 3.
1113 759 1133 783 l.
1155 757 1184 783 sr.
1204 758 1227 783 6.
1247 767 1285 794 pr.
1306 757 1327 790 3.
1349 759 1371 782 4.
1392 756 1422 782 fr.
1442 758 1483 782 22.
1507 756 1536 782 t'r.
1557 758 1596 781 50.
1618 766 1656 792 sq.
1677 755 1709 781 de
1729 756 1759 781 A.
1779 765 1802 780 v.
1823 756 1855 781 O.
1875 754 1905 781 H.

1069 804 1110 827 Ἐξ).
1130 803 1153 826 2.
1191 800 1316 826 Eiusdem
1336 799 1503 835 obligationis
1523 799 1677 836 participes.
1699 798 1814 833 Obligati
1834 797 1906 834 (pln-

1070 845 1137 875 res.)
1163 842 1192 869 fr.
1214 845 1253 869 16.
1279 853 1317 880 pr.
1343 842 1374 868 de
1399 841 1516 879 acceptil.
1537 843 1577 868 46.
1598 844 1621 867 4.
1647 841 1676 867 sr.
1699 843 1737 867 10.
1762 841 1793 866 de
1817 840 1905 877 stipul.

1070 886 1153 912 Praet.
1174 887 1214 912 46.
1234 889 1257 912 5.
1295 885 1404 911 Tenet-i.
1430 884 1565 911 Praestare
1584 884 1691 911 debere.
1713 884 1836 911 Oneravi.
1857 883 1907 909 De-

1071 930 1145 959 bere,
1170 928 1296 964 Obligari.
1327 927 1382 954 Gai.
1407 927 1436 954 ll.
1463 929 1503 953 35.
1533 927 1592 964 Ytp.
1613 927 1684 953 XIX.
1706 929 1744 953 14.
1770 926 1799 952 sr.
1820 930 1843 952 a:
1868 936 1905 962 pr.

1071 974 1092 1006 3.
1115 974 1137 998 1.
1163 971 1192 998 sr.
1215 973 1253 997 19.
1278 972 1299 1004 3.
1320 973 1343 996 3.
1368 970 1397 996 l'r.
1417 973 1458 996 25.
1479 970 1510 996 de
1530 969 1561 996 N.
1583 970 1613 996 G.
1633 972 1656 995 3.
1677 972 1700 995 5.
1727 969 1756 995 fr.
1778 971 1817 995 17.
1841 970 1906 1003 3.1.

1047 1038 1048 1053 ἦ
1071 1015 1102 1041 de
1122 1014 1196 1041 milit.
1216 1019 1318 1040 testam.
1338 1016 1378 1040 29.
1400 1015 1422 1039 1.
1443 1013 1472 1039 sr.
1493 1015 1534 1039 57.
1554 1014 1575 1046 3.
1597 1015 1618 1039 7.
1639 1012 1671 1038 ad
1690 1011 1718 1038 L.
1740 1011 1808 1038 Fale.
1828 1013 1870 1038 35.
1883 1014 1906 1038 ⁴2.

1071 1059 1101 1085 l'r.
1121 1060 1144 1084 3.
1166 1068 1203 1095 pr.
1229 1057 1260 1083 de
1285 1056 1382 1082 censib.
1407 1059 1449 1082 50.
1471 1058 1508 1082 15.
1552 1055 1581 1081 ll.
1604 1057 1670 1089 Op.
1698 1055 1810 1081 Donare.
1835 1054 1864 1081 l'r.
1884 1058 1907 1081 4.

1074 1102 1095 1135 3.
1117 1103 1139 1128 l.
1166 1101 1197 1127 ad
1222 1099 1289 1126 S.C.
1310 1099 1378 1125 vell.
1400 1101 1438 1125 16.
1460 1101 1481 1125 1.
1522 1098 1656 1124 Liberare.
1682 1098 1723 1124 Cf.
1748 1097 1772 1124 h.
1796 1108 1819 1124 v.
1845 1098 1865 1130 3.
1884 1099 1908 1123 3.

1072 1144 1220 1180 Obligatus.
1241 1159 1273 1162 —
1298 1142 1415 1169 Solutus.
1441 1142 1471 1168 sr.
1497 1143 1553 1168 174.
1579 1141 1610 1167 de
1630 1140 1660 1166 Υ.
1681 1140 1708 1166 S.
1728 1142 1769 1166 50.
1791 1141 1829 1166 16.
1868 1139 1908 1165 tlt.

1073 1189 1138 1215 Cn.
1159 1186 1234 1213 Vltro
1255 1187 1320 1212 citro
1340 1185 1427 1215 dandi,
1447 1183 1600 1221 accipiendi.
1621 1183 1753 1213 credendi.
1768 1182 1908 1219 obligandi.

1073 1230 1193 1257 solvendi
1213 1230 1253 1255 sui
1273 1238 1349 1255 causa
1369 1229 1518 1264 negotiatio.
1545 1227 1574 1253 sr.
1594 1228 1617 1253 6.
1637 1227 1658 1260 3.
1678 1228 1701 1252 3.
1723 1225 1755 1252 de
1774 1225 1866 1252 edenti.
1885 1228 1908 1251 2.

1074 1275 1112 1299 13.
1150 1273 1179 1299 Si
1199 1273 1257 1309 quis
1277 1273 1303 1298 in
1324 1271 1391 1298 furto
1409 1287 1440 1290 —
1461 1270 1652 1308 deprehensns,
1666 1268 1755 1295 —wvel
1775 1268 1847 1295 dedit
1867 1268 1909 1294 ali-

1073 1316 1148 1353 quid.
1173 1315 1215 1342 vel
1239 1325 1267 1341 se
1294 1314 1426 1350 obligavit.
1451 1313 1481 1340 fr.
1503 1315 1525 1339 7.
1550 1314 1615 1346 3.1.
1645 1312 1696 1347 Qu.
1721 1316 1780 1337 met.
1802 1322 1822 1337 c.
1843 1313 1866 1337 4.
1885 1313 1908 1337 2.

1073 1360 1117 1389 Si.
1138 1369 1189 1395 quo
1209 1359 1289 1394 magis
1309 1363 1334 1384 te
1354 1357 1385 1383 de
1410 1358 1434 1383 vi
1455 1356 1570 1382 hostium
1591 1372 1619 1376 ψ
1641 1360 1741 1386 tuerer.
1762 1369 1792 1373 -0
1813 1354 1910 1390 aliquid

1073 1413 1084 1428 a
1106 1407 1130 1428 te
1149 1412 1288 1438 accepero,
1312 1400 1354 1427 vel
1378 1405 1403 1426 te
1427 1399 1586 1435 obligavero.
1611 1398 1641 1424 fr.
1662 1400 1685 1424 9.
1705 1398 1725 1431 3
1748 1399 1769 1423 l.
1790 1397 1824 1423 ib.
1844 1398 1867 1422 4.
1886 1398 1909 1422 2.

1073 1448 1176 1480 Quanta
1196 1445 1305 1481 pecunia
1325 1453 1372 1480 pro
1393 1453 1423 1469 eo
1444 1442 1547 1468 homine
1566 1441 1665 1473 soluta.
1687 1457 1716 1461 -—
1744 1441 1851 1466 cuiusve
1869 1450 1911 1477 pe-

1073 1489 1163 1514 cuniae
1188 1488 1246 1523 quis
1267 1496 1297 1512 eo
1323 1487 1426 1512 nomine
1452 1485 1581 1521 obligatus
1602 1485 1658 1511 erit.
1683 1484 1712 1510 sr.
1731 1485 1773 1509 25.
1797 1484 1817 1517 3.
1837 1485 1860 1509 9.
1880 1483 1911 1509 de

1073 1531 1158 1558 Aedil.
1179 1530 1255 1557 edict.
1274 1531 1315 1556 21.
1337 1531 1358 1555 1.
1397 1528 1512 1555 Tradere
1538 1538 1590 1553 non
1614 1531 1716 1564 potest,
1739 1525 1781 1551 vel
1805 1527 1911 1562 promit-

1074 1574 1152 1601 tendo
1178 1574 1294 1609 obligari.
1320 1571 1349 1598 sr.
1369 1573 1392 1598 6.
1418 1571 1450 1597 de
1475 1570 1505 1597 V.
1526 1571 1558 1597 O.
1579 1572 1619 1596 45.
1642 1571 1663 1595 l.
1705 1568 1732 1594 ln
1757 1573 1911 1605 perpetuum

1075 1619 1171 1649 teneri.
1191 1622 1216 1643 et
1236 1618 1261 1642 in
1281 1615 1394 1641 solidum
1414 1614 1530 1649 obligari.
1557 1613 1613 1639 Gai.
1634 1612 1675 1639 Ill.
1698 1613 1753 1637 119.
1775 1621 1813 1647 sq.
1852 1610 1911 1636 Non

1075 1666 1173 1687 tantuin
1193 1652 1328 1689 civiliter.'
1341 1657 1388 1684 sed
1408 1667 1455 1683 nec
1475 1656 1629 1682 naturaliter
1649 1654 1790 1689 obligatur.
1815 1654 1858 1690 qni
1878 1654 1912 1679 ita

1074 1704 1178 1734 adnuit3
1199 1708 1223 1728 et
1242 1701 1301 1728 ideo
1321 1706 1391 1727 recte
1411 1700 1509 1726 dictum
1529 1704 1584 1729 est,
1611 1708 1663 1724 non
1687 1696 1796 1732 obligari
1814 1706 1862 1733 pro
1882 1706 1911 1721 eo

1074 1757 1122 1773 nec
1141 1746 1323 1772 fideiussorem
1344 1743 1456 1779 quidem.
1477 1742 1507 1768 sr.
1525 1744 1545 1768 1.
1566 1742 1587 1776 3.
1601 1744 1625 1767 ⁴2.
1647 1740 1661 1766 l.
1680 1739 1696 1765 l.
1717 1741 1756 1765 45.
1779 1741 1800 1764 1.
1838 1738 1912 1765 Fide-

1074 1791 1162 1815 iussor
1181 1793 1207 1814 et
1225 1789 1282 1824 ipse
1307 1786 1449 1822 obligatur,
1473 1790 1499 1811 et
1522 1784 1644 1811 heredem
1669 1782 1811 1818 obligatum
1835 1781 1912 1807 relin-

1074 1833 1138 1869 quit.
1163 1832 1192 1857 fr.
1212 1833 1236 1857 4.
1261 1831 1281 1863 3.
1304 1832 1325 1855 1.
1347 1829 1378 1855 de
1398 1828 1515 1855 fideiuss.
1535 1829 1576 1854 46.
1598 1829 1620 1853 1.
1658 1825 1686 1852 ln
1711 1835 1764 1851 rem
1789 1825 1844 1851 eius
1868 1825 1913 1850 im-

1075 1874 1197 1912 pendere,
1217 1873 1259 1899 vel
1279 1889 1309 1892 -
1330 1882 1358 1898 se
1377 1873 1403 1898 in
1423 1882 1450 1898 re.
1470 1871 1586 1897 absentis
1606 1869 1683 1895 alicui
1702 1867 1825 1903 obligare.
1847 1867 1911 1893 ἢεί).

1074 1917 1106 1944 de
1123 1916 1154 1943 N
1170 1916 1200 1943 G.
1220 1918 1244 1942 3.
1263 1918 1286 1942 5.
1307 1914 1368 1952 le.
1389 1914 1443 1940 Vll.
1463 1916 1487 1940 3.
1525 1913 1634 1944 Placuit,
1654 1921 1699 1937 eos
1719 1911 1829 1936 invicem
1848 1910 1913 1936 obli-

1073 1961 1134 1997 gari.
1155 1959 1185 1986 sr.
1205 1961 1228 1985 5.
1248 1969 1287 1995 pr.
1308 1958 1340 1984 de
1360 1957 1392 1984 Ο.
1414 1962 1439 1983 et
1459 1957 1490 1983 A.
1510 1959 1550 1983 44.
1572 1958 1593 1982 7.
1632 1955 1685 1990 Qui
1710 1955 1778 1980 inter
1797 1963 1826 1979 se
1845 1953 1910 1979 obli-

1073 2004 1124 2039 gati
1144 2007 1212 2029 sunt.
1238 2001 1267 2028 fr.
1288 2003 1329 2028 58.
1349 2000 1381 2027 de
1400 2005 1468 2038 pact.
1486 2002 1510 2025 2.
1532 2001 1570 2025 14.
1607 1998 1717 2033 Integris
1737 1996 1866 2027 omnibus,
1885 1996 1912 2021 in

1075 2056 1140 2082 quae
1160 2045 1267 2081 obligati
1287 2053 1412 2070 essemus.
1433 2043 1462 2069 sr.
1482 2045 1522 2068 58,
1543 2042 1577 2068 ib.
1590 2043 1614 2067 2.
1636 2042 1674 2066 14.
1713 2039 1740 2065 ln
1760 2038 1911 2075 ampliorem

1073 2099 1199 2115 summam
1219 2087 1329 2123 obligari
1349 2086 1463 2113 creditae
1481 2086 1614 2122 pecuniae.
1638 2083 1693 2109 Gai.
1714 2081 1754 2108 111.
1778 2083 1833 2107 124.
1854 2082 1910 2107 1⁶26.

1074 2133 1212 2159 Permanet
1235 2131 1327 2161 heres,
1353 2135 1378 2156 et
1397 2129 1430 2155 ob
1451 2128 1477 2155 id
1497 2126 1672 2154 creditoribus
1692 2124 1807 2151 defuncti
1826 2130 1908 2150 manet

1075 2176 1214 2212 obligatus.
1234 2173 1295 2210 le.
1309 2173 1380 2199 XIX.
1402 2174 1441 2198 14.
1480 2171 1631 2198 Domestica
1651 2168 1779 2199 cautione,
1798 2167 1841 2193 vel
1859 2167 1910 2193 chi-

1075 2218 1213 2256 rographo,
1233 2216 1349 2252 obligare
1362 2225 1391 2242 se
1405 2214 1449 2247 (ad
1463 2212 1646 2251 praestandum
1660 2210 1911 2239 fideicommissum.)

1074 2262 1104 2288 fr.
1120 2263 1170 2288 103
1197 2260 1230 2287 dc
1250 2260 1325 2296 legat.
1346 2258 1363 2284 l.
1383 2258 1450 2290 (30.)
1488 2256 1557 2282 Voto
1577 2254 1693 2291 obligari.
1714 2253 1743 2279 fr.
1756 2255 1780 2279 2.
1794 2263 1832 2290 pr.
1852 2252 1872 2285 3
1890 2254 1909 2277 l.

1075 2305 1107 2331 de
1126 2304 1237 2341 pollicit.
1249 2305 1290 2328 50.
1305 2304 1344 2328 12.
1382 2299 1473 2327 Noxae
1492 2299 1604 2329 nomine,
1624 2297 1666 2323 vel
1680 2295 1752 2327 alias.
1772 2295 1909 2330 obligatus.

1075 2347 1104 2375 fr.
1127 2349 1166 2374 18.
1186 2347 1208 2381 3.
1227 2348 1251 2372 3.
1272 2345 1304 2372 de
1323 2355 1356 2370 m.
1377 2354 1397 2369 c.
1418 2342 1505 2369 donat.
1524 2344 1566 2368 39.
1585 2342 1608 2368 6.
1647 2340 1699 2376 Qui
1719 2349 1751 2365 ex
1771 2337 1910 2364 donatione

1074 2400 1103 2417 se
1128 2389 1261 2425 obligavit.
1287 2388 1317 2414 sr.
1340 2388 1378 2412 12.
1404 2385 1436 2412 de
1456 2384 1542 2411 donat.
1562 2386 1603 2410 39.
1623 2386 1645 2409 5.
1684 2381 1782 2408 Contra
1801 2379 1830 2406 L.
1850 2378 1911 2405 Cin-

1057 2434 1140 2460 ·ciam
1159 2431 1298 2467 obligatus.
1323 2429 1405 2455 Vatic.
1426 2429 1447 2462 3.
1466 2429 1526 2454 ⁴266.
1563 2427 1615 2454 Pro
1640 2424 1735 2451 herede
1757 2432 1860 2459 gerere⁷
1886 2428 1911 2447 vt

1075 2476 1185 2511 obligari
1201 2473 1341 2500 hereditati
1361 2481 1448 2509 posse..
1468 2470 1498 2497 fr.
1518 2473 1542 2497 5.
1562 2480 1601 2507 pr.
1621 2468 1653 2495 de
1672 2467 1702 2492 A.
1722 2476 1746 2491 ν.
1766 2464 1797 2491 0.
1818 2464 1849 2491 H.
1868 2466 1910 2491 29.

1073 2522 1098 2545 2.
1136 2518 1185 2545 Per
1203 2516 1436 2543 fideicommissum
1455 2513 1566 2550 aliquem
1586 2510 1708 2545 obligare.
1729 2507 1785 2534 Gai.
1802 2506 1832 2533 11.
1853 2508 1909 2533 184.

1075 2561 1202 2589 Heredem
1231 2563 1350 2585 nostrum
1378 2557 1519 2593 obligatum
1547 2554 1695 2589 relinquere
1722 2550 1754 2577 de
1778 2550 1910 2576 fideicom-

1074 2606 1156 2631 misso
1180 2600 1353 2629 restituendo.
1381 2600 1417 2627 lb.
1442 2599 1472 2626 11.
1494 2599 1553 2624 277.
1582 2611 1613 2615 —-
1642 2595 1672 2628 §.
1696 2594 1782 2620 aaz.
1808 2594 1911 2620 Civili

1075 2648 1227 2675 videlicet
1252 2645 1457 2679 obligationi
1475 2643 1615 2674 aliquem
1634 2639 1855 2671 adstringere.
1890 2635 1909 2661 I.

1076 2692 1137 2724 sy.
1157 2689 1296 2715 Actionem
1315 2691 1470 2723 competere.
1508 2681 1659 2717 Obligatuin
1678 2678 1791 2715 aliquem
1806 2678 1909 2704 habere.

1076 2733 1106 2759 fr.
1126 2733 1149 2757 6.
1169 2741 1208 2768 pr.
1228 2731 1309 2764 331.
1330 2739 1388 2765 sqq.
1409 2727 1440 2753 de.
1454 2725 1484 2752 N.
1500 2724 1532 2751 G.
1547 2726 1571 2750 3.
1591 2726 1614 2749 5.
1652 2721 1774 2749 Civiliter
1793 2720 1909 2756 obligari.

1077 2775 1197 2810 Obligari
1216 2776 1257 2810 (p.
1278 2783 1306 2799 se
1326 2772 1398 2808 pos.)
1423 2770 1452 2795 fr.
1474 2770 1513 2794 14.
1534 2767 1565 2793 de
1586 2766 1619 2793 O.
1639 2771 1664 2792 et
1682 2765 1713 2791 A.
1734 2766 1774 2790 44.
1795 2766 1817 2790 7.
1838 2763 1868 2789 fr.
1887 2765 1908 2788 l.

1078 2819 1115 2852 33.
1134 2819 1158 2843 2.
1179 2826 1218 2853 sq.
1238 2816 1270 2842 de
1289 2814 1319 2840 V.
1341 2814 1372 2840 O.
1394 2815 1434 2838 45.
1456 2813 1478 2837 l.
1503 2810 1534 2837 sr.
1554 2811 1578 2836 8.
1598 2809 1619 2843 3.
1639 2810 1662 2835 4.
1683 2808 1714 2835 de
1733 2805 1851 2843 acceptil.
1870 2806 1908 2830 46.

1416 2855 1470 2881 81⁸·
