2197 3121
252 171 314 201 594

252 252 298 280 tui.
326 252 412 290 pecul.
436 253 477 279 48.
505 254 544 279 13.
574 252 640 279 Nov.
664 251 723 278 val.
747 251 789 279 111.
818 251 852 279 de
879 251 977 289 indulg.
1001 251 1095 289 reliqu.
1118 252 1119 259 ¹

251 295 281 322 11.
305 298 326 322 1.
348 307 369 322 c.
389 298 412 322 3.
433 305 471 332 pr.
492 294 662 331 perexiguus.
683 294 714 322 sr.
736 297 775 322 13.
795 295 832 329 §§.
853 297 876 322 4.
897 305 935 332 sq.
957 295 989 321 de
1009 294 1096 322 hered.
1118 323 1119 332 ἵ

252 343 305 376 pet.
325 341 348 365 5,
368 340 392 365 3.
421 338 550 365 Minimus.
577 338 618 365 Ct'.
638 338 663 364 li.
683 347 706 364 v.
731 339 752 372 §
773 339 797 365 3.
834 338 865 365 11.
885 340 952 372 Op.
975 337 1096 376 Amplus.

253 382 294 408 Cf.
315 381 338 407 h.
358 391 382 407 v.
402 381 424 414 §.
447 383 468 407 1.
497 380 611 417 Longus.
633 380 674 407 Cf.
694 380 718 407 li.
737 391 761 408 v.
781 382 803 416 §.
821 382 845 408 3.
874 381 957 407 Maior
974 391 1044 418 pars.
1064 397 1096 401 -

252 424 353 451 Modica
374 423 430 450 loca
463 423 494 449 fr.
513 425 554 449 22.
584 423 613 450 fr.
634 426 676 451 24.
697 423 729 450 de.
749 429 831 451 contr.
852 429 910 450 enit.
933 425 972 450 18.
994 426 1016 450 1.
1054 423 1096 450 111.

253 468 318 494 (Ἣ.
348 466 426 493 Levis
453 466 594 498 febricula,
620 483 652 487 —
681 467 723 494 vel
747 467 933 494 vulnusculum
957 466 1096 493 modicum.

252 510 282 536 fr.
305 512 326 536 1.
347 511 367 544 ξ
382 514 405 535 δ’.
426 509 459 535 de
471 509 558 535 Aedil.
578 509 656 536 edict.
675 512 718 537 21.
740 512 762 537 l.
800 510 859 536 Non
879 511 998 541 interest,
1018 514 1096 546 quota

252 553 340 589 portio
361 552 528 584 hereditatis,
550 569 580 573 —
606 563 636 579 an
656 563 783 591 perquam
802 552 904 579 modica
923 553 1097 590 (pertineat.)

252 596 282 622 fr.
299 597 319 621 1.
341 596 361 629 ξ.
379 597 416 621 10.
437 595 470 621 de
491 596 611 631 coniung.
631 606 652 623 c.
673 606 769 623 emanc.
788 598 829 623 37.
849 598 873 622 8.
911 595 1028 622 Honesta
1047 598 1097 628 (se.

253 637 334 669 dos.)
360 639 375 664 i.
395 647 416 664 e.
436 648 521 674 neque
541 640 606 665 satis
626 639 741 670 modica,
761 643 789 665 ut
808 640 844 665 sit
862 638 978 665 dedecus
997 638 1098 671 heredi,

252 691 338 717 neque
358 682 422 707 satis
442 681 582 708 immodica
602 686 650 708 etc.
675 681 721 708 lul.
742 691 781 718 cp.
802 691 862 708 now
889 692 910 708 c.
929 684 971 708 37.
997 683 1018 716 §.
1040 684 1097 708 164.

252 723 292 750 Ne
312 729 422 761 propter
440 724 571 751 modicum
595 735 639 751 aes
653 724 765 751 alienum
785 734 874 761 magna
889 726 1028 762 possessio
1047 725 1100 752 dis-

252 766 378 793 trahatur.
405 767 435 793 l'r.
455 769 480 793 5.
504 767 526 801 §.
548 769 587 793 10.
612 767 645 793 de
668 767 714 794 reb
747 777 800 794 eor.
826 778 868 804 qu.
895 778 915 794 s.
940 773 988 795 tut.
1012 770 1054 795 27.
1074 770 1097 795 9.

253 809 283 836 Si
303 820 330 836 ea
351 820 394 836 res
414 810 499 848 ampla
519 815 567 841 est,
588 814 613 836 et
632 809 663 836 ad
683 809 815 837 modicum
835 812 902 837 aeris
917 811 995 838 fuerit
1011 812 1099 848 pigne·

252 857 315 879 rata.
335 852 365 880 fr.
379 854 420 880 36.
441 853 463 887 §
481 855 502 879 1.
523 852 556 879 de
574 854 644 890 pign.
665 857 714 879 act.
733 855 769 880 13.
791 855 814 880 7.
851 853 951 891 Stipes,
970 855 986 880 i.
1007 864 1028 881 c.
1047 864 1100 881 ino—

253 895 310 922 dica
335 906 403 924 aera.
426 895 458 922 sr.
477 898 518 922 27.
543 896 563 930 ξ.
586 898 608 922 1.
633 895 666 922 de
690 895 721 923 V.
747 896 774 923 S.
799 898 840 923 50.
866 898 905 924 16.
943 897 973 924 Si
996 897 1099 924 modica

253 948 352 965 summa
379 940 431 970 sit,
459 940 474 965 i.
495 950 516 965 e.
542 948 626 975 usque
650 938 682 965 ad
706 939 774 965 duos
799 950 900 967 aureos.
925 939 955 967 fr.
981 942 1005 967 9.
1032 941 1055 974 §.
1075 943 1098 967 5.

253 981 283 1008 sr.
299 983 338 1008 10.
361 982 394 1008 de
412 981 437 1008 (1.
451 991 484 1008 m.
499 983 523 1008 4.
536 983 560 1008 3.
586 981 719 1009 Modicum
738 982 838 1020 aliquid
858 983 890 1010 de
909 983 1009 1021 templo
1024 984 1099 1011 ferre.
1121 976 1123 986 Α

254 1024 283 1051 fr.
304 1026 327 1051 6.
347 1034 386 1061 pr.
407 1024 440 1051 de
459 1023 488 1051 L.
509 1024 555 1051 Iul.
580 1025 667 1062 pecul.
687 1027 728 1052 48.
750 1027 789 1052 13.
827 1025 887 1052 Non
912 1031 1017 1053 exstare
1039 1037 1101 1053 ven-

255 1067 375 1099 ditorem,
395 1067 437 1094 vel
456 1067 560 1094 modico
580 1068 741 1096 vendidisse.
762 1069 792 1096 sr.
815 1071 854 1096 13.
874 1070 896 1103 ξ
916 1071 939 1096 4.
959 1068 992 1096 de
1011 1069 1100 1096 hered.
1122 1080 1123 1111 ἦ

253 1115 306 1147 pet.
327 1112 350 1136 5.
369 1111 393 1136 3.
415 1110 446 1137 cf.
467 1110 496 1137 fr.
516 1113 558 1138 26.
579 1111 600 1145 §.
623 1113 663 1138 12.
683 1111 716 1138 de
735 1112 810 1139 cond.
831 1112 917 1138 indeb.
935 1114 974 1139 12.
988 1114 1011 1139 6.
1032 1112 1100 1139 Cum

253 1153 280 1179 bi
305 1168 338 1172 —
362 1153 439 1180 facile
467 1155 654 1190 transigerent,
683 1156 800 1181 contenti
823 1155 928 1181 modico
952 1160 1100 1192 praesente.

253 1196 284 1222 fr.
305 1197 328 1222 8.
355 1206 394 1233 pr.
420 1196 452 1222 de
477 1202 599 1223 transact.
623 1199 648 1223 2.
672 1199 712 1224 15.
755 1197 840 1224 Hodie
865 1208 877 1223 a
902 1197 1025 1235 Principe
1048 1208 1101 1224 non

254 1249 303 1276 pro
322 1239 426 1266 modico
446 1239 577 1267 beneficio
597 1240 673 1267 datur
692 1240 780 1273 (locus
800 1241 872 1273 iste.)
892 1240 922 1267 sr.
938 1243 962 1267 4.
983 1242 1004 1274 ξ.
1027 1243 1048 1268 1.
1068 1241 1101 1268 de

253 1282 280 1308 h.
300 1292 342 1318 qu.
363 1287 417 1308 not.
438 1282 483 1309 inf.
502 1284 526 1309 3.
546 1285 570 1309 2.
591 1283 623 1310 cf.
650 1283 679 1310 fr.
702 1285 723 1310 l.
748 1284 769 1318 ξ.
791 1285 814 1310 1.
839 1283 871 1310 de
895 1283 999 1311 liberali
1018 1294 1039 1311 c.
1059 1287 1101 1311 40.

255 1327 296 1351 12.
333 1324 370 1355 ld,
391 1325 462 1362 quod
482 1325 635 1352 dilationem
654 1336 702 1352 nec
721 1326 850 1353 modicam
866 1332 1022 1365 exspectare
1040 1338 1101 1366 pos-

253 1369 296 1394 sit.
316 1368 345 1394 l'r.
367 1370 389 1394 7.
410 1378 448 1405 pr.
469 1368 501 1394 de
521 1368 586 1395 adm.
608 1375 633 1396 et
653 1371 732 1406 peric.
752 1370 795 1396 26.
816 1371 839 1396 7.

288 1411 487 1438 Modiolus.
508 1414 612 1439 Genus
633 1415 720 1439 rasis
738 1415 873 1447 potorii.
893 1412 1011 1441 1110„-
1031 1414 1099 1441 Cum

254 1454 280 1479 in
304 1453 451 1480 hereditate
476 1464 528 1480 non
552 1456 606 1481 sint
629 1456 680 1482 nisi
704 1455 813 1487 trullae,
841 1456 950 1493 scyphi,
980 1456 1098 1490 modioli,

253 1496 357 1533 phialae
377 1501 425 1523 etc.
445 1496 474 1523 sr.
494 1499 536 1523 36.
557 1497 589 1523 de
609 1508 671 1524 auro
691 1509 742 1534 arg.
762 1500 804 1525 34.
823 1501 847 1525 2.

290 1540 450 1566 Modfius.
488 1540 519 1573 ξ.
544 1542 579 1567 l.
606 1542 761 1568 Mensura
785 1544 902 1573 maior,
927 1543 1008 1569 Xl‘l
1032 1553 1100 1570 nex-

254 1584 361 1608 tarios
380 1585 560 1609 continens.
598 1583 641 1609 III.
662 1585 728 1611 Cn.
751 1584 855 1610 modios
875 1595 979 1617 aeneos,
999 1596 1046 1612 seu
1066 1585 1100 1612 la-

254 1624 356 1661 pideos,
377 1635 435 1652 cum
454 1627 576 1652 sextariis
594 1631 671 1662 atque
684 1626 857 1663 ponderibus,
877 1629 936 1665 (per
949 1630 1100 1655 mansiones
1122 1634 1123 1656 1

255 1667 401 1701 collocari.)
425 1667 474 1696 Th.
495 1668 526 1695 C.
546 1668 603 1695 XII.
623 1670 646 1695 6.
667 1679 688 1695 c.
708 1671 750 1695 21.
771 1680 809 1707 pr.
834 1670 866 1696 de
889 1676 1005 1708 suscept.
1027 1682 1101 1709 prae-

254 1720 312 1747 pos.
350 1710 455 1737 modius
475 1712 590 1748 iniquus,
611 1713 655 1748 qui
675 1712 779 1738 modius
799 1723 850 1739 non
871 1718 918 1740 est.
938 1713 968 1740 sr.
988 1716 1048 1741 221.
1067 1714 1100 1741 de

254 1753 286 1780 V.
301 1753 328 1780 S.
349 1755 390 1780 50.
413 1756 451 1780 16.
490 1753 589 1780 Navem
609 1754 744 1787 conduxit,
761 1772 788 1776 —
805 1756 856 1782 olei
876 1758 995 1784 metretis
1013 1758 1100 1784 tribus

254 1796 372 1823 millibus
396 1798 542 1834 impositis,
571 1802 597 1823 et
620 1797 743 1825 frumenti
767 1799 862 1825 modiis
888 1804 948 1826 octo
973 1800 1099 1827 millibus.

255 1839 286 1866 sr.
305 1841 346 1866 61.
367 1841 389 1874 ξ.
411 1842 432 1866 1.
453 1840 529 1866 locat.
552 1842 591 1867 19.
605 1842 628 1866 2.
650 1841 681 1867 οἳ.
702 1841 731 1868 fr.
746 1843 787 1868 35.
807 1842 829 1875 ξ.
843 1844 867 1868 5.
888 1842 921 1869 de
940 1847 1024 1870 contr.
1038 1849 1099 1870 emt.

258 1884 296 1909 18.
318 1885 340 1909 l.
370 1883 424 1919 Qui
444 1893 476 1909 ex
495 1893 588 1910 acervo
609 1883 731 1911 Frumenti
745 1884 859 1911 modium
875 1885 992 1912 sustulit.
1013 1886 1043 1913 fr.
1056 1889 1098 1913 21.

255 1936 295 1963 pr.
320 1926 352 1952 de
376 1926 435 1952 furt.
461 1927 501 1952 ⁴7.
526 1928 549 1952 2.
596 1926 658 1953 Duo
682 1927 761 1953 boum
785 1929 870 1964 paria,
896 1933 922 1954 et
948 1928 971 1955 C
995 1929 1099 1956 modios

256 1969 393 2005 utriusque
417 1968 498 2004 frugis
523 1970 742 2006 (consequatur.)
772 1970 821 1997 Th.
843 1970 873 1997 C.
894 1971 950 1998 Vll.
970 1974 1011 1998 20.
1033 1983 1054 1999 c.
1074 1974 1098 1999 8.

256 2010 288 2037 ci'.
309 2021 330 2037 c.
349 2013 373 2037 3.
394 2011 426 2037 de
451 2016 566 2038 veteran.
593 2028 624 2031 —
648 2014 679 2046 ξ.
700 2015 734 2040 2.
763 2015 865 2049 Copia
888 2025 994 2041 rerum
1018 2026 1098 2043 men-

256 2064 334 2081 sura
353 2055 583 2090 definitarum.
618 2053 637 2081 I.
657 2056 719 2089 Sy.
739 2055 872 2083 modiatio.
893 2057 935 2084 Cs.
955 2057 979 2084 h.
999 2068 1023 2084 v.

292 2098 414 2124 Modo.
438 2096 550 2130 (Advb.)
575 2098 606 2131 ἓ.
622 2099 657 2124 1.
679 2099 781 2131 Nunc,
802 2102 878 2126 Iam.
916 2099 945 2126 11.
959 2102 1026 2135 Op.
1045 2101 1100 2128 Aut

258 2144 327 2170 tunc,
348 2145 391 2165 aut
410 2139 497 2172 modo,
518 2140 712 2173 (calumniari.)
738 2141 767 2167 l'r.
790 2143 828 2168 13.
855 2143 876 2176 ξ.
898 2144 936 2168 12.
962 2143 994 2170 de
1013 2144 1098 2171 damn.

258 2181 301 2208 inf.
316 2184 357 2208 39.
371 2185 393 2208 2.
419 2182 562 2220 Superiore
576 2185 762 2210 commentario
779 2186 964 2221 exposuimus:
975 2203 1007 2206 —
1020 2187 1099 2213 modo

257 2225 393 2251 videamus
413 2231 461 2252 etc.
483 2226 539 2253 Gai.
560 2226 589 2253 11.
612 2229 633 2253 1.
670 2226 712 2253 HI.
731 2229 797 2255 Gn.
818 2228 893 2262 Quae
912 2233 997 2255 tamen
1017 2240 1101 2256 einan-

259 2269 354 2305 cipatio
374 2268 477 2294 solebat
496 2275 556 2295 ante
570 2269 721 2297 praesidem
740 2271 805 2302 lieri.
826 2270 904 2297 modo
923 2277 983 2297 ante
1003 2274 1100 2299 curiam

259 2311 375 2337 facienda
396 2316 442 2337 est.
467 2312 515 2348 Ep.
536 2314 596 2339 inst.
617 2312 684 2340 Gaii.
706 2313 724 2340 1.
744 2315 767 2340 6.
787 2314 809 2347 ᾗ
829 2314 852 2339 3.
890 2313 992 2340 Relatis
1012 2315 1100 2341 verbis

259 2354 337 2389 legis.
356 2353 434 2380 modo
455 2355 512 2391 ipsc
532 2355 656 2391 loquitur.
678 2355 738 2393 le.
764 2355 833 2382 Coll.
859 2356 911 2383 LL.
931 2357 964 2383 Μ,
985 2357 1002 2384 1.
1023 2359 1046 2384 3.
1069 2374 1099 2378 —

258 2397 289 2429 §-
313 2399 348 2423 2.
379 2399 558 2427 Interdum,
587 2400 689 2425 Alias.
733 2398 775 2425 Ill.
801 2401 866 2427 (711.
896 2399 973 2426 «Nunc
996 2401 1100 2435 singuli.
1122 2420 1124 2423 .

259 2439 337 2465 modo
362 2440 467 2477 populi,
494 2440 667 2477 (proruentes
692 2444 759 2475 etc.)
789 2441 872 2468 Vatic.
898 2443 920 2476 ξ.
944 2445 986 2469 35.
1028 2444 1101 2470 Bona

259 2482 337 2508 modo
358 2484 432 2519 quasi
452 2484 547 2509 civium
567 2482 597 2509 R.
618 2482 785 2517 litu—riorum,
804 2485 882 2511 modo
903 2487 978 2522 quasi
996 2485 1102 2512 Latino·
1123 2490 1125 2516 Ι

260 2535 324 2554 runi,
344 2525 388 2557 (ad
409 2531 535 2562 patronos
555 2526 708 2562 pertinent.)
728 2528 784 2553 Gai.
804 2527 845 2554 111,
861 2529 900 2554 74.
922 2528 953 2555 cf.
973 2528 991 2555 1.
1008 2531 1046 2555 15.
1061 2539 1101 2565 sq.

262 2567 338 2593 Modo
359 2579 416 2594 cuin
436 2579 529 2605 por-na.
548 2568 626 2594 modo
647 2569 703 2594 sinn¹
719 2580 810 2605 poena.
825 2587 847 2590 —
871 2571 949 2597 modo
963 2582 1011 2608 per
1024 2582 1102 2609 spon—

262 2610 375 2638 sionem.
397 2611 476 2637 modo
496 2622 543 2648 per
562 2611 698 2638 formulam
719 2614 844 2647 (agitur.)
870 2614 906 2640 lb.
928 2614 970 2640 lV.
993 2617 1049 2640 l-tl.
1070 2615 1101 2641 cf.
1124 2644 1125 2650 1

264 2653 319 2677 162.
362 2653 439 2680 Modo
464 2654 543 2686 lianc.
569 2654 647 2680 modo
672 2654 741 2680 illam
766 2657 921 2682 seutentiam
946 2657 1100 2694 (probare.)
1123 2656 1125 2692 j

262 2694 291 2720 1“ι·.
316 2697 351 2720 15.
373 2697 394 2729 ξ.
413 2698 454 2723 32.
475 2697 507 2723 (le
527 2697 611 2723 damn.
632 2696 676 2723 inf.
695 2699 737 2724 39.
757 2699 781 2724 2.
802 2713 833 2716 -—
856 2700 887 2731 §.
907 2701 944 2726 3.
965 2701 1102 2726 Dnmta-

261 2743 332 2768 sal,
356 2739 499 2766 Tantum.
538 2739 579 2766 111.
601 2741 666 2767 Gn.
692 2740 720 2766 ln
739 2740 780 2767 liis
801 2757 830 2761 —
851 2741 929 2767 modo
949 2753 978 2768 ea
997 2752 1102 2769 servan-

263 2784 312 2809 tur,
333 2789 398 2816 quac
417 2782 442 2806 in
463 2784 580 2809 cacteris.
601 2782 630 2809 fr.
645 2784 687 2809 35.
707 2783 729 2817 ᾗ.
743 2785 767 2809 5.
787 2783 819 2810 de
839 2788 921 2809 contr.
942 2789 1001 2811 emt.
1024 2786 1100 2812 18.1.

264 2838 293 2841 —
319 2822 349 2855 §.
375 2824 464 2849 3.A.
498 2826 565 2851 Non
594 2828 700 2858 modo,
730 2836 792 2863 pro:
825 2828 890 2853 Non
919 2829 1006 2853 modo
1034 2837 1100 2855 non.

1070 168 1181 201 MOD.

1118 275 1119 284 ,
1141 251 1184 278 111.
1198 252 1266 279 Gn.
1293 251 1363 283 Aes,
1386 252 1458 289 quod
1478 252 1668 280 dichoneutum
1687 258 1811 286 vocatur,
1835 264 1888 281 non
1907 255 1987 282 modo

1141 293 1268 331 deinceps
1288 293 1472 331 largitionibus
1492 295 1631 327 inseratur,
1650 305 1742 322 verum
1761 296 1794 323 de
1813 307 1862 324 usu
1880 299 1988 335 penitus

1143 352 1173 357 —
1193 336 1309 364 tollatur.
1330 336 1381 364 Th.
1401 337 1432 364 C.
1453 337 1497 365 Xl.
1516 340 1558 365 21.
1579 349 1600 365 c.
1622 340 1644 364 l.
1663 349 1702 376 pr.
1723 338 1756 365 de
1776 339 1863 367 collat.
1883 351 1935 367 aer.
1955 356 1988 361 —-

1141 379 1172 413 §.
1198 381 1238 406 4.
1269 381 1450 407 Dummodo.
1487 380 1518 407 11.
1542 383 1610 415 01).
1638 381 1667 407 Si
1692 381 1779 408 modo.
1805 398 1836 402 -
1862 382 1891 410 Si
1915 393 1988 410 vero.

1142 421 1199 448 Gai.
1219 421 1248 450 11,
1272 424 1328 449 us.
1365 422 1408 450 111.
1430 424 1496 451 Gn.
1522 423 1578 450 Nec
1597 425 1721 457 interest,
1747 424 1865 462 adoptivi
1884 427 1938 452 sint
1957 436 1989 452 an

1142 463 1283 497 naturales,
1303 464 1381 492 modo
1401 471 1523 493 maneant
1536 467 1564 492 in
1576 471 1717 504 potestate.
1738 467 1810 495 Paul.
1825 466 1869 494 1V.
1883 471 1908 494 Β.
1928 469 1951 502 §.
1964 470 1988 494 4.

1142 508 1277 545 Deinceps
1297 509 1401 539 caeteri.
1421 509 1466 545 qui
1485 508 1564 535 modo
1584 514 1632 536 etc.
1658 510 1716 536 Gai.
1736 510 1767 536 11.
1790 512 1846 537 156,
1866 509 1910 537 111.
1931 513 1988 537 121.

1142 550 1186 577 lv.
1208 552 1248 577 16.
1284 550 1364 578 Modo
1384 556 1413 578 ut
1432 552 1661 586 (meminerimus.)
1681 553 1712 579 t'r.
1734 555 1756 579 1.
1777 553 1799 587 ξ.
1819 556 1842 580 5.
1863 553 1896 580 de
1915 563 1988 591 susp.

1143 598 1190 620 tut.
1209 595 1252 620 26.
1273 596 1313 621 10.
1350 593 1405 621 Nec
1425 593 1457 620 ad
1475 604 1530 621 rem
1550 596 1673 632 pertinet,
1694 595 1773 622 modo
1793 597 1816 623 si
1833 601 1882 623 etc.
1902 595 1934 623 fr.
1948 598 1988 623 lo.

1143 637 1164 670 ξ.
1187 638 1209 663 l.
1230 636 1263 663 de
1282 637 1314 664 Ο.
1334 636 1366 664 N.
1387 636 1418 663 N.
1438 638 1480 664 39.
1503 639 1524 664 l.
1545 637 1576 664 cf.
1597 638 1627 665 fr.
1647 640 1671 665 6.
1692 649 1731 676 pr.
1752 638 1783 665 sr.
1804 640 1828 666 8.
1848 649 1887 676 pr.
1908 638 1941 666 de
1956 638 1988 665 Ν.

1143 678 1175 706 G.
1194 680 1219 706 3.
1239 681 1263 706 5.
1287 679 1318 706 fr.
1338 682 1378 707 19.
1403 680 1486 714 §.10.
1507 679 1584 707 locat.
1606 682 1645 708 19.
1664 683 1689 708 2.
1727 681 1799 713 Sive,
1820 698 1850 702 —
1871 682 1937 711 sive.
1957 698 1988 703 —-

1143 723 1166 749 si
1185 722 1263 749 modo
1283 727 1332 749 etc.
1353 722 1410 750 Gai.
1425 722 1454 749 11.
1474 725 1516 750 43.
1553 723 1691 761 Multoque
1710 726 1802 761 magis,
1816 741 1847 744 —
1868 726 1891 751 si
1910 724 1989 752 modo

1144 770 1193 791 etc.
1213 764 1250 791 lb.
1265 764 1295 791 Il.
1316 767 1356 791 74.
1394 765 1495 794 Viden-i.
1515 765 1611 793 Valere
1630 771 1678 793 etc.
1698 768 1721 793 si
1740 767 1819 794 modo
1839 772 1888 794 etc.
1908 767 1988 794 Ib.11.

1143 810 1203 835 280.
1223 807 1266 834 III.
1286 810 1326 835 93.
1351 807 1395 835 IV.
1414 810 1456 835 84.
1478 810 1536 835 154.
1573 809 1670 842 Posse,
1696 811 1719 837 si
1739 810 1818 837 modo
1835 815 1884 837 ete.
1911 810 1950 837 1b.
1970 810 1988 836 1.

1147 852 1204 877 147.
1223 850 1253 878 11.
1275 853 1314 878 19.
1337 853 1394 878 147.
1414 851 1456 878 111.
1478 853 1535 878 149.
1556 853 1615 879 161.

1179 894 1366 921 ModuluS.
1404 894 1435 928 §.
1456 896 1490 921 1.
1518 896 1681 923 Mensura.
1718 895 1762 922 111.
1784 898 1851 924 Gn.
1875 895 1912 922 Vt
1929 905 1989 934 pro-

1122 967 1123 974 *
1145 936 1200 963 bari
1219 938 1318 974 possit,
1344 936 1408 973 quid
1431 942 1523 974 postea
1543 937 1709 965 aedificatum
1729 940 1777 971 sit,
1803 938 1927 966 modulos
1947 949 1989 966 su-

1144 990 1214 1006 mere
1239 978 1318 1006 debet
1341 980 1377 1012 is,
1401 980 1446 1016 qui
1470 982 1583 1007 nunciat.
1622 981 1675 1016 Qui
1700 987 1727 1008 ut
1749 987 1886 1009 sumantur
1903 982 1990 1009 confe-

1145 1027 1288 1059 ranturque
1308 1027 1356 1049 etc.
1376 1022 1406 1049 fr.
1426 1024 1450 1049 8.
1470 1023 1492 1056 §.
1512 1025 1535 1050 5.
1556 1023 1589 1050 de
1609 1024 1642 1050 0.
1663 1024 1694 1051 N.
1715 1024 1746 1051 N.
1760 1026 1801 1051 39.
1818 1027 1840 1051 l.
1854 1041 1886 1045 -
1907 1025 1938 1058 ξ.
1952 1025 1989 1051 8·

1146 1067 1259 1097 Calix,
1279 1066 1314 1098 (s.
1333 1066 1545 1098 instrumentum,
1565 1066 1637 1103 quod
1656 1068 1713 1094 rivo
1729 1067 1772 1094 vel
1785 1067 1896 1094 castello
1909 1077 1990 1104 aquae

1145 1108 1275 1139 induitur,
1302 1109 1397 1145 cuique
1421 1108 1525 1135 fistulae
1549 1109 1739 1146 adplicantur.)
1781 1110 1824 1137 IH.
1844 1112 1911 1138 οη.
1936 1110 1990 1146 Qui

1122 1157 1123 1162 ¹
1144 1150 1321 1183 modulorum,
1341 1156 1385 1177 aut
1404 1152 1454 1178 rivi
1473 1151 1585 1178 faciendi
1599 1162 1684 1186 causa,
1698 1163 1765 1190 opus
1779 1154 1884 1181 faceret.
1904 1153 1934 1180 sr.
1947 1154 1989 1179 30.

1145 1194 1167 1228 ξ.
1187 1196 1210 1221 1.
1231 1193 1264 1220 de
1283 1193 1368 1220 damn.
1389 1194 1433 1221 inf.
1452 1196 1495 1221 39.
1514 1197 1539 1221 2.

1179 1238 1326 1264 Modus.
1363 1238 1395 1271 ξ.
1418 1237 1453 1264 l.
1479 1239 1640 1266 Mensura.
1677 1238 1696 1265 1.
1715 1240 1777 1273 Sy.
1797 1238 1927 1265 Mensura.
1947 1237 1988 1266 Cf.

1146 1280 1170 1306 li.
1190 1289 1215 1306 v.
1235 1280 1257 1314 ᾗ.
1277 1281 1301 1306 3,
1339 1279 1382 1306 111.
1402 1281 1469 1308 Cn.
1488 1279 1549 1307 Non
1568 1281 1601 1307 ad
1619 1283 1789 1318 quantitatem
1808 1291 1890 1318 aquae
1908 1282 1990 1308 fluen—

1146 1323 1180 1349 tis
1205 1324 1334 1360 pertinet,
1363 1323 1410 1350 sed
1438 1322 1471 1350 ad
1499 1323 1618 1356 modum,
1648 1329 1674 1351 et
1699 1323 1731 1350 ad
1757 1326 1870 1361 rigorem
1895 1334 1990 1351 cursus

1145 1376 1227 1402 aquae
1246 1365 1412 1393 referendum
1432 1371 1480 1393 est.
1500 1366 1530 1393 l'r.
1552 1369 1575 1394 1.
1596 1367 1618 1401 ξ.
1631 1368 1655 1393 3.
1675 1376 1708 1394 ne
1727 1377 1770 1404 qu.
1789 1369 1816 1394 in
1835 1368 1906 1395 flum.
1926 1367 1988 1406 pub.

1145 1411 1186 1435 43.
1203 1410 1242 1435 13.
1272 1407 1366 1445 Neque
1385 1409 1521 1446 amplioris
1541 1409 1622 1442 modi,
1641 1420 1727 1447 neque
1741 1410 1789 1437 alia
1803 1411 1903 1447 (aqua.)
1923 1411 1988 1437 fr.1.

1122 1450 1123 1461 ¹
1145 1452 1166 1486 ξ.
1182 1453 1222 1478 15.
1243 1451 1276 1478 de
1296 1462 1361 1488 aqua
1376 1457 1448 1488 quot.
1463 1454 1504 1479 43.
1518 1455 1560 1479 20.
1598 1452 1627 1479 Si
1646 1454 1673 1479 in
1693 1453 1818 1490 qualitate
1837 1453 1911 1480 fundi
1928 1463 1990 1480 veu-

1145 1495 1215 1521 ditor
1233 1496 1359 1521 mentitus
1379 1496 1427 1527 sit,
1446 1505 1500 1522 non
1519 1497 1545 1522 in
1565 1495 1644 1522 modo
1664 1497 1728 1522 eius.
1752 1496 1782 1523 sr.
1802 1498 1843 1523 22.
1864 1497 1897 1523 ct'.
1915 1495 1946 1522 fr.
1964 1498 1989 1522 2.

1144 1548 1183 1575 pr.
1204 1537 1234 1564 fr.
1253 1540 1277 1564 4.
1299 1538 1321 1572 ξ.
1342 1540 1364 1564 1.
1385 1538 1418 1565 de
1435 1538 1468 1565 A.
1487 1539 1517 1565 E.
1538 1538 1569 1565 V.
1591 1541 1631 1566 19.
1652 1540 1674 1565 1.
1711 1539 1792 1575 Quod
1810 1539 1943 1571 venditur,
1962 1540 1989 1565 in

1144 1580 1250 1607 modum
1269 1582 1323 1617 agri
1338 1581 1433 1608 cedere
1445 1581 1532 1608 debet.
1553 1581 1584 1608 fr.
1599 1584 1622 1608 7.
1642 1582 1664 1616 ξ.
1680 1584 1703 1608 l.
1717 1582 1750 1609 de
1762 1583 1842 1620 peric.
1857 1587 1883 1609 et
1896 1591 1988 1609 comm.

1146 1625 1186 1650 1⁸.
1206 1624 1230 1650 6.
1267 1623 1310 1650 De
1329 1624 1408 1651 modo
1427 1634 1547 1661 agrorum
1566 1624 1658 1651 arbitri
1677 1624 1779 1652 dantur.
1799 1625 1828 1652 fr.
1842 1627 1866 1652 7.
1886 1625 1931 1651 fin.
1951 1634 1990 1651 re-

1144 1666 1223 1703 guud.
1249 1668 1289 1692 10.
1315 1668 1338 1693 1.
1379 1667 1516 1694 Adhibitis
1544 1668 1643 1704 iniquis
1668 1667 1831 1705 ponderibus
1854 1668 1990 1705 accepisse

1145 1712 1198 1742 (sc.
1220 1709 1339 1742 oleum‚)
1359 1714 1388 1736 ut
1406 1711 1433 1736 in
1451 1710 1530 1737 modo
1549 1720 1591 1736 me
1610 1709 1720 1737 falleret.
1745 1710 1776 1738 fr.
1795 1712 1836 1738 32.
1856 1710 1889 1737 de
1908 1711 1940 1737 A.
1958 1710 1989 1737 E.

1145 1752 1176 1779 V.
1197 1754 1237 1779 19.
1260 1754 1283 1779 l.
1318 1752 1448 1779 Aedificia
1471 1753 1582 1779 reficere
1599 1752 1632 1779 ad
1651 1763 1710 1780 eum
1729 1753 1848 1785 modum,
1873 1755 1918 1790 qui
1936 1762 1990 1780 ser-

1144 1796 1229 1822 vitute
1248 1796 1372 1832 imposita
1392 1795 1600 1833 comprehensus
1620 1801 1668 1823 est.
1688 1796 1718 1823 fr.
1731 1798 1756 1823 6.
1775 1797 1796 1830 ξ.
1813 1799 1837 1823 2.
1857 1798 1880 1823 si
1899 1797 1988 1823 servit.

1144 1842 1168 1865 8.
1187 1840 1211 1865 5.
1232 1838 1264 1865 cf.
1284 1837 1315 1864 fr.
1336 1840 1359 1864 1.
1379 1838 1462 1872 §.17.
1482 1838 1515 1866 de
1535 1838 1569 1866 Ο.
1588 1838 1620 1866 N.
1641 1838 1673 1866 N.
1692 1841 1735 1866 39.
1757 1841 1778 1866 1.
1808 1839 1892 1866 Vatic.
1911 1840 1933 1874 §.
1946 1840 1988 1866 53.

1144 1881 1213 1908 lutra
1233 1880 1377 1918 legitimum
1400 1881 1520 1914 modum,
1545 1883 1673 1920 (propius
1697 1882 1845 1909 aedificium
1868 1882 1988 1913 alienum,

1121 1942 1123 1950 .
1144 1929 1264 1951 mortuus
1284 1923 1395 1957 illatus.)
1415 1924 1446 1951 fr.
1465 1926 1490 1951 3.
1509 1925 1532 1959 §.
1554 1927 1577 1951 1.
1597 1924 1630 1951 de
1648 1930 1752 1952 mortuo
1772 1926 1846 1952 inl‘er.
1867 1928 1907 1952 11.
1920 1926 1988 1951 8.-

1144 1968 1175 2001 §.
1187 1969 1222 1994 2.
1242 1969 1354 1994 [ustus
1368 1968 1473 2003 finis,
1492 1969 1641 1994 Ambitus
1661 1970 1854 2002 descriptus.
1891 1967 1910 1994 1.
1925 1968 1987 2002 Sy·

1143 2010 1228 2037 Licita
1248 2011 1387 2046 quantitas.
1408 2009 1506 2037 Certus
1525 2010 1628 2037 modus.
1647 2010 1678 2037 sr.
1692 2013 1734 2037 27.
1748 2010 1781 2037 de
1793 2011 1896 2048 probat.
1906 2011 1948 2036 22.
1961 2012 1986 2037 3.

1144 2053 1305 2090 Temperare
1324 2062 1387 2079 rem.
1424 2053 1466 2080 Ad
1491 2054 1588 2080 iustum
1613 2052 1719 2080 modum
1742 2053 1868 2089 redigere.
1895 2051 1927 2079 fr.
1947 2053 1987 2079 17.

1144 2106 1183 2133 pr.
1204 2096 1237 2122 de
1256 2106 1326 2122 usur.
1345 2098 1387 2122 22.
1409 2098 1430 2122 1.
1468 2095 1498 2122 11.
1519 2097 1587 2129 01).
1613 2095 1748 2122 nonestus
1767 2095 1869 2122 modus.
1889 2110 1922 2114 -—
1940 2094 1988 2121 Im-

1144 2138 1277 2165 moderata
1291 2138 1429 2172 (luxuria.)
1448 2138 1478 2164 l'r.
1492 2141 1534 2164 40.
1554 2148 1593 2175 pr.
1614 2138 1646 2164 de
1660 2138 1744 2165 damn.
1757 2138 1803 2164 inf.
1816 2139 1858 2164 39.
1871 2139 1896 2164 2.
1919 2137 1988 2164 Esse

1144 2183 1212 2208 intra
1232 2181 1474 2214 (iurisdictionem.)
1488 2197 1520 2201 —
1539 2181 1677 2208 Excedere
1691 2180 1797 2207 modum
1816 2180 1988 2214 (iurisdictio-

1145 2226 1208 2257 nis.)
1227 2224 1257 2251 l'r.
1279 2226 1318 2250 11.
1339 2234 1377 2261 pr.
1397 2223 1430 2250 de
1448 2223 1540 2250 iurisd.
1560 2226 1584 2250 2.
1606 2226 1628 2250 1.
1664 2223 1707 2250 111.
1728 2225 1794 2251 Cn.
1818 2223 1872 2250 Sed
1891 2225 1918 2250 in
1936 2223 1988 2251 hoc

1145 2267 1238 2294 modus
1257 2266 1364 2304 quidam
1383 2272 1410 2293 et
1424 2268 1489 2293 ratio
1503 2266 1650 2293 adhibenda
1664 2271 1712 2293 est.
1733 2265 1804 2292 Paul.
1820 2266 1850 2292 V.
1864 2268 1889 2293 4.
1908 2267 1931 2302 §.
1946 2269 1986 2294 14.

1145 2311 1177 2338 cf.
1198 2310 1227 2337 l'r.
1244 2312 1269 2337 3.
1290 2310 1322 2336 de
1340 2314 1478 2347 proxenet.
1491 2311 1533 2336 50.
1554 2311 1594 2336 14.
1631 2309 1737 2336 Modum
1757 2309 1918 2336 iuriiurando
1937 2315 1987 2336 sta-

1145 2359 1227 2386 tuere,
1246 2358 1276 2380 ut
1293 2354 1360 2379 intra
1379 2357 1476 2379 certam
1496 2353 1667 2389 quantitatem
1687 2353 1795 2378 iuretur.
1820 2352 1850 2379 fr.
1871 2354 1895 2379 4.
1919 2352 1942 2386 §.
1961 2355 1986 2380 2.

1146 2397 1179 2423 de
1204 2398 1229 2423 in
1254 2396 1292 2423 lit.
1317 2397 1364 2423 iur.
1391 2398 1430 2422 12.
1453 2397 1477 2422 3.
1502 2396 1533 2421 cl'.
1563 2394 1592 2421 fr.
1620 2397 1660 2421 17.
1686 2405 1724 2432 pr.
1749 2394 1781 2421 de
1805 2405 1876 2422 usur.
1900 2397 1942 2422 22.
1963 2398 1986 2422 1.

1146 2440 1233 2476 Quem
1257 2444 1342 2465 tamen
1365 2438 1470 2465 modum
1494 2447 1554 2464 esse
1578 2437 1699 2464 bene-licii
1722 2439 1764 2464 sui
1782 2438 1878 2469 vellet,
1901 2439 1986 2475 ipsius

1146 2483 1353 2509 aestimationem
1377 2490 1442 2507 esse.
1467 2480 1497 2507 sr.
1518 2481 1575 2506 191.
1600 2480 1633 2506 de
1651 2480 1682 2507 R.
1707 2480 1726 2507 1.
1745 2483 1787 2508 50.
1806 2482 1847 2507 17.
1889 2481 1987 2508 Secun-

1147 2527 1208 2553 dum
1227 2536 1289 2552 suae
1308 2525 1471 2552 auctoritatis
1490 2522 1595 2549 modum
1615 2524 1786 2560 (castigare.)
1808 2523 1838 2550 fr.
1860 2526 1899 2550 12.
1919 2525 1942 2558 §.
1960 2525 1985 2550 2.

1147 2569 1180 2596 de
1198 2569 1230 2595 R.
1250 2568 1283 2595 M.
1307 2570 1348 2594 49.
1370 2568 1409 2593 16.
1446 2566 1552 2593 Modum
1578 2566 1663 2593 facere
1687 2566 1938 2600 (administrationi,
1961 2576 1984 2593 v.

1147 2612 1352 2642 interdictioni.)
1381 2610 1410 2636 fr.
1433 2611 1475 2637 36.
1500 2609 1532 2636 de
1556 2610 1622 2636 adm.
1647 2614 1673 2636 et
1695 2610 1774 2646 peric.
1798 2612 1841 2636 26.
1862 2611 1884 2636 7.
1910 2609 1940 2636 fr.
1959 2610 1983 2635 3.

1147 2656 1168 2689 ξ.
1191 2657 1211 2682 1.
1232 2654 1264 2681 de
1283 2653 1416 2680 ‹lecurion.
1431 2655 1472 2679 50.
1486 2656 1509 2679 2.
1534 2652 1640 2679 Modum
1659 2654 1795 2689 imponere
1813 2651 1984 2686 (verberum.)

1147 2699 1176 2725 fr.
1200 2700 1237 2724 17.
1263 2697 1285 2730 §.
1305 2699 1329 2722 5.
1353 2695 1386 2722 de
1410 2697 1485 2723 iniur.
1505 2698 1546 2723 47.
1567 2698 1607 2723 10.
1644 2695 1705 2722 Non
1729 2695 1857 2723 excedere
1879 2694 1984 2721 modum

1146 2739 1328 2777 (probabilem
1347 2739 1415 2772 etc.)
1440 2739 1469 2766 i'r.
1489 2741 1512 2766 6.
1539 2739 1560 2773 §.
1579 2741 1603 2766 3.
1624 2738 1656 2765 de
1676 2739 1720 2766 oss.
1739 2739 1814 2766 Proc.
1834 2743 1860 2765 et
1877 2737 1940 2774 Leg.
1961 2739 1983 2764 1.

1147 2785 1186 2810 16.
1210 2782 1240 2809 fr.
1261 2785 1302 2809 50.
1327 2783 1348 2816 ξ.
1371 2784 1391 2808 1.
1417 2782 1450 2809 de
1473 2782 1560 2809 hei-ed.
1585 2786 1637 2819 pet.
1661 2785 1685 2809 5
1709 2784 1733 2809 3.
1763 2781 1858 2809 collat.
1878 2779 1929 2807 LL.
1949 2780 1982 2807 M.

1145 2825 1203 2853 XV.
1227 2827 1251 2853 3.
1297 2825 1457 2863 Temperare
1483 2825 1588 2852 modum
1616 2824 1803 2862 (castigandi.)
1832 2823 1868 2849 lb.
1893 2822 1935 2849 111.
1958 2825 1982 2849 2.
