<?xml version="1.0" encoding="UTF-8"?>
<!DOCTYPE html PUBLIC "-//W3C//DTD XHTML 1.0 Transitional//EN"
    "http://www.w3.org/TR/xhtml1/DTD/xhtml1-transitional.dtd">
<html xmlns="http://www.w3.org/1999/xhtml" xml:lang="en" lang="en">
 <head>
  <title>
</title>
<meta http-equiv="Content-Type" content="text/html;charset=utf-8" />
  <meta name='ocr-system' content='tesseract 3.04.00' />
  <meta name='ocr-capabilities' content='ocr_page ocr_carea ocr_par ocr_line ocrx_word'/>
</head>
<body>
  <div class='ocr_page' id='page_1' title='image "./manualelatinitat00dirk_0212.png"; bbox 0 0 2197 3121; ppageno 0'>
   <div class='ocr_carea' id='block_1_1' title="bbox 263 170 324 201">
    <p class='ocr_par' dir='ltr' id='par_1_1' title="bbox 263 170 324 201">
     <span class='ocr_line' id='line_1_1' title="bbox 263 170 324 201; baseline 0 0"><span class='ocrx_word' id='word_1_1' title='bbox 263 170 324 201; x_wconf 79' lang='lat'>198</span> 
     </span>
    </p>
   </div>
   <div class='ocr_carea' id='block_1_2' title="bbox 260 248 1135 2477">
    <p class='ocr_par' dir='ltr' id='par_1_2' title="bbox 260 248 1135 2477">
     <span class='ocr_line' id='line_1_2' title="bbox 260 248 1127 289; baseline -0.003 -12"><span class='ocrx_word' id='word_1_2' title='bbox 260 262 336 289; x_wconf 85' lang='lat' dir='ltr'>prox.</span> <span class='ocrx_word' id='word_1_3' title='bbox 356 252 442 278; x_wconf 83' lang='lat' dir='ltr'>comit.</span> <span class='ocrx_word' id='word_1_4' title='bbox 463 249 505 277; x_wconf 67' lang='lat' dir='ltr'>Vl.</span> <span class='ocrx_word' id='word_1_5' title='bbox 527 252 549 277; x_wconf 86' lang='lat'>7.</span> <span class='ocrx_word' id='word_1_6' title='bbox 571 261 591 277; x_wconf 89' lang='lat' dir='ltr'>c.</span> <span class='ocrx_word' id='word_1_7' title='bbox 613 252 634 276; x_wconf 95' lang='lat'>1.</span> <span class='ocrx_word' id='word_1_8' title='bbox 656 249 688 276; x_wconf 87' lang='lat' dir='ltr'>de</span> <span class='ocrx_word' id='word_1_9' title='bbox 707 248 792 276; x_wconf 76' lang='lat' dir='ltr'>Praef.</span> <span class='ocrx_word' id='word_1_10' title='bbox 811 248 854 275; x_wconf 79' lang='lat' dir='ltr'>Pr.</span> <span class='ocrx_word' id='word_1_11' title='bbox 890 248 920 275; x_wconf 90' lang='lat' dir='ltr'>lu</span> <span class='ocrx_word' id='word_1_12' title='bbox 939 248 1104 275; x_wconf 83' lang='lat' dir='ltr'>salutationi·</span> <span class='ocrx_word' id='word_1_13' title='bbox 1125 250 1127 254; x_wconf 88' lang='grc'><strong>“</strong></span> 
     </span>
     <span class='ocr_line' id='line_1_3' title="bbox 261 290 1127 330; baseline -0.006 -9"><span class='ocrx_word' id='word_1_14' title='bbox 261 295 311 321; x_wconf 76' lang='lat' dir='ltr'>bns</span> <span class='ocrx_word' id='word_1_15' title='bbox 335 293 449 321; x_wconf 85' lang='lat' dir='ltr'>indicum</span> <span class='ocrx_word' id='word_1_16' title='bbox 473 293 698 329; x_wconf 75' lang='lat' dir='ltr'>consessibusqne</span> <span class='ocrx_word' id='word_1_17' title='bbox 717 293 820 330; x_wconf 78' lang='lat' dir='ltr'>priores</span> <span class='ocrx_word' id='word_1_18' title='bbox 841 302 899 318; x_wconf 78' lang='lat' dir='ltr'>eoS.</span> <span class='ocrx_word' id='word_1_19' title='bbox 920 293 964 328; x_wconf 90' lang='lat' dir='ltr'>qui</span> <span class='ocrx_word' id='word_1_20' title='bbox 985 296 1033 317; x_wconf 82' lang='lat' dir='ltr'>etc.</span> <span class='ocrx_word' id='word_1_21' title='bbox 1064 290 1103 317; x_wconf 90' lang='lat' dir='ltr'>lb.</span> <span class='ocrx_word' id='word_1_22' title='bbox 1126 318 1127 322; x_wconf 17' lang='grc' dir='ltr'><strong>Ἰ</strong></span> 
     </span>
     <span class='ocr_line' id='line_1_4' title="bbox 261 326 1127 372; baseline -0.005 -8"><span class='ocrx_word' id='word_1_23' title='bbox 261 337 305 364; x_wconf 64' lang='lat' dir='ltr'>Yl.</span> <span class='ocrx_word' id='word_1_24' title='bbox 325 340 366 363; x_wconf 70' lang='lat'>28.</span> <span class='ocrx_word' id='word_1_25' title='bbox 387 348 407 363; x_wconf 81' lang='lat' dir='ltr'>c.</span> <span class='ocrx_word' id='word_1_26' title='bbox 427 340 450 362; x_wconf 77' lang='grc'>8.</span> <span class='ocrx_word' id='word_1_27' title='bbox 471 337 492 370; x_wconf 85' lang='lat'>5</span> <span class='ocrx_word' id='word_1_28' title='bbox 512 340 536 362; x_wconf 84' lang='lat'>2.</span> <span class='ocrx_word' id='word_1_29' title='bbox 557 336 589 363; x_wconf 76' lang='lat' dir='ltr'>de</span> <span class='ocrx_word' id='word_1_30' title='bbox 609 336 690 372; x_wconf 85' lang='lat' dir='ltr'>princ.</span> <span class='ocrx_word' id='word_1_31' title='bbox 712 340 796 371; x_wconf 71' lang='lat' dir='ltr'>agent.</span> <span class='ocrx_word' id='word_1_32' title='bbox 815 336 842 362; x_wconf 89' lang='lat' dir='ltr'>in</span> <span class='ocrx_word' id='word_1_33' title='bbox 861 335 915 361; x_wconf 79' lang='lat' dir='ltr'>reb.</span> <span class='ocrx_word' id='word_1_34' title='bbox 945 334 976 360; x_wconf 77' lang='lat' dir='ltr'>cf.</span> <span class='ocrx_word' id='word_1_35' title='bbox 997 333 1041 360; x_wconf 61' lang='lat' dir='ltr'>YI.</span> <span class='ocrx_word' id='word_1_36' title='bbox 1061 336 1103 360; x_wconf 81' lang='lat'>26.</span> <span class='ocrx_word' id='word_1_37' title='bbox 1126 326 1127 354; x_wconf 58' lang='lat' dir='ltr'>l</span> 
     </span>
     <span class='ocr_line' id='line_1_5' title="bbox 263 377 1023 416; baseline -0.004 -10"><span class='ocrx_word' id='word_1_38' title='bbox 263 391 284 407; x_wconf 82' lang='lat' dir='ltr'>c.</span> <span class='ocrx_word' id='word_1_39' title='bbox 304 382 327 406; x_wconf 89' lang='lat'>5.</span> <span class='ocrx_word' id='word_1_40' title='bbox 348 379 379 406; x_wconf 70' lang='lat' dir='ltr'>de</span> <span class='ocrx_word' id='word_1_41' title='bbox 399 389 473 416; x_wconf 83' lang='lat' dir='ltr'>prox.</span> <span class='ocrx_word' id='word_1_42' title='bbox 494 380 580 405; x_wconf 88' lang='lat' dir='ltr'>comit.</span> <span class='ocrx_word' id='word_1_43' title='bbox 599 377 657 404; x_wconf 70' lang='lat' dir='ltr'>Ml.</span> <span class='ocrx_word' id='word_1_44' title='bbox 679 379 701 404; x_wconf 92' lang='lat'>1.</span> <span class='ocrx_word' id='word_1_45' title='bbox 723 388 743 404; x_wconf 89' lang='lat' dir='ltr'>c.</span> <span class='ocrx_word' id='word_1_46' title='bbox 760 379 817 404; x_wconf 80' lang='lat'>109.</span> <span class='ocrx_word' id='word_1_47' title='bbox 838 377 871 404; x_wconf 87' lang='lat' dir='ltr'>de</span> <span class='ocrx_word' id='word_1_48' title='bbox 890 377 1023 404; x_wconf 87' lang='lat' dir='ltr'>decurion.</span> 
     </span>
     <span class='ocr_line' id='line_1_6' title="bbox 297 419 1129 455; baseline -0.004 -6"><span class='ocrx_word' id='word_1_49' title='bbox 297 423 559 450; x_wconf 59' lang='lat' dir='ltr'>considerare.</span> <span class='ocrx_word' id='word_1_50' title='bbox 591 422 774 455; x_wconf 70' lang='lat' dir='ltr'><em>Inspicere,</em></span> <span class='ocrx_word' id='word_1_51' title='bbox 793 423 975 454; x_wconf 65' lang='lat' dir='ltr'>Respicere.</span> <span class='ocrx_word' id='word_1_52' title='bbox 1003 419 1023 446; x_wconf 92' lang='lat' dir='ltr'>I.</span> <span class='ocrx_word' id='word_1_53' title='bbox 1043 420 1104 454; x_wconf 72' lang='lat' dir='ltr'>Sy.</span> <span class='ocrx_word' id='word_1_54' title='bbox 1126 440 1129 453; x_wconf 79' lang='lat'>.-</span> 
     </span>
     <span class='ocr_line' id='line_1_7' title="bbox 262 462 1129 500; baseline -0.002 -9"><span class='ocrx_word' id='word_1_55' title='bbox 262 466 426 492; x_wconf 76' lang='lat' dir='ltr'>Examinarc.</span> <span class='ocrx_word' id='word_1_56' title='bbox 455 464 538 491; x_wconf 58' lang='lat' dir='ltr'>Vane.</span> <span class='ocrx_word' id='word_1_57' title='bbox 563 465 600 498; x_wconf 86' lang='lat'>55.</span> <span class='ocrx_word' id='word_1_58' title='bbox 620 465 680 490; x_wconf 76' lang='lat'>273.</span> <span class='ocrx_word' id='word_1_59' title='bbox 700 474 740 500; x_wconf 86' lang='lat' dir='ltr'>sq.</span> <span class='ocrx_word' id='word_1_60' title='bbox 782 463 934 500; x_wconf 68' lang='lat' dir='ltr'>Respicere.</span> <span class='ocrx_word' id='word_1_61' title='bbox 965 462 996 489; x_wconf 84' lang='lat' dir='ltr'>fr.</span> <span class='ocrx_word' id='word_1_62' title='bbox 1015 465 1056 489; x_wconf 86' lang='lat'>50.</span> <span class='ocrx_word' id='word_1_63' title='bbox 1083 464 1104 497; x_wconf 84' lang='lat'>5.</span> <span class='ocrx_word' id='word_1_64' title='bbox 1126 465 1129 474; x_wconf 74' lang='lat'>¹</span> 
     </span>
     <span class='ocr_line' id='line_1_8' title="bbox 265 505 1129 544; baseline -0.002 -10"><span class='ocrx_word' id='word_1_65' title='bbox 265 511 286 534; x_wconf 92' lang='lat'>1.</span> <span class='ocrx_word' id='word_1_66' title='bbox 312 509 341 534; x_wconf 87' lang='lat' dir='ltr'>t&#39;r.</span> <span class='ocrx_word' id='word_1_67' title='bbox 360 509 401 533; x_wconf 77' lang='lat'>57.</span> <span class='ocrx_word' id='word_1_68' title='bbox 422 517 462 544; x_wconf 85' lang='lat' dir='ltr'>pr.</span> <span class='ocrx_word' id='word_1_69' title='bbox 482 507 514 532; x_wconf 72' lang='lat' dir='ltr'>de</span> <span class='ocrx_word' id='word_1_70' title='bbox 533 506 618 544; x_wconf 76' lang='lat' dir='ltr'>pecul.</span> <span class='ocrx_word' id='word_1_71' title='bbox 639 509 680 533; x_wconf 89' lang='lat'>15.</span> <span class='ocrx_word' id='word_1_72' title='bbox 702 508 723 532; x_wconf 93' lang='lat'>1.</span> <span class='ocrx_word' id='word_1_73' title='bbox 766 506 808 532; x_wconf 92' lang='lat' dir='ltr'>III.</span> <span class='ocrx_word' id='word_1_74' title='bbox 829 508 894 534; x_wconf 69' lang='lat' dir='ltr'>sn.</span> <span class='ocrx_word' id='word_1_75' title='bbox 923 505 1020 532; x_wconf 81' lang='lat' dir='ltr'><strong>Aditus</strong></span> <span class='ocrx_word' id='word_1_76' title='bbox 1039 515 1106 532; x_wconf 87' lang='lat' dir='ltr'>com-</span> <span class='ocrx_word' id='word_1_77' title='bbox 1128 512 1129 521; x_wconf 67' lang='lat'>¹</span> 
     </span>
     <span class='ocr_line' id='line_1_9' title="bbox 263 548 1106 589; baseline -0.001 -13"><span class='ocrx_word' id='word_1_78' title='bbox 263 557 355 589; x_wconf 69' lang='lat' dir='ltr'>petrns</span> <span class='ocrx_word' id='word_1_79' title='bbox 383 550 473 576; x_wconf 80' lang='lat' dir='ltr'>iudex.</span> <span class='ocrx_word' id='word_1_80' title='bbox 494 549 660 576; x_wconf 83' lang='lat' dir='ltr'>considerato</span> <span class='ocrx_word' id='word_1_81' title='bbox 681 548 778 575; x_wconf 75' lang='lat' dir='ltr'>tutelae</span> <span class='ocrx_word' id='word_1_82' title='bbox 795 549 908 580; x_wconf 82' lang='lat' dir='ltr'>iudicio,</span> <span class='ocrx_word' id='word_1_83' title='bbox 931 559 986 575; x_wconf 84' lang='lat' dir='ltr'>eam</span> <span class='ocrx_word' id='word_1_84' title='bbox 1006 548 1106 575; x_wconf 76' lang='lat' dir='ltr'>curabit</span> 
     </span>
     <span class='ocr_line' id='line_1_10' title="bbox 263 591 1106 628; baseline -0.002 -8"><span class='ocrx_word' id='word_1_85' title='bbox 263 596 330 621; x_wconf 69' lang='lat' dir='ltr'>terre</span> <span class='ocrx_word' id='word_1_86' title='bbox 350 593 505 619; x_wconf 75' lang='lat' dir='ltr'>sententiam</span> <span class='ocrx_word' id='word_1_87' title='bbox 525 597 573 618; x_wconf 82' lang='lat' dir='ltr'>etc.</span> <span class='ocrx_word' id='word_1_88' title='bbox 600 592 684 618; x_wconf 54' lang='lat' dir='ltr'>vatic.</span> <span class='ocrx_word' id='word_1_89' title='bbox 705 592 726 626; x_wconf 90' lang='lat'>5.</span> <span class='ocrx_word' id='word_1_90' title='bbox 740 594 782 618; x_wconf 80' lang='lat'>32.</span> <span class='ocrx_word' id='word_1_91' title='bbox 803 592 833 618; x_wconf 76' lang='lat' dir='ltr'>ct&#39;.</span> <span class='ocrx_word' id='word_1_92' title='bbox 849 592 886 626; x_wconf 87' lang='lat'>55.</span> <span class='ocrx_word' id='word_1_93' title='bbox 905 593 965 618; x_wconf 86' lang='lat'>273.</span> <span class='ocrx_word' id='word_1_94' title='bbox 984 602 1026 628; x_wconf 83' lang='lat' dir='ltr'>sq.</span> <span class='ocrx_word' id='word_1_95' title='bbox 1053 591 1106 618; x_wconf 76' lang='lat' dir='ltr'>Sed</span> 
     </span>
     <span class='ocr_line' id='line_1_11' title="bbox 262 634 1105 671; baseline -0.004 -8"><span class='ocrx_word' id='word_1_96' title='bbox 262 638 326 663; x_wconf 64' lang='lat' dir='ltr'>han-‹-</span> <span class='ocrx_word' id='word_1_97' title='bbox 345 636 388 662; x_wconf 69' lang='lat' dir='ltr'>H.</span> <span class='ocrx_word' id='word_1_98' title='bbox 408 645 502 671; x_wconf 77' lang='lat' dir='ltr'>genera</span> <span class='ocrx_word' id='word_1_99' title='bbox 521 634 710 661; x_wconf 82' lang='lat' dir='ltr'>consideranda</span> <span class='ocrx_word' id='word_1_100' title='bbox 731 640 791 661; x_wconf 91' lang='lat' dir='ltr'>sunt</span> <span class='ocrx_word' id='word_1_101' title='bbox 811 634 866 661; x_wconf 65' lang='grc' dir='ltr'>ΥΠ.</span> <span class='ocrx_word' id='word_1_102' title='bbox 887 634 981 662; x_wconf 86' lang='lat' dir='ltr'>modis.</span> <span class='ocrx_word' id='word_1_103' title='bbox 1013 634 1044 661; x_wconf 71' lang='lat' dir='ltr'>t&#39;r.</span> <span class='ocrx_word' id='word_1_104' title='bbox 1066 637 1105 661; x_wconf 85' lang='lat'>16.</span> 
     </span>
     <span class='ocr_line' id='line_1_12' title="bbox 263 677 1106 716; baseline -0.002 -10"><span class='ocrx_word' id='word_1_105' title='bbox 263 682 284 714; x_wconf 86' lang='lat'>5.</span> <span class='ocrx_word' id='word_1_106' title='bbox 308 682 328 706; x_wconf 94' lang='lat' dir='ltr'>l.</span> <span class='ocrx_word' id='word_1_107' title='bbox 349 679 380 705; x_wconf 84' lang='lat' dir='ltr'>de</span> <span class='ocrx_word' id='word_1_108' title='bbox 400 689 476 716; x_wconf 85' lang='lat' dir='ltr'>poen.</span> <span class='ocrx_word' id='word_1_109' title='bbox 496 679 537 704; x_wconf 71' lang='lat'>48.</span> <span class='ocrx_word' id='word_1_110' title='bbox 554 679 593 704; x_wconf 85' lang='lat'>19.</span> <span class='ocrx_word' id='word_1_111' title='bbox 631 678 672 704; x_wconf 81' lang='lat' dir='ltr'>An</span> <span class='ocrx_word' id='word_1_112' title='bbox 694 677 763 703; x_wconf 77' lang='lat' dir='ltr'>idem</span> <span class='ocrx_word' id='word_1_113' title='bbox 783 693 815 697; x_wconf 83' lang='lat'>--</span> <span class='ocrx_word' id='word_1_114' title='bbox 835 677 992 715; x_wconf 84' lang='lat' dir='ltr'>responderi</span> <span class='ocrx_word' id='word_1_115' title='bbox 1011 678 1106 715; x_wconf 82' lang='lat' dir='ltr'>possit.</span> 
     </span>
     <span class='ocr_line' id='line_1_13' title="bbox 265 719 1106 757; baseline -0.001 -9"><span class='ocrx_word' id='word_1_116' title='bbox 265 719 482 749; x_wconf 80' lang='lat' dir='ltr'>considerandum</span> <span class='ocrx_word' id='word_1_117' title='bbox 509 726 556 747; x_wconf 84' lang='lat' dir='ltr'>est.</span> <span class='ocrx_word' id='word_1_118' title='bbox 587 720 617 747; x_wconf 69' lang='lat' dir='ltr'>t&#39;r.</span> <span class='ocrx_word' id='word_1_119' title='bbox 637 722 661 747; x_wconf 87' lang='lat'>4.</span> <span class='ocrx_word' id='word_1_120' title='bbox 681 731 720 757; x_wconf 90' lang='lat' dir='ltr'>pr.</span> <span class='ocrx_word' id='word_1_121' title='bbox 747 720 779 746; x_wconf 82' lang='lat' dir='ltr'>de</span> <span class='ocrx_word' id='word_1_122' title='bbox 804 730 875 746; x_wconf 90' lang='lat' dir='ltr'>usur.</span> <span class='ocrx_word' id='word_1_123' title='bbox 900 723 942 747; x_wconf 86' lang='lat'>22.</span> <span class='ocrx_word' id='word_1_124' title='bbox 964 723 986 747; x_wconf 97' lang='lat'>1.</span> <span class='ocrx_word' id='word_1_125' title='bbox 1015 721 1045 747; x_wconf 83' lang='lat' dir='ltr'>fr.</span> <span class='ocrx_word' id='word_1_126' title='bbox 1064 723 1106 747; x_wconf 80' lang='grc'>28.</span> 
     </span>
     <span class='ocr_line' id='line_1_14' title="bbox 263 762 1106 797; baseline -0.002 -5"><span class='ocrx_word' id='word_1_127' title='bbox 263 766 296 792; x_wconf 84' lang='lat' dir='ltr'>de</span> <span class='ocrx_word' id='word_1_128' title='bbox 315 764 391 791; x_wconf 88' lang='lat' dir='ltr'>cond.</span> <span class='ocrx_word' id='word_1_129' title='bbox 411 765 471 790; x_wconf 85' lang='lat' dir='ltr'>inst.</span> <span class='ocrx_word' id='word_1_130' title='bbox 491 766 533 790; x_wconf 62' lang='lat'>25.</span> <span class='ocrx_word' id='word_1_131' title='bbox 553 765 575 790; x_wconf 84' lang='lat'>7.</span> <span class='ocrx_word' id='word_1_132' title='bbox 613 763 641 790; x_wconf 91' lang='lat' dir='ltr'>In</span> <span class='ocrx_word' id='word_1_133' title='bbox 660 768 752 789; x_wconf 72' lang='lat' dir='ltr'>mun-0</span> <span class='ocrx_word' id='word_1_134' title='bbox 771 762 983 790; x_wconf 68' lang='lat' dir='ltr'>considerabitur</span> <span class='ocrx_word' id='word_1_135' title='bbox 1001 764 1106 797; x_wconf 83' lang='lat' dir='ltr'>(mora).</span> 
     </span>
     <span class='ocr_line' id='line_1_15' title="bbox 265 805 1109 843; baseline -0.002 -8"><span class='ocrx_word' id='word_1_136' title='bbox 265 809 348 835; x_wconf 61' lang='lat' dir='ltr'>vatic.</span> <span class='ocrx_word' id='word_1_137' title='bbox 368 808 389 841; x_wconf 88' lang='lat'>5.</span> <span class='ocrx_word' id='word_1_138' title='bbox 409 809 433 833; x_wconf 82' lang='lat'>2.</span> <span class='ocrx_word' id='word_1_139' title='bbox 470 807 536 833; x_wconf 88' lang='lat' dir='ltr'>Eum</span> <span class='ocrx_word' id='word_1_140' title='bbox 557 822 588 826; x_wconf 84' lang='lat'><em>-</em></span> <span class='ocrx_word' id='word_1_141' title='bbox 609 808 734 833; x_wconf 87' lang='lat' dir='ltr'>continuo</span> <span class='ocrx_word' id='word_1_142' title='bbox 760 805 879 837; x_wconf 83' lang='lat' dir='ltr'>liberari.</span> <span class='ocrx_word' id='word_1_143' title='bbox 904 816 990 843; x_wconf 81' lang='lat' dir='ltr'>neque</span> <span class='ocrx_word' id='word_1_144' title='bbox 1014 806 1109 833; x_wconf 84' lang='lat' dir='ltr'>ratiha-</span> 
     </span>
     <span class='ocr_line' id='line_1_16' title="bbox 264 849 1089 883; baseline -0.002 -5"><span class='ocrx_word' id='word_1_145' title='bbox 264 852 390 878; x_wconf 83' lang='lat' dir='ltr'>bitionem</span> <span class='ocrx_word' id='word_1_146' title='bbox 409 849 578 877; x_wconf 83' lang='lat' dir='ltr'>considerari.</span> <span class='ocrx_word' id='word_1_147' title='bbox 599 849 629 876; x_wconf 82' lang='lat' dir='ltr'>t&#39;r.</span> <span class='ocrx_word' id='word_1_148' title='bbox 645 851 668 875; x_wconf 85' lang='lat'>6.</span> <span class='ocrx_word' id='word_1_149' title='bbox 683 850 705 883; x_wconf 91' lang='lat'>5.</span> <span class='ocrx_word' id='word_1_150' title='bbox 719 851 743 875; x_wconf 92' lang='lat'>2.</span> <span class='ocrx_word' id='word_1_151' title='bbox 763 849 796 875; x_wconf 90' lang='lat' dir='ltr'>de</span> <span class='ocrx_word' id='word_1_152' title='bbox 810 849 886 875; x_wconf 86' lang='lat' dir='ltr'>cond.</span> <span class='ocrx_word' id='word_1_153' title='bbox 901 849 989 876; x_wconf 82' lang='lat' dir='ltr'>indeb.</span> <span class='ocrx_word' id='word_1_154' title='bbox 1011 852 1050 876; x_wconf 92' lang='lat'>12.</span> <span class='ocrx_word' id='word_1_155' title='bbox 1065 851 1089 876; x_wconf 87' lang='grc'>6.</span> 
     </span>
     <span class='ocr_line' id='line_1_17' title="bbox 300 888 1130 927; baseline -0.002 -5"><span class='ocrx_word' id='word_1_156' title='bbox 300 893 573 922; x_wconf 63' lang='lat' dir='ltr'>Consule-ratio.</span> <span class='ocrx_word' id='word_1_157' title='bbox 613 894 785 927; x_wconf 75' lang='lat' dir='ltr'>Cognitio,</span> <span class='ocrx_word' id='word_1_158' title='bbox 815 894 1027 920; x_wconf 74' lang='lat' dir='ltr'>Aestimatio.</span> <span class='ocrx_word' id='word_1_159' title='bbox 1063 892 1106 919; x_wconf 88' lang='lat'>111.</span> <span class='ocrx_word' id='word_1_160' title='bbox 1128 888 1130 911; x_wconf 61' lang='lat' dir='ltr'>l</span> 
     </span>
     <span class='ocr_line' id='line_1_18' title="bbox 264 936 1107 972; baseline -0.001 -9"><span class='ocrx_word' id='word_1_161' title='bbox 264 940 330 966; x_wconf 77' lang='lat' dir='ltr'>Cn.</span> <span class='ocrx_word' id='word_1_162' title='bbox 365 936 400 962; x_wconf 68' lang='lat' dir='ltr'>M</span> <span class='ocrx_word' id='word_1_163' title='bbox 424 936 534 962; x_wconf 80' lang='lat' dir='ltr'>obtentu</span> <span class='ocrx_word' id='word_1_164' title='bbox 559 936 672 961; x_wconf 87' lang='lat' dir='ltr'>nominis</span> <span class='ocrx_word' id='word_1_165' title='bbox 692 936 773 961; x_wconf 75' lang='lat' dir='ltr'>vestri</span> <span class='ocrx_word' id='word_1_166' title='bbox 795 945 846 961; x_wconf 89' lang='lat' dir='ltr'>non</span> <span class='ocrx_word' id='word_1_167' title='bbox 866 937 977 972; x_wconf 78' lang='lat' dir='ltr'>passim.</span> <span class='ocrx_word' id='word_1_168' title='bbox 1002 946 1031 962; x_wconf 83' lang='lat' dir='ltr'>ac</span> <span class='ocrx_word' id='word_1_169' title='bbox 1050 937 1107 962; x_wconf 71' lang='lat' dir='ltr'>sine</span> 
     </span>
     <span class='ocr_line' id='line_1_19' title="bbox 264 977 1107 1014; baseline -0.005 -6"><span class='ocrx_word' id='word_1_170' title='bbox 264 980 487 1008; x_wconf 73' lang='lat' dir='ltr'>consideratione,</span> <span class='ocrx_word' id='word_1_171' title='bbox 508 979 699 1014; x_wconf 69' lang='lat' dir='ltr'>negotiatorum</span> <span class='ocrx_word' id='word_1_172' title='bbox 718 977 797 1004; x_wconf 78' lang='lat' dir='ltr'>lateat</span> <span class='ocrx_word' id='word_1_173' title='bbox 817 979 974 1005; x_wconf 87' lang='lat' dir='ltr'>immunitas.</span> <span class='ocrx_word' id='word_1_174' title='bbox 1005 978 1054 1005; x_wconf 89' lang='lat' dir='ltr'>Th.</span> <span class='ocrx_word' id='word_1_175' title='bbox 1076 977 1107 1004; x_wconf 91' lang='lat' dir='ltr'>C.</span> 
     </span>
     <span class='ocr_line' id='line_1_20' title="bbox 264 1021 675 1051; baseline -0.01 0"><span class='ocrx_word' id='word_1_176' title='bbox 264 1024 331 1051; x_wconf 68' lang='lat' dir='ltr'>XIII.</span> <span class='ocrx_word' id='word_1_177' title='bbox 347 1026 370 1049; x_wconf 97' lang='lat'>5.</span> <span class='ocrx_word' id='word_1_178' title='bbox 391 1034 411 1048; x_wconf 88' lang='lat' dir='ltr'>c.</span> <span class='ocrx_word' id='word_1_179' title='bbox 428 1023 467 1048; x_wconf 79' lang='grc'>16.</span> <span class='ocrx_word' id='word_1_180' title='bbox 488 1021 520 1048; x_wconf 86' lang='lat' dir='ltr'>de</span> <span class='ocrx_word' id='word_1_181' title='bbox 534 1021 675 1048; x_wconf 75' lang='lat' dir='ltr'>navicular.</span> 
     </span>
     <span class='ocr_line' id='line_1_21' title="bbox 264 1064 1131 1102; baseline -0.003 -9"><span class='ocrx_word' id='word_1_182' title='bbox 264 1067 356 1094; x_wconf 77' lang='lat' dir='ltr'>aetatis</span> <span class='ocrx_word' id='word_1_183' title='bbox 381 1075 486 1102; x_wconf 83' lang='lat' dir='ltr'>quoquc</span> <span class='ocrx_word' id='word_1_184' title='bbox 511 1066 576 1091; x_wconf 88' lang='lat' dir='ltr'>ratio</span> <span class='ocrx_word' id='word_1_185' title='bbox 605 1064 738 1091; x_wconf 79' lang='lat' dir='ltr'>habeatur.</span> <span class='ocrx_word' id='word_1_186' title='bbox 773 1064 803 1090; x_wconf 78' lang='lat' dir='ltr'>sc.</span> <span class='ocrx_word' id='word_1_187' title='bbox 825 1066 864 1090; x_wconf 85' lang='grc'>16.</span> <span class='ocrx_word' id='word_1_188' title='bbox 885 1065 906 1098; x_wconf 91' lang='lat'>5.</span> <span class='ocrx_word' id='word_1_189' title='bbox 925 1067 950 1091; x_wconf 83' lang='grc'>3.</span> <span class='ocrx_word' id='word_1_190' title='bbox 979 1064 1011 1091; x_wconf 88' lang='lat' dir='ltr'>de</span> <span class='ocrx_word' id='word_1_191' title='bbox 1031 1074 1107 1102; x_wconf 85' lang='lat' dir='ltr'>poen.</span> <span class='ocrx_word' id='word_1_192' title='bbox 1130 1071 1131 1074; x_wconf 78' lang='grc'>’</span> 
     </span>
     <span class='ocr_line' id='line_1_22' title="bbox 264 1107 1131 1145; baseline -0.003 -9"><span class='ocrx_word' id='word_1_193' title='bbox 264 1114 305 1136; x_wconf 71' lang='lat'>48.</span> <span class='ocrx_word' id='word_1_194' title='bbox 327 1111 366 1135; x_wconf 81' lang='grc'>19.</span> <span class='ocrx_word' id='word_1_195' title='bbox 405 1107 440 1134; x_wconf 77' lang='lat' dir='ltr'>Vt</span> <span class='ocrx_word' id='word_1_196' title='bbox 453 1118 501 1145; x_wconf 84' lang='lat' dir='ltr'>pro</span> <span class='ocrx_word' id='word_1_197' title='bbox 516 1109 643 1145; x_wconf 81' lang='lat' dir='ltr'>temporis</span> <span class='ocrx_word' id='word_1_198' title='bbox 658 1107 876 1134; x_wconf 73' lang='lat' dir='ltr'>consideratione.</span> <span class='ocrx_word' id='word_1_199' title='bbox 898 1113 922 1134; x_wconf 86' lang='lat' dir='ltr'>et</span> <span class='ocrx_word' id='word_1_200' title='bbox 936 1107 1016 1143; x_wconf 72' lang='lat' dir='ltr'>gradu</span> <span class='ocrx_word' id='word_1_201' title='bbox 1031 1118 1108 1144; x_wconf 80' lang='lat' dir='ltr'>quem</span> <span class='ocrx_word' id='word_1_202' title='bbox 1129 1113 1131 1123; x_wconf 75' lang='lat'><em>&#39;</em></span> 
     </span>
     <span class='ocr_line' id='line_1_23' title="bbox 266 1150 1108 1188; baseline -0.005 -8"><span class='ocrx_word' id='word_1_203' title='bbox 266 1156 291 1180; x_wconf 91' lang='lat' dir='ltr'>in</span> <span class='ocrx_word' id='word_1_204' title='bbox 316 1152 435 1179; x_wconf 83' lang='lat' dir='ltr'>ecclesiis</span> <span class='ocrx_word' id='word_1_205' title='bbox 465 1151 598 1183; x_wconf 75' lang='lat' dir='ltr'>obtinent.</span> <span class='ocrx_word' id='word_1_206' title='bbox 628 1150 686 1184; x_wconf 76' lang='lat' dir='ltr'>(vel</span> <span class='ocrx_word' id='word_1_207' title='bbox 715 1151 766 1187; x_wconf 75' lang='lat' dir='ltr'>ipsi</span> <span class='ocrx_word' id='word_1_208' title='bbox 791 1150 821 1176; x_wconf 88' lang='lat' dir='ltr'>ad</span> <span class='ocrx_word' id='word_1_209' title='bbox 846 1155 942 1177; x_wconf 84' lang='lat' dir='ltr'>statum</span> <span class='ocrx_word' id='word_1_210' title='bbox 966 1151 1108 1188; x_wconf 90' lang='lat' dir='ltr'>pristinum</span> 
     </span>
     <span class='ocr_line' id='line_1_24' title="bbox 264 1190 1131 1228; baseline -0.003 -5"><span class='ocrx_word' id='word_1_211' title='bbox 264 1196 398 1228; x_wconf 75' lang='lat' dir='ltr'>redeant).</span> <span class='ocrx_word' id='word_1_212' title='bbox 433 1193 482 1220; x_wconf 92' lang='lat' dir='ltr'>Th.</span> <span class='ocrx_word' id='word_1_213' title='bbox 509 1193 540 1220; x_wconf 89' lang='lat' dir='ltr'>C.</span> <span class='ocrx_word' id='word_1_214' title='bbox 564 1193 622 1221; x_wconf 61' lang='lat' dir='ltr'>⁴XII.</span> <span class='ocrx_word' id='word_1_215' title='bbox 650 1196 671 1220; x_wconf 94' lang='lat'>1.</span> <span class='ocrx_word' id='word_1_216' title='bbox 697 1204 717 1220; x_wconf 85' lang='lat' dir='ltr'>c.</span> <span class='ocrx_word' id='word_1_217' title='bbox 740 1195 796 1220; x_wconf 80' lang='lat'>172.</span> <span class='ocrx_word' id='word_1_218' title='bbox 822 1194 887 1227; x_wconf 83' lang='lat'>5.1.</span> <span class='ocrx_word' id='word_1_219' title='bbox 917 1194 949 1220; x_wconf 80' lang='lat' dir='ltr'>de</span> <span class='ocrx_word' id='word_1_220' title='bbox 973 1193 1107 1220; x_wconf 85' lang='lat' dir='ltr'>decurion.</span> <span class='ocrx_word' id='word_1_221' title='bbox 1129 1190 1131 1201; x_wconf 79' lang='lat'><strong>⁴</strong></span> 
     </span>
     <span class='ocr_line' id='line_1_25' title="bbox 265 1236 1063 1266; baseline -0.004 0"><span class='ocrx_word' id='word_1_222' title='bbox 265 1239 359 1266; x_wconf 75' lang='lat' dir='ltr'>Habita</span> <span class='ocrx_word' id='word_1_223' title='bbox 379 1237 589 1264; x_wconf 74' lang='lat' dir='ltr'>consideratione</span> <span class='ocrx_word' id='word_1_224' title='bbox 609 1236 730 1263; x_wconf 53' lang='lat' dir='ltr'>videlicet</span> <span class='ocrx_word' id='word_1_225' title='bbox 753 1242 800 1263; x_wconf 79' lang='lat' dir='ltr'>etc.</span> <span class='ocrx_word' id='word_1_226' title='bbox 830 1236 867 1262; x_wconf 86' lang='lat' dir='ltr'>lb.</span> <span class='ocrx_word' id='word_1_227' title='bbox 888 1236 905 1263; x_wconf 91' lang='lat' dir='ltr'>l.</span> <span class='ocrx_word' id='word_1_228' title='bbox 925 1237 941 1263; x_wconf 95' lang='lat' dir='ltr'>l.</span> <span class='ocrx_word' id='word_1_229' title='bbox 963 1248 983 1263; x_wconf 91' lang='lat' dir='ltr'>c.</span> <span class='ocrx_word' id='word_1_230' title='bbox 1005 1239 1063 1264; x_wconf 74' lang='lat'>191.</span> 
     </span>
     <span class='ocr_line' id='line_1_26' title="bbox 301 1280 1107 1314; baseline -0.002 -6"><span class='ocrx_word' id='word_1_231' title='bbox 301 1281 583 1309; x_wconf 78' lang='lat' dir='ltr'>consideratus.</span> <span class='ocrx_word' id='word_1_232' title='bbox 610 1280 731 1313; x_wconf 83' lang='lat' dir='ltr'>(Partic.)</span> <span class='ocrx_word' id='word_1_233' title='bbox 765 1282 1033 1314; x_wconf 75' lang='lat' dir='ltr'>Circumspectus.</span> <span class='ocrx_word' id='word_1_234' title='bbox 1065 1280 1107 1307; x_wconf 90' lang='lat' dir='ltr'>III.</span> 
     </span>
     <span class='ocr_line' id='line_1_27' title="bbox 266 1323 1109 1360; baseline -0.004 -8"><span class='ocrx_word' id='word_1_235' title='bbox 266 1327 332 1354; x_wconf 68' lang='lat'>(7²1.</span> <span class='ocrx_word' id='word_1_236' title='bbox 362 1324 461 1360; x_wconf 68' lang='lat' dir='ltr'>Ingenti</span> <span class='ocrx_word' id='word_1_237' title='bbox 481 1323 665 1360; x_wconf 75' lang='lat' dir='ltr'>procurabitur</span> <span class='ocrx_word' id='word_1_238' title='bbox 686 1324 813 1353; x_wconf 76' lang='lat' dir='ltr'>cantione.</span> <span class='ocrx_word' id='word_1_239' title='bbox 834 1332 866 1349; x_wconf 83' lang='lat' dir='ltr'>ne</span> <span class='ocrx_word' id='word_1_240' title='bbox 885 1333 977 1360; x_wconf 87' lang='lat' dir='ltr'>parum</span> <span class='ocrx_word' id='word_1_241' title='bbox 991 1323 1109 1350; x_wconf 81' lang='lat' dir='ltr'>conside-</span> 
     </span>
     <span class='ocr_line' id='line_1_28' title="bbox 267 1365 1055 1406; baseline -0.001 -12"><span class='ocrx_word' id='word_1_242' title='bbox 267 1374 323 1394; x_wconf 81' lang='lat' dir='ltr'>rata</span> <span class='ocrx_word' id='word_1_243' title='bbox 342 1367 453 1394; x_wconf 72' lang='lat' dir='ltr'>facilitas</span> <span class='ocrx_word' id='word_1_244' title='bbox 474 1371 522 1392; x_wconf 90' lang='lat' dir='ltr'>etc.</span> <span class='ocrx_word' id='word_1_245' title='bbox 552 1365 589 1392; x_wconf 92' lang='lat' dir='ltr'>lb.</span> <span class='ocrx_word' id='word_1_246' title='bbox 610 1366 676 1393; x_wconf 67' lang='lat' dir='ltr'>Ytlt.</span> <span class='ocrx_word' id='word_1_247' title='bbox 697 1368 762 1406; x_wconf 58' lang='lat' dir='ltr'>5.-c.</span> <span class='ocrx_word' id='word_1_248' title='bbox 784 1367 824 1391; x_wconf 98' lang='lat'>19.</span> <span class='ocrx_word' id='word_1_249' title='bbox 844 1365 876 1392; x_wconf 76' lang='lat' dir='ltr'>de</span> <span class='ocrx_word' id='word_1_250' title='bbox 896 1376 974 1393; x_wconf 84' lang='lat' dir='ltr'>eursu</span> <span class='ocrx_word' id='word_1_251' title='bbox 992 1366 1055 1404; x_wconf 88' lang='lat' dir='ltr'>pub.</span> 
     </span>
     <span class='ocr_line' id='line_1_29' title="bbox 303 1403 1108 1440; baseline -0.004 -1"><span class='ocrx_word' id='word_1_252' title='bbox 303 1403 521 1440; x_wconf 48' lang='lat' dir='ltr'>Considi—erc,</span> <span class='ocrx_word' id='word_1_253' title='bbox 535 1419 556 1435; x_wconf 84' lang='lat' dir='ltr'>S.</span> <span class='ocrx_word' id='word_1_254' title='bbox 567 1410 793 1437; x_wconf 77' lang='lat' dir='ltr'>Consedere.</span> <span class='ocrx_word' id='word_1_255' title='bbox 810 1412 920 1436; x_wconf 79' lang='lat' dir='ltr'>Sedere</span> <span class='ocrx_word' id='word_1_256' title='bbox 939 1420 1005 1437; x_wconf 81' lang='lat' dir='ltr'>cum</span> <span class='ocrx_word' id='word_1_257' title='bbox 1019 1412 1108 1437; x_wconf 80' lang='lat' dir='ltr'>aliis.</span> 
     </span>
     <span class='ocr_line' id='line_1_30' title="bbox 270 1451 1108 1489; baseline -0.002 -8"><span class='ocrx_word' id='word_1_258' title='bbox 270 1455 288 1481; x_wconf 95' lang='lat'>1.</span> <span class='ocrx_word' id='word_1_259' title='bbox 300 1456 361 1489; x_wconf 74' lang='lat' dir='ltr'>Sy.</span> <span class='ocrx_word' id='word_1_260' title='bbox 381 1453 480 1479; x_wconf 83' lang='lat' dir='ltr'>Sedere</span> <span class='ocrx_word' id='word_1_261' title='bbox 499 1454 570 1485; x_wconf 87' lang='lat' dir='ltr'>(cum</span> <span class='ocrx_word' id='word_1_262' title='bbox 590 1452 696 1483; x_wconf 76' lang='lat' dir='ltr'>iudice).</span> <span class='ocrx_word' id='word_1_263' title='bbox 716 1452 753 1478; x_wconf 91' lang='lat' dir='ltr'>lb.</span> <span class='ocrx_word' id='word_1_264' title='bbox 768 1451 811 1478; x_wconf 63' lang='lat' dir='ltr'>VI.</span> <span class='ocrx_word' id='word_1_265' title='bbox 825 1454 866 1478; x_wconf 85' lang='lat'>26.</span> <span class='ocrx_word' id='word_1_266' title='bbox 887 1463 908 1479; x_wconf 88' lang='lat' dir='ltr'>c.</span> <span class='ocrx_word' id='word_1_267' title='bbox 919 1455 943 1479; x_wconf 86' lang='lat'>5.</span> <span class='ocrx_word' id='word_1_268' title='bbox 959 1463 980 1479; x_wconf 90' lang='lat' dir='ltr'>c.</span> <span class='ocrx_word' id='word_1_269' title='bbox 993 1455 1015 1479; x_wconf 87' lang='lat'>7.</span> <span class='ocrx_word' id='word_1_270' title='bbox 1031 1463 1052 1479; x_wconf 88' lang='lat' dir='ltr'>c.</span> <span class='ocrx_word' id='word_1_271' title='bbox 1068 1454 1108 1479; x_wconf 87' lang='grc'>16.</span> 
     </span>
     <span class='ocr_line' id='line_1_31' title="bbox 267 1495 1110 1534; baseline -0.001 -10"><span class='ocrx_word' id='word_1_272' title='bbox 267 1498 299 1524; x_wconf 87' lang='lat' dir='ltr'>de</span> <span class='ocrx_word' id='word_1_273' title='bbox 312 1507 387 1534; x_wconf 82' lang='lat' dir='ltr'>prox.</span> <span class='ocrx_word' id='word_1_274' title='bbox 400 1506 465 1522; x_wconf 89' lang='lat' dir='ltr'>com.</span> <span class='ocrx_word' id='word_1_275' title='bbox 486 1495 516 1521; x_wconf 91' lang='lat' dir='ltr'>II.</span> <span class='ocrx_word' id='word_1_276' title='bbox 529 1497 595 1529; x_wconf 78' lang='lat' dir='ltr'>Op.</span> <span class='ocrx_word' id='word_1_277' title='bbox 616 1495 733 1521; x_wconf 80' lang='lat' dir='ltr'>Planaria</span> <span class='ocrx_word' id='word_1_278' title='bbox 748 1495 967 1532; x_wconf 76' lang='lat' dir='ltr'>interpellatione.</span> <span class='ocrx_word' id='word_1_279' title='bbox 988 1512 1020 1515; x_wconf 97' lang='lat'><strong>—</strong></span> <span class='ocrx_word' id='word_1_280' title='bbox 1040 1496 1110 1523; x_wconf 85' lang='lat' dir='ltr'>Con-</span> 
     </span>
     <span class='ocr_line' id='line_1_32' title="bbox 268 1537 1108 1576; baseline -0.002 -9"><span class='ocrx_word' id='word_1_281' title='bbox 268 1541 371 1567; x_wconf 82' lang='lat' dir='ltr'>sidente</span> <span class='ocrx_word' id='word_1_282' title='bbox 391 1539 484 1566; x_wconf 72' lang='lat' dir='ltr'>iudice.</span> <span class='ocrx_word' id='word_1_283' title='bbox 518 1549 539 1565; x_wconf 90' lang='lat' dir='ltr'>c.</span> <span class='ocrx_word' id='word_1_284' title='bbox 559 1540 582 1565; x_wconf 88' lang='lat'>4.</span> <span class='ocrx_word' id='word_1_285' title='bbox 608 1538 641 1565; x_wconf 86' lang='lat' dir='ltr'>de</span> <span class='ocrx_word' id='word_1_286' title='bbox 665 1537 783 1564; x_wconf 89' lang='lat' dir='ltr'>dilation.</span> <span class='ocrx_word' id='word_1_287' title='bbox 807 1541 830 1565; x_wconf 87' lang='lat'>3.</span> <span class='ocrx_word' id='word_1_288' title='bbox 853 1540 892 1565; x_wconf 95' lang='lat'>11.</span> <span class='ocrx_word' id='word_1_289' title='bbox 928 1538 1021 1565; x_wconf 89' lang='lat' dir='ltr'>Iuliani</span> <span class='ocrx_word' id='word_1_290' title='bbox 1046 1540 1108 1576; x_wconf 78' lang='lat' dir='ltr'>epit.</span> 
     </span>
     <span class='ocr_line' id='line_1_33' title="bbox 266 1580 1109 1618; baseline -0.002 -8"><span class='ocrx_word' id='word_1_291' title='bbox 266 1594 326 1610; x_wconf 75' lang='lat' dir='ltr'>nov.</span> <span class='ocrx_word' id='word_1_292' title='bbox 347 1594 368 1610; x_wconf 84' lang='lat' dir='ltr'>c.</span> <span class='ocrx_word' id='word_1_293' title='bbox 389 1584 446 1608; x_wconf 84' lang='grc'>120.</span> <span class='ocrx_word' id='word_1_294' title='bbox 466 1582 488 1615; x_wconf 92' lang='lat'>5.</span> <span class='ocrx_word' id='word_1_295' title='bbox 508 1583 567 1608; x_wconf 81' lang='grc'>525.</span> <span class='ocrx_word' id='word_1_296' title='bbox 604 1581 647 1608; x_wconf 92' lang='lat'>111.</span> <span class='ocrx_word' id='word_1_297' title='bbox 669 1582 734 1609; x_wconf 72' lang='lat' dir='ltr'>Cn.</span> <span class='ocrx_word' id='word_1_298' title='bbox 764 1580 943 1614; x_wconf 78' lang='lat' dir='ltr'>consedendi,</span> <span class='ocrx_word' id='word_1_299' title='bbox 962 1582 1109 1618; x_wconf 80' lang='lat' dir='ltr'>ingredien—</span> 
     </span>
     <span class='ocr_line' id='line_1_34' title="bbox 266 1623 1108 1663; baseline -0.004 -9"><span class='ocrx_word' id='word_1_300' title='bbox 266 1627 346 1663; x_wconf 83' lang='lat' dir='ltr'>dique</span> <span class='ocrx_word' id='word_1_301' title='bbox 371 1626 539 1652; x_wconf 82' lang='lat' dir='ltr'>secretarium</span> <span class='ocrx_word' id='word_1_302' title='bbox 564 1641 595 1644; x_wconf 91' lang='lat'><em>-</em></span> <span class='ocrx_word' id='word_1_303' title='bbox 620 1624 734 1651; x_wconf 89' lang='lat' dir='ltr'>licentia.</span> <span class='ocrx_word' id='word_1_304' title='bbox 768 1623 818 1650; x_wconf 81' lang='lat' dir='ltr'>Th.</span> <span class='ocrx_word' id='word_1_305' title='bbox 839 1624 869 1651; x_wconf 87' lang='lat' dir='ltr'>C.</span> <span class='ocrx_word' id='word_1_306' title='bbox 890 1624 934 1651; x_wconf 61' lang='lat' dir='ltr'>VI.</span> <span class='ocrx_word' id='word_1_307' title='bbox 958 1626 1000 1651; x_wconf 78' lang='lat'>26.</span> <span class='ocrx_word' id='word_1_308' title='bbox 1025 1635 1046 1651; x_wconf 91' lang='lat' dir='ltr'>c.</span> <span class='ocrx_word' id='word_1_309' title='bbox 1068 1626 1108 1651; x_wconf 89' lang='grc'>16.</span> 
     </span>
     <span class='ocr_line' id='line_1_35' title="bbox 266 1667 1109 1706; baseline -0.002 -10"><span class='ocrx_word' id='word_1_310' title='bbox 266 1670 316 1696; x_wconf 78' lang='lat' dir='ltr'>vel</span> <span class='ocrx_word' id='word_1_311' title='bbox 339 1671 366 1696; x_wconf 90' lang='lat' dir='ltr'>in</span> <span class='ocrx_word' id='word_1_312' title='bbox 389 1667 541 1706; x_wconf 84' lang='lat' dir='ltr'>spectaculo</span> <span class='ocrx_word' id='word_1_313' title='bbox 565 1672 621 1694; x_wconf 87' lang='lat' dir='ltr'>toto</span> <span class='ocrx_word' id='word_1_314' title='bbox 645 1667 744 1705; x_wconf 83' lang='lat' dir='ltr'>populo</span> <span class='ocrx_word' id='word_1_315' title='bbox 777 1667 945 1700; x_wconf 79' lang='lat' dir='ltr'>considente,</span> <span class='ocrx_word' id='word_1_316' title='bbox 973 1667 1016 1694; x_wconf 87' lang='lat' dir='ltr'>vel</span> <span class='ocrx_word' id='word_1_317' title='bbox 1044 1669 1109 1694; x_wconf 85' lang='lat' dir='ltr'>actis</span> 
     </span>
     <span class='ocr_line' id='line_1_36' title="bbox 266 1710 1109 1748; baseline -0.002 -9"><span class='ocrx_word' id='word_1_318' title='bbox 266 1711 512 1742; x_wconf 73' lang='lat' dir='ltr'>intervenientibus,</span> <span class='ocrx_word' id='word_1_319' title='bbox 532 1710 601 1743; x_wconf 77' lang='lat' dir='ltr'>(dari</span> <span class='ocrx_word' id='word_1_320' title='bbox 621 1721 679 1737; x_wconf 81' lang='lat' dir='ltr'>eum</span> <span class='ocrx_word' id='word_1_321' title='bbox 695 1712 781 1737; x_wconf 81' lang='lat' dir='ltr'>curiae</span> <span class='ocrx_word' id='word_1_322' title='bbox 795 1711 921 1748; x_wconf 77' lang='lat' dir='ltr'>oportet).</span> <span class='ocrx_word' id='word_1_323' title='bbox 940 1710 1034 1737; x_wconf 85' lang='lat' dir='ltr'>Iuliani</span> <span class='ocrx_word' id='word_1_324' title='bbox 1047 1712 1109 1748; x_wconf 86' lang='lat' dir='ltr'>epit.</span> 
     </span>
     <span class='ocr_line' id='line_1_37' title="bbox 267 1755 551 1788; baseline -0.007 -6"><span class='ocrx_word' id='word_1_325' title='bbox 267 1766 327 1782; x_wconf 86' lang='lat' dir='ltr'>nov.</span> <span class='ocrx_word' id='word_1_326' title='bbox 348 1766 369 1782; x_wconf 92' lang='lat' dir='ltr'>c.</span> <span class='ocrx_word' id='word_1_327' title='bbox 389 1758 430 1781; x_wconf 75' lang='grc'>82.</span> <span class='ocrx_word' id='word_1_328' title='bbox 451 1755 472 1788; x_wconf 87' lang='lat'>5.</span> <span class='ocrx_word' id='word_1_329' title='bbox 492 1755 551 1780; x_wconf 81' lang='lat'>309.</span> 
     </span>
     <span class='ocr_line' id='line_1_38' title="bbox 304 1797 1109 1833; baseline -0.005 -7"><span class='ocrx_word' id='word_1_330' title='bbox 304 1798 549 1832; x_wconf 68' lang='lat' dir='ltr'>consignare.</span> <span class='ocrx_word' id='word_1_331' title='bbox 564 1797 594 1831; x_wconf 63' lang='grc' dir='ltr'>ξ.</span> <span class='ocrx_word' id='word_1_332' title='bbox 607 1798 641 1823; x_wconf 87' lang='grc'>1.</span> <span class='ocrx_word' id='word_1_333' title='bbox 657 1799 811 1833; x_wconf 71' lang='lat' dir='ltr'>Signat-e,</span> <span class='ocrx_word' id='word_1_334' title='bbox 833 1798 958 1832; x_wconf 80' lang='lat' dir='ltr'>sigillo</span> <span class='ocrx_word' id='word_1_335' title='bbox 977 1798 1109 1824; x_wconf 77' lang='lat' dir='ltr'>munire.</span> 
     </span>
     <span class='ocr_line' id='line_1_39' title="bbox 268 1838 1110 1876; baseline -0.002 -9"><span class='ocrx_word' id='word_1_336' title='bbox 268 1841 286 1867; x_wconf 88' lang='lat'>1.</span> <span class='ocrx_word' id='word_1_337' title='bbox 299 1842 361 1875; x_wconf 75' lang='lat' dir='ltr'>Sy.</span> <span class='ocrx_word' id='word_1_338' title='bbox 381 1840 491 1876; x_wconf 78' lang='lat' dir='ltr'>Siguare</span> <span class='ocrx_word' id='word_1_339' title='bbox 510 1843 715 1873; x_wconf 86' lang='lat' dir='ltr'>(testamentum,</span> <span class='ocrx_word' id='word_1_340' title='bbox 735 1850 758 1866; x_wconf 89' lang='lat' dir='ltr'>v.</span> <span class='ocrx_word' id='word_1_341' title='bbox 779 1838 902 1873; x_wconf 78' lang='lat' dir='ltr'>tabulas).</span> <span class='ocrx_word' id='word_1_342' title='bbox 928 1839 958 1866; x_wconf 87' lang='lat' dir='ltr'>sr.</span> <span class='ocrx_word' id='word_1_343' title='bbox 975 1841 1017 1866; x_wconf 73' lang='lat'>22.</span> <span class='ocrx_word' id='word_1_344' title='bbox 1034 1840 1071 1874; x_wconf 89' lang='lat'>55.</span> <span class='ocrx_word' id='word_1_345' title='bbox 1085 1842 1110 1866; x_wconf 83' lang='lat'>2.</span> 
     </span>
     <span class='ocr_line' id='line_1_40' title="bbox 269 1882 1110 1920; baseline -0.001 -10"><span class='ocrx_word' id='word_1_346' title='bbox 269 1894 328 1920; x_wconf 86' lang='lat' dir='ltr'>sqq.</span> <span class='ocrx_word' id='word_1_347' title='bbox 343 1883 372 1910; x_wconf 85' lang='lat' dir='ltr'>t&#39;r.</span> <span class='ocrx_word' id='word_1_348' title='bbox 384 1885 425 1909; x_wconf 86' lang='lat'>23.</span> <span class='ocrx_word' id='word_1_349' title='bbox 437 1893 476 1919; x_wconf 89' lang='lat' dir='ltr'>sq.</span> <span class='ocrx_word' id='word_1_350' title='bbox 493 1882 544 1918; x_wconf 82' lang='lat' dir='ltr'>Qu.</span> <span class='ocrx_word' id='word_1_351' title='bbox 556 1887 657 1910; x_wconf 87' lang='lat' dir='ltr'>testam.</span> <span class='ocrx_word' id='word_1_352' title='bbox 669 1883 715 1910; x_wconf 83' lang='lat' dir='ltr'>fac.</span> <span class='ocrx_word' id='word_1_353' title='bbox 726 1893 751 1920; x_wconf 87' lang='lat' dir='ltr'>p.</span> <span class='ocrx_word' id='word_1_354' title='bbox 762 1886 804 1909; x_wconf 79' lang='grc'>28.</span> <span class='ocrx_word' id='word_1_355' title='bbox 817 1885 838 1909; x_wconf 89' lang='grc'>1.</span> <span class='ocrx_word' id='word_1_356' title='bbox 859 1882 889 1909; x_wconf 80' lang='lat' dir='ltr'>fr.</span> <span class='ocrx_word' id='word_1_357' title='bbox 900 1884 941 1909; x_wconf 84' lang='lat'>66.</span> <span class='ocrx_word' id='word_1_358' title='bbox 952 1893 992 1920; x_wconf 88' lang='lat' dir='ltr'>pr.</span> <span class='ocrx_word' id='word_1_359' title='bbox 1006 1882 1038 1909; x_wconf 85' lang='lat' dir='ltr'>de</span> <span class='ocrx_word' id='word_1_360' title='bbox 1049 1882 1110 1910; x_wconf 89' lang='lat' dir='ltr'>don.</span> 
     </span>
     <span class='ocr_line' id='line_1_41' title="bbox 269 1925 1134 1963; baseline -0.001 -10"><span class='ocrx_word' id='word_1_361' title='bbox 269 1928 315 1953; x_wconf 83' lang='lat' dir='ltr'>int.</span> <span class='ocrx_word' id='word_1_362' title='bbox 330 1925 361 1952; x_wconf 74' lang='lat' dir='ltr'>V.</span> <span class='ocrx_word' id='word_1_363' title='bbox 375 1928 416 1952; x_wconf 80' lang='lat'>24.</span> <span class='ocrx_word' id='word_1_364' title='bbox 432 1927 454 1951; x_wconf 94' lang='lat' dir='ltr'>l.</span> <span class='ocrx_word' id='word_1_365' title='bbox 486 1925 654 1961; x_wconf 80' lang='lat' dir='ltr'>subsignare.</span> <span class='ocrx_word' id='word_1_366' title='bbox 674 1937 695 1953; x_wconf 88' lang='lat' dir='ltr'>c.</span> <span class='ocrx_word' id='word_1_367' title='bbox 708 1929 750 1953; x_wconf 75' lang='lat'>23.</span> <span class='ocrx_word' id='word_1_368' title='bbox 764 1936 804 1963; x_wconf 86' lang='lat' dir='ltr'>pr.</span> <span class='ocrx_word' id='word_1_369' title='bbox 823 1927 845 1960; x_wconf 77' lang='lat'>5&#39;.</span> <span class='ocrx_word' id='word_1_370' title='bbox 859 1929 883 1952; x_wconf 85' lang='lat'>2.</span> <span class='ocrx_word' id='word_1_371' title='bbox 903 1926 936 1953; x_wconf 84' lang='lat' dir='ltr'>ad</span> <span class='ocrx_word' id='word_1_372' title='bbox 954 1926 982 1952; x_wconf 92' lang='lat' dir='ltr'>S.</span> <span class='ocrx_word' id='word_1_373' title='bbox 997 1925 1028 1952; x_wconf 93' lang='lat' dir='ltr'>C.</span> <span class='ocrx_word' id='word_1_374' title='bbox 1042 1925 1110 1953; x_wconf 66' lang='lat' dir='ltr'>vell.</span> <span class='ocrx_word' id='word_1_375' title='bbox 1132 1935 1134 1945; x_wconf 69' lang='lat'><strong><em>⁴</em></strong></span> 
     </span>
     <span class='ocr_line' id='line_1_42' title="bbox 269 1968 1111 2006; baseline 0 -11"><span class='ocrx_word' id='word_1_376' title='bbox 269 1972 294 1995; x_wconf 84' lang='lat'>4.</span> <span class='ocrx_word' id='word_1_377' title='bbox 304 1971 346 1995; x_wconf 89' lang='lat'>29.</span> <span class='ocrx_word' id='word_1_378' title='bbox 368 1968 524 2005; x_wconf 80' lang='lat' dir='ltr'>Obsignare.</span> <span class='ocrx_word' id='word_1_379' title='bbox 545 1979 566 1995; x_wconf 92' lang='lat' dir='ltr'>c.</span> <span class='ocrx_word' id='word_1_380' title='bbox 580 1971 618 1994; x_wconf 79' lang='lat'>12.</span> <span class='ocrx_word' id='word_1_381' title='bbox 630 1968 662 1995; x_wconf 86' lang='lat' dir='ltr'>de</span> <span class='ocrx_word' id='word_1_382' title='bbox 677 1978 810 2006; x_wconf 83' lang='lat' dir='ltr'>compens.</span> <span class='ocrx_word' id='word_1_383' title='bbox 829 1971 853 1996; x_wconf 89' lang='lat'>4.</span> <span class='ocrx_word' id='word_1_384' title='bbox 863 1971 905 1995; x_wconf 83' lang='lat'>31.</span> <span class='ocrx_word' id='word_1_385' title='bbox 926 1970 980 1995; x_wconf 81' lang='lat' dir='ltr'>c.2.</span> <span class='ocrx_word' id='word_1_386' title='bbox 995 1968 1027 1995; x_wconf 89' lang='lat' dir='ltr'>de</span> <span class='ocrx_word' id='word_1_387' title='bbox 1040 1979 1111 1995; x_wconf 89' lang='lat' dir='ltr'>usur.</span> 
     </span>
     <span class='ocr_line' id='line_1_43' title="bbox 270 2011 1112 2047; baseline 0 -9"><span class='ocrx_word' id='word_1_388' title='bbox 270 2015 293 2038; x_wconf 89' lang='lat'>4.</span> <span class='ocrx_word' id='word_1_389' title='bbox 307 2014 349 2039; x_wconf 83' lang='lat'>32.</span> <span class='ocrx_word' id='word_1_390' title='bbox 387 2011 429 2038; x_wconf 90' lang='lat'>111.</span> <span class='ocrx_word' id='word_1_391' title='bbox 449 2013 514 2039; x_wconf 76' lang='lat' dir='ltr'>Gn.</span> <span class='ocrx_word' id='word_1_392' title='bbox 534 2011 588 2047; x_wconf 80' lang='lat' dir='ltr'>Qui</span> <span class='ocrx_word' id='word_1_393' title='bbox 607 2011 685 2038; x_wconf 74' lang='lat' dir='ltr'>falsas</span> <span class='ocrx_word' id='word_1_394' title='bbox 705 2013 860 2038; x_wconf 72' lang='lat' dir='ltr'>testationes</span> <span class='ocrx_word' id='word_1_395' title='bbox 879 2011 1020 2043; x_wconf 75' lang='lat' dir='ltr'>faciendas.</span> <span class='ocrx_word' id='word_1_396' title='bbox 1038 2013 1112 2038; x_wconf 86' lang='lat' dir='ltr'>testi-</span> 
     </span>
     <span class='ocr_line' id='line_1_44' title="bbox 270 2054 1111 2091; baseline 0 -10"><span class='ocrx_word' id='word_1_397' title='bbox 270 2056 390 2081; x_wconf 81' lang='lat' dir='ltr'>moniave</span> <span class='ocrx_word' id='word_1_398' title='bbox 409 2054 473 2080; x_wconf 76' lang='lat' dir='ltr'>salsa</span> <span class='ocrx_word' id='word_1_399' title='bbox 491 2055 602 2081; x_wconf 87' lang='lat' dir='ltr'>invicem</span> <span class='ocrx_word' id='word_1_400' title='bbox 623 2054 747 2081; x_wconf 78' lang='lat' dir='ltr'>dicenda.</span> <span class='ocrx_word' id='word_1_401' title='bbox 776 2060 819 2081; x_wconf 89' lang='lat' dir='ltr'>aut</span> <span class='ocrx_word' id='word_1_402' title='bbox 839 2054 1014 2091; x_wconf 73' lang='lat' dir='ltr'>consignanda</span> <span class='ocrx_word' id='word_1_403' title='bbox 1034 2054 1059 2081; x_wconf 91' lang='lat' dir='ltr'>d.</span> <span class='ocrx_word' id='word_1_404' title='bbox 1078 2065 1111 2081; x_wconf 94' lang='lat' dir='ltr'>m.</span> 
     </span>
     <span class='ocr_line' id='line_1_45' title="bbox 272 2096 1112 2124; baseline 0 0"><span class='ocrx_word' id='word_1_405' title='bbox 272 2099 409 2124; x_wconf 78' lang='lat' dir='ltr'>curaverit.</span> <span class='ocrx_word' id='word_1_406' title='bbox 456 2096 526 2124; x_wconf 86' lang='lat' dir='ltr'>Coll.</span> <span class='ocrx_word' id='word_1_407' title='bbox 558 2097 611 2124; x_wconf 91' lang='lat' dir='ltr'>LL.</span> <span class='ocrx_word' id='word_1_408' title='bbox 637 2098 670 2124; x_wconf 83' lang='grc' dir='ltr'>Μ.</span> <span class='ocrx_word' id='word_1_409' title='bbox 699 2097 767 2124; x_wconf 65' lang='lat' dir='ltr'>Ylll.</span> <span class='ocrx_word' id='word_1_410' title='bbox 797 2100 820 2124; x_wconf 89' lang='lat'>7.</span> <span class='ocrx_word' id='word_1_411' title='bbox 869 2097 909 2124; x_wconf 65' lang='lat' dir='ltr'>Ne</span> <span class='ocrx_word' id='word_1_412' title='bbox 940 2098 1112 2124; x_wconf 84' lang='lat' dir='ltr'>instrumenta</span> 
     </span>
     <span class='ocr_line' id='line_1_46' title="bbox 272 2140 1113 2178; baseline 0.001 -12"><span class='ocrx_word' id='word_1_413' title='bbox 272 2142 377 2167; x_wconf 83' lang='lat' dir='ltr'>omnino</span> <span class='ocrx_word' id='word_1_414' title='bbox 397 2140 523 2172; x_wconf 74' lang='lat' dir='ltr'>forment.</span> <span class='ocrx_word' id='word_1_415' title='bbox 544 2151 609 2167; x_wconf 84' lang='lat' dir='ltr'>neve</span> <span class='ocrx_word' id='word_1_416' title='bbox 628 2140 734 2167; x_wconf 90' lang='lat' dir='ltr'>libellos</span> <span class='ocrx_word' id='word_1_417' title='bbox 754 2142 915 2178; x_wconf 77' lang='lat' dir='ltr'>concipiant,</span> <span class='ocrx_word' id='word_1_418' title='bbox 934 2140 977 2167; x_wconf 73' lang='lat' dir='ltr'>vel</span> <span class='ocrx_word' id='word_1_419' title='bbox 995 2142 1113 2167; x_wconf 82' lang='lat' dir='ltr'>testatio-</span> 
     </span>
     <span class='ocr_line' id='line_1_47' title="bbox 271 2183 1135 2221; baseline 0.001 -12"><span class='ocrx_word' id='word_1_420' title='bbox 271 2194 318 2209; x_wconf 76' lang='lat' dir='ltr'>nes</span> <span class='ocrx_word' id='word_1_421' title='bbox 339 2185 499 2219; x_wconf 68' lang='lat' dir='ltr'>consignent.</span> <span class='ocrx_word' id='word_1_422' title='bbox 530 2183 559 2210; x_wconf 80' lang='lat' dir='ltr'>sc.</span> <span class='ocrx_word' id='word_1_423' title='bbox 579 2186 603 2209; x_wconf 82' lang='grc'>9.</span> <span class='ocrx_word' id='word_1_424' title='bbox 623 2184 644 2217; x_wconf 88' lang='lat'>5.</span> <span class='ocrx_word' id='word_1_425' title='bbox 665 2187 688 2210; x_wconf 91' lang='lat'>5.</span> <span class='ocrx_word' id='word_1_426' title='bbox 714 2184 747 2211; x_wconf 77' lang='lat' dir='ltr'>de.</span> <span class='ocrx_word' id='word_1_427' title='bbox 766 2194 842 2221; x_wconf 80' lang='lat' dir='ltr'>poen.</span> <span class='ocrx_word' id='word_1_428' title='bbox 868 2186 909 2210; x_wconf 76' lang='grc'>48.</span> <span class='ocrx_word' id='word_1_429' title='bbox 932 2186 970 2210; x_wconf 87' lang='grc'>19.</span> <span class='ocrx_word' id='word_1_430' title='bbox 1014 2183 1112 2211; x_wconf 83' lang='lat' dir='ltr'>Instru-</span> <span class='ocrx_word' id='word_1_431' title='bbox 1133 2211 1135 2219; x_wconf 67' lang='lat'><em>,</em></span> 
     </span>
     <span class='ocr_line' id='line_1_48' title="bbox 271 2226 1112 2262; baseline 0.002 -10"><span class='ocrx_word' id='word_1_432' title='bbox 271 2231 386 2253; x_wconf 77' lang='lat' dir='ltr'>mentum</span> <span class='ocrx_word' id='word_1_433' title='bbox 407 2226 512 2262; x_wconf 84' lang='lat' dir='ltr'>publice</span> <span class='ocrx_word' id='word_1_434' title='bbox 536 2227 696 2259; x_wconf 74' lang='lat' dir='ltr'>consectum,</span> <span class='ocrx_word' id='word_1_435' title='bbox 722 2233 747 2253; x_wconf 82' lang='lat' dir='ltr'>et</span> <span class='ocrx_word' id='word_1_436' title='bbox 772 2238 784 2253; x_wconf 88' lang='lat' dir='ltr'>a</span> <span class='ocrx_word' id='word_1_437' title='bbox 809 2227 893 2254; x_wconf 85' lang='lat' dir='ltr'>tribus</span> <span class='ocrx_word' id='word_1_438' title='bbox 920 2227 1033 2254; x_wconf 84' lang='lat' dir='ltr'>testibus</span> <span class='ocrx_word' id='word_1_439' title='bbox 1053 2238 1112 2254; x_wconf 88' lang='lat' dir='ltr'>con-</span> 
     </span>
     <span class='ocr_line' id='line_1_49' title="bbox 272 2270 1111 2307; baseline 0.002 -12"><span class='ocrx_word' id='word_1_440' title='bbox 272 2270 408 2305; x_wconf 74' lang='lat' dir='ltr'>signatum.</span> <span class='ocrx_word' id='word_1_441' title='bbox 447 2280 467 2295; x_wconf 87' lang='lat' dir='ltr'>c.</span> <span class='ocrx_word' id='word_1_442' title='bbox 488 2272 528 2296; x_wconf 77' lang='grc'>23.</span> <span class='ocrx_word' id='word_1_443' title='bbox 555 2281 592 2307; x_wconf 85' lang='lat' dir='ltr'>pr.</span> <span class='ocrx_word' id='word_1_444' title='bbox 622 2270 653 2296; x_wconf 80' lang='lat' dir='ltr'>ad</span> <span class='ocrx_word' id='word_1_445' title='bbox 678 2270 705 2296; x_wconf 88' lang='lat' dir='ltr'>S.</span> <span class='ocrx_word' id='word_1_446' title='bbox 732 2270 762 2297; x_wconf 77' lang='lat' dir='ltr'>C.</span> <span class='ocrx_word' id='word_1_447' title='bbox 788 2270 855 2296; x_wconf 67' lang='lat' dir='ltr'>Yell.</span> <span class='ocrx_word' id='word_1_448' title='bbox 884 2272 908 2297; x_wconf 71' lang='lat'>4.</span> <span class='ocrx_word' id='word_1_449' title='bbox 932 2272 974 2297; x_wconf 78' lang='lat'>29.</span> <span class='ocrx_word' id='word_1_450' title='bbox 1026 2270 1111 2297; x_wconf 68' lang='lat' dir='ltr'>Yuum</span> 
     </span>
     <span class='ocr_line' id='line_1_50' title="bbox 273 2312 1111 2350; baseline 0.002 -12"><span class='ocrx_word' id='word_1_451' title='bbox 273 2317 454 2338; x_wconf 73' lang='lat' dir='ltr'>testamcutum</span> <span class='ocrx_word' id='word_1_452' title='bbox 476 2312 595 2348; x_wconf 82' lang='lat' dir='ltr'>pluribus</span> <span class='ocrx_word' id='word_1_453' title='bbox 616 2313 743 2350; x_wconf 76' lang='lat' dir='ltr'>exemplis</span> <span class='ocrx_word' id='word_1_454' title='bbox 764 2315 925 2350; x_wconf 73' lang='lat' dir='ltr'>consignare.</span> <span class='ocrx_word' id='word_1_455' title='bbox 946 2313 976 2339; x_wconf 84' lang='lat' dir='ltr'>fr.</span> <span class='ocrx_word' id='word_1_456' title='bbox 996 2315 1037 2340; x_wconf 72' lang='lat'>⁵24.</span> <span class='ocrx_word' id='word_1_457' title='bbox 1059 2314 1111 2349; x_wconf 78' lang='lat' dir='ltr'>Qu.</span> 
     </span>
     <span class='ocr_line' id='line_1_51' title="bbox 273 2354 1111 2393; baseline 0.002 -12"><span class='ocrx_word' id='word_1_458' title='bbox 273 2360 374 2381; x_wconf 80' lang='lat' dir='ltr'>testam.</span> <span class='ocrx_word' id='word_1_459' title='bbox 395 2354 441 2381; x_wconf 79' lang='lat' dir='ltr'>sac.</span> <span class='ocrx_word' id='word_1_460' title='bbox 463 2365 486 2391; x_wconf 85' lang='lat' dir='ltr'>p.</span> <span class='ocrx_word' id='word_1_461' title='bbox 506 2358 546 2381; x_wconf 67' lang='lat'>28.</span> <span class='ocrx_word' id='word_1_462' title='bbox 570 2358 590 2382; x_wconf 86' lang='lat'>1.</span> <span class='ocrx_word' id='word_1_463' title='bbox 629 2357 850 2383; x_wconf 82' lang='lat' dir='ltr'>Substitntionem</span> <span class='ocrx_word' id='word_1_464' title='bbox 875 2373 907 2376; x_wconf 88' lang='lat'><em>-</em></span> <span class='ocrx_word' id='word_1_465' title='bbox 927 2358 1066 2393; x_wconf 78' lang='lat' dir='ltr'>separatim</span> <span class='ocrx_word' id='word_1_466' title='bbox 1086 2358 1111 2383; x_wconf 89' lang='lat' dir='ltr'>in</span> 
     </span>
     <span class='ocr_line' id='line_1_52' title="bbox 273 2397 1112 2437; baseline 0.004 -14"><span class='ocrx_word' id='word_1_467' title='bbox 273 2397 442 2424; x_wconf 71' lang='lat' dir='ltr'>inferioribus</span> <span class='ocrx_word' id='word_1_468' title='bbox 462 2398 558 2424; x_wconf 79' lang='lat' dir='ltr'>tabulis</span> <span class='ocrx_word' id='word_1_469' title='bbox 585 2399 739 2429; x_wconf 77' lang='lat' dir='ltr'>scribimus,</span> <span class='ocrx_word' id='word_1_470' title='bbox 766 2410 863 2436; x_wconf 71' lang='lat' dir='ltr'>easque</span> <span class='ocrx_word' id='word_1_471' title='bbox 882 2399 985 2426; x_wconf 85' lang='lat' dir='ltr'>tabulas</span> <span class='ocrx_word' id='word_1_472' title='bbox 1004 2401 1112 2437; x_wconf 88' lang='lat' dir='ltr'>proprio</span> 
     </span>
     <span class='ocr_line' id='line_1_53' title="bbox 274 2441 1113 2477; baseline 0.002 -11"><span class='ocrx_word' id='word_1_473' title='bbox 274 2441 327 2466; x_wconf 90' lang='lat' dir='ltr'>lino</span> <span class='ocrx_word' id='word_1_474' title='bbox 348 2441 506 2477; x_wconf 82' lang='lat' dir='ltr'>propriaque</span> <span class='ocrx_word' id='word_1_475' title='bbox 531 2452 589 2467; x_wconf 73' lang='lat' dir='ltr'>cvra</span> <span class='ocrx_word' id='word_1_476' title='bbox 613 2443 802 2475; x_wconf 68' lang='lat' dir='ltr'>consignamus.</span> <span class='ocrx_word' id='word_1_477' title='bbox 835 2443 892 2469; x_wconf 81' lang='lat' dir='ltr'>Gai.</span> <span class='ocrx_word' id='word_1_478' title='bbox 912 2442 942 2468; x_wconf 89' lang='grc'>11.</span> <span class='ocrx_word' id='word_1_479' title='bbox 963 2444 1021 2469; x_wconf 82' lang='grc'>181.</span> <span class='ocrx_word' id='word_1_480' title='bbox 1059 2442 1113 2469; x_wconf 84' lang='grc'>01]-</span> 
     </span>
    </p>
   </div>
   <div class='ocr_carea' id='block_1_3' title="bbox 714 1021 1108 1048">
    <p class='ocr_par' dir='ltr' id='par_1_3' title="bbox 714 1021 1108 1048">
     <span class='ocr_line' id='line_1_54' title="bbox 714 1021 1108 1048; baseline 0 -1"><span class='ocrx_word' id='word_1_481' title='bbox 714 1021 741 1047; x_wconf 91' lang='lat' dir='ltr'>In</span> <span class='ocrx_word' id='word_1_482' title='bbox 762 1022 818 1048; x_wconf 81' lang='lat' dir='ltr'>eius</span> <span class='ocrx_word' id='word_1_483' title='bbox 839 1022 875 1047; x_wconf 89' lang='lat' dir='ltr'>rei</span> <span class='ocrx_word' id='word_1_484' title='bbox 896 1021 1108 1048; x_wconf 75' lang='lat' dir='ltr'>consideratione</span> 
     </span>
    </p>
   </div>
   <div class='ocr_carea' id='block_1_4' title="bbox 275 2483 1114 2855">
    <p class='ocr_par' dir='ltr' id='par_1_4' title="bbox 275 2483 1114 2855">
     <span class='ocr_line' id='line_1_55' title="bbox 276 2483 1114 2522; baseline 0.004 -13"><span class='ocrx_word' id='word_1_485' title='bbox 276 2483 326 2509; x_wconf 89' lang='lat' dir='ltr'>lato</span> <span class='ocrx_word' id='word_1_486' title='bbox 347 2487 384 2514; x_wconf 76' lang='lat' dir='ltr'>ct.</span> <span class='ocrx_word' id='word_1_487' title='bbox 405 2485 427 2509; x_wconf 84' lang='lat' dir='ltr'>si</span> <span class='ocrx_word' id='word_1_488' title='bbox 446 2493 498 2509; x_wconf 91' lang='lat' dir='ltr'>non</span> <span class='ocrx_word' id='word_1_489' title='bbox 517 2484 599 2510; x_wconf 68' lang='lat' dir='ltr'>velint</span> <span class='ocrx_word' id='word_1_490' title='bbox 618 2486 744 2521; x_wconf 65' lang='lat' dir='ltr'>accipere.</span> <span class='ocrx_word' id='word_1_491' title='bbox 765 2487 917 2521; x_wconf 65' lang='lat' dir='ltr'>consignato</span> <span class='ocrx_word' id='word_1_492' title='bbox 937 2490 1015 2521; x_wconf 84' lang='lat' dir='ltr'>atque</span> <span class='ocrx_word' id='word_1_493' title='bbox 1034 2485 1114 2522; x_wconf 84' lang='lat' dir='ltr'>depo-</span> 
     </span>
     <span class='ocr_line' id='line_1_56' title="bbox 275 2526 1112 2565; baseline 0.004 -14"><span class='ocrx_word' id='word_1_494' title='bbox 275 2527 334 2552; x_wconf 85' lang='lat' dir='ltr'>sito.</span> <span class='ocrx_word' id='word_1_495' title='bbox 361 2536 381 2552; x_wconf 84' lang='lat' dir='ltr'>c.</span> <span class='ocrx_word' id='word_1_496' title='bbox 395 2529 436 2552; x_wconf 84' lang='grc'>20.</span> <span class='ocrx_word' id='word_1_497' title='bbox 458 2526 490 2552; x_wconf 75' lang='grc'>(1(-</span> <span class='ocrx_word' id='word_1_498' title='bbox 509 2528 578 2564; x_wconf 77' lang='lat' dir='ltr'>pign.</span> <span class='ocrx_word' id='word_1_499' title='bbox 599 2532 621 2553; x_wconf 82' lang='lat' dir='ltr'>et</span> <span class='ocrx_word' id='word_1_500' title='bbox 644 2527 704 2564; x_wconf 56' lang='lat' dir='ltr'>hyp.</span> <span class='ocrx_word' id='word_1_501' title='bbox 725 2532 748 2554; x_wconf 61' lang='lat'>³.</span> <span class='ocrx_word' id='word_1_502' title='bbox 770 2530 809 2555; x_wconf 89' lang='lat'>14.</span> <span class='ocrx_word' id='word_1_503' title='bbox 831 2530 907 2554; x_wconf 82' lang='lat' dir='ltr'>c.10.</span> <span class='ocrx_word' id='word_1_504' title='bbox 928 2527 960 2554; x_wconf 81' lang='lat' dir='ltr'>de</span> <span class='ocrx_word' id='word_1_505' title='bbox 978 2529 1048 2565; x_wconf 80' lang='lat' dir='ltr'>pign.</span> <span class='ocrx_word' id='word_1_506' title='bbox 1063 2533 1112 2555; x_wconf 86' lang='lat' dir='ltr'>act.</span> 
     </span>
     <span class='ocr_line' id='line_1_57' title="bbox 275 2570 1112 2603; baseline 0.005 -10"><span class='ocrx_word' id='word_1_507' title='bbox 275 2570 298 2594; x_wconf 74' lang='lat'>4.</span> <span class='ocrx_word' id='word_1_508' title='bbox 319 2571 359 2594; x_wconf 81' lang='lat'>24.</span> <span class='ocrx_word' id='word_1_509' title='bbox 392 2585 424 2589; x_wconf 85' lang='lat'>—-</span> <span class='ocrx_word' id='word_1_510' title='bbox 457 2570 488 2603; x_wconf 63' lang='grc' dir='ltr'>ξ.</span> <span class='ocrx_word' id='word_1_511' title='bbox 515 2572 550 2597; x_wconf 70' lang='grc'>2.</span> <span class='ocrx_word' id='word_1_512' title='bbox 586 2572 788 2602; x_wconf 65' lang='lat' dir='ltr'>Adam-ibere,</span> <span class='ocrx_word' id='word_1_513' title='bbox 818 2573 1027 2598; x_wconf 74' lang='lat' dir='ltr'>Pet-scribere.</span> <span class='ocrx_word' id='word_1_514' title='bbox 1070 2570 1112 2597; x_wconf 94' lang='lat'>111.</span> 
     </span>
     <span class='ocr_line' id='line_1_58' title="bbox 277 2612 1113 2650; baseline 0.002 -11"><span class='ocrx_word' id='word_1_515' title='bbox 277 2612 342 2639; x_wconf 74' lang='lat' dir='ltr'>Cn.</span> <span class='ocrx_word' id='word_1_516' title='bbox 371 2614 399 2638; x_wconf 74' lang='lat' dir='ltr'>Si</span> <span class='ocrx_word' id='word_1_517' title='bbox 420 2614 445 2639; x_wconf 91' lang='lat' dir='ltr'>in</span> <span class='ocrx_word' id='word_1_518' title='bbox 466 2612 552 2639; x_wconf 77' lang='lat' dir='ltr'>tabula</span> <span class='ocrx_word' id='word_1_519' title='bbox 573 2613 677 2649; x_wconf 83' lang='lat' dir='ltr'>quidem</span> <span class='ocrx_word' id='word_1_520' title='bbox 697 2615 885 2650; x_wconf 76' lang='lat' dir='ltr'>conscripserit</span> <span class='ocrx_word' id='word_1_521' title='bbox 904 2615 953 2647; x_wconf 83' lang='lat' dir='ltr'>(sc.</span> <span class='ocrx_word' id='word_1_522' title='bbox 970 2614 1113 2647; x_wconf 85' lang='lat' dir='ltr'>venditor),</span> 
     </span>
     <span class='ocr_line' id='line_1_59' title="bbox 277 2655 1113 2691; baseline 0.005 -11"><span class='ocrx_word' id='word_1_523' title='bbox 277 2664 366 2680; x_wconf 77' lang='lat' dir='ltr'>verum</span> <span class='ocrx_word' id='word_1_524' title='bbox 386 2661 477 2691; x_wconf 73' lang='lat' dir='ltr'>postca</span> <span class='ocrx_word' id='word_1_525' title='bbox 497 2655 579 2691; x_wconf 65' lang='lat' dir='ltr'>legem</span> <span class='ocrx_word' id='word_1_526' title='bbox 599 2657 791 2691; x_wconf 67' lang='lat' dir='ltr'>consignaverit</span> <span class='ocrx_word' id='word_1_527' title='bbox 810 2662 858 2682; x_wconf 72' lang='lat' dir='ltr'>cte.</span> <span class='ocrx_word' id='word_1_528' title='bbox 885 2656 914 2683; x_wconf 81' lang='lat' dir='ltr'>fr.</span> <span class='ocrx_word' id='word_1_529' title='bbox 937 2658 975 2683; x_wconf 86' lang='lat'>13.</span> <span class='ocrx_word' id='word_1_530' title='bbox 995 2657 1017 2691; x_wconf 88' lang='lat'>5.</span> <span class='ocrx_word' id='word_1_531' title='bbox 1037 2659 1061 2684; x_wconf 83' lang='grc'>6,</span> <span class='ocrx_word' id='word_1_532' title='bbox 1081 2656 1113 2683; x_wconf 79' lang='lat' dir='ltr'>dc</span> 
     </span>
     <span class='ocr_line' id='line_1_60' title="bbox 277 2697 1112 2735; baseline 0.005 -13"><span class='ocrx_word' id='word_1_533' title='bbox 277 2697 308 2722; x_wconf 88' lang='grc' dir='ltr'>Α.</span> <span class='ocrx_word' id='word_1_534' title='bbox 328 2697 357 2722; x_wconf 86' lang='lat' dir='ltr'>E.</span> <span class='ocrx_word' id='word_1_535' title='bbox 380 2697 408 2723; x_wconf 54' lang='grc'>1.</span> <span class='ocrx_word' id='word_1_536' title='bbox 432 2700 468 2724; x_wconf 82' lang='grc'>19.</span> <span class='ocrx_word' id='word_1_537' title='bbox 492 2700 512 2724; x_wconf 90' lang='lat'>1.</span> <span class='ocrx_word' id='word_1_538' title='bbox 551 2698 625 2725; x_wconf 76' lang='lat' dir='ltr'>Actis</span> <span class='ocrx_word' id='word_1_539' title='bbox 646 2699 798 2735; x_wconf 66' lang='lat' dir='ltr'>consignare</span> <span class='ocrx_word' id='word_1_540' title='bbox 818 2698 1029 2734; x_wconf 83' lang='lat' dir='ltr'>(donationem).</span> <span class='ocrx_word' id='word_1_541' title='bbox 1063 2699 1112 2726; x_wconf 89' lang='lat' dir='ltr'>Th.</span> 
     </span>
     <span class='ocr_line' id='line_1_61' title="bbox 278 2739 1113 2779; baseline 0.005 -14"><span class='ocrx_word' id='word_1_542' title='bbox 278 2739 309 2766; x_wconf 84' lang='lat' dir='ltr'>C.</span> <span class='ocrx_word' id='word_1_543' title='bbox 331 2739 372 2765; x_wconf 88' lang='lat' dir='ltr'>III.</span> <span class='ocrx_word' id='word_1_544' title='bbox 393 2742 416 2765; x_wconf 81' lang='lat'>5.</span> <span class='ocrx_word' id='word_1_545' title='bbox 437 2751 457 2766; x_wconf 84' lang='lat' dir='ltr'>c.</span> <span class='ocrx_word' id='word_1_546' title='bbox 477 2743 501 2767; x_wconf 84' lang='lat'>3.</span> <span class='ocrx_word' id='word_1_547' title='bbox 526 2740 558 2767; x_wconf 80' lang='lat' dir='ltr'>de</span> <span class='ocrx_word' id='word_1_548' title='bbox 577 2741 693 2779; x_wconf 82' lang='lat' dir='ltr'>sponsal.</span> <span class='ocrx_word' id='word_1_549' title='bbox 726 2757 758 2761; x_wconf 98' lang='lat'><strong>—</strong></span> <span class='ocrx_word' id='word_1_550' title='bbox 789 2742 820 2775; x_wconf 64' lang='grc' dir='ltr'>ξ.</span> <span class='ocrx_word' id='word_1_551' title='bbox 844 2742 881 2768; x_wconf 75' lang='grc'>3.</span> <span class='ocrx_word' id='word_1_552' title='bbox 914 2744 1113 2777; x_wconf 67' lang='lat' dir='ltr'>Adsn&#39;gnare,</span> 
     </span>
     <span class='ocr_line' id='line_1_62' title="bbox 278 2783 1113 2819; baseline 0.002 -10"><span class='ocrx_word' id='word_1_553' title='bbox 278 2784 481 2809; x_wconf 76' lang='lat' dir='ltr'>Adtribuere.</span> <span class='ocrx_word' id='word_1_554' title='bbox 524 2783 540 2810; x_wconf 91' lang='lat' dir='ltr'>l.</span> <span class='ocrx_word' id='word_1_555' title='bbox 564 2786 624 2819; x_wconf 73' lang='lat' dir='ltr'>Sy.</span> <span class='ocrx_word' id='word_1_556' title='bbox 653 2784 794 2816; x_wconf 78' lang='lat' dir='ltr'>Praebere.</span> <span class='ocrx_word' id='word_1_557' title='bbox 819 2784 958 2811; x_wconf 75' lang='lat' dir='ltr'>Exhiberc.</span> <span class='ocrx_word' id='word_1_558' title='bbox 986 2784 1023 2811; x_wconf 84' lang='lat' dir='ltr'>lb.</span> <span class='ocrx_word' id='word_1_559' title='bbox 1042 2784 1113 2811; x_wconf 70' lang='lat' dir='ltr'>MV.</span> 
     </span>
     <span class='ocr_line' id='line_1_63' title="bbox 281 2824 1113 2855; baseline 0.005 -6"><span class='ocrx_word' id='word_1_560' title='bbox 281 2826 320 2850; x_wconf 72' lang='lat'>16.</span> <span class='ocrx_word' id='word_1_561' title='bbox 341 2835 361 2849; x_wconf 81' lang='lat' dir='ltr'>c.</span> <span class='ocrx_word' id='word_1_562' title='bbox 380 2826 404 2850; x_wconf 88' lang='lat'>2.</span> <span class='ocrx_word' id='word_1_563' title='bbox 430 2824 461 2850; x_wconf 75' lang='lat' dir='ltr'>dt·</span> <span class='ocrx_word' id='word_1_564' title='bbox 486 2825 558 2852; x_wconf 76' lang='lat' dir='ltr'>frum.</span> <span class='ocrx_word' id='word_1_565' title='bbox 585 2827 639 2853; x_wconf 81' lang='lat' dir='ltr'>nrh.</span> <span class='ocrx_word' id='word_1_566' title='bbox 665 2827 758 2854; x_wconf 85' lang='lat' dir='ltr'>Const.</span> <span class='ocrx_word' id='word_1_567' title='bbox 796 2827 837 2853; x_wconf 91' lang='lat'>111.</span> <span class='ocrx_word' id='word_1_568' title='bbox 861 2828 926 2855; x_wconf 75' lang='lat'>011.</span> <span class='ocrx_word' id='word_1_569' title='bbox 956 2827 1071 2854; x_wconf 80' lang='lat' dir='ltr'>Tradere</span> <span class='ocrx_word' id='word_1_570' title='bbox 1090 2833 1113 2854; x_wconf 88' lang='lat' dir='ltr'>et</span> 
     </span>
    </p>
   </div>
   <div class='ocr_carea' id='block_1_5' title="bbox 1127 769 1140 2868">
    <p class='ocr_par' dir='ltr' id='par_1_5' title="bbox 1127 769 1140 2868">
     <span class='ocr_line' id='line_1_64' title="bbox 1127 769 1140 2868; baseline 0 0"><span class='ocrx_word' id='word_1_571' title='bbox 1127 769 1140 2868; x_wconf 95' lang='lat' dir='ltr'> </span> 
     </span>
    </p>
   </div>
   <div class='ocr_carea' id='block_1_6' title="bbox 1130 1670 1221 1694">
    <p class='ocr_par' dir='ltr' id='par_1_6' title="bbox 1130 1670 1221 1694">
     <span class='ocr_line' id='line_1_65' title="bbox 1130 1670 1221 1694; baseline 0.011 -1"><span class='ocrx_word' id='word_1_572' title='bbox 1130 1670 1221 1694; x_wconf 55' lang='grc'>4»1.8.</span> 
     </span>
    </p>
   </div>
   <div class='ocr_carea' id='block_1_7' title="bbox 1072 165 1176 197">
    <p class='ocr_par' dir='ltr' id='par_1_7' title="bbox 1072 165 1176 197">
     <span class='ocr_line' id='line_1_66' title="bbox 1072 165 1176 197; baseline -0.019 0"><span class='ocrx_word' id='word_1_573' title='bbox 1072 165 1176 197; x_wconf 74' lang='lat' dir='ltr'>CON.</span> 
     </span>
    </p>
   </div>
   <div class='ocr_carea' id='block_1_8' title="bbox 1149 248 1991 671">
    <p class='ocr_par' dir='ltr' id='par_1_8' title="bbox 1149 248 1991 671">
     <span class='ocr_line' id='line_1_67' title="bbox 1150 248 1987 284; baseline 0.002 -9"><span class='ocrx_word' id='word_1_574' title='bbox 1150 249 1304 284; x_wconf 74' lang='lat' dir='ltr'>consignare</span> <span class='ocrx_word' id='word_1_575' title='bbox 1328 248 1447 280; x_wconf 89' lang='lat' dir='ltr'>(omnem</span> <span class='ocrx_word' id='word_1_576' title='bbox 1471 248 1632 281; x_wconf 73' lang='lat' dir='ltr'>enthecam).</span> <span class='ocrx_word' id='word_1_577' title='bbox 1664 248 1700 275; x_wconf 84' lang='lat' dir='ltr'>lb.</span> <span class='ocrx_word' id='word_1_578' title='bbox 1720 249 1790 276; x_wconf 73' lang='lat' dir='ltr'>XIV.</span> <span class='ocrx_word' id='word_1_579' title='bbox 1814 251 1838 276; x_wconf 89' lang='lat'>3.</span> <span class='ocrx_word' id='word_1_580' title='bbox 1864 260 1885 277; x_wconf 82' lang='lat' dir='ltr'>c.</span> <span class='ocrx_word' id='word_1_581' title='bbox 1906 252 1928 277; x_wconf 78' lang='grc' dir='ltr'>Τ.</span> <span class='ocrx_word' id='word_1_582' title='bbox 1955 250 1987 277; x_wconf 81' lang='lat' dir='ltr'>de</span> 
     </span>
     <span class='ocr_line' id='line_1_68' title="bbox 1149 289 1989 330; baseline 0.004 -14"><span class='ocrx_word' id='word_1_583' title='bbox 1149 292 1243 328; x_wconf 87' lang='lat' dir='ltr'>pistor.</span> <span class='ocrx_word' id='word_1_584' title='bbox 1280 289 1435 316; x_wconf 73' lang='lat' dir='ltr'>Iudiciarius</span> <span class='ocrx_word' id='word_1_585' title='bbox 1458 292 1533 327; x_wconf 70' lang='lat' dir='ltr'>vigor</span> <span class='ocrx_word' id='word_1_586' title='bbox 1558 291 1657 318; x_wconf 88' lang='lat' dir='ltr'>liberos</span> <span class='ocrx_word' id='word_1_587' title='bbox 1681 292 1787 328; x_wconf 87' lang='lat' dir='ltr'>quidem</span> <span class='ocrx_word' id='word_1_588' title='bbox 1805 294 1897 330; x_wconf 85' lang='lat' dir='ltr'>patriis</span> <span class='ocrx_word' id='word_1_589' title='bbox 1917 298 1989 319; x_wconf 84' lang='lat' dir='ltr'>natu-</span> 
     </span>
     <span class='ocr_line' id='line_1_69' title="bbox 1150 333 1987 371; baseline 0.002 -11"><span class='ocrx_word' id='word_1_590' title='bbox 1150 333 1261 365; x_wconf 75' lang='lat' dir='ltr'>ralibus.</span> <span class='ocrx_word' id='word_1_591' title='bbox 1282 343 1374 359; x_wconf 76' lang='lat' dir='ltr'>servos</span> <span class='ocrx_word' id='word_1_592' title='bbox 1393 338 1479 360; x_wconf 81' lang='lat' dir='ltr'>autem</span> <span class='ocrx_word' id='word_1_593' title='bbox 1498 334 1611 361; x_wconf 88' lang='lat' dir='ltr'>dominis</span> <span class='ocrx_word' id='word_1_594' title='bbox 1631 351 1664 354; x_wconf 86' lang='lat'><strong>—</strong></span> <span class='ocrx_word' id='word_1_595' title='bbox 1684 336 1828 371; x_wconf 71' lang='lat' dir='ltr'>consignet.</span> <span class='ocrx_word' id='word_1_596' title='bbox 1856 335 1892 362; x_wconf 91' lang='lat' dir='ltr'>lb.</span> <span class='ocrx_word' id='word_1_597' title='bbox 1913 335 1944 362; x_wconf 66' lang='lat' dir='ltr'>V.</span> <span class='ocrx_word' id='word_1_598' title='bbox 1964 338 1987 362; x_wconf 79' lang='lat'>4.</span> 
     </span>
     <span class='ocr_line' id='line_1_70' title="bbox 1151 375 1988 416; baseline 0.001 -13"><span class='ocrx_word' id='word_1_599' title='bbox 1151 387 1171 403; x_wconf 85' lang='lat' dir='ltr'>c.</span> <span class='ocrx_word' id='word_1_600' title='bbox 1191 378 1216 402; x_wconf 84' lang='lat'>2.</span> <span class='ocrx_word' id='word_1_601' title='bbox 1242 375 1357 409; x_wconf 80' lang='lat' dir='ltr'>(ch.)</span> <span class='ocrx_word' id='word_1_602' title='bbox 1382 376 1414 403; x_wconf 85' lang='lat' dir='ltr'>de</span> <span class='ocrx_word' id='word_1_603' title='bbox 1436 376 1497 403; x_wconf 86' lang='lat' dir='ltr'>bon.</span> <span class='ocrx_word' id='word_1_604' title='bbox 1520 377 1595 404; x_wconf 83' lang='lat' dir='ltr'>milit.</span> <span class='ocrx_word' id='word_1_605' title='bbox 1641 376 1750 404; x_wconf 75' lang='lat' dir='ltr'>Praedia</span> <span class='ocrx_word' id='word_1_606' title='bbox 1778 379 1834 404; x_wconf 88' lang='lat' dir='ltr'>iure</span> <span class='ocrx_word' id='word_1_607' title='bbox 1861 384 1988 416; x_wconf 82' lang='lat' dir='ltr'>perpetuo</span> 
     </span>
     <span class='ocr_line' id='line_1_71' title="bbox 1151 418 1872 455; baseline 0.003 -10"><span class='ocrx_word' id='word_1_608' title='bbox 1151 420 1310 455; x_wconf 74' lang='lat' dir='ltr'>consignata.</span> <span class='ocrx_word' id='word_1_609' title='bbox 1339 419 1376 446; x_wconf 91' lang='lat' dir='ltr'>lb.</span> <span class='ocrx_word' id='word_1_610' title='bbox 1395 418 1440 446; x_wconf 79' lang='lat' dir='ltr'>XI.</span> <span class='ocrx_word' id='word_1_611' title='bbox 1462 421 1501 445; x_wconf 91' lang='grc'>16.</span> <span class='ocrx_word' id='word_1_612' title='bbox 1521 430 1542 446; x_wconf 88' lang='lat' dir='ltr'>c.</span> <span class='ocrx_word' id='word_1_613' title='bbox 1563 422 1602 446; x_wconf 86' lang='lat'>13.</span> <span class='ocrx_word' id='word_1_614' title='bbox 1623 420 1655 447; x_wconf 88' lang='lat' dir='ltr'>de</span> <span class='ocrx_word' id='word_1_615' title='bbox 1675 425 1741 447; x_wconf 77' lang='lat' dir='ltr'>extr.</span> <span class='ocrx_word' id='word_1_616' title='bbox 1761 430 1782 446; x_wconf 93' lang='grc'>5.</span> <span class='ocrx_word' id='word_1_617' title='bbox 1801 420 1872 447; x_wconf 82' lang='lat' dir='ltr'>sord.</span> 
     </span>
     <span class='ocr_line' id='line_1_72' title="bbox 1185 462 1989 498; baseline 0.004 -10"><span class='ocrx_word' id='word_1_618' title='bbox 1185 462 1441 496; x_wconf 73' lang='lat' dir='ltr'>Consignatio.</span> <span class='ocrx_word' id='word_1_619' title='bbox 1470 464 1638 498; x_wconf 80' lang='lat' dir='ltr'>Signatio,</span> <span class='ocrx_word' id='word_1_620' title='bbox 1659 465 1873 498; x_wconf 66' lang='lat' dir='ltr'>Per-scriptio.</span> <span class='ocrx_word' id='word_1_621' title='bbox 1898 463 1915 490; x_wconf 92' lang='lat'>1.</span> <span class='ocrx_word' id='word_1_622' title='bbox 1928 464 1989 498; x_wconf 75' lang='lat' dir='ltr'>Sy.</span> 
     </span>
     <span class='ocr_line' id='line_1_73' title="bbox 1151 504 1990 543; baseline 0.002 -12"><span class='ocrx_word' id='word_1_623' title='bbox 1151 504 1214 531; x_wconf 88' lang='lat' dir='ltr'>Sine</span> <span class='ocrx_word' id='word_1_624' title='bbox 1238 506 1346 542; x_wconf 84' lang='lat' dir='ltr'>scriptis</span> <span class='ocrx_word' id='word_1_625' title='bbox 1372 505 1509 539; x_wconf 77' lang='lat' dir='ltr'>(habita).</span> <span class='ocrx_word' id='word_1_626' title='bbox 1536 504 1600 532; x_wconf 81' lang='lat' dir='ltr'>Siue</span> <span class='ocrx_word' id='word_1_627' title='bbox 1624 505 1770 532; x_wconf 74' lang='lat' dir='ltr'>litterarum</span> <span class='ocrx_word' id='word_1_628' title='bbox 1793 507 1990 543; x_wconf 78' lang='lat' dir='ltr'>consignatione</span> 
     </span>
     <span class='ocr_line' id='line_1_74' title="bbox 1151 548 1989 584; baseline 0.002 -10"><span class='ocrx_word' id='word_1_629' title='bbox 1151 550 1249 583; x_wconf 68' lang='lat' dir='ltr'>(gesta.</span> <span class='ocrx_word' id='word_1_630' title='bbox 1270 558 1306 574; x_wconf 87' lang='lat' dir='ltr'>sc.</span> <span class='ocrx_word' id='word_1_631' title='bbox 1327 550 1390 579; x_wconf 81' lang='lat' dir='ltr'>res).</span> <span class='ocrx_word' id='word_1_632' title='bbox 1416 548 1446 574; x_wconf 85' lang='lat' dir='ltr'>sr.</span> <span class='ocrx_word' id='word_1_633' title='bbox 1460 550 1484 574; x_wconf 87' lang='lat'>4.</span> <span class='ocrx_word' id='word_1_634' title='bbox 1505 558 1545 584; x_wconf 86' lang='lat' dir='ltr'>sq.</span> <span class='ocrx_word' id='word_1_635' title='bbox 1564 548 1596 575; x_wconf 89' lang='lat' dir='ltr'>de</span> <span class='ocrx_word' id='word_1_636' title='bbox 1615 548 1668 575; x_wconf 72' lang='lat' dir='ltr'>fide</span> <span class='ocrx_word' id='word_1_637' title='bbox 1686 549 1806 575; x_wconf 82' lang='lat' dir='ltr'>instrum.</span> <span class='ocrx_word' id='word_1_638' title='bbox 1825 551 1866 576; x_wconf 86' lang='lat'>22.</span> <span class='ocrx_word' id='word_1_639' title='bbox 1885 551 1910 576; x_wconf 83' lang='lat'>3.</span> <span class='ocrx_word' id='word_1_640' title='bbox 1947 549 1989 576; x_wconf 89' lang='lat' dir='ltr'>III.</span> 
     </span>
     <span class='ocr_line' id='line_1_75' title="bbox 1152 590 1991 629; baseline 0.004 -13"><span class='ocrx_word' id='word_1_641' title='bbox 1152 592 1218 618; x_wconf 77' lang='grc' dir='ltr'>(ἠ.</span> <span class='ocrx_word' id='word_1_642' title='bbox 1244 591 1298 625; x_wconf 79' lang='lat' dir='ltr'>Qui</span> <span class='ocrx_word' id='word_1_643' title='bbox 1311 591 1337 616; x_wconf 92' lang='lat' dir='ltr'>in</span> <span class='ocrx_word' id='word_1_644' title='bbox 1351 591 1506 622; x_wconf 80' lang='lat' dir='ltr'>rationibus,</span> <span class='ocrx_word' id='word_1_645' title='bbox 1526 590 1631 623; x_wconf 80' lang='lat' dir='ltr'>tabulis,</span> <span class='ocrx_word' id='word_1_646' title='bbox 1651 592 1747 618; x_wconf 72' lang='lat' dir='ltr'>litteris</span> <span class='ocrx_word' id='word_1_647' title='bbox 1765 590 1888 629; x_wconf 74' lang='lat' dir='ltr'>publicis.</span> <span class='ocrx_word' id='word_1_648' title='bbox 1908 592 1991 619; x_wconf 72' lang='lat' dir='ltr'>aliave</span> 
     </span>
     <span class='ocr_line' id='line_1_76' title="bbox 1152 634 1989 671; baseline 0.004 -12"><span class='ocrx_word' id='word_1_649' title='bbox 1152 644 1201 670; x_wconf 85' lang='lat' dir='ltr'>qua</span> <span class='ocrx_word' id='word_1_650' title='bbox 1222 644 1262 665; x_wconf 81' lang='lat' dir='ltr'>re,</span> <span class='ocrx_word' id='word_1_651' title='bbox 1282 634 1339 660; x_wconf 85' lang='lat' dir='ltr'>sine</span> <span class='ocrx_word' id='word_1_652' title='bbox 1358 634 1407 668; x_wconf 83' lang='lat' dir='ltr'>[al.</span> <span class='ocrx_word' id='word_1_653' title='bbox 1427 634 1500 667; x_wconf 68' lang='lat' dir='ltr'>sive]</span> <span class='ocrx_word' id='word_1_654' title='bbox 1525 635 1722 671; x_wconf 74' lang='lat' dir='ltr'>consignatione</span> <span class='ocrx_word' id='word_1_655' title='bbox 1747 635 1841 662; x_wconf 76' lang='lat' dir='ltr'>falsum</span> <span class='ocrx_word' id='word_1_656' title='bbox 1865 635 1989 662; x_wconf 76' lang='lat' dir='ltr'>fecerunt.</span> 
     </span>
    </p>
   </div>
   <div class='ocr_carea' id='block_1_9' title="bbox 1128 670 1973 711">
    <p class='ocr_par' dir='ltr' id='par_1_9' title="bbox 1128 670 1973 711">
     <span class='ocr_line' id='line_1_77' title="bbox 1128 670 1973 711; baseline 0.002 -9"><span class='ocrx_word' id='word_1_657' title='bbox 1128 670 1129 688; x_wconf 45' lang='grc'>1</span> <span class='ocrx_word' id='word_1_658' title='bbox 1151 677 1182 703; x_wconf 68' lang='lat' dir='ltr'>rr.</span> <span class='ocrx_word' id='word_1_659' title='bbox 1203 678 1242 702; x_wconf 77' lang='lat'>16.</span> <span class='ocrx_word' id='word_1_660' title='bbox 1263 676 1284 710; x_wconf 55' lang='grc' dir='ltr'>ξ.</span> <span class='ocrx_word' id='word_1_661' title='bbox 1304 678 1328 703; x_wconf 79' lang='lat'>2.</span> <span class='ocrx_word' id='word_1_662' title='bbox 1349 676 1380 703; x_wconf 77' lang='lat' dir='ltr'>cr.</span> <span class='ocrx_word' id='word_1_663' title='bbox 1400 677 1431 704; x_wconf 74' lang='lat' dir='ltr'>fr.</span> <span class='ocrx_word' id='word_1_664' title='bbox 1447 679 1469 704; x_wconf 83' lang='lat'>1.</span> <span class='ocrx_word' id='word_1_665' title='bbox 1490 678 1512 711; x_wconf 58' lang='grc' dir='ltr'>ξ.</span> <span class='ocrx_word' id='word_1_666' title='bbox 1526 678 1549 704; x_wconf 73' lang='grc'>4.</span> <span class='ocrx_word' id='word_1_667' title='bbox 1570 677 1602 704; x_wconf 83' lang='lat' dir='ltr'>de</span> <span class='ocrx_word' id='word_1_668' title='bbox 1621 677 1650 704; x_wconf 89' lang='lat' dir='ltr'>L.</span> <span class='ocrx_word' id='word_1_669' title='bbox 1665 678 1728 704; x_wconf 70' lang='lat' dir='ltr'>cor.</span> <span class='ocrx_word' id='word_1_670' title='bbox 1748 678 1780 704; x_wconf 73' lang='lat' dir='ltr'>de</span> <span class='ocrx_word' id='word_1_671' title='bbox 1799 677 1856 705; x_wconf 68' lang='lat' dir='ltr'>fals.</span> <span class='ocrx_word' id='word_1_672' title='bbox 1876 680 1973 705; x_wconf 65' lang='grc'>4510.</span> 
     </span>
    </p>
   </div>
   <div class='ocr_carea' id='block_1_10' title="bbox 1188 720 1991 757">
    <p class='ocr_par' dir='ltr' id='par_1_10' title="bbox 1188 720 1991 757">
     <span class='ocr_line' id='line_1_78' title="bbox 1188 720 1991 757; baseline 0.002 -11"><span class='ocrx_word' id='word_1_673' title='bbox 1188 720 1402 747; x_wconf 58' lang='lat' dir='ltr'>sonsilflari.</span> <span class='ocrx_word' id='word_1_674' title='bbox 1428 722 1611 747; x_wconf 78' lang='lat' dir='ltr'>Consilium</span> <span class='ocrx_word' id='word_1_675' title='bbox 1628 727 1745 755; x_wconf 79' lang='lat' dir='ltr'>petere.</span> <span class='ocrx_word' id='word_1_676' title='bbox 1770 720 1813 747; x_wconf 88' lang='lat'>111.</span> <span class='ocrx_word' id='word_1_677' title='bbox 1829 722 1894 749; x_wconf 68' lang='lat' dir='ltr'>sn.</span> <span class='ocrx_word' id='word_1_678' title='bbox 1915 721 1991 757; x_wconf 82' lang='lat' dir='ltr'>Quos</span> 
     </span>
    </p>
   </div>
   <div class='ocr_carea' id='block_1_11' title="bbox 1128 762 1992 801">
    <p class='ocr_par' dir='ltr' id='par_1_11' title="bbox 1128 762 1992 801">
     <span class='ocr_line' id='line_1_79' title="bbox 1128 762 1992 801; baseline 0.003 -13"><span class='ocrx_word' id='word_1_679' title='bbox 1128 763 1129 799; x_wconf 47' lang='lat' dir='ltr'>J</span> <span class='ocrx_word' id='word_1_680' title='bbox 1152 762 1324 799; x_wconf 67' lang='lat' dir='ltr'>dignitatibus</span> <span class='ocrx_word' id='word_1_681' title='bbox 1349 762 1487 800; x_wconf 87' lang='lat' dir='ltr'>ampliatos</span> <span class='ocrx_word' id='word_1_682' title='bbox 1511 763 1644 799; x_wconf 75' lang='lat' dir='ltr'>indignius</span> <span class='ocrx_word' id='word_1_683' title='bbox 1667 774 1680 789; x_wconf 87' lang='lat' dir='ltr'>a</span> <span class='ocrx_word' id='word_1_684' title='bbox 1700 764 1900 791; x_wconf 85' lang='lat' dir='ltr'>consiliantibus</span> <span class='ocrx_word' id='word_1_685' title='bbox 1920 774 1992 801; x_wconf 83' lang='lat' dir='ltr'>prae-</span> 
     </span>
    </p>
   </div>
   <div class='ocr_carea' id='block_1_12' title="bbox 1152 804 1992 971">
    <p class='ocr_par' dir='ltr' id='par_1_12' title="bbox 1154 804 1974 844">
     <span class='ocr_line' id='line_1_80' title="bbox 1154 804 1974 844; baseline 0.004 -13"><span class='ocrx_word' id='word_1_686' title='bbox 1154 806 1226 832; x_wconf 90' lang='lat' dir='ltr'>teriri</span> <span class='ocrx_word' id='word_1_687' title='bbox 1247 810 1294 831; x_wconf 86' lang='lat' dir='ltr'>etc.</span> <span class='ocrx_word' id='word_1_688' title='bbox 1316 804 1365 832; x_wconf 87' lang='lat' dir='ltr'>Th.</span> <span class='ocrx_word' id='word_1_689' title='bbox 1380 805 1411 832; x_wconf 88' lang='lat' dir='ltr'>C.</span> <span class='ocrx_word' id='word_1_690' title='bbox 1425 805 1482 832; x_wconf 74' lang='lat' dir='ltr'>XII.</span> <span class='ocrx_word' id='word_1_691' title='bbox 1498 808 1537 832; x_wconf 90' lang='lat'>12.</span> <span class='ocrx_word' id='word_1_692' title='bbox 1557 816 1579 832; x_wconf 87' lang='lat' dir='ltr'>c.</span> <span class='ocrx_word' id='word_1_693' title='bbox 1595 809 1635 833; x_wconf 87' lang='lat'>12.</span> <span class='ocrx_word' id='word_1_694' title='bbox 1649 807 1709 840; x_wconf 86' lang='lat'>5.1.</span> <span class='ocrx_word' id='word_1_695' title='bbox 1730 807 1850 844; x_wconf 73' lang='lat' dir='ltr'>delegat.</span> <span class='ocrx_word' id='word_1_696' title='bbox 1865 812 1890 833; x_wconf 80' lang='lat' dir='ltr'>et</span> <span class='ocrx_word' id='word_1_697' title='bbox 1904 807 1974 834; x_wconf 84' lang='lat' dir='ltr'>decr.</span> 
     </span>
    </p>

    <p class='ocr_par' dir='ltr' id='par_1_13' title="bbox 1152 848 1992 971">
     <span class='ocr_line' id='line_1_81' title="bbox 1188 848 1991 882; baseline 0 -6"><span class='ocrx_word' id='word_1_698' title='bbox 1188 848 1448 876; x_wconf 71' lang='lat' dir='ltr'>consiliarius.</span> <span class='ocrx_word' id='word_1_699' title='bbox 1487 851 1550 882; x_wconf 80' lang='lat' dir='ltr'>Qui</span> <span class='ocrx_word' id='word_1_700' title='bbox 1568 851 1599 876; x_wconf 81' lang='lat' dir='ltr'>in</span> <span class='ocrx_word' id='word_1_701' title='bbox 1619 852 1791 877; x_wconf 70' lang='lat' dir='ltr'>eonsilium</span> <span class='ocrx_word' id='word_1_702' title='bbox 1812 853 1991 878; x_wconf 79' lang='lat' dir='ltr'>adhibetur.</span> 
     </span>
     <span class='ocr_line' id='line_1_82' title="bbox 1152 890 1992 928; baseline 0.004 -11"><span class='ocrx_word' id='word_1_703' title='bbox 1152 891 1170 918; x_wconf 94' lang='lat' dir='ltr'>I.</span> <span class='ocrx_word' id='word_1_704' title='bbox 1191 893 1252 926; x_wconf 75' lang='lat' dir='ltr'>Sy.</span> <span class='ocrx_word' id='word_1_705' title='bbox 1281 890 1433 918; x_wconf 78' lang='lat' dir='ltr'>consiliarii</span> <span class='ocrx_word' id='word_1_706' title='bbox 1460 893 1562 928; x_wconf 62' lang='lat' dir='ltr'>negotia</span> <span class='ocrx_word' id='word_1_707' title='bbox 1582 897 1700 919; x_wconf 87' lang='lat' dir='ltr'>tractare.</span> <span class='ocrx_word' id='word_1_708' title='bbox 1737 893 1868 920; x_wconf 77' lang='lat' dir='ltr'>Adsidere</span> <span class='ocrx_word' id='word_1_709' title='bbox 1888 895 1913 920; x_wconf 91' lang='lat' dir='ltr'>in</span> <span class='ocrx_word' id='word_1_710' title='bbox 1933 904 1992 920; x_wconf 87' lang='lat' dir='ltr'>con-</span> 
     </span>
     <span class='ocr_line' id='line_1_83' title="bbox 1152 934 1991 971; baseline 0.004 -11"><span class='ocrx_word' id='word_1_711' title='bbox 1152 935 1248 961; x_wconf 85' lang='lat' dir='ltr'>silium.</span> <span class='ocrx_word' id='word_1_712' title='bbox 1278 934 1308 960; x_wconf 84' lang='lat' dir='ltr'>fr.</span> <span class='ocrx_word' id='word_1_713' title='bbox 1322 936 1345 961; x_wconf 87' lang='lat'>5.</span> <span class='ocrx_word' id='word_1_714' title='bbox 1366 944 1406 971; x_wconf 85' lang='lat' dir='ltr'>sq.</span> <span class='ocrx_word' id='word_1_715' title='bbox 1427 934 1459 961; x_wconf 87' lang='lat' dir='ltr'>de</span> <span class='ocrx_word' id='word_1_716' title='bbox 1478 935 1521 961; x_wconf 75' lang='lat' dir='ltr'>ofl&#39;.</span> <span class='ocrx_word' id='word_1_717' title='bbox 1542 935 1642 962; x_wconf 79' lang='lat' dir='ltr'>adsess.</span> <span class='ocrx_word' id='word_1_718' title='bbox 1665 938 1686 962; x_wconf 95' lang='grc'>1.</span> <span class='ocrx_word' id='word_1_719' title='bbox 1700 939 1742 962; x_wconf 83' lang='lat'>22.</span> <span class='ocrx_word' id='word_1_720' title='bbox 1779 937 1916 963; x_wconf 77' lang='lat' dir='ltr'>Assessor.</span> <span class='ocrx_word' id='word_1_721' title='bbox 1942 936 1991 963; x_wconf 84' lang='lat' dir='ltr'>Th.</span> 
     </span>
    </p>
   </div>
   <div class='ocr_carea' id='block_1_13' title="bbox 1129 977 1993 1014">
    <p class='ocr_par' dir='ltr' id='par_1_14' title="bbox 1129 977 1993 1014">
     <span class='ocr_line' id='line_1_84' title="bbox 1129 977 1993 1014; baseline 0.005 -11"><span class='ocrx_word' id='word_1_722' title='bbox 1129 1004 1130 1007; x_wconf 61' lang='grc'>,</span> <span class='ocrx_word' id='word_1_723' title='bbox 1153 978 1184 1004; x_wconf 89' lang='lat' dir='ltr'>C.</span> <span class='ocrx_word' id='word_1_724' title='bbox 1205 978 1223 1004; x_wconf 92' lang='lat'>1.</span> <span class='ocrx_word' id='word_1_725' title='bbox 1246 979 1285 1003; x_wconf 90' lang='lat'>12.</span> <span class='ocrx_word' id='word_1_726' title='bbox 1306 987 1327 1004; x_wconf 91' lang='lat' dir='ltr'>c.</span> <span class='ocrx_word' id='word_1_727' title='bbox 1348 979 1370 1004; x_wconf 93' lang='lat'>1.</span> <span class='ocrx_word' id='word_1_728' title='bbox 1391 988 1432 1014; x_wconf 84' lang='lat' dir='ltr'>sq.</span> <span class='ocrx_word' id='word_1_729' title='bbox 1452 977 1484 1004; x_wconf 86' lang='lat' dir='ltr'>de</span> <span class='ocrx_word' id='word_1_730' title='bbox 1503 978 1610 1004; x_wconf 76' lang='lat' dir='ltr'>Asse-ss.</span> <span class='ocrx_word' id='word_1_731' title='bbox 1630 978 1741 1006; x_wconf 81' lang='lat' dir='ltr'>domest.</span> <span class='ocrx_word' id='word_1_732' title='bbox 1777 979 1822 1006; x_wconf 89' lang='lat'>111.</span> <span class='ocrx_word' id='word_1_733' title='bbox 1837 981 1903 1007; x_wconf 67' lang='lat' dir='ltr'>sn.</span> <span class='ocrx_word' id='word_1_734' title='bbox 1924 979 1993 1006; x_wconf 84' lang='lat' dir='ltr'>Con-</span> 
     </span>
    </p>
   </div>
   <div class='ocr_carea' id='block_1_14' title="bbox 1151 1019 1994 1400">
    <p class='ocr_par' dir='ltr' id='par_1_15' title="bbox 1151 1019 1994 1313">
     <span class='ocr_line' id='line_1_85' title="bbox 1153 1019 1992 1058; baseline 0.005 -12"><span class='ocrx_word' id='word_1_735' title='bbox 1153 1021 1245 1047; x_wconf 82' lang='lat' dir='ltr'>siliarii</span> <span class='ocrx_word' id='word_1_736' title='bbox 1269 1019 1396 1052; x_wconf 80' lang='lat' dir='ltr'>iudicum.</span> <span class='ocrx_word' id='word_1_737' title='bbox 1421 1026 1447 1047; x_wconf 83' lang='lat' dir='ltr'>et</span> <span class='ocrx_word' id='word_1_738' title='bbox 1472 1021 1633 1053; x_wconf 78' lang='lat' dir='ltr'>cancellarii.</span> <span class='ocrx_word' id='word_1_739' title='bbox 1663 1027 1688 1048; x_wconf 82' lang='lat' dir='ltr'>et</span> <span class='ocrx_word' id='word_1_740' title='bbox 1716 1023 1760 1058; x_wconf 88' lang='lat' dir='ltr'>qui</span> <span class='ocrx_word' id='word_1_741' title='bbox 1788 1022 1992 1050; x_wconf 84' lang='lat' dir='ltr'>domesticorum</span> 
     </span>
     <span class='ocr_line' id='line_1_86' title="bbox 1151 1063 1993 1100; baseline 0.001 -9"><span class='ocrx_word' id='word_1_742' title='bbox 1151 1064 1295 1100; x_wconf 67' lang='lat' dir='ltr'>funguntur</span> <span class='ocrx_word' id='word_1_743' title='bbox 1314 1063 1411 1090; x_wconf 82' lang='lat' dir='ltr'>officio.</span> <span class='ocrx_word' id='word_1_744' title='bbox 1432 1074 1453 1090; x_wconf 87' lang='lat' dir='ltr'>c.</span> <span class='ocrx_word' id='word_1_745' title='bbox 1473 1065 1497 1090; x_wconf 87' lang='lat'>3.</span> <span class='ocrx_word' id='word_1_746' title='bbox 1518 1064 1550 1091; x_wconf 87' lang='lat' dir='ltr'>de</span> <span class='ocrx_word' id='word_1_747' title='bbox 1569 1075 1696 1092; x_wconf 78' lang='lat' dir='ltr'>assessor.</span> <span class='ocrx_word' id='word_1_748' title='bbox 1718 1067 1740 1091; x_wconf 95' lang='lat' dir='ltr'>l.</span> <span class='ocrx_word' id='word_1_749' title='bbox 1760 1067 1801 1091; x_wconf 88' lang='lat'>51.</span> <span class='ocrx_word' id='word_1_750' title='bbox 1838 1065 1946 1092; x_wconf 76' lang='lat' dir='ltr'>Procas.</span> <span class='ocrx_word' id='word_1_751' title='bbox 1960 1081 1993 1085; x_wconf 88' lang='lat'>-—-</span> 
     </span>
     <span class='ocr_line' id='line_1_87' title="bbox 1154 1107 1992 1146; baseline 0.002 -13"><span class='ocrx_word' id='word_1_752' title='bbox 1154 1107 1330 1134; x_wconf 79' lang='lat' dir='ltr'>Consiliarius</span> <span class='ocrx_word' id='word_1_753' title='bbox 1354 1108 1419 1133; x_wconf 85' lang='lat' dir='ltr'>eius.</span> <span class='ocrx_word' id='word_1_754' title='bbox 1452 1123 1485 1126; x_wconf 95' lang='lat'><strong>—</strong></span> <span class='ocrx_word' id='word_1_755' title='bbox 1517 1107 1665 1145; x_wconf 77' lang='lat' dir='ltr'>Adparitio.</span> <span class='ocrx_word' id='word_1_756' title='bbox 1693 1108 1785 1134; x_wconf 87' lang='lat' dir='ltr'>Iuliani</span> <span class='ocrx_word' id='word_1_757' title='bbox 1805 1110 1867 1146; x_wconf 84' lang='lat' dir='ltr'>epit.</span> <span class='ocrx_word' id='word_1_758' title='bbox 1887 1119 1946 1135; x_wconf 76' lang='lat' dir='ltr'>nov.</span> <span class='ocrx_word' id='word_1_759' title='bbox 1971 1119 1992 1135; x_wconf 87' lang='lat' dir='ltr'>c.</span> 
     </span>
     <span class='ocr_line' id='line_1_88' title="bbox 1152 1149 1994 1185; baseline 0.002 -9"><span class='ocrx_word' id='word_1_760' title='bbox 1152 1153 1194 1176; x_wconf 88' lang='lat'>22.</span> <span class='ocrx_word' id='word_1_761' title='bbox 1214 1150 1236 1184; x_wconf 97' lang='lat'>5.</span> <span class='ocrx_word' id='word_1_762' title='bbox 1257 1152 1298 1176; x_wconf 84' lang='lat'>82.</span> <span class='ocrx_word' id='word_1_763' title='bbox 1318 1160 1338 1176; x_wconf 91' lang='lat' dir='ltr'>c.</span> <span class='ocrx_word' id='word_1_764' title='bbox 1357 1151 1400 1176; x_wconf 78' lang='lat'>2³3.</span> <span class='ocrx_word' id='word_1_765' title='bbox 1420 1149 1442 1184; x_wconf 81' lang='lat'>5.</span> <span class='ocrx_word' id='word_1_766' title='bbox 1462 1153 1503 1176; x_wconf 77' lang='lat'>88.</span> <span class='ocrx_word' id='word_1_767' title='bbox 1529 1150 1561 1176; x_wconf 68' lang='lat' dir='ltr'>ct&#39;.</span> <span class='ocrx_word' id='word_1_768' title='bbox 1581 1160 1602 1177; x_wconf 87' lang='lat' dir='ltr'>c.</span> <span class='ocrx_word' id='word_1_769' title='bbox 1622 1152 1664 1177; x_wconf 88' lang='lat'>38.</span> <span class='ocrx_word' id='word_1_770' title='bbox 1684 1151 1706 1185; x_wconf 91' lang='lat'>5.</span> <span class='ocrx_word' id='word_1_771' title='bbox 1727 1152 1784 1178; x_wconf 80' lang='lat'>166.</span> <span class='ocrx_word' id='word_1_772' title='bbox 1827 1151 1892 1178; x_wconf 85' lang='lat' dir='ltr'>Tam</span> <span class='ocrx_word' id='word_1_773' title='bbox 1916 1151 1994 1178; x_wconf 79' lang='lat' dir='ltr'>advo-</span> 
     </span>
     <span class='ocr_line' id='line_1_89' title="bbox 1153 1193 1994 1231; baseline 0.001 -12"><span class='ocrx_word' id='word_1_774' title='bbox 1153 1195 1255 1220; x_wconf 77' lang='lat' dir='ltr'>catione</span> <span class='ocrx_word' id='word_1_775' title='bbox 1278 1194 1330 1225; x_wconf 72' lang='lat' dir='ltr'>uti,</span> <span class='ocrx_word' id='word_1_776' title='bbox 1357 1203 1433 1230; x_wconf 90' lang='lat' dir='ltr'>quam</span> <span class='ocrx_word' id='word_1_777' title='bbox 1458 1193 1602 1220; x_wconf 86' lang='lat' dir='ltr'>consiliarii</span> <span class='ocrx_word' id='word_1_778' title='bbox 1625 1195 1804 1230; x_wconf 85' lang='lat' dir='ltr'>cuiuscunque</span> <span class='ocrx_word' id='word_1_779' title='bbox 1827 1195 1994 1231; x_wconf 69' lang='lat' dir='ltr'>magistratus</span> 
     </span>
     <span class='ocr_line' id='line_1_90' title="bbox 1153 1236 1992 1274; baseline 0 -11"><span class='ocrx_word' id='word_1_780' title='bbox 1153 1253 1185 1256; x_wconf 90' lang='lat'><em>-</em></span> <span class='ocrx_word' id='word_1_781' title='bbox 1206 1246 1293 1263; x_wconf 86' lang='lat' dir='ltr'>curam</span> <span class='ocrx_word' id='word_1_782' title='bbox 1313 1236 1440 1273; x_wconf 81' lang='lat' dir='ltr'>adripere.</span> <span class='ocrx_word' id='word_1_783' title='bbox 1466 1247 1487 1262; x_wconf 85' lang='lat' dir='ltr'>c.</span> <span class='ocrx_word' id='word_1_784' title='bbox 1508 1238 1548 1263; x_wconf 83' lang='lat'>14.</span> <span class='ocrx_word' id='word_1_785' title='bbox 1568 1247 1608 1274; x_wconf 83' lang='lat' dir='ltr'>pr.</span> <span class='ocrx_word' id='word_1_786' title='bbox 1628 1236 1660 1263; x_wconf 87' lang='lat' dir='ltr'>de</span> <span class='ocrx_word' id='word_1_787' title='bbox 1678 1247 1774 1264; x_wconf 87' lang='lat' dir='ltr'>assess.</span> <span class='ocrx_word' id='word_1_788' title='bbox 1796 1239 1818 1264; x_wconf 98' lang='lat' dir='ltr'>l.</span> <span class='ocrx_word' id='word_1_789' title='bbox 1831 1239 1873 1264; x_wconf 84' lang='lat'>51.</span> <span class='ocrx_word' id='word_1_790' title='bbox 1902 1237 1992 1264; x_wconf 91' lang='lat' dir='ltr'>Iulian.</span> 
     </span>
     <span class='ocr_line' id='line_1_91' title="bbox 1153 1280 1430 1313; baseline -0.004 -7"><span class='ocrx_word' id='word_1_791' title='bbox 1153 1280 1170 1306; x_wconf 93' lang='lat' dir='ltr'>l.</span> <span class='ocrx_word' id='word_1_792' title='bbox 1190 1280 1206 1306; x_wconf 95' lang='lat' dir='ltr'>l.</span> <span class='ocrx_word' id='word_1_793' title='bbox 1227 1290 1248 1306; x_wconf 90' lang='lat' dir='ltr'>c.</span> <span class='ocrx_word' id='word_1_794' title='bbox 1268 1281 1309 1305; x_wconf 85' lang='lat'>54.</span> <span class='ocrx_word' id='word_1_795' title='bbox 1330 1280 1351 1313; x_wconf 86' lang='lat'>5.</span> <span class='ocrx_word' id='word_1_796' title='bbox 1373 1280 1430 1306; x_wconf 76' lang='lat'>197.</span> 
     </span>
    </p>

    <p class='ocr_par' dir='ltr' id='par_1_16' title="bbox 1153 1321 1994 1400">
     <span class='ocr_line' id='line_1_92' title="bbox 1189 1321 1994 1356; baseline 0 -6"><span class='ocrx_word' id='word_1_797' title='bbox 1189 1322 1407 1350; x_wconf 81' lang='lat' dir='ltr'>Consilium.</span> <span class='ocrx_word' id='word_1_798' title='bbox 1446 1321 1506 1355; x_wconf 79' lang='lat' dir='ltr'>(Cf.</span> <span class='ocrx_word' id='word_1_799' title='bbox 1530 1332 1555 1349; x_wconf 79' lang='lat' dir='ltr'>v.</span> <span class='ocrx_word' id='word_1_800' title='bbox 1576 1321 1752 1355; x_wconf 85' lang='lat' dir='ltr'>Concilium.)</span> <span class='ocrx_word' id='word_1_801' title='bbox 1790 1324 1820 1356; x_wconf 64' lang='grc' dir='ltr'>ἓ.</span> <span class='ocrx_word' id='word_1_802' title='bbox 1845 1324 1879 1350; x_wconf 91' lang='grc'>1.</span> <span class='ocrx_word' id='word_1_803' title='bbox 1914 1325 1994 1350; x_wconf 77' lang='lat' dir='ltr'>Sua-</span> 
     </span>
     <span class='ocr_line' id='line_1_93' title="bbox 1153 1364 1993 1400; baseline -0.001 -7"><span class='ocrx_word' id='word_1_804' title='bbox 1153 1368 1215 1398; x_wconf 85' lang='lat' dir='ltr'>sio,</span> <span class='ocrx_word' id='word_1_805' title='bbox 1235 1367 1438 1392; x_wconf 70' lang='lat' dir='ltr'>Auctoritas.</span> <span class='ocrx_word' id='word_1_806' title='bbox 1477 1365 1495 1391; x_wconf 95' lang='lat' dir='ltr'>I.</span> <span class='ocrx_word' id='word_1_807' title='bbox 1516 1366 1577 1400; x_wconf 72' lang='lat' dir='ltr'>Sy·</span> <span class='ocrx_word' id='word_1_808' title='bbox 1610 1365 1735 1393; x_wconf 82' lang='lat' dir='ltr'>Suadere.</span> <span class='ocrx_word' id='word_1_809' title='bbox 1756 1364 1905 1393; x_wconf 83' lang='lat' dir='ltr'>Consilium</span> <span class='ocrx_word' id='word_1_810' title='bbox 1924 1366 1993 1392; x_wconf 85' lang='lat' dir='ltr'>dare.</span> 
     </span>
    </p>
   </div>
   <div class='ocr_carea' id='block_1_15' title="bbox 1154 1407 1996 1446">
    <p class='ocr_par' dir='ltr' id='par_1_17' title="bbox 1154 1407 1996 1446">
     <span class='ocr_line' id='line_1_94' title="bbox 1154 1407 1996 1446; baseline -0.001 -10"><span class='ocrx_word' id='word_1_811' title='bbox 1154 1408 1225 1436; x_wconf 83' lang='lat' dir='ltr'>Paul.</span> <span class='ocrx_word' id='word_1_812' title='bbox 1245 1408 1275 1435; x_wconf 88' lang='lat' dir='ltr'>II.</span> <span class='ocrx_word' id='word_1_813' title='bbox 1297 1409 1336 1434; x_wconf 89' lang='lat'>13.</span> <span class='ocrx_word' id='word_1_814' title='bbox 1356 1408 1388 1434; x_wconf 89' lang='lat' dir='ltr'>A.</span> <span class='ocrx_word' id='word_1_815' title='bbox 1408 1408 1429 1442; x_wconf 88' lang='lat'>5.</span> <span class='ocrx_word' id='word_1_816' title='bbox 1450 1410 1473 1434; x_wconf 85' lang='lat'>5.</span> <span class='ocrx_word' id='word_1_817' title='bbox 1493 1407 1523 1434; x_wconf 94' lang='lat'>11.</span> <span class='ocrx_word' id='word_1_818' title='bbox 1543 1410 1584 1435; x_wconf 86' lang='lat'>31.</span> <span class='ocrx_word' id='word_1_819' title='bbox 1605 1409 1626 1442; x_wconf 87' lang='lat'>5.</span> <span class='ocrx_word' id='word_1_820' title='bbox 1645 1410 1687 1435; x_wconf 84' lang='lat'>33.</span> <span class='ocrx_word' id='word_1_821' title='bbox 1724 1408 1906 1446; x_wconf 68' lang='lat' dir='ltr'>Respondere.</span> <span class='ocrx_word' id='word_1_822' title='bbox 1926 1408 1996 1435; x_wconf 88' lang='lat' dir='ltr'>Con-</span> 
     </span>
    </p>
   </div>
   <div class='ocr_carea' id='block_1_16' title="bbox 1130 1451 1994 1489">
    <p class='ocr_par' dir='ltr' id='par_1_18' title="bbox 1130 1451 1994 1489">
     <span class='ocr_line' id='line_1_95' title="bbox 1130 1451 1994 1489; baseline -0.001 -10"><span class='ocrx_word' id='word_1_823' title='bbox 1130 1464 1132 1478; x_wconf 74' lang='lat' dir='ltr'>i</span> <span class='ocrx_word' id='word_1_824' title='bbox 1154 1452 1242 1479; x_wconf 88' lang='lat' dir='ltr'>silium</span> <span class='ocrx_word' id='word_1_825' title='bbox 1261 1452 1403 1489; x_wconf 85' lang='lat' dir='ltr'>impertire.</span> <span class='ocrx_word' id='word_1_826' title='bbox 1428 1451 1458 1477; x_wconf 78' lang='lat' dir='ltr'>fr.</span> <span class='ocrx_word' id='word_1_827' title='bbox 1480 1452 1520 1477; x_wconf 87' lang='lat'>79.</span> <span class='ocrx_word' id='word_1_828' title='bbox 1541 1451 1606 1485; x_wconf 91' lang='lat'>5.1.</span> <span class='ocrx_word' id='word_1_829' title='bbox 1627 1451 1660 1478; x_wconf 78' lang='lat' dir='ltr'>de</span> <span class='ocrx_word' id='word_1_830' title='bbox 1679 1451 1757 1478; x_wconf 89' lang='lat' dir='ltr'>indic.</span> <span class='ocrx_word' id='word_1_831' title='bbox 1777 1455 1799 1478; x_wconf 89' lang='lat'>5.</span> <span class='ocrx_word' id='word_1_832' title='bbox 1822 1454 1845 1478; x_wconf 92' lang='lat' dir='ltr'>l.</span> <span class='ocrx_word' id='word_1_833' title='bbox 1881 1451 1911 1478; x_wconf 90' lang='grc' dir='ltr'>ΙΙ.</span> <span class='ocrx_word' id='word_1_834' title='bbox 1927 1453 1994 1485; x_wconf 76' lang='lat' dir='ltr'>Op.</span> 
     </span>
    </p>
   </div>
   <div class='ocr_carea' id='block_1_17' title="bbox 1154 1493 1996 2647">
    <p class='ocr_par' dir='ltr' id='par_1_19' title="bbox 1154 1493 1996 2647">
     <span class='ocr_line' id='line_1_96' title="bbox 1154 1493 1995 1532; baseline -0.001 -10"><span class='ocrx_word' id='word_1_835' title='bbox 1154 1495 1235 1532; x_wconf 74' lang='lat' dir='ltr'>Magis</span> <span class='ocrx_word' id='word_1_836' title='bbox 1255 1494 1395 1522; x_wconf 89' lang='lat' dir='ltr'>consilinm</span> <span class='ocrx_word' id='word_1_837' title='bbox 1415 1493 1529 1527; x_wconf 79' lang='lat' dir='ltr'>dedisse,</span> <span class='ocrx_word' id='word_1_838' title='bbox 1550 1504 1627 1531; x_wconf 83' lang='lat' dir='ltr'>quam</span> <span class='ocrx_word' id='word_1_839' title='bbox 1645 1496 1704 1532; x_wconf 86' lang='lat' dir='ltr'>ipse.</span> <span class='ocrx_word' id='word_1_840' title='bbox 1717 1495 1888 1521; x_wconf 86' lang='lat' dir='ltr'>constituisse</span> <span class='ocrx_word' id='word_1_841' title='bbox 1907 1494 1995 1528; x_wconf 71' lang='lat' dir='ltr'>(Prae-</span> 
     </span>
     <span class='ocr_line' id='line_1_97' title="bbox 1154 1536 1993 1575; baseline -0.001 -10"><span class='ocrx_word' id='word_1_842' title='bbox 1154 1548 1197 1565; x_wconf 84' lang='lat' dir='ltr'>ses</span> <span class='ocrx_word' id='word_1_843' title='bbox 1220 1538 1349 1571; x_wconf 78' lang='lat' dir='ltr'>videtur).</span> <span class='ocrx_word' id='word_1_844' title='bbox 1378 1537 1409 1564; x_wconf 79' lang='lat' dir='ltr'>fr.</span> <span class='ocrx_word' id='word_1_845' title='bbox 1430 1540 1453 1564; x_wconf 92' lang='lat' dir='ltr'>l.</span> <span class='ocrx_word' id='word_1_846' title='bbox 1479 1537 1501 1571; x_wconf 96' lang='lat'>5.</span> <span class='ocrx_word' id='word_1_847' title='bbox 1521 1539 1545 1564; x_wconf 85' lang='lat'>3.</span> <span class='ocrx_word' id='word_1_848' title='bbox 1575 1537 1627 1573; x_wconf 77' lang='lat' dir='ltr'>Qu.</span> <span class='ocrx_word' id='word_1_849' title='bbox 1652 1537 1801 1575; x_wconf 78' lang='lat' dir='ltr'>appellaud.</span> <span class='ocrx_word' id='word_1_850' title='bbox 1824 1539 1866 1564; x_wconf 82' lang='lat'>49.</span> <span class='ocrx_word' id='word_1_851' title='bbox 1890 1539 1914 1563; x_wconf 77' lang='lat'>4.</span> <span class='ocrx_word' id='word_1_852' title='bbox 1951 1536 1993 1564; x_wconf 90' lang='lat'>111.</span> 
     </span>
     <span class='ocr_line' id='line_1_98' title="bbox 1155 1580 1995 1618; baseline -0.004 -9"><span class='ocrx_word' id='word_1_853' title='bbox 1155 1583 1220 1610; x_wconf 77' lang='lat' dir='ltr'>Gn.</span> <span class='ocrx_word' id='word_1_854' title='bbox 1249 1581 1285 1608; x_wconf 67' lang='lat' dir='ltr'>Vt</span> <span class='ocrx_word' id='word_1_855' title='bbox 1304 1582 1482 1618; x_wconf 79' lang='lat' dir='ltr'>experiretur,</span> <span class='ocrx_word' id='word_1_856' title='bbox 1503 1590 1534 1607; x_wconf 87' lang='lat' dir='ltr'>an</span> <span class='ocrx_word' id='word_1_857' title='bbox 1554 1580 1665 1607; x_wconf 89' lang='lat' dir='ltr'>consilio</span> <span class='ocrx_word' id='word_1_858' title='bbox 1686 1591 1747 1613; x_wconf 77' lang='lat' dir='ltr'>suo,</span> <span class='ocrx_word' id='word_1_859' title='bbox 1770 1580 1813 1607; x_wconf 81' lang='lat' dir='ltr'>vel</span> <span class='ocrx_word' id='word_1_860' title='bbox 1832 1582 1995 1612; x_wconf 78' lang='lat' dir='ltr'>auctoritate,</span> 
     </span>
     <span class='ocr_line' id='line_1_99' title="bbox 1154 1623 1994 1661; baseline -0.001 -10"><span class='ocrx_word' id='word_1_861' title='bbox 1154 1625 1251 1652; x_wconf 88' lang='lat' dir='ltr'>discuti</span> <span class='ocrx_word' id='word_1_862' title='bbox 1270 1624 1343 1651; x_wconf 87' lang='lat' dir='ltr'>litem</span> <span class='ocrx_word' id='word_1_863' title='bbox 1362 1628 1522 1661; x_wconf 83' lang='lat' dir='ltr'>paterentur.</span> <span class='ocrx_word' id='word_1_864' title='bbox 1552 1623 1582 1650; x_wconf 85' lang='lat' dir='ltr'>fr.</span> <span class='ocrx_word' id='word_1_865' title='bbox 1604 1625 1643 1650; x_wconf 88' lang='lat'>13.</span> <span class='ocrx_word' id='word_1_866' title='bbox 1663 1624 1684 1658; x_wconf 87' lang='lat'>5.</span> <span class='ocrx_word' id='word_1_867' title='bbox 1704 1626 1728 1650; x_wconf 78' lang='lat'>2.</span> <span class='ocrx_word' id='word_1_868' title='bbox 1753 1623 1786 1650; x_wconf 85' lang='lat' dir='ltr'>de</span> <span class='ocrx_word' id='word_1_869' title='bbox 1804 1634 1856 1650; x_wconf 85' lang='lat' dir='ltr'>rec.</span> <span class='ocrx_word' id='word_1_870' title='bbox 1877 1634 1920 1660; x_wconf 89' lang='lat' dir='ltr'>qu.</span> <span class='ocrx_word' id='word_1_871' title='bbox 1940 1623 1994 1650; x_wconf 83' lang='lat' dir='ltr'>arb.</span> 
     </span>
     <span class='ocr_line' id='line_1_100' title="bbox 1264 1666 1996 1704; baseline -0.003 -10"><span class='ocrx_word' id='word_1_872' title='bbox 1264 1667 1318 1703; x_wconf 82' lang='lat' dir='ltr'>Qui</span> <span class='ocrx_word' id='word_1_873' title='bbox 1342 1683 1375 1686; x_wconf 97' lang='lat'><strong>—</strong></span> <span class='ocrx_word' id='word_1_874' title='bbox 1399 1667 1573 1693; x_wconf 76' lang='lat' dir='ltr'>adfectionem</span> <span class='ocrx_word' id='word_1_875' title='bbox 1596 1666 1730 1693; x_wconf 86' lang='lat' dir='ltr'>amicalem</span> <span class='ocrx_word' id='word_1_876' title='bbox 1752 1667 1874 1704; x_wconf 84' lang='lat' dir='ltr'>promisit</span> <span class='ocrx_word' id='word_1_877' title='bbox 1897 1668 1923 1693; x_wconf 91' lang='lat' dir='ltr'>in</span> <span class='ocrx_word' id='word_1_878' title='bbox 1942 1676 1996 1692; x_wconf 90' lang='lat' dir='ltr'>mo-</span> 
     </span>
     <span class='ocr_line' id='line_1_101' title="bbox 1154 1709 1996 1747; baseline -0.001 -10"><span class='ocrx_word' id='word_1_879' title='bbox 1154 1710 1248 1737; x_wconf 88' lang='lat' dir='ltr'>nendis</span> <span class='ocrx_word' id='word_1_880' title='bbox 1266 1710 1484 1747; x_wconf 81' lang='lat' dir='ltr'>procuratoribus</span> <span class='ocrx_word' id='word_1_881' title='bbox 1504 1715 1529 1737; x_wconf 84' lang='lat' dir='ltr'>ct</span> <span class='ocrx_word' id='word_1_882' title='bbox 1548 1710 1691 1742; x_wconf 78' lang='lat' dir='ltr'>actoribus,</span> <span class='ocrx_word' id='word_1_883' title='bbox 1711 1714 1736 1736; x_wconf 85' lang='lat' dir='ltr'>et</span> <span class='ocrx_word' id='word_1_884' title='bbox 1755 1711 1780 1736; x_wconf 91' lang='lat' dir='ltr'>in</span> <span class='ocrx_word' id='word_1_885' title='bbox 1800 1709 1921 1746; x_wconf 77' lang='lat' dir='ltr'>regendis</span> <span class='ocrx_word' id='word_1_886' title='bbox 1935 1719 1996 1736; x_wconf 88' lang='lat' dir='ltr'>con·</span> 
     </span>
     <span class='ocr_line' id='line_1_102' title="bbox 1155 1752 1996 1789; baseline -0.004 -7"><span class='ocrx_word' id='word_1_887' title='bbox 1155 1754 1223 1782; x_wconf 83' lang='lat' dir='ltr'>silio.</span> <span class='ocrx_word' id='word_1_888' title='bbox 1256 1753 1286 1780; x_wconf 79' lang='lat' dir='ltr'>fr.</span> <span class='ocrx_word' id='word_1_889' title='bbox 1302 1755 1342 1780; x_wconf 92' lang='lat'>10.</span> <span class='ocrx_word' id='word_1_890' title='bbox 1362 1753 1384 1787; x_wconf 88' lang='lat'>5.</span> <span class='ocrx_word' id='word_1_891' title='bbox 1400 1755 1422 1780; x_wconf 77' lang='grc' dir='ltr'>Τ.</span> <span class='ocrx_word' id='word_1_892' title='bbox 1442 1752 1528 1780; x_wconf 84' lang='lat' dir='ltr'>mand.</span> <span class='ocrx_word' id='word_1_893' title='bbox 1549 1755 1588 1779; x_wconf 90' lang='lat'>17.</span> <span class='ocrx_word' id='word_1_894' title='bbox 1609 1755 1631 1779; x_wconf 96' lang='lat'>1.</span> <span class='ocrx_word' id='word_1_895' title='bbox 1669 1753 1752 1779; x_wconf 88' lang='lat' dir='ltr'>Cuius</span> <span class='ocrx_word' id='word_1_896' title='bbox 1771 1754 1874 1789; x_wconf 79' lang='lat' dir='ltr'>generis</span> <span class='ocrx_word' id='word_1_897' title='bbox 1892 1752 1996 1779; x_wconf 80' lang='lat' dir='ltr'>manda-</span> 
     </span>
     <span class='ocr_line' id='line_1_103' title="bbox 1154 1794 1996 1833; baseline -0.002 -9"><span class='ocrx_word' id='word_1_898' title='bbox 1154 1802 1222 1829; x_wconf 76' lang='lat' dir='ltr'>tum,</span> <span class='ocrx_word' id='word_1_899' title='bbox 1246 1797 1327 1833; x_wconf 81' lang='lat' dir='ltr'>magis</span> <span class='ocrx_word' id='word_1_900' title='bbox 1351 1796 1491 1823; x_wconf 89' lang='lat' dir='ltr'>consilium</span> <span class='ocrx_word' id='word_1_901' title='bbox 1515 1801 1556 1822; x_wconf 86' lang='lat' dir='ltr'>est</span> <span class='ocrx_word' id='word_1_902' title='bbox 1580 1806 1656 1833; x_wconf 89' lang='lat' dir='ltr'>quam</span> <span class='ocrx_word' id='word_1_903' title='bbox 1680 1795 1841 1827; x_wconf 72' lang='lat' dir='ltr'>mandatum.</span> <span class='ocrx_word' id='word_1_904' title='bbox 1871 1800 1896 1822; x_wconf 80' lang='lat' dir='ltr'>et</span> <span class='ocrx_word' id='word_1_905' title='bbox 1915 1795 1948 1822; x_wconf 88' lang='lat' dir='ltr'>ob</span> <span class='ocrx_word' id='word_1_906' title='bbox 1968 1794 1996 1822; x_wconf 79' lang='lat' dir='ltr'>id</span> 
     </span>
     <span class='ocr_line' id='line_1_104' title="bbox 1155 1838 1996 1876; baseline -0.002 -9"><span class='ocrx_word' id='word_1_907' title='bbox 1155 1850 1209 1867; x_wconf 88' lang='lat' dir='ltr'>nou</span> <span class='ocrx_word' id='word_1_908' title='bbox 1228 1845 1269 1866; x_wconf 83' lang='lat' dir='ltr'>est</span> <span class='ocrx_word' id='word_1_909' title='bbox 1287 1839 1478 1876; x_wconf 82' lang='lat' dir='ltr'>obligatorium.</span> <span class='ocrx_word' id='word_1_910' title='bbox 1498 1839 1530 1866; x_wconf 79' lang='lat' dir='ltr'>fr.</span> <span class='ocrx_word' id='word_1_911' title='bbox 1549 1841 1573 1866; x_wconf 92' lang='lat'>2.</span> <span class='ocrx_word' id='word_1_912' title='bbox 1592 1840 1614 1874; x_wconf 83' lang='lat'>5.</span> <span class='ocrx_word' id='word_1_913' title='bbox 1634 1841 1658 1866; x_wconf 88' lang='lat'>6.</span> <span class='ocrx_word' id='word_1_914' title='bbox 1677 1839 1762 1865; x_wconf 83' lang='lat' dir='ltr'>mand.</span> <span class='ocrx_word' id='word_1_915' title='bbox 1783 1840 1823 1865; x_wconf 80' lang='lat'>17.</span> <span class='ocrx_word' id='word_1_916' title='bbox 1839 1841 1861 1866; x_wconf 94' lang='lat'>1.</span> <span class='ocrx_word' id='word_1_917' title='bbox 1897 1839 1933 1866; x_wconf 86' lang='lat' dir='ltr'>Et</span> <span class='ocrx_word' id='word_1_918' title='bbox 1951 1838 1996 1864; x_wconf 89' lang='lat' dir='ltr'>bo-</span> 
     </span>
     <span class='ocr_line' id='line_1_105' title="bbox 1156 1880 1994 1920; baseline -0.002 -11"><span class='ocrx_word' id='word_1_919' title='bbox 1156 1894 1218 1910; x_wconf 89' lang='lat' dir='ltr'>num</span> <span class='ocrx_word' id='word_1_920' title='bbox 1237 1882 1377 1910; x_wconf 86' lang='lat' dir='ltr'>consilium</span> <span class='ocrx_word' id='word_1_921' title='bbox 1396 1883 1455 1918; x_wconf 89' lang='lat' dir='ltr'>quis</span> <span class='ocrx_word' id='word_1_922' title='bbox 1475 1882 1561 1909; x_wconf 82' lang='lat' dir='ltr'>dando</span> <span class='ocrx_word' id='word_1_923' title='bbox 1580 1887 1670 1920; x_wconf 84' lang='lat' dir='ltr'>potest</span> <span class='ocrx_word' id='word_1_924' title='bbox 1693 1881 1817 1914; x_wconf 77' lang='lat' dir='ltr'>suadere,</span> <span class='ocrx_word' id='word_1_925' title='bbox 1843 1886 1869 1909; x_wconf 84' lang='lat' dir='ltr'>et</span> <span class='ocrx_word' id='word_1_926' title='bbox 1890 1880 1994 1908; x_wconf 81' lang='lat' dir='ltr'>malum.</span> 
     </span>
     <span class='ocr_line' id='line_1_106' title="bbox 1156 1922 1993 1962; baseline -0.004 -10"><span class='ocrx_word' id='word_1_927' title='bbox 1156 1926 1186 1953; x_wconf 81' lang='lat' dir='ltr'>fr.</span> <span class='ocrx_word' id='word_1_928' title='bbox 1208 1928 1230 1952; x_wconf 97' lang='lat'>1.</span> <span class='ocrx_word' id='word_1_929' title='bbox 1251 1927 1272 1960; x_wconf 97' lang='lat'>5.</span> <span class='ocrx_word' id='word_1_930' title='bbox 1291 1928 1316 1952; x_wconf 83' lang='lat'>3.</span> <span class='ocrx_word' id='word_1_931' title='bbox 1343 1925 1376 1952; x_wconf 82' lang='lat' dir='ltr'>de</span> <span class='ocrx_word' id='word_1_932' title='bbox 1395 1935 1473 1951; x_wconf 77' lang='lat' dir='ltr'>servo</span> <span class='ocrx_word' id='word_1_933' title='bbox 1493 1935 1560 1952; x_wconf 88' lang='lat' dir='ltr'>corr.</span> <span class='ocrx_word' id='word_1_934' title='bbox 1586 1927 1627 1952; x_wconf 86' lang='lat'>11.</span> <span class='ocrx_word' id='word_1_935' title='bbox 1645 1927 1670 1952; x_wconf 81' lang='lat'>3.</span> <span class='ocrx_word' id='word_1_936' title='bbox 1699 1925 1729 1952; x_wconf 81' lang='lat' dir='ltr'>fr.</span> <span class='ocrx_word' id='word_1_937' title='bbox 1748 1927 1790 1952; x_wconf 85' lang='lat'>47.</span> <span class='ocrx_word' id='word_1_938' title='bbox 1809 1935 1849 1962; x_wconf 84' lang='lat' dir='ltr'>pr.</span> <span class='ocrx_word' id='word_1_939' title='bbox 1874 1923 1906 1950; x_wconf 86' lang='lat' dir='ltr'>de</span> <span class='ocrx_word' id='word_1_940' title='bbox 1924 1922 1956 1949; x_wconf 88' lang='lat' dir='ltr'>R.</span> <span class='ocrx_word' id='word_1_941' title='bbox 1975 1922 1993 1949; x_wconf 94' lang='lat'>1.</span> 
     </span>
     <span class='ocr_line' id='line_1_107' title="bbox 1155 1966 1994 2005; baseline -0.005 -10"><span class='ocrx_word' id='word_1_942' title='bbox 1155 1972 1198 1996; x_wconf 82' lang='lat'>50.</span> <span class='ocrx_word' id='word_1_943' title='bbox 1213 1972 1252 1996; x_wconf 81' lang='lat'>17.</span> <span class='ocrx_word' id='word_1_944' title='bbox 1289 1968 1350 1995; x_wconf 88' lang='lat' dir='ltr'>Non</span> <span class='ocrx_word' id='word_1_945' title='bbox 1369 1973 1471 1994; x_wconf 88' lang='lat' dir='ltr'>tantum</span> <span class='ocrx_word' id='word_1_946' title='bbox 1491 1969 1536 2005; x_wconf 88' lang='lat' dir='ltr'>qui</span> <span class='ocrx_word' id='word_1_947' title='bbox 1554 1968 1652 1995; x_wconf 82' lang='lat' dir='ltr'>furtum</span> <span class='ocrx_word' id='word_1_948' title='bbox 1665 1969 1764 2000; x_wconf 78' lang='lat' dir='ltr'>fecerit,</span> <span class='ocrx_word' id='word_1_949' title='bbox 1785 1967 1832 1994; x_wconf 90' lang='lat' dir='ltr'>sed</span> <span class='ocrx_word' id='word_1_950' title='bbox 1846 1971 1871 1993; x_wconf 87' lang='lat' dir='ltr'>et</span> <span class='ocrx_word' id='word_1_951' title='bbox 1883 1967 1906 1992; x_wconf 91' lang='lat' dir='ltr'>is</span> <span class='ocrx_word' id='word_1_952' title='bbox 1920 1966 1994 1992; x_wconf 90' lang='lat' dir='ltr'>cuius</span> 
     </span>
     <span class='ocr_line' id='line_1_108' title="bbox 1157 2008 1994 2050; baseline -0.006 -11"><span class='ocrx_word' id='word_1_953' title='bbox 1157 2023 1235 2050; x_wconf 86' lang='lat' dir='ltr'>opera</span> <span class='ocrx_word' id='word_1_954' title='bbox 1255 2017 1297 2038; x_wconf 88' lang='lat' dir='ltr'>aut</span> <span class='ocrx_word' id='word_1_955' title='bbox 1317 2011 1430 2039; x_wconf 84' lang='lat' dir='ltr'>consilio</span> <span class='ocrx_word' id='word_1_956' title='bbox 1453 2011 1552 2038; x_wconf 81' lang='lat' dir='ltr'>furtum</span> <span class='ocrx_word' id='word_1_957' title='bbox 1574 2011 1669 2037; x_wconf 86' lang='lat' dir='ltr'>sactum</span> <span class='ocrx_word' id='word_1_958' title='bbox 1692 2010 1777 2037; x_wconf 79' lang='lat' dir='ltr'>fuerit.</span> <span class='ocrx_word' id='word_1_959' title='bbox 1806 2008 1878 2036; x_wconf 91' lang='lat' dir='ltr'>Paul.</span> <span class='ocrx_word' id='word_1_960' title='bbox 1902 2008 1932 2034; x_wconf 89' lang='grc' dir='ltr'>Π.</span> <span class='ocrx_word' id='word_1_961' title='bbox 1951 2009 1994 2035; x_wconf 87' lang='grc'>31.</span> 
     </span>
     <span class='ocr_line' id='line_1_109' title="bbox 1156 2051 1995 2091; baseline -0.006 -9"><span class='ocrx_word' id='word_1_962' title='bbox 1156 2057 1178 2090; x_wconf 88' lang='lat'>5.</span> <span class='ocrx_word' id='word_1_963' title='bbox 1199 2057 1238 2081; x_wconf 90' lang='lat'>10.</span> <span class='ocrx_word' id='word_1_964' title='bbox 1263 2054 1295 2082; x_wconf 80' lang='lat' dir='ltr'>V.</span> <span class='ocrx_word' id='word_1_965' title='bbox 1314 2057 1338 2081; x_wconf 76' lang='lat'>4.</span> <span class='ocrx_word' id='word_1_966' title='bbox 1358 2055 1380 2088; x_wconf 87' lang='lat'>5.</span> <span class='ocrx_word' id='word_1_967' title='bbox 1400 2056 1442 2080; x_wconf 73' lang='lat'>⁶20.</span> <span class='ocrx_word' id='word_1_968' title='bbox 1479 2053 1563 2080; x_wconf 88' lang='lat' dir='ltr'>Cuius</span> <span class='ocrx_word' id='word_1_969' title='bbox 1582 2064 1633 2091; x_wconf 86' lang='lat' dir='ltr'>ope</span> <span class='ocrx_word' id='word_1_970' title='bbox 1652 2052 1763 2080; x_wconf 90' lang='lat' dir='ltr'>consilio</span> <span class='ocrx_word' id='word_1_971' title='bbox 1783 2052 1880 2079; x_wconf 84' lang='lat' dir='ltr'>furtum</span> <span class='ocrx_word' id='word_1_972' title='bbox 1898 2051 1995 2078; x_wconf 78' lang='lat' dir='ltr'>factum</span> 
     </span>
     <span class='ocr_line' id='line_1_110' title="bbox 1157 2095 1994 2131; baseline -0.007 -6"><span class='ocrx_word' id='word_1_973' title='bbox 1157 2103 1205 2125; x_wconf 91' lang='lat' dir='ltr'>est.</span> <span class='ocrx_word' id='word_1_974' title='bbox 1234 2097 1291 2124; x_wconf 90' lang='lat' dir='ltr'>Gai.</span> <span class='ocrx_word' id='word_1_975' title='bbox 1310 2096 1352 2123; x_wconf 88' lang='lat' dir='ltr'>III.</span> <span class='ocrx_word' id='word_1_976' title='bbox 1372 2098 1431 2122; x_wconf 76' lang='lat'>202.</span> <span class='ocrx_word' id='word_1_977' title='bbox 1450 2096 1494 2123; x_wconf 82' lang='lat' dir='ltr'>IV.</span> <span class='ocrx_word' id='word_1_978' title='bbox 1514 2098 1556 2123; x_wconf 88' lang='lat'>37.</span> <span class='ocrx_word' id='word_1_979' title='bbox 1576 2096 1606 2124; x_wconf 87' lang='lat' dir='ltr'>sr.</span> <span class='ocrx_word' id='word_1_980' title='bbox 1620 2098 1662 2123; x_wconf 85' lang='lat'>53.</span> <span class='ocrx_word' id='word_1_981' title='bbox 1681 2097 1703 2131; x_wconf 87' lang='lat'>5.</span> <span class='ocrx_word' id='word_1_982' title='bbox 1719 2098 1731 2122; x_wconf 94' lang='lat'>1</span> <span class='ocrx_word' id='word_1_983' title='bbox 1753 2096 1786 2123; x_wconf 86' lang='lat' dir='ltr'>de</span> <span class='ocrx_word' id='word_1_984' title='bbox 1805 2095 1835 2122; x_wconf 72' lang='lat' dir='ltr'>V.</span> <span class='ocrx_word' id='word_1_985' title='bbox 1850 2095 1878 2121; x_wconf 86' lang='lat' dir='ltr'>S.</span> <span class='ocrx_word' id='word_1_986' title='bbox 1897 2096 1938 2120; x_wconf 87' lang='grc'>50.</span> <span class='ocrx_word' id='word_1_987' title='bbox 1954 2096 1994 2120; x_wconf 90' lang='lat'>16.</span> 
     </span>
     <span class='ocr_line' id='line_1_111' title="bbox 1157 2137 1994 2177; baseline -0.004 -11"><span class='ocrx_word' id='word_1_988' title='bbox 1157 2141 1190 2167; x_wconf 84' lang='lat' dir='ltr'>Is.</span> <span class='ocrx_word' id='word_1_989' title='bbox 1211 2141 1285 2167; x_wconf 90' lang='lat' dir='ltr'>cuius</span> <span class='ocrx_word' id='word_1_990' title='bbox 1305 2150 1368 2177; x_wconf 71' lang='lat' dir='ltr'>ope,</span> <span class='ocrx_word' id='word_1_991' title='bbox 1389 2139 1514 2171; x_wconf 70' lang='lat' dir='ltr'>consilio,</span> <span class='ocrx_word' id='word_1_992' title='bbox 1539 2139 1601 2166; x_wconf 89' lang='lat' dir='ltr'>dolo</span> <span class='ocrx_word' id='word_1_993' title='bbox 1619 2139 1687 2166; x_wconf 85' lang='lat' dir='ltr'>malo</span> <span class='ocrx_word' id='word_1_994' title='bbox 1707 2139 1802 2166; x_wconf 81' lang='lat' dir='ltr'>factum</span> <span class='ocrx_word' id='word_1_995' title='bbox 1822 2143 1870 2165; x_wconf 88' lang='lat' dir='ltr'>est.</span> <span class='ocrx_word' id='word_1_996' title='bbox 1902 2137 1932 2164; x_wconf 80' lang='lat' dir='ltr'>sr.</span> <span class='ocrx_word' id='word_1_997' title='bbox 1954 2139 1994 2164; x_wconf 71' lang='lat'>14.</span> 
     </span>
     <span class='ocr_line' id='line_1_112' title="bbox 1157 2182 1995 2222; baseline -0.005 -11"><span class='ocrx_word' id='word_1_998' title='bbox 1157 2195 1195 2222; x_wconf 85' lang='lat' dir='ltr'>pr.</span> <span class='ocrx_word' id='word_1_999' title='bbox 1216 2184 1247 2210; x_wconf 85' lang='lat' dir='ltr'>ad</span> <span class='ocrx_word' id='word_1_1000' title='bbox 1266 2183 1296 2209; x_wconf 94' lang='lat' dir='ltr'>L.</span> <span class='ocrx_word' id='word_1_1001' title='bbox 1311 2182 1357 2209; x_wconf 90' lang='lat' dir='ltr'>lul.</span> <span class='ocrx_word' id='word_1_1002' title='bbox 1378 2182 1410 2209; x_wconf 81' lang='lat' dir='ltr'>de</span> <span class='ocrx_word' id='word_1_1003' title='bbox 1429 2182 1510 2209; x_wconf 90' lang='lat' dir='ltr'>adult.</span> <span class='ocrx_word' id='word_1_1004' title='bbox 1529 2184 1571 2210; x_wconf 81' lang='lat'>48.</span> <span class='ocrx_word' id='word_1_1005' title='bbox 1585 2186 1608 2209; x_wconf 87' lang='lat'>5.</span> <span class='ocrx_word' id='word_1_1006' title='bbox 1638 2183 1717 2219; x_wconf 81' lang='lat' dir='ltr'>Quod</span> <span class='ocrx_word' id='word_1_1007' title='bbox 1736 2184 1804 2209; x_wconf 83' lang='lat' dir='ltr'>inter</span> <span class='ocrx_word' id='word_1_1008' title='bbox 1823 2191 1914 2208; x_wconf 86' lang='lat' dir='ltr'>omnes</span> <span class='ocrx_word' id='word_1_1009' title='bbox 1928 2191 1995 2207; x_wconf 75' lang='lat' dir='ltr'>coui-</span> 
     </span>
     <span class='ocr_line' id='line_1_113' title="bbox 1157 2223 1994 2262; baseline -0.004 -9"><span class='ocrx_word' id='word_1_1010' title='bbox 1157 2228 1228 2254; x_wconf 90' lang='lat' dir='ltr'>muni</span> <span class='ocrx_word' id='word_1_1011' title='bbox 1248 2225 1359 2253; x_wconf 86' lang='lat' dir='ltr'>consilio</span> <span class='ocrx_word' id='word_1_1012' title='bbox 1379 2230 1544 2262; x_wconf 85' lang='lat' dir='ltr'>tractatuque</span> <span class='ocrx_word' id='word_1_1013' title='bbox 1563 2227 1722 2252; x_wconf 79' lang='lat' dir='ltr'>convenerit.</span> <span class='ocrx_word' id='word_1_1014' title='bbox 1752 2224 1801 2251; x_wconf 90' lang='lat' dir='ltr'>Th.</span> <span class='ocrx_word' id='word_1_1015' title='bbox 1821 2224 1851 2250; x_wconf 87' lang='lat' dir='ltr'>C.</span> <span class='ocrx_word' id='word_1_1016' title='bbox 1872 2223 1927 2250; x_wconf 69' lang='lat' dir='ltr'>XII.</span> <span class='ocrx_word' id='word_1_1017' title='bbox 1954 2225 1994 2250; x_wconf 81' lang='lat'>12.</span> 
     </span>
     <span class='ocr_line' id='line_1_114' title="bbox 1158 2266 1995 2306; baseline -0.005 -9"><span class='ocrx_word' id='word_1_1018' title='bbox 1158 2282 1178 2297; x_wconf 92' lang='lat' dir='ltr'>c.</span> <span class='ocrx_word' id='word_1_1019' title='bbox 1200 2272 1239 2296; x_wconf 84' lang='lat'>12.</span> <span class='ocrx_word' id='word_1_1020' title='bbox 1259 2279 1298 2306; x_wconf 89' lang='lat' dir='ltr'>pr.</span> <span class='ocrx_word' id='word_1_1021' title='bbox 1319 2268 1352 2295; x_wconf 86' lang='lat' dir='ltr'>de</span> <span class='ocrx_word' id='word_1_1022' title='bbox 1370 2268 1446 2304; x_wconf 77' lang='lat' dir='ltr'>legat.</span> <span class='ocrx_word' id='word_1_1023' title='bbox 1467 2273 1493 2295; x_wconf 85' lang='lat' dir='ltr'>et</span> <span class='ocrx_word' id='word_1_1024' title='bbox 1512 2269 1581 2296; x_wconf 87' lang='lat' dir='ltr'>decr.</span> <span class='ocrx_word' id='word_1_1025' title='bbox 1619 2268 1845 2295; x_wconf 84' lang='lat' dir='ltr'>Necessariorum.</span> <span class='ocrx_word' id='word_1_1026' title='bbox 1870 2277 1893 2293; x_wconf 83' lang='lat' dir='ltr'>v.</span> <span class='ocrx_word' id='word_1_1027' title='bbox 1914 2266 1995 2294; x_wconf 90' lang='lat' dir='ltr'>Tuto-</span> 
     </span>
     <span class='ocr_line' id='line_1_115' title="bbox 1157 2309 1994 2345; baseline -0.005 -5"><span class='ocrx_word' id='word_1_1028' title='bbox 1157 2315 1193 2340; x_wconf 90' lang='lat' dir='ltr'>ris</span> <span class='ocrx_word' id='word_1_1029' title='bbox 1213 2317 1256 2339; x_wconf 83' lang='lat' dir='ltr'>aut</span> <span class='ocrx_word' id='word_1_1030' title='bbox 1276 2312 1417 2343; x_wconf 84' lang='lat' dir='ltr'>curatoris,</span> <span class='ocrx_word' id='word_1_1031' title='bbox 1439 2311 1550 2338; x_wconf 86' lang='lat' dir='ltr'>consilio</span> <span class='ocrx_word' id='word_1_1032' title='bbox 1569 2311 1674 2345; x_wconf 76' lang='lat' dir='ltr'>(facere,</span> <span class='ocrx_word' id='word_1_1033' title='bbox 1694 2321 1717 2337; x_wconf 78' lang='lat' dir='ltr'>v.</span> <span class='ocrx_word' id='word_1_1034' title='bbox 1738 2311 1896 2343; x_wconf 79' lang='lat' dir='ltr'>instituere).</span> <span class='ocrx_word' id='word_1_1035' title='bbox 1919 2309 1949 2336; x_wconf 85' lang='lat' dir='ltr'>sr.</span> <span class='ocrx_word' id='word_1_1036' title='bbox 1970 2311 1994 2337; x_wconf 89' lang='lat'>7.</span> 
     </span>
     <span class='ocr_line' id='line_1_116' title="bbox 1156 2353 1994 2394; baseline -0.004 -12"><span class='ocrx_word' id='word_1_1037' title='bbox 1156 2367 1196 2394; x_wconf 87' lang='lat' dir='ltr'>pr.</span> <span class='ocrx_word' id='word_1_1038' title='bbox 1221 2356 1254 2382; x_wconf 76' lang='lat' dir='ltr'>de</span> <span class='ocrx_word' id='word_1_1039' title='bbox 1273 2365 1345 2392; x_wconf 79' lang='lat' dir='ltr'>susp.</span> <span class='ocrx_word' id='word_1_1040' title='bbox 1370 2359 1418 2381; x_wconf 88' lang='lat' dir='ltr'>tut.</span> <span class='ocrx_word' id='word_1_1041' title='bbox 1442 2356 1483 2381; x_wconf 75' lang='lat'>26.</span> <span class='ocrx_word' id='word_1_1042' title='bbox 1504 2356 1544 2380; x_wconf 89' lang='lat'>10.</span> <span class='ocrx_word' id='word_1_1043' title='bbox 1581 2353 1653 2380; x_wconf 88' lang='lat' dir='ltr'>Paul.</span> <span class='ocrx_word' id='word_1_1044' title='bbox 1678 2353 1709 2380; x_wconf 86' lang='lat' dir='ltr'>V.</span> <span class='ocrx_word' id='word_1_1045' title='bbox 1736 2355 1775 2380; x_wconf 83' lang='lat'>12.</span> <span class='ocrx_word' id='word_1_1046' title='bbox 1800 2354 1821 2387; x_wconf 93' lang='lat'>5.</span> <span class='ocrx_word' id='word_1_1047' title='bbox 1841 2355 1866 2380; x_wconf 82' lang='lat'>4.</span> <span class='ocrx_word' id='word_1_1048' title='bbox 1906 2353 1994 2380; x_wconf 83' lang='lat' dir='ltr'>Annio</span> 
     </span>
     <span class='ocr_line' id='line_1_117' title="bbox 1157 2396 1993 2434; baseline -0.004 -9"><span class='ocrx_word' id='word_1_1049' title='bbox 1157 2398 1297 2426; x_wconf 89' lang='lat' dir='ltr'>eonsilium</span> <span class='ocrx_word' id='word_1_1050' title='bbox 1321 2408 1411 2424; x_wconf 82' lang='lat' dir='ltr'>omues</span> <span class='ocrx_word' id='word_1_1051' title='bbox 1435 2398 1579 2434; x_wconf 85' lang='lat' dir='ltr'>iurisperiti</span> <span class='ocrx_word' id='word_1_1052' title='bbox 1604 2396 1745 2423; x_wconf 81' lang='lat' dir='ltr'>dederunt.</span> <span class='ocrx_word' id='word_1_1053' title='bbox 1771 2401 1799 2422; x_wconf 86' lang='lat' dir='ltr'>ut</span> <span class='ocrx_word' id='word_1_1054' title='bbox 1822 2401 1870 2422; x_wconf 86' lang='lat' dir='ltr'>etc.</span> <span class='ocrx_word' id='word_1_1055' title='bbox 1901 2396 1932 2422; x_wconf 79' lang='lat' dir='ltr'>fr.</span> <span class='ocrx_word' id='word_1_1056' title='bbox 1953 2397 1993 2422; x_wconf 84' lang='lat'>17.</span> 
     </span>
     <span class='ocr_line' id='line_1_118' title="bbox 1157 2438 1995 2476; baseline -0.004 -8"><span class='ocrx_word' id='word_1_1057' title='bbox 1157 2443 1178 2476; x_wconf 88' lang='lat'>5.</span> <span class='ocrx_word' id='word_1_1058' title='bbox 1200 2444 1221 2468; x_wconf 93' lang='lat' dir='ltr'>l.</span> <span class='ocrx_word' id='word_1_1059' title='bbox 1243 2443 1265 2467; x_wconf 91' lang='lat' dir='ltr'>si</span> <span class='ocrx_word' id='word_1_1060' title='bbox 1285 2442 1374 2467; x_wconf 76' lang='lat' dir='ltr'>servit.</span> <span class='ocrx_word' id='word_1_1061' title='bbox 1394 2445 1417 2467; x_wconf 87' lang='lat'>8.</span> <span class='ocrx_word' id='word_1_1062' title='bbox 1438 2442 1461 2467; x_wconf 80' lang='lat'>5.</span> <span class='ocrx_word' id='word_1_1063' title='bbox 1503 2440 1543 2466; x_wconf 84' lang='lat' dir='ltr'>Ex</span> <span class='ocrx_word' id='word_1_1064' title='bbox 1569 2439 1680 2466; x_wconf 87' lang='lat' dir='ltr'>consilio</span> <span class='ocrx_word' id='word_1_1065' title='bbox 1700 2439 1846 2471; x_wconf 70' lang='lat' dir='ltr'>Labeonis,</span> <span class='ocrx_word' id='word_1_1066' title='bbox 1870 2438 1995 2465; x_wconf 80' lang='lat' dir='ltr'>Cascellii</span> 
     </span>
     <span class='ocr_line' id='line_1_119' title="bbox 1158 2481 1993 2519; baseline -0.004 -8"><span class='ocrx_word' id='word_1_1067' title='bbox 1158 2490 1207 2511; x_wconf 88' lang='lat' dir='ltr'>etc..</span> <span class='ocrx_word' id='word_1_1068' title='bbox 1228 2495 1286 2511; x_wconf 91' lang='lat' dir='ltr'>cum</span> <span class='ocrx_word' id='word_1_1069' title='bbox 1306 2500 1337 2503; x_wconf 98' lang='lat'><strong>—</strong></span> <span class='ocrx_word' id='word_1_1070' title='bbox 1357 2483 1444 2510; x_wconf 89' lang='lat' dir='ltr'>solum</span> <span class='ocrx_word' id='word_1_1071' title='bbox 1462 2483 1584 2509; x_wconf 85' lang='lat' dir='ltr'>heredem</span> <span class='ocrx_word' id='word_1_1072' title='bbox 1604 2482 1672 2509; x_wconf 77' lang='lat' dir='ltr'>fecit.</span> <span class='ocrx_word' id='word_1_1073' title='bbox 1701 2482 1730 2509; x_wconf 80' lang='lat' dir='ltr'>fr.</span> <span class='ocrx_word' id='word_1_1074' title='bbox 1749 2484 1791 2509; x_wconf 82' lang='lat'>39.</span> <span class='ocrx_word' id='word_1_1075' title='bbox 1810 2492 1849 2519; x_wconf 89' lang='lat' dir='ltr'>pr.</span> <span class='ocrx_word' id='word_1_1076' title='bbox 1874 2481 1906 2508; x_wconf 91' lang='lat' dir='ltr'>de</span> <span class='ocrx_word' id='word_1_1077' title='bbox 1924 2481 1993 2518; x_wconf 86' lang='lat' dir='ltr'>vulg.</span> 
     </span>
     <span class='ocr_line' id='line_1_120' title="bbox 1158 2526 1992 2564; baseline -0.005 -10"><span class='ocrx_word' id='word_1_1078' title='bbox 1158 2532 1183 2554; x_wconf 82' lang='lat' dir='ltr'>et</span> <span class='ocrx_word' id='word_1_1079' title='bbox 1202 2537 1264 2564; x_wconf 83' lang='lat' dir='ltr'>pup.</span> <span class='ocrx_word' id='word_1_1080' title='bbox 1284 2529 1326 2553; x_wconf 82' lang='lat'>28.</span> <span class='ocrx_word' id='word_1_1081' title='bbox 1345 2528 1369 2553; x_wconf 78' lang='lat'>6.</span> <span class='ocrx_word' id='word_1_1082' title='bbox 1398 2542 1430 2546; x_wconf 92' lang='lat'><em>-</em></span> <span class='ocrx_word' id='word_1_1083' title='bbox 1461 2527 1492 2560; x_wconf 83' lang='lat'>§.</span> <span class='ocrx_word' id='word_1_1084' title='bbox 1516 2527 1551 2552; x_wconf 64' lang='lat' dir='ltr'>fl.</span> <span class='ocrx_word' id='word_1_1085' title='bbox 1579 2527 1775 2557; x_wconf 72' lang='lat' dir='ltr'>Prudentia,</span> <span class='ocrx_word' id='word_1_1086' title='bbox 1794 2526 1992 2552; x_wconf 68' lang='lat' dir='ltr'>Intellectus.</span> 
     </span>
     <span class='ocr_line' id='line_1_121' title="bbox 1158 2566 1993 2606; baseline -0.006 -9"><span class='ocrx_word' id='word_1_1087' title='bbox 1158 2570 1187 2597; x_wconf 92' lang='lat' dir='ltr'>ll.</span> <span class='ocrx_word' id='word_1_1088' title='bbox 1209 2572 1276 2605; x_wconf 76' lang='lat' dir='ltr'>Op.</span> <span class='ocrx_word' id='word_1_1089' title='bbox 1305 2569 1482 2596; x_wconf 86' lang='lat' dir='ltr'>Inconsultins</span> <span class='ocrx_word' id='word_1_1090' title='bbox 1502 2568 1593 2595; x_wconf 82' lang='lat' dir='ltr'>facere.</span> <span class='ocrx_word' id='word_1_1091' title='bbox 1623 2584 1655 2588; x_wconf 91' lang='lat'>—-</span> <span class='ocrx_word' id='word_1_1092' title='bbox 1684 2568 1793 2606; x_wconf 86' lang='lat' dir='ltr'>Optimo</span> <span class='ocrx_word' id='word_1_1093' title='bbox 1817 2566 1929 2594; x_wconf 88' lang='lat' dir='ltr'>consilio</span> <span class='ocrx_word' id='word_1_1094' title='bbox 1947 2567 1993 2592; x_wconf 80' lang='lat' dir='ltr'>uti.</span> 
     </span>
     <span class='ocr_line' id='line_1_122' title="bbox 1158 2610 1993 2647; baseline -0.005 -7"><span class='ocrx_word' id='word_1_1095' title='bbox 1158 2613 1188 2640; x_wconf 76' lang='grc' dir='ltr'>[ι’.</span> <span class='ocrx_word' id='word_1_1096' title='bbox 1208 2615 1249 2640; x_wconf 80' lang='lat'>67.</span> <span class='ocrx_word' id='word_1_1097' title='bbox 1268 2613 1290 2647; x_wconf 82' lang='lat'>5.</span> <span class='ocrx_word' id='word_1_1098' title='bbox 1310 2614 1334 2639; x_wconf 85' lang='lat'>6.</span> <span class='ocrx_word' id='word_1_1099' title='bbox 1355 2612 1387 2639; x_wconf 86' lang='lat' dir='ltr'>de</span> <span class='ocrx_word' id='word_1_1100' title='bbox 1405 2611 1437 2638; x_wconf 83' lang='lat' dir='ltr'>R.</span> <span class='ocrx_word' id='word_1_1101' title='bbox 1457 2611 1488 2638; x_wconf 69' lang='lat' dir='ltr'>N</span> <span class='ocrx_word' id='word_1_1102' title='bbox 1508 2613 1550 2638; x_wconf 75' lang='lat'>23.</span> <span class='ocrx_word' id='word_1_1103' title='bbox 1569 2614 1593 2638; x_wconf 81' lang='lat'>2.</span> <span class='ocrx_word' id='word_1_1104' title='bbox 1631 2611 1673 2638; x_wconf 87' lang='grc' dir='ltr'>ΠΙ.</span> <span class='ocrx_word' id='word_1_1105' title='bbox 1689 2613 1754 2639; x_wconf 75' lang='lat' dir='ltr'>Gn.</span> <span class='ocrx_word' id='word_1_1106' title='bbox 1783 2611 1852 2647; x_wconf 82' lang='lat' dir='ltr'>Quia</span> <span class='ocrx_word' id='word_1_1107' title='bbox 1871 2610 1993 2637; x_wconf 84' lang='lat' dir='ltr'>fortuitos</span> 
     </span>
    </p>
   </div>
   <div class='ocr_carea' id='block_1_18' title="bbox 1135 2654 1992 2691">
    <p class='ocr_par' dir='ltr' id='par_1_20' title="bbox 1135 2654 1992 2691">
     <span class='ocr_line' id='line_1_123' title="bbox 1135 2654 1992 2691; baseline -0.006 -8"><span class='ocrx_word' id='word_1_1108' title='bbox 1135 2675 1137 2680; x_wconf 84' lang='lat'><em>-</em></span> <span class='ocrx_word' id='word_1_1109' title='bbox 1159 2666 1235 2683; x_wconf 80' lang='lat' dir='ltr'>casus</span> <span class='ocrx_word' id='word_1_1110' title='bbox 1263 2655 1363 2682; x_wconf 88' lang='lat' dir='ltr'>nullum</span> <span class='ocrx_word' id='word_1_1111' title='bbox 1389 2655 1530 2681; x_wconf 80' lang='lat' dir='ltr'>humanum</span> <span class='ocrx_word' id='word_1_1112' title='bbox 1558 2654 1697 2681; x_wconf 85' lang='lat' dir='ltr'>consilium</span> <span class='ocrx_word' id='word_1_1113' title='bbox 1723 2654 1864 2691; x_wconf 84' lang='lat' dir='ltr'>providere</span> <span class='ocrx_word' id='word_1_1114' title='bbox 1895 2657 1992 2690; x_wconf 83' lang='lat' dir='ltr'>potest.</span> 
     </span>
    </p>
   </div>
   <div class='ocr_carea' id='block_1_19' title="bbox 1158 2697 1993 2863">
    <p class='ocr_par' dir='ltr' id='par_1_21' title="bbox 1158 2697 1993 2863">
     <span class='ocr_line' id='line_1_124' title="bbox 1158 2697 1993 2733; baseline -0.005 -8"><span class='ocrx_word' id='word_1_1115' title='bbox 1158 2699 1188 2725; x_wconf 79' lang='lat' dir='ltr'>fr.</span> <span class='ocrx_word' id='word_1_1116' title='bbox 1208 2702 1231 2725; x_wconf 84' lang='lat'>2.</span> <span class='ocrx_word' id='word_1_1117' title='bbox 1252 2699 1274 2733; x_wconf 89' lang='lat'>5.</span> <span class='ocrx_word' id='word_1_1118' title='bbox 1294 2700 1316 2724; x_wconf 86' lang='lat'>7.</span> <span class='ocrx_word' id='word_1_1119' title='bbox 1337 2698 1369 2724; x_wconf 84' lang='lat' dir='ltr'>de</span> <span class='ocrx_word' id='word_1_1120' title='bbox 1383 2697 1449 2724; x_wconf 84' lang='lat' dir='ltr'>adm.</span> <span class='ocrx_word' id='word_1_1121' title='bbox 1474 2707 1523 2724; x_wconf 83' lang='lat' dir='ltr'>rer.</span> <span class='ocrx_word' id='word_1_1122' title='bbox 1544 2697 1577 2724; x_wconf 84' lang='lat' dir='ltr'>ad</span> <span class='ocrx_word' id='word_1_1123' title='bbox 1595 2699 1644 2724; x_wconf 77' lang='lat' dir='ltr'>civ.</span> <span class='ocrx_word' id='word_1_1124' title='bbox 1664 2699 1705 2724; x_wconf 84' lang='lat'>50.</span> <span class='ocrx_word' id='word_1_1125' title='bbox 1725 2700 1748 2724; x_wconf 81' lang='grc'>8.</span> <span class='ocrx_word' id='word_1_1126' title='bbox 1786 2697 1828 2723; x_wconf 84' lang='lat' dir='ltr'>Ad</span> <span class='ocrx_word' id='word_1_1127' title='bbox 1846 2705 1993 2733; x_wconf 85' lang='lat' dir='ltr'>supremam</span> 
     </span>
     <span class='ocr_line' id='line_1_125' title="bbox 1159 2737 1991 2776; baseline -0.004 -9"><span class='ocrx_word' id='word_1_1128' title='bbox 1159 2743 1287 2768; x_wconf 82' lang='lat' dir='ltr'>actionem</span> <span class='ocrx_word' id='word_1_1129' title='bbox 1307 2751 1365 2767; x_wconf 84' lang='lat' dir='ltr'>cum</span> <span class='ocrx_word' id='word_1_1130' title='bbox 1385 2741 1484 2767; x_wconf 85' lang='lat' dir='ltr'>ratione</span> <span class='ocrx_word' id='word_1_1131' title='bbox 1508 2742 1614 2767; x_wconf 78' lang='lat' dir='ltr'>veniant</span> <span class='ocrx_word' id='word_1_1132' title='bbox 1637 2745 1715 2776; x_wconf 79' lang='lat' dir='ltr'>atque</span> <span class='ocrx_word' id='word_1_1133' title='bbox 1739 2739 1858 2766; x_wconf 85' lang='lat' dir='ltr'>consilio.</span> <span class='ocrx_word' id='word_1_1134' title='bbox 1890 2737 1939 2765; x_wconf 90' lang='lat' dir='ltr'>Th.</span> <span class='ocrx_word' id='word_1_1135' title='bbox 1961 2738 1991 2764; x_wconf 66' lang='grc' dir='ltr'>(ἶ.</span> 
     </span>
     <span class='ocr_line' id='line_1_126' title="bbox 1158 2781 1993 2819; baseline -0.004 -8"><span class='ocrx_word' id='word_1_1136' title='bbox 1158 2784 1202 2811; x_wconf 80' lang='lat' dir='ltr'>IX.</span> <span class='ocrx_word' id='word_1_1137' title='bbox 1224 2785 1246 2810; x_wconf 94' lang='lat'>1.</span> <span class='ocrx_word' id='word_1_1138' title='bbox 1268 2794 1288 2810; x_wconf 93' lang='lat' dir='ltr'>c.</span> <span class='ocrx_word' id='word_1_1139' title='bbox 1308 2786 1331 2810; x_wconf 88' lang='lat'>5.</span> <span class='ocrx_word' id='word_1_1140' title='bbox 1352 2783 1384 2810; x_wconf 91' lang='lat' dir='ltr'>de</span> <span class='ocrx_word' id='word_1_1141' title='bbox 1403 2793 1488 2810; x_wconf 74' lang='lat' dir='ltr'>accus</span> <span class='ocrx_word' id='word_1_1142' title='bbox 1508 2788 1534 2810; x_wconf 84' lang='lat' dir='ltr'>et</span> <span class='ocrx_word' id='word_1_1143' title='bbox 1552 2785 1630 2810; x_wconf 82' lang='lat' dir='ltr'>inser.</span> <span class='ocrx_word' id='word_1_1144' title='bbox 1672 2782 1766 2819; x_wconf 77' lang='lat' dir='ltr'>Legem</span> <span class='ocrx_word' id='word_1_1145' title='bbox 1788 2781 1886 2809; x_wconf 89' lang='lat' dir='ltr'>dudum</span> <span class='ocrx_word' id='word_1_1146' title='bbox 1911 2781 1993 2808; x_wconf 85' lang='lat' dir='ltr'>credi-</span> 
     </span>
     <span class='ocr_line' id='line_1_127' title="bbox 1159 2824 1993 2863; baseline -0.005 -9"><span class='ocrx_word' id='word_1_1147' title='bbox 1159 2827 1244 2854; x_wconf 87' lang='lat' dir='ltr'>dimus</span> <span class='ocrx_word' id='word_1_1148' title='bbox 1264 2826 1486 2863; x_wconf 77' lang='lat' dir='ltr'>promulgandam.</span> <span class='ocrx_word' id='word_1_1149' title='bbox 1506 2836 1582 2863; x_wconf 85' lang='lat' dir='ltr'>quam</span> <span class='ocrx_word' id='word_1_1150' title='bbox 1601 2825 1706 2862; x_wconf 79' lang='lat' dir='ltr'>quidem</span> <span class='ocrx_word' id='word_1_1151' title='bbox 1725 2835 1792 2852; x_wconf 86' lang='lat' dir='ltr'>nunc</span> <span class='ocrx_word' id='word_1_1152' title='bbox 1810 2825 1921 2851; x_wconf 88' lang='lat' dir='ltr'>consilio</span> <span class='ocrx_word' id='word_1_1153' title='bbox 1940 2824 1993 2861; x_wconf 78' lang='lat' dir='ltr'>ple-</span> 
     </span>
    </p>
   </div>
  </div>
 </body>
</html>
