2197 3121
250 144 290 174 10

283 223 551 258 ,acceptabilia
579 224 645 251 Non
669 223 926 250 contemnendae.
958 219 1002 247 111.
1023 221 1089 248 οη.

249 268 338 296 ldonei
358 273 448 295 testes.
468 272 493 293 et
512 276 621 303 quorum
635 266 747 302 gravitas
767 264 899 291 iudicibus
919 263 1089 301 acceptabilis

249 313 292 338 sit.
330 310 396 337 Nor.
415 312 457 337 36.
494 309 559 337 Tam
578 307 731 340 laudabiles,
751 312 856 345 tamque
876 307 925 334 deo
945 306 1090 344 acceptabi-

250 354 290 381 les
309 359 391 381 actus.
428 353 495 380 Nov.
514 355 557 380 37.
578 353 604 379 in
624 352 639 378 s.

284 398 507 430 Acceptnre.
539 396 690 429 Saepius,
709 399 737 420 et
756 395 857 420 certi·
875 394 1090 428 (caspar-ibus,

251 442 411 474 accipere.
448 439 490 466 III.
506 440 570 467 Cn.
600 438 653 473 Qui
672 435 852 473 acceptandis.
872 437 928 462 sive
946 436 1091 472 suscipien-

251 482 293 509 dis
312 482 479 509 censualibus
497 480 709 519 professionibus
722 479 894 506 destinantur.
915 478 945 505 sr.
960 480 999 504 18.
1013 478 1090 512 §.16.

252 525 284 552 de
303 535 372 552 mun.
393 530 418 552 et
441 525 501 551 hon.
526 526 568 551 50.
588 526 612 550 4.
654 522 708 559 Qui
731 532 832 549 annuos
856 521 915 549 XX.
936 531 1042 553 aureos,
1066 525 1092 547 et

253 573 414 595 menstruum
434 584 465 587 —
485 567 637 604 acceptavit.
663 566 694 593 fr.
717 567 740 593 9.
765 566 830 600 3.1.
857 565 889 591 de
908 564 976 590 alim.
996 574 1020 590 v.
1041 563 1091 590 cib.

252 613 294 638 34.
310 613 331 637 1.
356 610 457 638 L'suras
476 614 686 647 acceptaverunt,
706 614 733 636 ut
747 612 911 635 convenerat.
931 607 962 634 fr.
975 609 1017 634 40.
1031 607 1053 641 3.
1066 608 1091 633 2.

253 654 286 681 de
305 659 372 691 pact.
391 656 415 680 2.
437 655 476 679 14.

287 696 549 730 ,acceptilatim
570 697 729 723 Solemnis
748 696 914 721 verborum
928 703 1094 728 nuncupa-

253 742 301 767 tio
324 742 364 766 ad
385 742 564 766 tollendam
588 740 853 773 stipulationem.
894 736 925 763 II.
946 738 1012 771 Op.
1044 736 1094 763 Ac·

255 788 331 820 cepto
355 792 454 818 rogare.
483 798 515 802 —-
543 782 594 809 Per
617 780 843 818 acceptilationem
867 779 987 807 liberare.
1018 779 1049 806 sr.
1069 780 1092 805 8.

254 826 275 860 3.
295 828 319 852 2.
339 825 372 852 de
391 825 510 863 acceptil.
530 827 571 852 46.
586 827 609 851 4.
638 824 728 855 Paeto.
748 839 780 843 -—
799 822 850 850 Per
869 822 1094 860 acceptilationem

253 868 402 902 (liberari).
429 868 459 894 sr.
478 870 502 894 3.
522 869 544 902 3.
563 870 587 894 2.
608 867 637 894 fr.
658 869 681 893 5.
702 867 723 901 ξ.
742 867 767 893 3.
791 866 824 893 (18
842 865 917 893 liber.
936 865 985 902 leg.
1008 867 1050 892 34.
1069 866 1093 891 3.

255 911 296 937 111.
317 912 383 939 Cn.
419 910 610 948 Acceptilatio.
637 909 680 936 vel
703 909 752 936 alia
775 908 904 936 liberatio.
934 908 964 935 fr.
984 910 1008 935 9.
1028 909 1050 942 3.
1069 910 1094 935 4.

255 956 307 991 Qu.
327 960 387 981 met.
414 965 435 981 c.
459 956 482 981 4.
502 956 526 980 2.
563 954 647 980 Actus
666 952 786 989 legitimi,
810 968 843 972 —
868 951 949 979 veluti
968 953 1095 989 mancipa-

256 999 305 1025 tio.
325 998 502 1035 acceptilatio.
527 996 679 1023 hereditatis
699 995 793 1027 aditio.
818 997 888 1022 servi
912 996 1000 1032 optio⁷
1025 994 1095 1021 datio

256 1043 359 1068 tutoris.
386 1041 416 1067 sr.
437 1042 477 1067 77.
502 1040 534 1066 de
552 1039 583 1066 R.
602 1039 621 1066 I.
641 1041 682 1065 50.
704 1040 743 1065 17.
780 1038 810 1064 In
833 1038 1029 1075 stipulationem
1053 1037 1096 1064 de-

256 1084 328 1111 duci.
349 1089 374 1110 et
393 1094 440 1121 per
459 1083 684 1120 acceptilationem
703 1082 851 1118 imaginaria
870 1081 1003 1108 solutione
1027 1080 1097 1115 (dis-

256 1127 345 1160 solvi).
383 1126 440 1153 Gai.
459 1126 502 1153 ΙΠ.
528 1128 585 1153 170.
611 1126 642 1152 cf.
664 1126 721 1152 169.
749 1124 888 1161 Aquiliana
918 1124 1096 1162 stipulatione.

257 1176 282 1197 et
301 1169 499 1207 acceptilatione
518 1169 659 1195 subsecuta
677 1169 819 1202 (actionem
838 1168 987 1205 perimere).
1014 1178 1035 1194 c.
1054 1168 1095 1193 32.

256 1213 289 1240 de
308 1217 430 1239 transact.
449 1215 474 1239 2.
493 1214 517 1238 4.
543 1211 574 1238 cf.
595 1222 615 1238 c.
635 1214 659 1238 4.
680 1222 701 1238 c.
723 1214 762 1238 15.
782 1211 816 1238 ib.
858 1210 908 1237 Per
931 1211 1097 1237 novationem

257 1261 335 1293 atque
354 1255 580 1293 acceptilationem
599 1254 730 1288 (liberatio
750 1254 868 1288 tributa).
889 1264 910 1281 c.
929 1256 953 1280 5.
974 1253 1006 1280 de
1025 1253 1049 1279 (1,
1063 1263 1096 1279 m.

256 1302 281 1326 2.
306 1301 348 1326 21.
385 1298 596 1336 Acceptilatione
624 1298 752 1334 contingit
779 1298 917 1334 utriusque
945 1297 976 1324 ab
1005 1296 1097 1323 eodem

258 1352 327 1369 nexu
346 1341 487 1368 absolutio.
516 1341 546 1367 fr.
567 1343 589 1367 1.
610 1340 642 1367 de
661 1340 780 1378 acceptil.
800 1342 841 1367 46.
860 1342 884 1367 4.

293 1385 484 1418 Acceptio.
508 1385 584 1418 §.l.
605 1386 740 1411 Factum
760 1385 958 1419 accipiendi.
977 1382 1019 1409 III.
1032 1383 1097 1410 Gn·

258 1427 405 1455 Postulatio
431 1433 457 1454 et
483 1429 601 1465 acceptio
629 1426 853 1464 (apostolorum).
902 1425 974 1453 Paul.
999 1425 1031 1452 V.
1055 1426 1097 1452 34.

259 1472 280 1506 3.
302 1473 323 1498 l.
361 1487 393 1491 —
428 1471 459 1504 §.
484 1472 519 1498 2.
554 1472 728 1506 Dignatio.
770 1469 811 1496 III.
838 1471 903 1498 Gn·
946 1470 1032 1505 Quem
1055 1473 1099 1495 tua

260 1515 378 1551 acceptio
403 1514 508 1551 probari
532 1513 627 1540 debere
651 1513 788 1550 SIgufficat.
825 1512 876 1540 Th.
896 1512 927 1540 C.
946 1512 964 1539 I.
983 1513 1008 1539 9.
1033 1523 1054 1539 c.
1074 1514 1098 1539 2.

260 1557 375 1591 (Wek.)
395 1557 427 1584 (18
446 1557 489 1583 off.
509 1556 573 1593 Mag.
593 1557 636 1584 off.

295 1602 493 1634 Aceeptor.
530 1602 562 1627 1⁸
581 1602 638 1635 qui
655 1602 789 1635 accepit.
825 1599 856 1626 II.
877 1601 944 1633 ΟΡ.
971 1598 1099 1626 Donator.

262 1659 293 1664 -
313 1643 471 1670 Donationis
490 1648 619 1680 acceptor.
645 1654 665 1670 c.
687 1646 726 1670 10.
747 1643 779 1670 de
797 1652 883 1669 revoc.
903 1642 963 1669 don.
983 1642 1008 1668 8.
1027 1643 1069 1668 56.

296 1687 480 1720 Accepto,
502 1696 526 1712 v.
546 1687 751 1720 Acceptum
781 1685 935 1719 (Adi-ero).
972 1687 1035 1713 Pro
1054 1695 1102 1712 εο-

262 1732 346 1761 luto,
372 1740 393 1756 v.
416 1732 493 1756 dato
521 1731 739 1760 (habendum).
782 1729 800 1755 1.
820 1730 882 1763 Sy.
915 1727 1101 1765 Acceptilatio-

264 1783 322 1799 nem
345 1772 437 1799 facere.
474 1772 620 1810 Acceptum
643 1772 735 1799 facere.
773 1771 830 1799 Gai.
849 1771 879 1798 Π.
904 1773 945 1798 85.
975 1771 1017 1798 lII.
1042 1772 1100 1797 171.

264 1816 293 1842 sr.
314 1817 353 1842 14.
375 1816 396 1849 3.
416 1817 439 1842 9.
465 1815 516 1851 Qu.
535 1820 587 1842 met
607 1825 628 1842 c.
648 1817 671 1842 4.
691 1817 715 1842 2.
751 1814 793 1841 ΙΠ.
808 1816 873 1843 Cn.
901 1815 943 1841 An
962 1814 1056 1841 litteris
1076 1819 1101 1840 et

264 1858 409 1885 rationibus
428 1863 534 1895 accepto
555 1858 599 1885 lati
620 1863 709 1884 esseut
727 1858 844 1891 (confusi
863 1857 984 1891 reditus).
1010 1857 1040 1884 sr.
1059 1859 1100 1885 91.

264 1903 286 1936 3.
305 1903 328 1928 3.
349 1901 381 1927 de
395 1901 442 1937 leg.
456 1901 497 1928 111.
518 1901 590 1935 (32.)
610 1900 639 1927 fr.
659 1903 682 1927 4.
703 1901 725 1935 3.
746 1902 768 1927 1.
789 1900 821 1927 de
840 1902 915 1928 evict.
934 1903 976 1928 21.
995 1903 1019 1928 2.
1050 1900 1102 1927 Ro-

265 1955 324 1981 gare
343 1960 375 1964 —
395 1944 487 1977 Ferre,
506 1955 530 1971 v.
550 1944 664 1976 Habere.
684 1948 805 1981 acceptu,
824 1953 845 1970 s,
865 1948 1008 1981 acceptum.
1033 1943 1062 1970 fr.
1076 1945 1100 1970 6.

266 1988 298 2015 de
322 1987 440 2025 acceptil.
464 1989 505 2014 46.
529 1989 553 2014 4.
578 1987 608 2013 cf.
633 1986 663 2013 sr.
689 1988 711 2013 7.
737 1986 767 2013 fr.
787 1988 810 2013 8.
835 1986 872 2020 33.
893 1988 915 2012 l.
934 1988 958 2013 2.
977 1989 1002 2013 4.
1027 1986 1057 2013 fr.
1077 1988 1100 2013 9.

267 2030 297 2057 fr.
319 2033 357 2057 11.
385 2032 406 2065 3.
424 2033 449 2057 2.
474 2031 508 2057 ib.
545 2030 573 2057 Si
600 2031 659 2067 quis
685 2029 839 2067 stipulatus.
867 2034 975 2066 accepto
1003 2029 1100 2056 fecerit.

268 2074 297 2101 fr.
318 2075 358 2100 13.
377 2075 413 2108 33.
436 2076 457 2100 1.
478 2083 517 2110 sq.
537 2073 566 2100 fr.
587 2074 626 2099 17.
647 2072 681 2099 ib.
701 2074 742 2099 46.
761 2075 785 2099 4.
823 2071 941 2104 Novare,
961 2077 987 2098 et
1006 2074 1044 2099 sic
1063 2082 1102 2099 ac-

268 2122 344 2155 cepto
364 2116 454 2143 facere.
474 2116 504 2143 fr.
520 2117 559 2142 13.
579 2116 600 2150 3.
617 2118 655 2142 10.
675 2115 710 2142 ib.
729 2117 771 2142 46.
785 2118 809 2142 4.
838 2115 875 2142 Ita
895 2116 977 2142 cavit:
997 2131 1029 2135 --
1043 2115 1102 2142 dico
1123 2113 1124 2142 i

268 2170 309 2187 mc
332 2160 477 2196 accepisse,
506 2164 531 2185 et
554 2158 662 2191 habere.
692 2163 718 2185 et
740 2163 847 2195 accepto
870 2157 964 2185 tulisse
989 2174 1021 2178 —
1044 2157 1103 2185 reli—

269 2213 348 2239 quum
368 2212 450 2228 omne.
475 2202 504 2231 l'r.
524 2203 565 2228 89.
585 2212 624 2239 pr.
645 2201 676 2228 de
695 2201 773 2228 solut.
793 2203 834 2228 46.
853 2203 877 2228 3.
905 2201 1050 2238 Acceptum
1063 2211 1104 2227 ro-

269 2245 352 2282 gando
372 2244 490 2271 liberare.
519 2244 548 2271 sr.
568 2246 591 2271 8.
612 2245 648 2279 33
662 2246 683 2271 l.
697 2246 721 2271 2.
736 2246 759 2271 4.
778 2243 809 2271 fr.
822 2246 861 2271 ll.
880 2255 919 2282 pr.
939 2244 972 2271 de
985 2243 1103 2281 acceptil.
1124 2262 1126 2267 -

269 2291 310 2316 46.
330 2291 353 2315 4.
390 2287 512 2314 Alieuare
531 2286 644 2323 aliquid,
663 2286 706 2314 vel
725 2288 800 2314 etiam
819 2292 926 2324 accepto
945 2297 1023 2324 quem
1041 2287 1105 2314 libe-

270 2342 334 2358 rare.
363 2330 393 2358 fr.
412 2333 436 2357 2.
456 2331 478 2365 3.
498 2332 521 2356 5.
541 2329 573 2355 de
592 2329 645 2356 her.
665 2340 689 2356 v.
709 2335 756 2357 act.
776 2330 852 2356 vend.
873 2333 912 2357 18.
932 2332 956 2357 4.

305 2375 509 2408 Acceptum
529 2372 672 2406 (partic),
697 2373 712 2399 i.
732 2384 753 2399 e.
774 2375 944 2400 Saturione
963 2375 1105 2400 interve-

271 2419 378 2444 niente
400 2419 434 2444 in
457 2426 512 2443 nvn
535 2418 699 2443 collatum.
735 2415 753 2441 I.
774 2416 835 2450 Sy.
862 2415 974 2442 Pecunia
993 2420 1105 2453 accepta.
1126 2420 1127 2423 ’

273 2460 302 2486 sr.
322 2461 345 2486 7.
365 2460 386 2493 ξ.
407 2461 429 2485 l.
450 2458 482 2485 dc
502 2458 592 2485 calum.
611 2459 636 2484 3.
655 2459 678 2485 6.
721 2457 751 2484 II.
772 2459 835 2492 Op.
868 2458 972 2485 Datum.
1003 2458 1107 2495 Expen-

272 2513 338 2529 sum.
367 2502 396 2528 sr.
417 2504 439 2528 1.
464 2502 485 2536 ξ.
504 2503 528 2528 2.
557 2501 590 2528 (18
609 2500 718 2527 eds-ndo.
743 2503 767 2527 2.
788 2502 828 2527 13.
861 2500 891 2528 fr.
910 2503 951 2528 47.
975 2501 997 2535 ᾗ.
1018 2503 1041 2527 1.
1074 2500 1107 2527 de

272 2550 339 2583 pact.
362 2547 386 2571 2.
407 2546 446 2571 14.
489 2544 530 2571 111.
550 2545 616 2572 Cn.
648 2543 797 2570 Secundum
815 2548 920 2581 accepta
939 2548 965 2570 et
983 2553 1107 2580 expensa.

273 2587 383 2615 reddere
395 2586 517 2623 reliquas.
537 2587 566 2614 fr.
580 2589 622 2614 31.
635 2586 657 2621 §-
669 2588 692 2613 l.
711 2585 743 2613 de
757 2586 856 2613 liberat.
870 2586 920 2623 leg.
937 2587 979 2613 34.
993 2587 1017 2612 3.
1038 2585 1107 2613 Con-

275 2630 341 2657 serrc
355 2634 459 2666 accepta
479 2634 503 2655 et
522 2629 588 2656 data.
609 2629 638 2656 fr.
652 2630 693 2656 56.
706 2639 746 2666 pr.
766 2628 799 2655 de
816 2628 848 2655 V.
863 2628 889 2655 S.
903 2631 944 2655 50.
966 2630 1005 2655 16.
1029 2628 1108 2655 Ratio

275 2674 375 2710 accepti
394 2678 471 2708 atque
491 2673 598 2709 expensi
618 2677 772 2710 computata.
798 2670 827 2698 sr.
842 2673 883 2697 47.
903 2671 926 2705 §.
942 2672 963 2697 l.
988 2671 1020 2698 de
1039 2676 1106 2709 pact.
1127 2669 1130 2685 t

274 2718 299 2742 2.
320 2718 359 2742 14.
386 2714 524 2741 Pecuniam
543 2720 673 2751 acceptam
687 2714 778 2742 facere.
806 2714 861 2741 Gai.
881 2713 924 2740 lll.
942 2716 1002 2740 215.
1022 2714 1052 2741 fr.
1067 2715 1107 2740 14.

276 2759 298 2793 §-
316 2759 341 2785 3.
373 2758 424 2793 Qu.
444 2762 502 2784 met.
523 2767 543 2783 e.
562 2758 586 2783 4.
606 2760 629 2784 2.
658 2757 697 2785 Ne
716 2759 742 2785 in
761 2762 894 2795 acceptum
914 2756 1009 2784 seratur
1025 2757 1107 2794 (opus

1123 1956 1124 1961 =
1145 1951 1231 1968 rarum
1250 1941 1408 1967 accessione.
1437 1949 1458 1966 c.
1477 1941 1502 1966 3.
1527 1939 1560 1966 ad
1579 1939 1606 1966 S.
1628 1939 1659 1966 C.
1678 1939 1742 1966 Mac.
1766 1940 1790 1965 4.
1809 1939 1850 1965 28.

277 2801 410 2839 publicum
430 2800 574 2827 faciendum
593 2800 659 2833 etc.)
683 2806 818 2838 autequam
837 2799 962 2838 perfecta,
990 2799 1107 2837 probata,

1073 136 1171 170 ACC.

1134 220 1260 257 praestita
1279 219 1336 257 lege
1355 224 1438 246 erunt..
1462 219 1493 247 fr.
1509 221 1531 247 7.
1551 220 1572 255 ξ.
1591 221 1616 247 2.
1636 219 1669 247 de
1687 219 1717 248 L.
1737 220 1784 248 lul.
1804 231 1858 259 rep.
1877 223 1919 249 48.
1935 224 1975 249 11.

1133 263 1280 300 Acceptum
1298 272 1347 289 suo
1366 263 1471 290 nomine
1489 268 1574 291 ratum
1592 263 1696 291 habere.
1731 263 1762 291 fr.
1780 266 1805 291 2.
1831 264 1864 292 de
1882 264 1974 292 calum.

1133 307 1158 333 3.
1177 307 1201 332 6.

1168 348 1355 376 Accessio.
1383 349 1415 382 δ.
1429 350 1464 376 1.
1484 350 1651 383 Adiectio,
1670 352 1862 385 Ampliatio.
1882 350 1900 378 1.
1913 351 1975 386 Sy.

1134 390 1270 418 Accedere
1288 392 1414 429 (tempus.
1433 402 1458 418 v.
1472 394 1691 429 possessionem).
1719 393 1907 420 Accessioucm
1921 393 1977 420 dari

1135 435 1293 472 (temporiS‚
1312 444 1336 461 v.
1355 435 1562 471 possessionis).
1600 435 1657 463 Gai.
1676 435 1721 462 IV.
1747 438 1804 463 151.
1829 436 1858 463 sr.
1880 437 1920 464 19.
1944 435 1978 463 de

1135 487 1225 515 usurp.
1245 480 1286 505 41.
1305 479 1330 504 3.
1350 477 1380 504 fr.
1402 479 1441 504 15.
1461 478 1483 512 3'.
1504 480 1527 504 l.
1551 477 1584 505 de
1603 478 1654 505 div.
1674 484 1753 516 temp.
1773 489 1872 517 praesc.
1891 481 1934 506 44.
1951 480 1976 506 3.

1135 521 1166 548 ΙΙ.
1187 523 1254 555 Op.
1290 519 1354 547 Sive
1376 520 1558 558 principaliter
1581 521 1631 549 hoc
1655 523 1787 558 negotium
1812 527 1896 559 gerat⁷
1921 523 1979 549 sive

1136 564 1244 591 alterius
1263 564 1448 600 negotiationis
1467 564 1619 591 accessione
1637 570 1732 592 utatur.
1759 565 1791 592 fr.
1810 567 1834 592 4.
1854 565 1877 599 §.
1895 567 1920 592 2.
1945 564 1979 592 de

1136 607 1161 634 h.
1182 616 1224 643 qu.
1244 611 1298 633 not.
1318 606 1363 633 inf.
1382 607 1407 632 3.
1424 608 1449 633 2.
1486 606 1529 633 III.
1543 608 1609 634 Gn·
1639 607 1673 634 Et
1691 607 1741 635 hoc
1760 609 1846 646 ipsum
1864 612 1978 645 tempus,

1137 655 1163 676 et
1181 649 1253 686 quod
1270 649 1450 676 venditionem
1468 651 1656 687 praecesserit,
1681 655 1707 677 et
1729 651 1841 689 amplius
1860 651 1978 678 accessio

1137 692 1201 719 haec
1228 694 1251 719 ei
1275 692 1360 719 detur.
1393 692 1424 719 sr.
1443 694 1468 719 6.
1493 693 1515 727 ξ.
1537 694 1558 719 1.
1587 692 1620 719 (18
1644 692 1695 720 div.
1719 699 1798 732 temp.
1822 705 1862 732 pr.
1892 696 1934 721 44.
1952 695 1977 721 3.

1137 736 1265 762 Accessio
1284 737 1342 762 sine
1360 740 1453 762 nostro
1472 741 1591 773 tempore
1608 735 1685 762 nobis
1703 737 1832 774 prodesse
1850 747 1903 764 nou
1921 742 1979 775 pot-

1138 783 1186 805 est.
1213 778 1244 805 fr.
1266 780 1305 805 16.
1325 778 1360 805 ib.
1381 780 1422 805 44.
1441 780 1466 806 3.

1138 822 1176 848 tui
1195 822 1330 858 temporis
1358 820 1388 848 sr.
1410 823 1450 848 14.
1470 823 1492 856 §.
1510 824 1535 849 3.
1553 822 1587 849 ib.
1607 823 1649 849 44.
1667 824 1692 849 3.
1716 839 1750 843 --
1773 824 1804 858 ἓ.
1824 825 1860 851 8.
1890 825 1982 858 Quod

1138 866 1357 900 coniungitur
1379 866 1596 901 obligationi,
1622 868 1672 893 vel
1693 868 1744 892 rei
1772 867 1826 899 (ita
1844 871 1873 894 ut
1891 866 1980 894 condi-

1139 909 1236 934 tionem
1255 908 1312 933 eius
1331 908 1482 944 sequatur).
1518 908 1549 935 11.
1564 910 1628 942 Op.
1653 908 1810 946 Principalis
1828 919 1879 936 res.
1906 909 1979 937 Prin·

1140 949 1230 988 cipale.
1251 965 1283 970 -—
1303 949 1378 985 Quae
1392 952 1573 978 accessionum
1586 951 1673 978 locum
1686 952 1814 980 obtinent.
1843 953 1978 980 Accessit).

1497 779 1571 806 Meus
1590 779 1705 806 creditor
1723 785 1809 808 utetur
1828 781 1980 808 accessione

1116 1025 1119 1033 ι
1140 993 1197 1020 Gai.
1216 992 1259 1019 HI.
1280 994 1337 1019 126.
1356 992 1387 1020 sr.
1406 995 1431 1020 2.
1451 993 1484 1020 de
1502 993 1588 1031 pecul.
1608 993 1657 1030 leg.
1675 996 1717 1021 33.
1736 996 1761 1022 8.
1785 995 1816 1023 fr.
1836 997 1877 1023 19.
1896 995 1918 1030 ξ.
1939 996 1980 1022 13.

1140 1036 1173 1063 de
1192 1046 1254 1062 auro
1274 1045 1325 1072 arg.
1344 1037 1386 1063 34.
1406 1038 1430 1062 2.
1468 1036 1511 1063 111.
1531 1038 1597 1064 Gn.
1630 1037 1791 1070 Fideiussor,
1812 1043 1982 1075 caeteraeque

1141 1081 1316 1107 accessiones.
1339 1079 1371 1106 fr.
1389 1080 1431 1106 32.
1451 1079 1484 1106 de
1502 1079 1620 1106 fideiuss.
1638 1082 1680 1107 46.
1702 1082 1723 1107 1.
1750 1081 1781 1107 cf.
1801 1081 1832 1108 fr.
1851 1083 1893 1108 91.
1913 1081 1936 1115 ξ.
1955 1082 1981 1107 4.

1141 1123 1173 1150 de
1192 1122 1224 1150 V.
1245 1122 1278 1149 Ο.
1299 1124 1341 1149 45.
1362 1124 1384 1149 1.
1416 1122 1446 1150 fr.
1467 1124 1508 1149 44.
1532 1133 1572 1161 pr.
1596 1124 1618 1157 3.
1637 1125 1660 1150 4.
1685 1123 1718 1150 de
1741 1124 1775 1150 Ο.
1795 1129 1819 1151 et
1838 1124 1870 1151 A.
1894 1126 1937 1151 44.
1957 1126 1980 1150 7.

1140 1167 1310 1193 Aceessionis
1329 1165 1388 1192 loco
1407 1167 1569 1203 promittere.
1592 1166 1624 1193 fr.
1642 1167 1684 1193 34.
1708 1166 1741 1194 de
1759 1166 1877 1194 fideiuss.
1895 1168 1937 1194 46.
1957 1168 1980 1193 l.

1140 1210 1175 1236 Et
1193 1209 1428 1236 administrationis
1447 1214 1473 1235 et
1491 1210 1651 1236 accessionis
1670 1210 1726 1236 iure
1745 1211 1879 1236 conveniri
1892 1219 1981 1248 posse.

1141 1252 1172 1279 fr.
1191 1254 1233 1279 32,
1253 1253 1275 1286 3.
1296 1254 1319 1279 l.
1345 1252 1377 1279 (18
1395 1257 1455 1279 test.
1475 1257 1523 1279 tut.
1542 1253 1584 1278 26.
1603 1254 1628 1279 2.
1664 1252 1705 1279 Ex
1726 1262 1803 1279 causa
1821 1253 1982 1280 accessionis

1140 1295 1255 1322 liberari.
1275 1295 1306 1322 sr.
1325 1297 1349 1322 5.
1369 1306 1408 1333 pr.
1428 1295 1459 1323 fr.
1479 1297 1520 1322 71.
1539 1305 1578 1332 pr.
1603 1295 1636 1322 de
1654 1295 1773 1322 fideiuss.
1792 1297 1834 1322 46.
1854 1297 1878 1322 1.
1897 1294 1930 1322 cf.
1949 1295 1981 1322 fr.

1141 1340 1183 1365 43.
1202 1338 1235 1365 (18
1254 1338 1332 1365 solut.
1352 1340 1393 1365 46.
1413 1339 1437 1365 3.
1473 1337 1576 1376 Rapere
1599 1348 1689 1365 secum
1712 1339 1738 1365 in
1761 1339 1922 1366 accessionis
1945 1337 1982 1365 lo-

1142 1392 1208 1409 cum.
1238 1380 1269 1408 sr.
1288 1383 1312 1408 4.
1332 1391 1372 1418 pr.
1398 1380 1430 1407 de
1449 1391 1519 1419 penu
1537 1381 1587 1418 leg.
1605 1383 1647 1408 33.
1667 1382 1691 1408 9.
1727 1382 1898 1409 Accessionis
1924 1381 1983 1408 vice

1143 1424 1243 1452 cedere.
1272 1424 1302 1451 sr.
1321 1425 1364 1450 23.
1384 1424 1406 1458 3.
1427 1425 1449 1450 l.
1470 1423 1502 1451 dc
1520 1434 1583 1451 auro
1602 1434 1654 1461 arg.
1673 1425 1715 1451 34.
1733 1426 1759 1451 2.
1778 1440 1811 1444 -
1830 1424 1857 1459 §-
1871 1425 1909 1452 3.
1929 1426 1982 1452 In-

1142 1474 1347 1499 crementum,
1377 1468 1578 1494 Commodum
1602 1469 1841 1502 superveniens.
1881 1466 1900 1493 I.
1920 1467 1982 1501 Sy·

1144 1510 1225 1547 Quod
1243 1511 1363 1537 accessit.
1399 1509 1598 1537 lucrementum.
1630 1510 1662 1537 fr.
1681 1512 1705 1537 9.
1729 1510 1751 1544 ξ.
1771 1511 1795 1537 4.
1820 1509 1853 1537 (18
1871 1509 1938 1536 usus.
1958 1510 1981 1536 7.

1145 1556 1168 1581 l.
1188 1554 1220 1581 cf.
1239 1553 1311 1580 Paul.
1330 1552 1372 1580 III.
1392 1554 1416 1579 6.
1435 1553 1457 1587 3.
1476 1555 1518 1579 22.
1546 1553 1721 1589 Aug-mentum
1740 1554 1785 1580 rei.
1813 1552 1843 1580 fr.
1856 1554 1898 1579 32.
1917 1553 1940 1587 ξ.
1958 1554 1982 1579 l.

1145 1596 1177 1624 ad
1201 1596 1231 1624 L.
1251 1596 1320 1623 Falc.
1344 1597 1386 1622 35.
1409 1598 1434 1622 2.
1471 1595 1502 1623 II.
1523 1598 1590 1630 ⁰1).
1626 1596 1764 1623 Decessio.
1796 1595 1827 1623 fr.
1850 1597 1892 1622 28.
1916 1596 1938 1630 §.
1959 1597 1982 1622 1.

1146 1640 1178 1666 de
1204 1639 1321 1666 statulib.
1346 1640 1388 1665 40.
1414 1641 1437 1665 7.
1475 1639 1505 1665 fr.
1531 1640 1588 1665 178.
1612 1639 1634 1673 3.
1660 1641 1683 1666 1.
1711 1639 1744 1666 de
1766 1639 1798 1666 V.
1823 1638 1851 1666 S.
1874 1640 1916 1665 50.
1942 1639 1982 1665 16.

1144 1682 1187 1709 III.
1207 1684 1272 1710 Cn.
1302 1681 1406 1713 Partus.
1425 1681 1534 1714 fructus,
1553 1686 1579 1708 et
1597 1683 1771 1709 accessiones.
1798 1681 1829 1709 fr.
1841 1682 1883 1708 31.
1904 1681 1927 1716 ξ.
1940 1683 1983 1708 24.

1145 1725 1179 1752 (18
1196 1725 1262 1752 Aed.
1282 1724 1322 1751 ed.
1341 1726 1383 1751 21.
1404 1726 1426 1751 l.
1447 1724 1478 1751 cf.
1498 1724 1528 1751 fr.
1547 1726 1572 1751 2.
1591 1725 1614 1759 3.
1636 1727 1657 1751 1.
1677 1724 1710 1751 dc
1729 1726 1755 1751 in
1774 1724 1843 1751 diem
1862 1724 1922 1751 add.
1942 1725 1983 1751 18.

1145 1770 1169 1795 2.
1205 1767 1335 1801 Pretium,
1364 1769 1589 1804 accessionesque.
1625 1767 1654 1794 fr.
1672 1769 1714 1794 29.
1739 1768 1760 1802 3.
1779 1769 1803 1794 2.
1832 1767 1863 1794 fr.
1882 1769 1924 1794 31.
1943 1777 1983 1804 pr.

1122 1817 1124 1839 ἲ
1145 1812 1167 1846 3.
1187 1812 1211 1838 6.
1236 1810 1266 1838 sr.
1286 1813 1328 1837 45.
1352 1811 1385 1838 de
1403 1811 1469 1838 Aed.
1489 1811 1528 1838 ed.
1552 1813 1594 1837 21.
1616 1812 1638 1838 1.
1676 1810 1780 1846 Quanta
1802 1811 1913 1848 pecunia
1934 1819 1983 1847 pro

1146 1865 1176 1881 eo
1195 1854 1300 1881 homine
1319 1854 1417 1886 soluta,
1442 1854 1635 1881 accessionisve
1658 1854 1763 1880 nomine
1787 1853 1846 1880 data
1871 1854 1927 1880 erit.
1952 1852 1982 1879 fr.

1144 1900 1186 1924 25.
1206 1898 1228 1932 3.
1247 1898 1271 1924 9.
1296 1897 1327 1924 fr.
1345 1899 1387 1924 27.
1407 1897 1438 1924 fr.
1458 1899 1500 1924 45.
1519 1897 1554 1924 ib.
1573 1899 1614 1924 21.
1635 1898 1657 1923 l.
1694 1895 1822 1928 Pretium,
1847 1905 1905 1922 cum
1923 1904 1983 1921 usu—

1880 1937 1912 1965 cf.
1932 1937 1982 1965 Th.

1146 1984 1177 2011 C.
1196 1983 1239 2010 III.
1260 1984 1300 2010 19.
1320 1993 1341 2009 c.
1360 1984 1384 2009 4.
1404 1982 1437 2009 de
1455 1981 1520 2008 adm.
1540 1986 1566 2008 et
1583 1991 1638 2019 per.

1214 2027 1395 2053 Accessus
1414 2024 1550 2059 (Subst.).
1587 2025 1618 2059 §0
1638 2025 1673 2051 1.
1710 2026 1859 2056 Factum,
1878 2034 1901 2051 v.
1921 2025 1984 2051 Fa-

1145 2071 1272 2101 cultas,
1292 2070 1439 2095 adeundi.
1475 2067 1494 2094 I.
1515 2068 1576 2102 Sy.
1603 2067 1702 2094 Accedi
1720 2077 1809 2104 posse.
1839 2067 1984 2094 Accessum

1145 2111 1249 2138 habere.
1269 2111 1300 2138 cs.
1315 2121 1339 2138 v.
1353 2110 1494 2137 Accedere.
1519 2110 1540 2144 3.
1554 2112 1576 2137 l.
1600 2110 1705 2137 Aditus.
1725 2109 1757 2136 cf.
1771 2109 1796 2136 h.
1809 2120 1834 2137 v.
1862 2109 1904 2136 III.
1916 2110 1982 2137 Cn.

1146 2154 1242 2181 Aditus
1261 2163 1436 2190 accessusque
1454 2153 1500 2187 (ad
1517 2152 1616 2187 aedes).
1645 2153 1687 2180 Fr.
1707 2152 1738 2180 C.
1751 2153 1821 2180 Aelii
1840 2152 1909 2180 Galli
1927 2151 1982 2179 leti.

1147 2198 1197 2235 Ap.
1217 2196 1285 2224 Gell.
1304 2196 1375 2224 XVI.
1394 2199 1418 2223 5.
1446 2196 1538 2223 Arceri
1556 2197 1626 2223 omni
1644 2197 1750 2234 penitus
1772 2205 1880 2222 accessu
1897 2194 1985 2229 (urbis

1147 2240 1330 2273 venerabilis).
1368 2239 1418 2266 Tb.
1442 2238 1473 2266 C.
1498 2238 1568 2266 XIV.
1594 2241 1633 2265 ll.
1658 2249 1678 2265 c.
1700 2241 1722 2265 l.
1760 2238 1840 2274 Quib.
1864 2238 1984 2265 militant.

1149 2284 1181 2311 ad
1199 2283 1255 2310 urb.
1293 2282 1332 2309 Ne
1351 2284 1471 2319 cuiquam
1490 2292 1522 2309 ex
1541 2282 1640 2308 oriente
1664 2281 1696 2308 ad
1718 2281 1785 2307 hanc
1807 2282 1910 2318 imperii
1927 2290 1984 2319 par·

1149 2332 1201 2354 tem
1223 2331 1324 2364 pateret
1347 2335 1477 2352 accessus.
1514 2324 1552 2351 Π).
1571 2323 1627 2351 VII.
1653 2325 1693 2350 16.
1718 2333 1739 2350 c.
1760 2325 1782 2350 l.
1814 2323 1847 2351 de
1870 2324 1939 2351 litor.
1958 2327 1984 2349 et

1149 2371 1204 2397 itin.
1224 2374 1290 2396 cust.
1327 2368 1495 2405 Singulorum
1512 2366 1651 2403 graduum,
1671 2376 1738 2403 quos
1757 2367 1911 2399 meruerint,
1931 2375 1983 2392 non

1150 2422 1271 2450 negamus
1291 2420 1432 2439 accessum.
1462 2409 1500 2436 Ib.
1520 2409 1563 2436 VI.
1586 2411 1628 2436 27.
1652 2419 1674 2436 c.
1693 2410 1717 2436 4.
1746 2410 1768 2444 §-
1789 2411 1811 2436 1.
1840 2409 1873 2436 de
1899 2413 1982 2445 agent.

1150 2457 1176 2483 in
1194 2456 1248 2483 reb.
1268 2471 1301 2475 —-
1325 2455 1356 2489 §0
1376 2456 1411 2481 2.
1435 2454 1597 2484 Ace-cuia,
1617 2454 1865 2479 Incrementum.
1891 2450 1984 2486 [Sy.

1150 2499 1302 2535 Augmenta.
1338 2497 1499 2524 Incrementa
1522 2494 1648 2528 (honoris
1667 2496 1742 2529 etc.).
1778 2495 1816 2522 lb.
1840 2493 1856 2521 l.
1876 2493 1892 2521 1.
1918 2504 1939 2521 c.
1960 2495 1982 2520 7.

1151 2552 1171 2569 c.
1191 2543 1215 2568 9.
1239 2540 1282 2568 H.
1301 2542 1342 2567 35.
1363 2550 1384 2566 c.
1404 2541 1428 2565 5.
1448 2548 1469 2564 c.
1489 2539 1512 2565 7.
1532 2538 1565 2565 de
1583 2539 1650 2575 priv.
1669 2547 1722 2564 eor.
1742 2548 1784 2575 qu.
1803 2538 1829 2564 in
1849 2536 1876 2563 S.
1895 2536 1947 2574 pal..

1184 2584 1369 2612 Accidens
1383 2581 1509 2615 (Panic).
1532 2582 1668 2614 Quodex
1685 2582 1859 2615 inopinato
1873 2588 1982 2614 super-

1127 2642 1129 2665 ¹.
1152 2629 1252 2658 venit,
1271 2627 1476 2654 Fortuitnm?
1506 2623 1549 2650 ΠΙ.
1566 2625 1630 2652 Cn.
1654 2623 1736 2660 quue
1754 2633 1786 2650 ex
1805 2621 1982 2649 accidentibus

1150 2669 1264 2707 adparet.
1302 2668 1358 2695 Gai.
1377 2667 1420 2694 111.
1444 2668 1501 2693 146.
1538 2665 1632 2693 Vtrum
1655 2666 1686 2693 ab
1705 2666 1779 2692 initio
1798 2666 1873 2702 quasi
1891 2663 1982 2691 inutile

1150 2712 1242 2745 suerit,
1261 2722 1293 2738 an
1312 2721 1343 2738 ex
1362 2710 1489 2737 accidenti
1508 2714 1600 2747 postca
1618 2711 1645 2736 in
1663 2718 1722 2736 eum
1746 2718 1833 2735 casum
1851 2707 1982 2745 pervenis-

1151 2760 1200 2782 set.
1227 2754 1258 2782 fr.
1276 2756 1317 2781 51.
1337 2753 1368 2780 ad
1386 2751 1416 2780 Ε.
1435 2752 1505 2780 Falc.
1523 2754 1565 2779 35.
1584 2754 1608 2779 2.

1185 2797 1381 2825 Accidere.
1416 2796 1448 2831 ἓ.
1462 2797 1497 2823 1.
1527 2796 1742 2831 Contingere,
1761 2794 1859 2822 Fieri.
1887 2792 1906 2819 1.
1920 2793 1981 2827 Sy.
