2197 3121
270 192 334 223 988

271 275 314 300 23.
334 274 356 308 §.
378 275 400 300 l.
437 272 613 304 subtrahere,
641 272 770 303 vendere,
798 270 890 298 celare.
919 269 989 297 coll.
1013 268 1066 296 LL.
1086 268 1118 296 Μ.

272 316 344 344 ΧΙΥ.
363 318 388 342 2.
408 315 470 342 Ideo
490 325 574 341 emere
594 317 644 347 (sc.
664 314 779 346 servos.)
806 319 835 341 ut
854 313 987 340 venderet.
1009 312 1039 339 l'r.
1059 314 1119 338 203.

274 359 309 387 de
338 358 370 385 V.
390 358 418 385 S.
442 360 543 385 50.16.
580 357 704 385 Fructum
732 357 842 389 babere,
871 356 1004 383 vendendi
1034 360 1120 381 tamen

275 402 426 430 facultatem
450 411 501 427 nou
526 401 628 428 habere.
654 401 683 428 fr.
704 402 728 427 9.
752 401 773 434 §.
794 402 817 426 7.
842 399 873 426 cf.
894 400 915 433 ξ.
936 401 960 425 6.
985 398 1018 425 de
1038 398 1119 424 usust.

275 448 298 472 7.
321 448 342 472 l.
380 444 512 475 Donaudi,
532 449 557 470 et
571 443 711 475 vendendi,
730 448 756 469 et
770 442 931 469 concedendi
945 443 994 468 ius.
1015 440 1045 468 fr.
1062 442 1118 467 163.
1141 437 1143 476 i

275 488 309 515 de
328 487 359 515 R.
379 487 396 513 l.
417 489 458 513 50.
480 489 520 513 17.
558 486 680 513 Vendere
698 485 854 519 (fundum.)
875 490 900 511 ct
919 486 1038 522 recipere
1056 485 1121 521 (po-

274 532 369 563 mum.)
389 530 419 556 fr.
438 532 497 556 ⁴205.
524 529 556 556 de
575 529 606 556 V.
627 530 653 556 S.
679 532 720 555 50.
743 531 782 556 16.
820 528 890 564 Lege
913 528 1032 565 pignoris
1059 537 1121 553 ven-

276 575 346 601 dere.
368 573 398 599 fr.
417 574 458 599 89.
479 573 500 606 §.
521 574 544 599 4.
565 572 597 599 de
616 572 691 608 legat.
706 572 734 599 11.
755 572 823 605 (31.)
860 571 887 597 ln
907 581 992 597 assem
1004 569 1121 596 vendere

276 616 430 650 (fundum.)
450 616 480 642 fr.
500 617 524 642 9.
545 626 583 652 pr.
603 616 654 651 Qu.
675 614 744 642 mod.
769 616 838 652 pign.
858 616 900 640 20.
920 615 944 640 6.
981 613 1024 640 Ius
1044 622 1120 639 suum

274 659 428 686 vendidisse
446 658 565 691 (videri.)
587 658 615 684 st.
635 660 677 684 32.
697 668 736 695 pr.
756 657 788 684 de
807 656 839 683 N.
854 656 887 684 G.
905 658 928 683 3.
943 658 966 683 5.
995 655 1120 687 Pretium,
1142 653 1143 672 l

275 703 366 740 quanti
386 711 444 730 eum
463 703 512 734 (sc.
533 701 676 733 hominem)
694 699 849 727 venditurus
868 700 924 726 suit.
944 699 974 726 t'r.
989 701 1029 726 14.
1042 700 1063 733 §.
1080 701 1120 725 11.

275 746 328 781 Qu.
357 749 418 771 met.
444 754 465 770 c.
490 746 514 770 4.
538 746 562 770 2.
592 743 652 781 ΠΡ.
676 743 706 770 ll.
732 745 771 770 11.
801 742 858 769 Gai.
878 742 908 769 11.
927 744 986 769 262.
1005 743 1066 768 265.
1089 758 1118 762 ——

275 789 306 822 ξ.
327 789 362 814 2.
391 789 452 814 Per
472 797 523 814 aes
541 793 569 814 et
589 789 706 813 libram
727 788 883 813 alienare.
920 785 939 812 I.
960 787 1022 820 Sy.
1050 784 1121 812 Man-

276 832 372 869 cipare,
391 829 521 867 Mancipio
541 829 610 856 dare.
631 829 672 856 Cf.
696 840 720 856 v.
744 829 901 866 Mancipare.
921 829 943 862 §.
964 830 986 855 1.
1024 827 1121 854 Redhi·

274 874 339 901 bere
358 873 507 907 (servum.)
530 872 561 899 sr.
582 874 605 899 7.
629 873 650 907 ξ.
670 874 694 899 4.
717 882 767 909 pro
787 877 846 898 cmt.
866 873 908 898 41.
929 873 952 897 4.
974 888 1004 892 —
1029 872 1061 905 §.
1082 872 1120 897 ³.

275 918 482 944 Licieationi
509 917 677 942 subiicere.
718 915 764 942 ΙΙΙ.
784 916 851 942 Cn.
878 914 1053 952 Imperatores
1082 924 1142 951 ca*

275 961 365 998 ptivos
383 958 497 985 vendere
519 974 552 978 -
576 958 671 984 solent.
696 957 726 985 fr.
746 960 806 985 239.
831 958 852 992 ξ.
874 960 896 984 l.
922 958 954 984 de
973 957 1004 984 V.
1025 958 1053 984 S.
1077 959 1118 983 50.

277 1004 318 1030 16.
363 1002 437 1028 Bona
467 1011 557 1028 eorum
584 1017 616 1020 —
645 1002 767 1028 universa
799 1001 914 1028 vendere
942 1000 1118 1027 creditoribus

276 1045 386 1072 Praetor
405 1046 541 1082 permittit.
562 1044 618 1071 Gai.
638 1044 680 1071 Ill.
700 1046 742 1071 84.
762 1060 794 1064 --
814 1045 844 1078 ἕ.
867 1046 904 1071 4.
925 1046 1038 1071 Pretio
1056 1053 1120 1070 cor·
1140 1063 1141 1075 ,

277 1095 405 1123 ruptus,
440 1089 611 1114 concedere
644 1098 665 1114 v.
688 1089 890 1122 promittere.
932 1086 974 1113 Ill.
996 1088 1061 1114 Gn.
1090 1079 1141 1111 Si'

276 1133 330 1169 qui,
351 1131 384 1157 de
403 1130 498 1157 iudicis
517 1131 638 1156 amicitiis
658 1146 690 1150 -—
710 1132 875 1161 mentientes,
896 1135 1003 1156 eventus
1017 1134 1121 1155 seuten-

276 1176 369 1201 tiarum
390 1175 446 1200 eius
465 1173 591 1199 vendunt.
612 1172 684 1200 Paul.
706 1173 736 1200 V.
755 1175 797 1199 25.
817 1174 839 1207 ξ.
861 1174 900 1199 13.
927 1173 956 1199 t'r.
977 1174 1017 1198 15.
1038 1172 1059 1205 ξ.
1078 1172 1119 1197 30.
1143 1180 1145 1196 ι

276 1217 309 1245 de
327 1218 403 1244 iniur.
422 1218 463 1244 47.
484 1218 524 1243 10.

310 1260 533 1287 Vendibilis.
558 1259 688 1293 (Adiect.)
718 1261 935 1293 corruptelae
954 1259 1120 1285 obnoxius.
1143 1291 1145 1298 Ι

277 1303 295 1331 1.
315 1304 377 1338 Sy.
397 1302 505 1329 Venalis
529 1301 671 1340 (perfidia,
690 1312 714 1329 v.
735 1302 926 1335 conniventia.)
953 1300 1002 1327 Th.
1024 1300 1055 1327 C.
1075 1300 1120 1326 IX.

277 1348 318 1373 40.
339 1356 359 1372 c.
382 1347 421 1372 14.
441 1355 480 1382 sq.
502 1345 534 1371 dc
553 1355 630 1382 poen.

311 1389 538 1416 vendicare·
576 1388 617 1415 Cf.
638 1387 787 1415 Vindicare.

312 1432 533 1458 venditare.
570 1434 699 1458 Passim
724 1433 862 1457 vendere.
901 1432 1013 1457 Pretio
1037 1439 1120 1456 acce-

274 1480 346 1509 pto,
368 1476 562 1508 promittere
586 1473 725 1507 (illicitum
745 1473 833 1510 quid.)
871 1473 890 1500 l.
912 1474 973 1508 Sy.
997 1472 1119 1499 Vendere
1140 1496 1141 1502 ,

277 1518 412 1551 (eventum
431 1518 576 1542 sententiae
595 1516 712 1550 iudiciS.)
732 1516 763 1543 fr.
779 1517 911 1551 15.§.30.
932 1516 965 1542 de
986 1517 1062 1542 iniur.
1076 1517 1118 1542 47.

278 1562 318 1586 10.
338 1558 409 1585 Paul.
429 1558 460 1585 v.
479 1561 521 1586 25.
542 1560 563 1593 ς.
584 1561 624 1586 13.

311 1602 499 1629 venditio.
540 1603 571 1636 §.
592 1604 626 1629 l.
652 1604 822 1630 Alienatio
846 1604 1010 1637 quaelibet
1034 1603 1119 1628 iuris

276 1647 390 1673 nostri.
427 1644 445 1671 Ι.
458 1646 520 1679 Sy.
539 1645 680 1672 Alienatio.
701 1645 732 1672 fr.
746 1647 769 1672 8.
789 1646 810 1679 §.
828 1647 866 1672 ll.
887 1646 939 1681 Qu.
959 1644 1029 1671 mod.
1048 1645 1118 1681 pign.

276 1691 318 1716 20.
338 1690 362 1715 6.
383 1688 412 1715 fr.
431 1689 473 1714 29.
494 1689 515 1722 ξ.
537 1690 559 1714 l.
579 1688 612 1715 de
630 1688 748 1715 statulib.
771 1690 813 1715 40.
834 1690 856 1715 7.
878 1704 908 1709 -
934 1689 964 1722 §.
980 1690 1015 1714 2.
1036 1690 1118 1714 Alie-

277 1734 369 1759 natio
392 1741 510 1763 rerum,
535 1741 614 1766 quae
634 1734 743 1766 pretio
769 1734 953 1758 nummario
979 1734 1118 1757 interve-

277 1777 383 1802 niente
405 1776 591 1809 peragitur.
628 1774 647 1801 1.
668 1776 729 1809 Sy.
754 1774 878 1801 Alienare
901 1784 963 1801 rem.
983 1773 1119 1800 Venditio-

277 1819 319 1844 nis
338 1828 415 1844 causa
433 1827 516 1853 agere.
536 1817 566 1844 fr.
588 1819 610 1843 l.
631 1818 652 1851 §.
674 1819 696 1844 l.
721 1817 754 1844 de
777 1818 820 1844 off.
842 1817 915 1844 Pron.
937 1817 1012 1844 Caes.
1035 1819 1056 1844 l.
1079 1818 1117 1843 19,
1140 1825 1141 1852 ζ

277 1860 319 1887 111.
338 1862 404 1888 Gn.
427 1859 557 1891 Tradere,
581 1861 638 1887 sive
657 1871 689 1887 ex
707 1860 868 1887 venditionis
892 1870 968 1886 causa
989 1865 1036 1886 etc.
1062 1860 1118 1886 Gai.

277 1903 309 1930 ll.
327 1905 368 1929 20.
388 1913 409 1929 c.
433 1905 470 1929 12.
491 1902 523 1929 de
542 1902 566 1929 h.
587 1913 629 1940 qu.
649 1904 683 1930 vi.
709 1906 733 1930 2.
752 1906 794 1929 20.
831 1903 981 1939 Imaginaria
1001 1903 1118 1929 venditio

279 1948 348 1980 (non
371 1950 423 1976 est,
452 1947 536 1982 pretio
561 1946 726 1980 accedente.)
756 1946 785 1973 fr.
807 1948 846 1972 16.
875 1946 908 1972 de
927 1946 958 1972 R.
979 1945 996 1972 I.
1017 1947 1058 1972 50.
1079 1947 1119 1972 17.

277 1988 463 2016 venditionem
483 1988 566 2015 l'accre
586 1992 688 2020 (reruni
707 1989 826 2027 pupilli.)
846 1989 876 2016 sr.
895 1991 936 2016 56.
957 1989 989 2015 de
1008 1988 1074 2015 adm.
1095 1993 1119 2014 et

278 2033 358 2070 peric.
377 2033 419 2057 26.
440 2033 462 2057 7.
483 2047 515 2050 —
535 2032 565 2064 §.
581 2033 665 2058 2.A.
687 2034 885 2059 Contractus
904 2033 971 2069 (qui.
991 2032 1119 2058 eiusmodi

279 2075 444 2102 alienationis
464 2073 635 2101 celebrandae
661 2085 752 2102 causa.
775 2075 834 2101 solo
859 2084 992 2101 consensu
1016 2075 1120 2112 perlici-

279 2121 343 2151 tur.)
379 2117 397 2144 l.
415 2118 477 2152 Sy.
499 2117 586 2144 Emtio
605 2118 729 2144 venditio.
749 2119 836 2145 Emtio
856 2118 898 2154 (p.
918 2119 972 2150 se.)
994 2117 1118 2144 Venditio

279 2162 317 2198 (p.
337 2161 387 2192 sc.)
407 2159 437 2186 Γπ.
459 2162 481 2186 1.
500 2161 521 2194 §.
542 2162 565 2187 4.
585 2160 616 2187 sr.
636 2163 659 2187 7.
679 2161 700 2194 §.
723 2162 743 2187 l.
769 2160 800 2187 de.
824 2165 891 2197 pact.
910 2162 934 2187 2.
962 2163 1001 2187 14.
1027 2161 1056 2188 l'r.
1078 2162 1118 2187 19.

278 2213 317 2240 sq.
339 2203 371 2229 de
389 2204 420 2229 A.
440 2203 470 2230 E.
490 2203 521 2229 V.
543 2205 583 2230 19.
604 2205 626 2230 l.
663 2203 706 2230 III.
721 2205 787 2231 Gn.
808 2203 948 2230 Consensu
968 2204 1035 2230 fiunt
1054 2203 1119 2230 obli-

279 2247 397 2283 gationes
421 2247 447 2272 in
473 2246 631 2273 emtionibus
656 2251 682 2273 et
706 2246 917 2277 venditionibuS,
942 2245 1118 2273 locationibus

279 2289 498 2316 conductionibus
517 2294 565 2315 etc.
590 2289 646 2316 Gai.
667 2289 708 2316 lll.
729 2291 786 2316 135.
813 2289 843 2316 fr.
864 2291 886 2315 7.
911 2289 933 2322 §.
955 2290 976 2314 1.
998 2288 1013 2314 l.
1033 2292 1056 2316 2.
1078 2291 1117 2315 14.

279 2332 343 2359 Sive
365 2333 391 2358 in
415 2333 474 2368 ipso
494 2333 598 2368 negotio
617 2332 778 2359 venditionis
803 2331 917 2368 gerendo
941 2333 1118 2364 convenisset,

279 2377 337 2402 sive
355 2380 455 2412 postea.
475 2374 503 2401 sr.
522 2376 564 2401 31.
584 2375 618 2401 ib.
638 2377 662 2401 2.
685 2377 724 2401 14.
761 2374 815 2401 Lex
839 2374 1008 2401 venditionis
1033 2374 1074 2401 Cf.
1094 2385 1117 2401 v.

280 2417 343 2445 Lex.
357 2419 378 2452 ξ.
394 2420 418 2445 8.
454 2417 597 2449 Recedcre,
616 2428 637 2444 s.
653 2418 806 2449 Discedere,
827 2428 839 2443 a
853 2417 1012 2444 venditione.
1033 2417 1062 2443 l'r.
1077 2418 1118 2444 58.

280 2461 316 2488 ib.
335 2464 359 2488 2.
381 2463 420 2488 14.
446 2460 474 2487 fr.
497 2461 535 2487 18.
565 2460 597 2487 de
625 2462 650 2487 in
679 2460 747 2487 diem
776 2460 834 2487 add.
856 2462 894 2487 18.
914 2463 938 2487 2.
963 2475 996 2479 —
1026 2461 1057 2494 ᾖ.
1082 2461 1118 2487 3.
1140 2456 1142 2467 ¹

282 2506 496 2538 Mane-{patim
532 2503 551 2530 1.
571 2505 632 2538 Sy.
655 2503 821 2540 mancipatio.
846 2503 887 2530 Cf.
908 2503 932 2530 h.
952 2513 976 2529 v.
1000 2503 1022 2536 §
1044 2505 1065 2529 1.
1086 2517 1119 2522 -
1141 2518 1142 2521 =

281 2547 312 2580 δ.
327 2549 366 2574 4.
387 2549 503 2574 Auctio
517 2549 656 2582 publica.
694 2546 737 2572 lll.
755 2547 821 2574 Cn.
840 2545 899 2572 Non
913 2556 961 2572 suo
980 2547 1053 2578 vitio,
1073 2545 1119 2572 sed

281 2591 438 2617 necessitate
462 2591 538 2621 iuriS,
566 2590 694 2616 bonorum
718 2588 895 2615 venditionem
920 2589 981 2626 pati.
1006 2588 1062 2615 Gai.
1088 2588 1119 2614 II.

283 2633 340 2658 15-1.
360 2643 398 2669 sq.
423 2632 465 2660 lll.
485 2634 524 2659 79.
546 2632 578 2659 cs.
602 2633 632 2659 fr.
655 2634 675 2658 1.
700 2632 733 2659 de
756 2631 787 2658 N.
808 2632 839 2658 G.
859 2633 882 2658 3.
907 2633 930 2658 5.
967 2631 1119 2667 Ignominia,

282 2685 348 2712 quae
370 2675 470 2702 accedit
493 2685 525 2702 ex
547 2675 699 2702 venditione.
722 2675 858 2701 bonorum.
882 2673 938 2700 Gai.
960 2674 988 2700 ll.
1010 2676 1066 2701 154.
1086 2691 1119 2694 —
1141 2679 1143 2692 t

282 2718 314 2752 ᾗ.
332 2717 369 2744 5.
395 2720 597 2745 Nundinatio
622 2720 756 2745 illicita.
797 2717 839 2744 111.
860 2718 926 2745 Gn.
951 2716 1118 2744 Venditionis

283 2760 363 2787 officii
382 2759 467 2786 locum
485 2761 662 2788 introductum
681 2771 748 2787 esse.
769 2771 789 2787 c.
806 2762 844 2787 15.
864 2759 896 2786 de
909 2769 983 2796 prox.
998 2760 1024 2786 S.
1039 2761 1117 2786 scrin.

285 2805 324 2829 12.
340 2804 379 2829 19.
393 2818 424 2822 —
444 2802 475 2835 ξ.
489 2805 526 2830 6.
546 2806 606 2831 Res
625 2806 764 2831 vendita.
800 2802 842 2829 III.
859 2804 925 2830 Cn.
944 2802 1117 2829 Commodum

285 2850 311 2873 et
336 2844 528 2873 incommodum
551 2856 627 2874 omne
650 2846 681 2874 ad
701 2851 834 2873 auctorem
864 2862 893 2866 -
921 2847 1049 2883 pertinet,
1075 2856 1117 2872 an-

1090 186 1190 217 VEN.

1165 273 1269 304 tequam
1288 266 1405 294 venditio
1425 266 1604 294 transferatur.
1624 267 1655 294 fr.
1677 269 1716 295 11.
1737 268 1759 302 §.
1780 269 1820 294 10.
1843 267 1894 303 Qu.
1914 269 1940 296 vi
1961 273 2006 295 aut

1165 311 1198 337 cl.
1217 312 1259 337 43.
1278 311 1320 336 2⁴.

1199 354 1395 380 Venditor·
1420 353 1631 380 Vendssrix.
1676 355 1750 387 Qui,
1778 364 1910 388 quaeve,
1932 356 2006 381 alie-

1165 398 1256 423 navit
1276 398 1420 431 aliquid,
1440 398 1624 423 venditione
1642 399 1816 424 celebrata.
1852 396 1872 423 1.
1889 398 1952 431 Sy.
1971 396 2006 429 Is,

1165 440 1210 476 qui
1229 438 1355 465 vendidit.
1376 437 1514 465 venditor.
1534 438 1564 465 t'r.
1587 441 1626 465 10.
1650 440 1672 473 §.
1696 441 1717 466 l.
1743 439 1776 466 de
1800 440 1826 466 in
1845 441 1886 466 ius
1905 449 1962 466 voc.
1981 441 2005 466 2.

1165 484 1188 509 4.
1225 481 1328 514 Mulier,
1349 491 1414 518 quae
1427 481 1554 508 vendidit.
1575 480 1721 508 Venditrix.
1742 482 1772 509 l'r.
1786 484 1810 508 8.
1825 482 1857 509 de
1870 482 1898 509 L.
1914 492 2006 509 comm.

1167 525 1205 551 18.
1224 526 1249 551 3.
1273 535 1294 551 c.
1313 527 1338 552 2.
1363 524 1395 551 de
1419 524 1538 551 fideiuss.
1562 525 1622 551 min.
1642 527 1665 552 2.
1685 527 1727 552 24.
1764 525 1794 552 ll.
1815 527 1882 559 Op.
1906 525 2005 552 Emtor.

1165 567 1206 595 Cf.
1226 567 1251 594 h.
1271 577 1295 594 v.
1319 568 1341 602 §.
1361 570 1385 594 2.
1422 567 1463 594 lll.
1486 568 1551 595 Cn.
1578 566 1718 600 Venditor,
1742 573 1767 595 ct
1787 570 1831 605 qui
1851 568 1955 595 locavit.
1975 567 2006 594 fr.

1165 612 1207 637 39.
1227 609 1259 636 de
1278 615 1344 648 pact.
1363 612 1388 637 2.
1409 612 1449 637 14.
1486 610 1567 646 Quod
1591 610 1675 638 adhuc
1699 612 1726 638 in
1749 611 1866 638 dominio
1888 610 2007 637 vendito·

1166 654 1202 680 ris
1221 658 1316 679 manet.
1335 653 1364 680 fr.
1384 655 1425 680 67.
1445 663 1484 689 pr.
1505 653 1538 679 de
1556 652 1588 680 V.
1603 653 1629 682 S.
1649 656 1691 680 50.
1707 656 1747 680 16.
1784 653 1931 681 Venditrici
1949 663 2008 680 suc-

1166 696 1262 723 cedens
1290 695 1465 729 (hereditario
1495 696 1577 730 iure.)
1605 706 1627 723 c.
1645 698 1670 723 3.
1698 696 1731 723 de
1762 697 1816 724 reb.
1840 696 1873 724 al.
1897 706 1950 723 non
1973 695 2005 722 al.

1164 741 1188 766 4.
1209 741 1251 765 51.

1199 782 1414 809 venditum.
1440 781 1563 816 (Partic.)
1591 783 1749 810 Venditio.
1785 782 1829 809 111.
1849 784 1916 810 Cn.
1935 782 2007 809 Con·

1165 830 1263 851 tractus
1284 824 1397 861 quidam,
1417 841 1448 844 —
1468 824 1625 857 mandatum,
1646 825 1851 858 commodatum,
1870 825 2006 852 venditum

1165 873 1214 895 etc.
1240 867 1271 894 sr.
1290 870 1331 894 23.
1356 867 1389 894 de
1411 867 1443 894 R.
1463 867 1480 894 1.
1505 870 1546 894 50.
1567 870 1607 895 17.
1645 868 1735 895 Bonae
1759 868 1821 895 {idei
1844 868 1953 894 iudicia:
1971 882 2006 887 —

1165 921 1197 938 ex
1216 916 1285 937 emto
1304 911 1421 943 vendito,
1441 910 1527 937 locato
1547 911 1678 938 conducto
1699 917 1748 938 etc.
1769 911 1825 938 Gai.
1845 910 1889 938 IV.
1907 912 1948 937 62.
1967 910 2008 938 Iu-

1164 954 1233 981 dicio
1253 954 1365 987 venditi,
1385 964 1406 981 s.
1426 954 1465 980 Ex
1483 953 1604 986 vendito,
1628 965 1711 991 agere.
1736 954 1820 981 Vatie.
1839 954 1876 988 ἓξ.
1895 955 1954 980 314.
1974 953 2006 980 fr.

1163 999 1205 1024 42.
1225 997 1247 1030 §.
1267 999 1291 1023 2.
1312 997 1344 1023 de
1364 1007 1468 1035 procur.
1487 999 1512 1022 3.
1531 998 1556 1023 3.

1197 1041 1445 1067 Venefieium.
1482 1041 1609 1066 Crimen
1629 1043 1856 1076 veneficorum.
1880 1040 1924 1067 III.
1939 1041 2006 1068 Cn.

1165 1082 1271 1109 Scelera
1290 1083 1416 1114 saeviora,
1437 1098 1467 1103 --
1487 1083 1638 1115 maiestatis,
1658 1083 1805 1115 homicidii,
1824 1084 2007 1120 veneficiiquc,

1142 1133 1143 1141 ¹
1165 1136 1194 1152 ac
1214 1125 1402 1152 maleficiorum
1421 1126 1506 1162 stupri
1526 1130 1574 1152 cte.
1595 1125 1644 1152 Th.
1664 1125 1694 1153 C.
1714 1126 1758 1153 lx.
1777 1127 1820 1153 38.
1840 1137 1861 1153 c.
1876 1128 1898 1153 Τ.
1918 1126 1951 1154 de
1969 1127 2007 1153 in-

1166 1168 1235 1205 dulg.
1257 1170 1328 1195 crim.
1347 1168 1393 1195 XI.
1412 1170 1454 1194 36.
1475 1178 1496 1195 c.
1518 1170 1539 1194 l.
1561 1168 1644 1204 Quor.
1663 1169 1720 1206 adp.
1740 1179 1765 1195 n.
1785 1180 1836 1196 rec.

1200 1212 1414 1240 Veneficus.
1443 1211 1568 1245 (Subst.)
1600 1213 1663 1245 Qui
1686 1214 1781 1239 malis
1799 1215 2007 1240 medicamen-

1166 1258 1223 1288 tis,
1243 1262 1299 1282 αιιι
1319 1256 1618 1286 incantationibus,
1637 1256 1775 1281 exitium
1793 1262 1892 1288 parat
1915 1258 2008 1283 vitae

1165 1301 1335 1325 hominum.
1382 1297 1423 1324 lll.
1444 1298 1510 1324 011.
1538 1296 1670 1329 Venetici,
1700 1296 1857 1330 homicidae,
1886 1298 2006 1326 adulteri.

1166 1341 1215 1368 Th.
1236 1341 1267 1368 C.
1288 1341 1304 1368 l.
1324 1341 1341 1368 l.
1361 1340 1492 1372 venefici,
1512 1356 1543 1360 —
1569 1341 1613 1377 qui
1636 1340 1737 1367 artibus
1757 1340 1870 1373 odiosis,
1894 1346 1946 1368 tam
1964 1351 2007 1368 ve—

1164 1386 1240 1411 nenis
1259 1394 1336 1421 quam
1355 1385 1472 1410 susurris
1491 1384 1610 1419 magicis,
1629 1382 1749 1410 homines
1768 1383 1920 1411 occiderint.
1939 1385 1961 1418 §.
1981 1387 2005 1410 5.

1164 1428 1182 1455 I.
1202 1428 1235 1455 de
1253 1427 1314 1465 pub.
1334 1427 1387 1454 iud.
1407 1429 1430 1453 4.
1452 1427 1492 1453 18.
1511 1426 1541 1453 11:
1561 1426 1685 1453 Cornelia
1705 1426 1738 1453 de
1760 1427 1862 1453 sicariis
1886 1431 1911 1454 et
1929 1437 2007 1454 vene-

1140 1473 1141 1481 *
1163 1471 1222 1497 ficis
1242 1470 1294 1505 [al.
1314 1470 1474 1503 veneficiis]
1504 1469 1533 1496 fr.
1554 1472 1576 1496 1.
1597 1480 1635 1507 pr.
1664 1470 1694 1496 fr.
1713 1472 1737 1496 3.
1761 1480 1800 1507 pr.
1829 1470 1851 1503 §.
1870 1471 1893 1496 5.
1922 1469 1954 1497 ad
1976 1469 2005 1497 L.

1164 1514 1245 1541 Corn.
1265 1513 1297 1540 de
1316 1515 1363 1540 sic.
1381 1515 1422 1540 48.
1443 1514 1466 1540 8.

1198 1557 1448 1584 venenarius.
1468 1555 1585 1588 (Subst.)
1611 1558 1673 1589 Qui
1697 1566 1816 1582 venena
1839 1562 1953 1590 parat,
1978 1563 2007 1584 et

1164 1602 1283 1627 miscet.
1319 1599 1362 1626 lIl.
1377 1600 1443 1626 Gn.
1467 1598 1609 1625 Venenarii
1633 1600 1718 1636 capite
1741 1599 1867 1637 puniendi
1885 1604 1955 1626 sunt.
1974 1599 2005 1626 fr.

1163 1645 1204 1670 28.
1225 1643 1246 1677 §.
1267 1645 1290 1669 9.
1311 1642 1343 1669 de
1363 1652 1440 1680 poen.
1460 1644 1501 1669 48.
1522 1644 1562 1669 19.

1197 1688 1428 1714 venenatus.
1448 1685 1568 1718 (Pax-tic.)
1592 1686 1712 1712 Veneno
1731 1687 1861 1712 tinctus.
1879 1685 1924 1712 III.
1939 1686 2006 1713 Gn.

1163 1729 1243 1756 Velut
1261 1733 1417 1755 venenatum
1437 1728 1569 1765 quoddam
1592 1727 1674 1754 telum
1697 1729 1814 1755 iniicere.
1839 1728 1888 1755 Th.
1909 1728 1940 1755 C.
1959 1727 2004 1756 IX.

1161 1774 1203 1799 34.
1223 1783 1245 1799 c.
1266 1774 1305 1799 10.
1326 1772 1359 1798 de
1378 1771 1469 1798 samos,
1489 1771 1572 1798 libell.

1197 1817 1405 1843 Venenum.
1443 1815 1473 1848 §0
1489 1816 1523 1841 1.
1542 1816 1815 1841 'Medic-amentum
1834 1817 2004 1849 qualecun-

1163 1869 1226 1894 que.
1262 1858 1281 1885 Ι.
1302 1859 1363 1892 Sy.
1383 1856 1443 1884 Non
1462 1857 1570 1889 malum,
1590 1867 1610 1884 s.
1630 1857 1745 1889 Bonum,
1763 1867 1899 1884 venenum.
1925 1857 2006 1884 Medi-

1164 1906 1316 1928 camentum.
1337 1901 1367 1927 fr.
1386 1902 1411 1927 3.
1430 1901 1451 1934 ξ.
1471 1903 1496 1927 2.
1516 1900 1549 1927 ad
1568 1899 1597 1927 L.
1618 1900 1698 1927 Corn.
1723 1900 1755 1927 de
1774 1901 1849 1927 sicar.
1868 1902 1910 1927 48.
1929 1901 1953 1927 8.
1973 1899 2004 1928 sr-

1162 1946 1222 1971 236.
1241 1955 1280 1982 pr.
1301 1943 1332 1970 de
1353 1943 1383 1970 V.
1403 1943 1430 1970 S.
1451 1945 1492 1970 50.
1514 1945 1552 1970 16.
1574 1960 1603 1964 —
1628 1944 1659 1977 ξ.
1681 1945 1716 1971 2.
1737 1945 2005 1971 Medicamentum

1164 1990 1302 2015 noxium.
1344 1986 1374 2014 Il.
1401 1988 1468 2020 ΟΡ.
1492 1986 1630 2013 Venenum
1656 1986 1758 2013 malum.
1784 2001 1816 2006 —
1839 1986 2004 2019 Antidotum,

1164 2036 1189 2057 et
1208 2030 1256 2057 alia
1277 2030 1402 2067 quaedam
1421 2029 1536 2056 salubria
1556 2029 1752 2056 medicamenta.
1773 2029 1803 2057 fr.
1822 2032 1864 2057 35.
1883 2030 1904 2063 §.
1924 2032 1948 2056 2.
1969 2028 2002 2055 de

1164 2079 1246 2101 contr.
1267 2078 1326 2100 emt.
1348 2075 1386 2099 18.
1410 2075 1429 2100 1.
1467 2072 1616 2105 Venenum,
1640 2083 1688 2110 pro
1706 2072 1910 2104 medicamento,
1932 2071 2002 2098 dare.

1163 2117 1193 2144 fr.
1214 2119 1236 2144 7.
1256 2117 1278 2151 ξ.
1298 2118 1322 2143 6.
1346 2116 1378 2143 ad
1397 2115 1426 2142 L.
1449 2116 1519 2152 Aqu.
1539 2118 1562 2142 9.
1581 2118 1606 2143 2.
1644 2116 1686 2142 111.
1707 2117 1773 2144 Cn.
1800 2115 1896 2142 Malum
1924 2124 2003 2141 vene-

1162 2170 1232 2187 num.
1251 2159 1281 2186 L.
1300 2159 1350 2186 XII
1370 2159 1453 2185 Tabb.
1475 2158 1541 2185 thl.
1560 2160 1602 2186 25.
1639 2158 1856 2186 Medicamentum
1869 2156 1946 2183 alicui
1965 2158 2002 2184 in-

1163 2203 1280 2234 fundere,
1301 2218 1331 2223 -—
1351 2202 1393 2228 vel
1414 2212 1471 2229 eum
1495 2212 1592 2238 ungere
1615 2201 1683 2228 malo
1706 2211 1815 2228 veneno.
1839 2200 1869 2227 fr.
1888 2201 1912 2227 9.
1936 2200 1957 2234 §.
1978 2202 2001 2227 1.

1163 2245 1194 2272 ad
1213 2245 1242 2272 L.
1262 2245 1330 2281 Aqu.
1351 2246 1375 2271 9.
1393 2246 1418 2271 2.
1438 2244 1468 2271 fr.
1489 2246 1512 2271 1.
1531 2245 1568 2278 ἐξ.
1589 2246 1629 2271 18.
1649 2255 1689 2281 sq.
1711 2246 1753 2270 21.
1777 2243 1809 2270 de
1828 2242 1893 2269 S.C.
1919 2242 2001 2270 Silan.

1161 2291 1203 2316 29.
1223 2291 1247 2315 5.
1285 2287 1434 2319 Venenum,
1458 2287 1569 2314 necandi
1592 2287 1705 2314 hominis
1729 2295 1818 2314 causa,
1838 2286 1935 2318 facere,
1958 2285 2002 2312 vel

1163 2331 1289 2363 vendere,
1317 2330 1359 2357 vel
1387 2330 1490 2357 habere.
1520 2330 1549 2357 sr.
1568 2332 1592 2357 3.
1612 2340 1651 2367 pr.
1679 2330 1700 2363 ξ.
1721 2331 1742 2356 1.
1762 2328 1794 2355 ad
1817 2328 1846 2355 L.
1868 2328 1948 2355 Corn.
1968 2328 2001 2355 de

1162 2376 1238 2401 sicar.
1258 2376 1299 2400 48.
1319 2376 1342 2400 8.
1380 2373 1474 2400 Noxiis
1501 2374 1618 2410 quaesita
1643 2371 1815 2409 graminibu5‚
1844 2387 1876 2391 —
1904 2372 2000 2398 mentis

1163 2422 1188 2443 et
1216 2418 1336 2454 corporis
1363 2426 1462 2443 venena
1491 2425 1654 2454 componere.
1683 2414 1732 2441 Th.
1754 2414 1784 2440 C.
1809 2413 1852 2441 IX.
1871 2415 1914 2441 38.
1935 2424 1955 2441 c.
1974 2415 1999 2440 6.

1164 2460 1194 2486 ct.
1216 2471 1236 2486 c.
1256 2462 1279 2486 4.
1307 2459 1339 2486 de
1367 2459 1465 2496 indulg.
1495 2461 1565 2486 crim.
1593 2473 1625 2477 —
1663 2458 1693 2490 ξ.
1714 2459 1751 2484 3.
1781 2459 1912 2489 Suasio,
1940 2458 2000 2484 Do-

1163 2505 1284 2534 ctrina,
1305 2513 1414 2537 pruva.
1452 2502 1495 2529 111.
1516 2502 1582 2528 Cn.
1608 2501 1724 2536 Quarum
1748 2501 1856 2526 venenis
1879 2499 2000 2526 inficiun-

1166 2549 1207 2571 tur
1226 2546 1303 2571 animi
1322 2545 1491 2582 perditorum.
1510 2543 1546 2570 lb.
1561 2542 1603 2569 lv.
1623 2545 1646 2569 6.
1667 2553 1688 2569 c.
1702 2544 1726 2569 3.
1746 2542 1850 2576 (ch.)
1869 2542 1902 2569 de
1915 2547 1998 2569 natur.

1164 2587 1200 2614 fil.
1221 2587 1392 2614 Photiuianae
1410 2587 1477 2614 labis
1496 2587 1693 2617 contaminatio,
1711 2585 1854 2612 Eunomiae
1873 2585 1999 2623 perfidiae

1164 2631 1261 2657 crimen
1281 2635 1330 2657 etc.
1350 2630 1386 2656 lb.
1405 2628 1476 2656 XVI.
1496 2631 1518 2655 5.
1540 2639 1560 2655 c.
1581 2630 1604 2654 6.
1624 2629 1646 2662 ξ.
1668 2630 1689 2655 l.
1710 2628 1742 2655 de
1760 2628 1858 2655 haeret.

1199 2673 1446 2701 Venerabilis.
1466 2671 1595 2705 (Adiect.)
1615 2672 1691 2705 §.L
1713 2673 1811 2698 Cultu
1829 2677 1857 2697 et
1878 2681 1999 2698 tenera·

1162 2717 1249 2743 tione
1267 2719 1390 2751 dignus.
1428 2714 1444 2741 1.
1457 2716 1517 2749 Sy.
1531 2714 1664 2745 Sacratus,
1678 2713 1799 2740 Sanctus.
1819 2713 1868 2740 Th.
1883 2712 1914 2740 C.
1926 2713 1997 2740 XIV.

1164 2761 1202 2785 10.
1222 2769 1242 2785 c.
1262 2762 1286 2786 2.
1307 2769 1328 2785 c.
1347 2760 1370 2784 4.
1391 2757 1423 2784 dc
1442 2757 1532 2784 habitu
1551 2767 1602 2794 quo
1623 2749 1659 2783 u‘ti
1674 2766 1714 2793 op.
1733 2756 1803 2783 XIV.
1818 2758 1858 2782 ll.
1873 2767 1894 2783 c.
1910 2758 1931 2783 l.
1946 2756 1996 2792 Qu.

1161 2801 1280 2828 militant.
1299 2800 1346 2827 lul.
1367 2811 1405 2837 ep.
1425 2810 1484 2827 nov.
1505 2810 1526 2827 c.
1546 2802 1569 2826 7.
1588 2800 1625 2834 §§.
1644 2801 1686 2826 32.
1700 2809 1738 2835 sq.
1753 2809 1773 2825 c.
1789 2800 1828 2825 13.
1842 2799 1863 2832 §.
1877 2800 1918 2825 50.
1953 2797 1996 2824 III.

1161 2846 1226 2873 Gn.
1255 2843 1391 2871 Catliolica
1419 2842 1577 2870 venerabIlis
1605 2841 1723 2869 ecclesia.
1752 2841 1801 2869 Th.
1826 2841 1856 2868 C.
1880 2839 1946 2868 XVI.
1971 2842 1994 2866 5.
