2197 3121
236 171 279 202 98

274 253 527 280 Benefacere.
558 253 732 288 Beneficia
751 251 912 287 conferre.
949 250 991 277 11L
1012 251 1078 278 Cn.

239 295 346 322 Plenam
365 295 527 321 voluntatem
547 294 661 321 defuncti
681 294 810 320 contineri
830 295 898 321 circa
916 293 1080 320 benefacien-

239 338 301 365 dum
321 339 468 365 coniunctis
487 339 618 375 personis.
647 336 677 363 fr.
698 338 740 364 39.
761 336 782 370 §.
803 338 826 363 l.
852 336 885 363 de
909 336 995 363 lideic.
1014 335 1078 363 libb.

239 383 281 407 40.
301 383 324 407 5.
362 380 532 407 Conscientia
552 380 677 415 largitatis
698 384 723 406 et
741 379 922 406 benefaciendi
936 379 1078 416 provincia.

240 423 306 450 Nor.
328 423 377 450 Th.
397 423 428 450 II.
448 423 480 450 de
499 424 637 460 patrimon.
656 422 675 449 I.
694 425 719 450 3.
740 433 761 449 c.
784 424 805 450 1.
825 433 864 460 pr.

275 466 567 494 Beneficiarius.
620 467 806 500 Adparitor
842 467 1079 499 magistratus,

239 512 380 536 satelles.
418 508 461 535 111.
487 510 552 536 Cn.
580 508 760 541 Betwliciarii,
785 508 826 535 vel
851 507 979 534 officiales
1004 509 1080 534 ratio-

240 551 316 578 nalis.
341 551 436 579 T11.C.
459 550 526 577 VIII.
546 554 570 578 4.
591 562 612 578 c.
634 554 656 578 7.
677 552 708 579 de
728 551 854 579 coliortal.
892 550 1080 577 Beneficiarios

240 595 267 621 in
287 594 378 621 eodeni
397 595 527 631 obsequio
546 605 723 632 perseverare.
751 595 789 622 lb.
810 595 826 621 l.
846 594 863 621 l.
884 604 905 620 c.
925 596 949 621 5.

276 638 526 665 Beneficium.
569 638 599 671 ἒ.
626 639 659 665 l.
693 639 921 673 Indulgentia,
950 639 1079 664 Gratia.

240 680 259 707 1.
283 681 344 714 Sy.
377 679 526 706 permissus
550 680 724 718 (Principis).
754 680 784 707 sr.
803 683 845 707 38.
869 690 909 717 pr.
934 690 966 706 ex
991 690 1033 716 qu.
1059 690 1079 706 c.

240 724 328 749 maior.
353 725 377 749 4.
397 724 421 750 6.
469 723 602 750 Officium.
631 724 660 750 sr.
683 726 721 750 17.
748 724 769 758 ξ.
789 725 814 750 3.
845 722 972 750 commod.
998 724 1037 749 13.
1056 724 1080 749 6.

242 765 414 801 indulgentia,
435 765 575 793 Indultuni.
606 766 677 793 Paul.
698 766 741 793 IV.
760 768 784 792 8.
805 767 887 800 §.21.
907 765 952 792 IV.
971 767 995 793 9.
1015 767 1037 800 ξ.
1056 768 1080 793 9.

241 808 290 835 Th.
311 808 342 835 C.
362 808 392 835 Π.
414 810 453 835 16.
474 820 494 836 c.
515 812 538 836 2.
559 810 581 843 ς’.
602 812 624 836 l.
645 810 677 836 de
696 810 790 845 integri
809 814 871 836 rest.
891 808 934 836 VI.
953 811 995 836 23.
1016 819 1037 836 c.
1056 811 1081 835 3.

241 851 273 878 do
293 851 380 878 decur.
402 857 427 879 et
446 852 533 879 silent.
571 852 612 879 III.
635 854 700 880 Cn.
728 852 809 888 Magis
829 852 862 879 ad
881 852 1036 879 donationes
1057 857 1082 878 et

240 894 362 921 beneficii
382 905 498 922 causam.
525 905 602 932 quam
626 895 659 921 ad
682 897 778 931 negotii
803 897 943 928 contracti,
963 896 1083 933 (spectat

240 939 352 975 precarii
372 938 515 971 conditio).
540 937 570 965 sr.
592 940 631 964 14.
653 938 685 965 de
703 948 803 975 precar.
823 940 864 965 43.
884 940 926 965 26.
955 938 987 965 cl'.
1007 938 1037 965 fr.
1058 940 1081 965 l.

240 990 280 1017 pr.
294 981 316 1007 si
335 991 447 1007 mensor.
469 982 509 1007 11.
523 982 547 1008 6.
576 980 612 1008 Vt
625 981 756 1019 adpareat,
776 981 847 1018 quod
859 982 990 1019 principio
1004 981 1082 1008 bene-

238 1023 295 1050 ficii
313 1034 342 1049 ac
362 1023 445 1050 nudae
458 1023 602 1050 voluntatis
616 1024 707 1056 suerat.
722 1026 841 1051 converti
854 1026 881 1051 in
894 1030 996 1051 mutuas
1009 1035 1082 1062 prae-

241 1067 370 1093 stationes
390 1067 559 1104 actionesque
579 1067 678 1094 civiles.
707 1067 738 1094 sr.
755 1069 794 1093 17.
813 1067 870 1100 ς.3.
891 1067 1019 1094 commod.
1041 1069 1082 1094 13.

241 1110 264 1135 6.
294 1108 357 1135 Sive
371 1120 402 1136 ex
422 1110 535 1147 peculio,
556 1111 612 1137 sive
632 1121 664 1137 ex
677 1110 820 1137 adventitio
834 1110 917 1143 lucro,
937 1112 993 1137 sive
1006 1111 1082 1137 etiam

242 1153 317 1178 amici
336 1152 465 1179 beneficio
485 1153 527 1179 vel
546 1153 712 1180 liberalitate.
737 1154 767 1180 sr.
787 1155 812 1179 4.
832 1154 854 1187 ξ.
876 1155 898 1180 1.
919 1153 951 1180 de
970 1163 1081 1180 manum.

241 1196 282 1221 40.
304 1197 326 1222 l.
347 1196 379 1223 cf.
399 1196 483 1223 Yatic.
503 1196 525 1230 5.
545 1198 604 1222 272.
642 1196 762 1223 Servitus
782 1197 887 1228 invasit,
907 1201 1026 1223 secutum
1042 1201 1083 1223 est

241 1238 398 1265 beneficium
421 1240 641 1266 manumissionis
671 1240 702 1266 fr.
722 1242 745 1267 4.
771 1239 803 1266 de
826 1239 845 1266 I.
870 1239 932 1266 etl.
953 1241 975 1266 1.
996 1241 1019 1266 l.
1050 1239 1081 1266 cf.
1103 1243 1105 1248 ’

241 1281 271 1307 l'r.
292 1283 315 1307 l.
335 1292 374 1319 pr.
395 1281 427 1309 de.
446 1282 508 1308 bon.
528 1282 614 1308 libert.
634 1284 676 1309 38.
696 1285 719 1309 1.
747 1283 879 1309 Beneficia
892 1282 997 1319 quidem
1010 1282 1083 1309 Prin-

242 1324 336 1361 cipalia
361 1326 412 1362 ipsi
439 1324 575 1362 Principes
600 1325 687 1351 solent
711 1326 885 1363 interpretari.
922 1325 952 1352 fr.
976 1328 1018 1352 43.
1042 1336 1081 1363 pr.

242 1366 275 1393 de
293 1367 362 1403 vulg.
384 1373 407 1393 et
428 1378 490 1405 pup.
512 1369 555 1394 28.
575 1370 599 1394 6.
637 1367 666 1394 Si
690 1370 731 1395 cui
755 1368 883 1406 Princeps
907 1368 1016 1406 speciali
1039 1369 1083 1395 be·
1103 1370 1105 1388 ’ν

242 1410 336 1436 nelicio
360 1412 518 1448 permiserit.
552 1410 582 1437 fr.
607 1412 649 1437 38.
668 1421 708 1448 pr.
734 1422 766 1438 ex
790 1422 833 1449 qu.
859 1423 880 1439 c.
899 1413 989 1439 maior.
1013 1414 1038 1439 4.
1057 1413 1082 1439 6.

243 1453 273 1479 cf.
299 1453 320 1487 ξ.
340 1455 364 1480 6.
390 1453 408 1480 Ι.
428 1453 460 1480 de
480 1453 569 1480 hered.
590 1454 658 1491 qual.
683 1456 707 1481 2.
728 1456 768 1481 19.
810 1455 923 1491 Augusti
947 1455 1082 1482 beneficiis

243 1497 357 1531 gratiosa
384 1496 531 1530 (colonia).
564 1496 594 1524 fr.
616 1499 637 1523 1.
662 1497 684 1530 ξ.
706 1499 728 1523 l.
754 1497 786 1523 de
805 1498 904 1524 censib.
923 1500 964 1525 50.
986 1501 1025 1525 15.
1049 1515 1082 1519 ·-

243 1540 273 1572 ἓ.
294 1540 330 1566 2.
363 1541 605 1574 Pririlegium,
637 1541 867 1572 Adiutorium,
898 1543 1084 1576 Praeroga-

242 1584 320 1608 tiva.
358 1582 376 1608 I.
391 1583 453 1617 Sy.
481 1582 616 1609 Auxilium
630 1582 796 1616 (Praetoris).
825 1583 1000 1611 Adiutorium.
1025 1584 1082 1611 Gai.
1104 1576 1105 1587 l

1105 1637 1106 1643 =
1127 1634 1166 1661 pr.
1186 1623 1218 1649 de
1237 1621 1313 1649 cond.
1333 1627 1359 1648 et
1378 1621 1445 1648 dem.
1464 1623 1506 1648 35.
1527 1623 1550 1648 l.
1587 1621 1690 1654 Placet,
1710 1638 1743 1641 —
1761 1621 1809 1648 sed
1828 1621 1967 1658 benignius

243 1623 284 1650 HI.
304 1626 346 1651 56.
371 1624 402 1651 fr.
421 1627 463 1652 24.
489 1625 510 1659 ᾗ.
530 1627 554 1651 2.
578 1624 609 1651 fr.
628 1627 669 1652 26.
695 1625 727 1652 ad
747 1625 774 1652 S.
795 1625 825 1653 C.
845 1625 973 1653 Velleian.
999 1629 1038 1654 16.
1060 1630 1082 1654 l.

243 1667 272 1694 sr.
292 1668 333 1694 68.
361 1667 393 1694 de
411 1667 443 1694 R.
463 1667 481 1694 I.
506 1670 546 1694 50.
568 1670 608 1694 17.
645 1667 829 1705 Privilegium,
855 1668 907 1696 Ius.
941 1669 1025 1696 Vatic.
1045 1671 1082 1705 §§

244 1712 300 1737 151.
323 1712 379 1737 154.
399 1713 458 1738 272.
480 1710 509 1737 sr.
529 1713 553 1737 3.
574 1721 612 1747 sq.
634 1710 664 1737 fr.
685 1713 707 1737 7.
727 1710 757 1737 fr.
774 1713 815 1738 24.
836 1711 868 1738 de
887 1712 961 1739 milit.
980 1717 1082 1739 testam.

242 1755 284 1780 29.
305 1755 328 1779 l.
348 1753 379 1780 fr.
397 1755 438 1780 42.
459 1754 491 1780 ad
509 1753 538 1780 L.
559 1754 605 1780 Iul.
626 1754 658 1780 de
677 1753 757 1780 adult.
777 1755 818 1781 48.
831 1757 856 1781 5.
893 1755 935 1782 III.
949 1757 1014 1783 Cn.
1034 1755 1084 1782 Va-

244 1795 280 1822 let
299 1801 482 1823 testamentum
501 1813 533 1817 -—
553 1798 609 1824 iure.
633 1796 802 1834 postliminii,
831 1803 875 1824 aut
898 1814 931 1818 —
954 1798 1082 1825 beneficio

245 1838 310 1875 legis
330 1839 477 1866 Corneliae.
510 1839 582 1866 Paul.
602 1839 644 1866 III.
664 1842 688 1866 4.
707 1840 739 1866 A.
765 1841 787 1874 ξ.
807 1842 831 1867 8.
868 1840 913 1867 Yti
933 1842 1022 1878 prisco
1040 1842 1084 1868 be-

246 1882 340 1908 neficio
360 1884 424 1909 iuris
449 1893 478 1908 ac
496 1882 590 1919 legum.
625 1882 674 1909 Th.
695 1882 725 1909 C.
746 1882 813 1910 VIII.
839 1884 879 1910 18.
904 1894 925 1910 c.
945 1886 969 1911 9.
987 1895 1027 1922 pr.
1052 1885 1083 1912 de
1104 1880 1106 1893 ³

245 1930 353 1952 matern.
374 1926 434 1951 bon.
472 1926 622 1961 Quaeritur,
643 1936 673 1951 an
693 1930 755 1962 post
773 1925 857 1962 legem
876 1926 981 1953 Furiam
999 1928 1084 1955 adhuc

246 1969 363 2005 supersit
381 1968 536 1995 beneficium
557 1968 621 2004 legis
642 1968 802 2005 (Apuleiae).
831 1968 887 1995 Gai.
906 1969 949 1996 111.
970 1972 1027 1997 122.
1052 1971 1083 1998 cf.

248 2012 304 2037 124.
342 2010 444 2038 Habere
463 2011 513 2037 hoc
532 2011 596 2048 legis
615 2011 779 2038 beneficium.
805 2011 834 2038 fr.
853 2012 895 2038 48.
915 2013 937 2046 ξ.
959 2014 981 2039 1.
1001 2013 1034 2040 de
1052 2013 1083 2041 R.

247 2052 278 2079 N.
297 2055 338 2080 23.
357 2056 382 2080 2.
419 2053 588 2087 Intervenire,
608 2064 629 2081 s.
648 2053 748 2081 Locum
767 2053 871 2085 babere,
891 2054 975 2082 benef.
996 2056 1023 2083 S.
1031 2056 1084 2089 Cti,

247 2106 268 2122 s.
289 2096 431 2123 Orationis.
452 2113 484 2117 —
504 2097 564 2124 'Non
583 2098 715 2135 pertinere
733 2096 765 2123 ad
785 2096 868 2123 benef.
889 2096 977 2125 S.Cti.
996 2098 1028 2126 fr.
1042 2101 1083 2126 64.

248 2140 269 2173 ξ.
289 2140 313 2165 2.
333 2139 365 2165 ad
384 2139 411 2166 S.
432 2139 463 2166 C.
483 2140 578 2167 Vellei.
600 2142 638 2167 16.
661 2142 682 2167 1.
701 2140 732 2167 fr.
745 2142 787 2166 32.
807 2140 828 2174 ξ.
843 2141 866 2166 9.
884 2140 917 2167 de
936 2141 1023 2169 donat.
1037 2143 1083 2169 int.

247 2181 278 2208 V.
299 2183 340 2208 24.
362 2184 383 2208 1.
413 2182 484 2209 Paul.
503 2183 533 2210 11.
556 2185 595 2210 ll.
615 2184 636 2217 ξ.
650 2185 675 2210 2.
711 2184 735 2210 Α
755 2182 877 2220 Principe
896 2193 948 2210 non
968 2194 1016 2221 pro
1031 2195 1085 2211 mo-

248 2224 307 2251 dico
327 2224 454 2252 beneficio
474 2226 556 2253 datur.
593 2226 651 2253 Peti
669 2236 717 2263 pro
737 2226 865 2253 bem—ticio
885 2228 981 2264 coepit.
1009 2227 1040 2254 fr.
1059 2230 1083 2255 4.

248 2268 270 2302 §.
290 2269 313 2294 l.
333 2268 366 2294 de
386 2267 409 2294 11.
431 2279 473 2305 qu.
493 2275 546 2296 not.
567 2270 652 2296 insam.
671 2272 695 2296 3.
714 2271 738 2296 2.
763 2269 794 2295 l'r.
812 2271 837 2296 2.
857 2269 878 2303 ξ.
899 2271 939 2296 47.
960 2270 993 2297 de
1012 2270 1045 2297 Ο.
1065 2270 1084 2297 I.

250 2313 271 2337 1.
291 2313 315 2337 2.
352 2310 519 2348 Imperatoris
545 2313 713 2345 beneficium,
738 2312 809 2349 quod
833 2323 846 2338 a
871 2311 958 2339 divina
982 2313 1085 2341 scilicet

249 2355 304 2380 eius
323 2353 483 2390 indulgentia
501 2356 685 2392 proficiscitur.
704 2354 735 2381 l'r.
753 2357 778 2381 3.
799 2355 831 2382 de
850 2360 934 2382 const.
954 2355 1040 2383 Princ.
1061 2358 1083 2383 1.

250 2398 272 2423 4.
310 2396 495 2434 Principaliuin
519 2399 735 2424 constitutionum
759 2398 843 2425 benef.
876 2398 907 2424 fr.
928 2400 968 2425 18.
987 2409 1026 2436 pr.
1052 2398 1084 2426 de

250 2440 339 2477 stipul.
368 2450 467 2467 servor.
498 2442 539 2466 45.
563 2442 588 2467 3.
630 2440 774 2473 Praetoris,
803 2451 826 2468 v.
855 2440 984 2468 Praetorii
1011 2442 1085 2474 iuris,

251 2482 334 2509 benef.
366 2483 427 2521 le.
446 2482 566 2510 XXVIII.
589 2485 627 2510 12.
653 2493 673 2509 c.
693 2485 716 2510 3.
743 2484 775 2511 de
795 2484 864 2521 legit.
884 2484 973 2511 hored.
999 2486 1023 2510 6.
1042 2486 1084 2511 58.

252 2525 345 2553 Aetas.
374 2532 417 2553 aut
441 2526 575 2562 religionis
599 2525 684 2552 benef.
715 2526 744 2553 sr.
772 2529 809 2554 17.
834 2528 855 2562 ξ.
879 2530 904 2554 2.
928 2527 958 2554 sr.
984 2528 1024 2553 18.
1053 2526 1085 2554 de

251 2578 354 2605 procur.
373 2570 397 2595 3.
415 2571 439 2595 3.
465 2585 497 2589 -
524 2569 555 2603 5.
575 2570 612 2595 3.
640 2570 840 2597 Immunitas.
877 2569 920 2597 111.
942 2571 1007 2597 Gn.
1035 2570 1085 2597 Ex-

253 2610 482 2638 traordinariorum
512 2621 648 2638 munerum
677 2611 812 2638 beneficiis
843 2612 943 2639 nullum
979 2613 1084 2639 omnino

252 2654 332 2690 potiri
351 2654 476 2680 iubemus.
505 2654 554 2681 Th.
570 2654 602 2681 C.
620 2654 665 2681 xl.
686 2656 726 2680 16.
746 2664 767 2680 c.
782 2656 822 2680 1⁸.
841 2655 873 2681 de
892 2660 957 2682 extr.
977 2665 998 2682 S.
1013 2655 1084 2682 sord.

254 2695 341 2723 Beuel'.
367 2696 522 2732 quibusdam
546 2698 633 2724 datum
655 2696 742 2734 plebis
766 2697 858 2723 iniuria
877 2702 924 2723 est.
959 2697 995 2724 lb.
1014 2697 1084 2724 XIII.

256 2741 277 2765 1.
297 2749 318 2765 c.
338 2740 365 2765 9.
389 2738 421 2765 de
448 2739 520 2766 lustr.
541 2740 627 2767 collat.
664 2756 696 2760 —
733 2740 763 2773 ξ.
788 2741 828 2766 4.
865 2741 1084 2773 Interventio,

255 2784 396 2809 Factum.
433 2781 451 2807 1.
472 2784 532 2816 Sy.
566 2783 676 2820 Propter
700 2782 774 2809 alios.
810 2782 943 2808 Beneficio
967 2782 1084 2809 aliorum.

256 2825 284 2851 sr.
306 2827 346 2851 10.
366 2825 387 2858 §.
407 2825 430 2850 6.
452 2824 483 2850 de
503 2825 531 2851 1⁵.
552 2825 579 2851 P.
599 2836 619 2851 e.
640 2831 657 2852 t.
677 2828 719 2852 37.
738 2828 761 2852 4.
799 2825 840 2852 tll.
867 2826 931 2853 Cn.
956 2824 1023 2852 Cum
1043 2825 1085 2851 be-

968 168 1055 199 BEN
1081 186 1119 192 —
1144 169 1239 199 BER.

1123 250 1217 277 neficio
1237 249 1347 277 aliorum
1367 250 1400 277 ad
1417 250 1444 278 id
1457 250 1613 279 beneficium
1631 251 1728 279 fuerint
1740 253 1856 281 admissi.
1876 254 1906 282 l'r.
1922 257 1962 282 10.

1123 293 1144 327 §.
1165 294 1188 320 6.
1219 292 1251 319 cf.
1275 292 1305 320 l'r.
1325 296 1349 320 8.
1374 293 1397 327 §.
1417 295 1458 320 13.
1482 293 1499 321 l.
1519 294 1536 321 l.
1559 296 1602 322 37.
1621 297 1645 321 4.
1686 295 1880 324 Detrimentum
1903 297 1963 331 hoc,

1124 335 1195 372 quod
1214 336 1344 363 beneficio
1370 337 1427 363 eius
1451 338 1585 373 contingit.
1615 337 1646 364 sr.
1670 340 1712 364 40.
1737 338 1759 372 §.
1780 341 1802 366 l.
1826 339 1859 366 de
1877 340 1962 367 damn.

1124 378 1212 405 iul'ect.
1231 380 1274 405 39.
1292 380 1318 405 2.
1356 378 1425 414 Quia
1450 388 1590 416 numquam
1608 380 1737 408 beneficio
1757 381 1824 409 furis
1843 382 1963 410 abfuerit.

1124 421 1154 447 fr.
1174 423 1215 447 46.
1230 431 1269 458 pr.
1290 420 1323 447 de.
1342 421 1402 448 t'urt.
1422 423 1463 448 47.
1477 423 1501 448 2.
1538 422 1672 450 Beneficio
1691 423 1844 456 liberorum,
1862 425 1906 452 vel
1924 436 1965 452 ae-

1125 465 1195 496 tatis,
1215 469 1259 491 aut
1277 464 1410 502 privilegii
1429 465 1472 498 (se
1490 466 1636 499 excusare).
1655 466 1686 493 fr.
1708 468 1730 493 1.
1750 467 1771 501 §.
1785 469 1810 494 2.
1830 468 1883 504 Qu.
1897 473 1964 495 sent.

1124 508 1182 534 sine
1201 517 1260 544 app.
1280 508 1322 534 49.
1342 509 1365 534 8.

1160 552 1471 577 Beneventanus.
1509 553 1557 578 Ad
1578 554 1809 585 Beneventum,
1838 554 1966 580 Italiae

1125 594 1310 625 civitatem,
1328 595 1508 627 pertinens.
1546 593 1589 621 111.
1603 596 1670 623 Gn.
1698 595 1849 622 Restituant
1866 597 1966 633 patriae

1124 645 1209 666 meae,
1235 635 1353 662 coloniae
1375 635 1630 664 Beueveutanorum.
1662 638 1693 664 sr.
1712 640 1753 665 57.
1773 649 1812 676 pr.
1833 638 1866 665 ad
1884 638 1912 665 S.
1933 638 1964 666 C.

1125 677 1205 704 Treb.
1224 679 1266 704 36.
1286 680 1309 705 l.

1161 721 1453 749 Benevolentia.
1472 724 1691 756 Humanitas,
1711 725 1898 751 Clementia.
1921 723 1965 751 IIl.

1126 765 1191 791 Cn.
1223 763 1337 790 Tantum
1361 764 1426 791 mihi
1445 775 1522 791 curae
1541 770 1581 792 est
1600 775 1703 798 eorum,
1722 767 1766 803 qui
1786 771 1919 803 reguntur,
1937 765 1967 794 li·

1103 821 1104 834 t
1126 807 1226 839 bertas,
1251 811 1377 843 quantum
1403 812 1428 834 et
1452 818 1541 835 eorum
1560 807 1744 835 benevolentia
1762 814 1788 835 et
1807 809 1965 836 obedientia.

1125 849 1156 876 fr.
1175 852 1217 876 25.
1237 849 1270 876 de
1289 849 1385 886 adpell.
1405 855 1431 876 et
1449 850 1522 877 relat.
1541 852 1583 878 49.
1599 853 1621 877 l.
1658 850 1828 889 lutei-ponere
1847 862 1876 879 se
1892 862 1967 879 suam

1126 892 1344 924 benevolentiam,
1365 892 1416 926 (D.
1436 892 1499 919 Pius
1518 894 1682 931 rescripsit).
1707 894 1738 920 sr.
1758 896 1799 921 52.
1818 905 1858 932 pr.
1882 895 1915 922 de
1932 895 1965 922 A.

1125 945 1149 962 V.
1170 935 1203 962 Ο.
1224 935 1255 962 11.
1274 937 1316 962 29.
1330 937 1354 962 2.
1392 935 1473 971 Quod
1490 935 1612 973 plerique
1630 936 1800 973 prudentium
1819 943 1910 965 contra
1923 938 1967 965 be·

1126 978 1302 1004 nevolentiam
1325 978 1536 1005 introducebant.
1566 980 1588 1013 §.
1607 981 1648 1006 23.
1672 979 1691 1006 Ι.
1717 979 1750 1006 de
1773 979 1850 1017 legat.
1875 982 1900 1007 2.
1923 983 1966 1008 20.

1126 1021 1332 1048 Benevolentiae
1351 1026 1400 1054 est,
1420 1022 1519 1059 (posse
1538 1022 1613 1056 etc.).
1642 1023 1672 1050 fr.
1691 1024 1733 1049 62.
1757 1033 1797 1060 pr.
1821 1022 1855 1050 de
1877 1023 1966 1051 bered.

1126 1065 1187 1090 inst.
1206 1066 1248 1090 28.
1268 1066 1292 1090 5.

1162 1108 1390 1135 Benevolens.
1419 1106 1554 1140 (Adiect.)
1590 1109 1727 1135 Amicus.
1764 1108 1795 1135 11.
1817 1110 1884 1143 op.
1914 1109 1967 1136 Au-

1104 1175 1105 1182 .
1127 1150 1204 1177 daces
1224 1155 1250 1177 et
1269 1150 1378 1176 feroceS.
1398 1165 1431 1169 -—
1449 1149 1527 1177 Mites
1547 1155 1574 1177 et
1592 1150 1724 1178 benevoli.
1745 1161 1767 1178 c.
1786 1153 1810 1178 2.
1830 1152 1853 1186 ξ.
1873 1153 1913 1179 11.
1934 1151 1968 1179 de

1126 1194 1169 1220 off.
1190 1193 1242 1219 Prf.
1263 1192 1305 1219 Pr.
1326 1192 1383 1219 Afr.
1405 1195 1428 1219 l.
1447 1194 1489 1219 27.

1162 1236 1346 1270 Benigne.
1379 1234 1501 1269 (Advb.)
1543 1236 1618 1262 Cum
1643 1238 1761 1272 gratia
1787 1243 1817 1264 et
1838 1239 1965 1274 favore.

1126 1278 1156 1305 Π.
1175 1280 1242 1312 θΡ.
1267 1278 1402 1313 Quantum
1420 1278 1452 1305 ad
1471 1279 1536 1305 iuris
1556 1279 1592 1312 (v.
1612 1279 1765 1313 verborum)
1785 1279 1966 1307 subtilitatem.

1126 1338 1159 1341 —
1178 1320 1232 1347 Sed
1251 1321 1389 1358 benignius
1409 1326 1457 1348 est.
1485 1321 1515 1348 sr.
1534 1324 1577 1348 20.
1602 1321 1635 1348 de
1652 1321 1684 1348 R.
1705 1322 1735 1349 C.
1762 1324 1802 1349 12.
1822 1324 1845 1349 l.
1874 1322 1904 1349 [r.
1923 1325 1966 1349 25.

1127 1365 1159 1391 de
1178 1364 1311 1391 donation.
1331 1366 1374 1391 39.
1387 1366 1411 1391 5.
1448 1363 1497 1397 Ne,
1517 1363 1588 1401 quod
1607 1364 1718 1401 benigne
1731 1365 1881 1398 contulerit,
1900 1365 1968 1393 frau-

1127 1408 1167 1435 dis
1187 1407 1298 1434 consilio
1318 1412 1432 1434 revocet.
1453 1406 1484 1434 l'r.
1503 1409 1544 1434 62.
1565 1407 1598 1434 de
1616 1407 1682 1434 Aed.
1702 1407 1780 1434 edict.
1799 1410 1842 1434 21.
1863 1410 1886 1435 l.
1922 1407 1966 1435 ΙΙΙ.

1127 1453 1193 1479 Cn.
1221 1450 1352 1487 Benigne,
1371 1455 1449 1486 atque
1468 1449 1594 1476 naturalis
1612 1451 1678 1477 iuris
1696 1450 1886 1483 moderamine,
1904 1455 1968 1478 tem-

1126 1504 1225 1532 perare.
1246 1504 1267 1520 c.
1282 1496 1306 1520 5.
1326 1493 1359 1520 de
1377 1493 1438 1520 bon.
1459 1503 1501 1530 qu.
1521 1493 1596 1520 liber.
1616 1496 1640 1520 6.
1655 1495 1696 1520 61.
1734 1493 1799 1520 Tam
1818 1493 1966 1530 benignius,

1127 1547 1203 1574 quam
1222 1536 1313 1563 utilius
1333 1541 1381 1563 est.
1400 1536 1431 1562 fr.
1451 1537 1492 1562 53.
1513 1535 1545 1562 de
1564 1536 1678 1563 condiet.
1698 1535 1786 1563 indeb.
1807 1538 1847 1562 12.
1862 1538 1886 1563 6.
1912 1537 1968 1564 Du·

1126 1581 1204 1607 bitari
1222 1584 1319 1617 potest.
1344 1595 1377 1599 —
1395 1579 1513 1615 Benigne
1532 1583 1618 1605 tamen
1637 1579 1778 1606 dicendum
1797 1584 1845 1606 est.
1874 1579 1904 1606 l'r.
1925 1581 1966 1606 10.

1128 1671 1168 1692 est
1187 1671 1235 1692 etc.
1260 1665 1291 1691 fr.
1312 1667 1352 1691 15.
1372 1665 1394 1699 ξ.
1415 1666 1438 1691 6,
1463 1664 1496 1691 de
1514 1663 1544 1690 L.
1564 1663 1626 1691 Cor.
1646 1664 1679 1691 de
1698 1664 1755 1691 sals.
1774 1666 1816 1691 48.
1837 1666 1877 1691 10.
1914 1664 1967 1692 Me-

1126 1714 1214 1736 ruerat
1237 1709 1331 1745 capitis
1354 1717 1479 1745 poenam,
1510 1706 1648 1744 benignius
1673 1712 1759 1734 autem
1784 1708 1893 1745 punitus
1917 1713 1966 1735 est.

1127 1752 1157 1778 l'r.
1178 1753 1218 1778 15.
1247 1750 1280 1777 de
1303 1750 1364 1776 bon.
1388 1749 1505 1776 libertor.
1533 1751 1576 1776 3³.
1599 1752 1623 1776 2.
1665 1750 1809 1786 Benignius
1833 1755 1968 1788 receptum

1127 1805 1186 1822 esse
1204 1793 1358 1827 (Trebatius
1377 1794 1436 1827 ait).
1456 1792 1486 1819 l'r.
1505 1794 1547 1819 56.
1566 1793 1588 1827 ξ.
1607 1794 1631 1820 6.
1651 1793 1684 1820 de
1703 1794 1825 1820 evictiou.
1844 1795 1886 1820 21.
1905 1795 1930 1821 2.

1163 1837 1399 1871 Benignitas.
1438 1837 1632 1868 Clementia,
1656 1837 1801 1863 Lenitas.
1839 1836 1882 1863 111.
1899 1838 1966 1865 Gn.

1128 1880 1206 1907 Nulla
1225 1881 1290 1906 iuris
1309 1879 1387 1911 ratim
1412 1883 1456 1904 aut
1474 1880 1613 1915 aequitatis
1634 1878 1780 1915 benignitas
1799 1880 1905 1916 patitur.
1934 1879 1965 1906 fr.

1127 1926 1169 1950 25.
1189 1923 1221 1950 de
1239 1922 1292 1950 LL.
1314 1924 1336 1948 l.
1355 1923 1380 1948 3.
1421 1921 1594 1948 Severitatem
1612 1921 1699 1958 legum
1719 1931 1778 1948 cum
1796 1921 1884 1958 aliquo
1904 1926 1967 1948 tem-

1128 1971 1279 2004 peramento
1298 1965 1467 2001 benignitatis
1492 1965 1628 2001 subsequi.
1656 1964 1687 1990 fr.
1708 1966 1748 1990 ll.
1768 1974 1807 2001 pr.
1836 1964 1869 1991 de
1886 1974 1964 2002 poen.

1127 2013 1168 2036 45.
1190 2010 1229 2035 19.
1266 2007 1352 2034 Prona
1376 2007 1536 2042 benignitate
1560 2006 1713 2033 clementiae
1736 2012 1842 2034 nostrae
1866 2007 1967 2035 relaxat.

1128 2052 1282 2078 humanitas.
1323 2049 1390 2076 δον.
1410 2048 1513 2076 Valent.
1533 2049 1576 2076 III.
1600 2049 1633 2076 de
1651 2048 1749 2086 indulg.
1771 2049 1864 2087 reliqu.
1891 2050 1922 2077 11.
1943 2053 1965 2077 l.

1129 2105 1150 2121 c.
1171 2096 1194 2121 1.
1213 2104 1252 2131 pr.

1163 2137 1370 2170 Benigmn.
1408 2134 1549 2168 (Adiect.)
1596 2136 1754 2168 Clemens,
1785 2137 1964 2163 Humanas.

1128 2180 1170 2207 111.
1195 2181 1260 2207 sn.
1291 2178 1350 2205 Non
1369 2178 1490 2205 acerbum
1510 2188 1539 2205 se
1557 2183 1706 2205 exactorem
1724 2189 1772 2206 nec
1792 2179 1964 2206 contumelio·

1129 2233 1185 2250 suin
1199 2222 1331 2260 praebeat,
1345 2221 1393 2248 sed
1405 2221 1567 2248 moderatum
1581 2226 1606 2248 et
1619 2231 1677 2248 cum
1691 2221 1806 2248 efficacia
1816 2221 1965 2259 benignum,

1129 2272 1154 2294 et
1173 2277 1231 2293 cuni
1249 2266 1373 2292 instantia
1392 2264 1540 2292 humanum.
1568 2265 1598 2291 l'r.
1617 2265 1658 2290 33.
1678 2274 1717 2301 pr.
1737 2264 1770 2291 de
1789 2274 1860 2291 usur.
1878 2267 1920 2292 22.
1941 2267 1964 2292 1.

1129 2310 1221 2347 Neque
1240 2308 1390 2339 facultates,
1409 2307 1638 2344 nequedignitaS‚
1663 2307 1698 2333 ita
1717 2307 1854 2334 sufficiens
1873 2313 1915 2335 est
1932 2307 1966 2334 ad

1129 2353 1215 2385 fidem,
1234 2355 1263 2379 'ut
1281 2351 1349 2378 bona
1369 2350 1472 2383 electio,
1491 2350 1533 2377 vel
1551 2349 1682 2382 voluntas,
1702 2355 1728 2376 et
1746 2350 1851 2387 benigni
1869 2360 1963 2377 mores.

1129 2396 1160 2423 sr.
1178 2398 1219 2422 21.
1240 2395 1262 2429 ξ.
1282 2396 1307 2421 5.
1326 2393 1359 2421 de
1378 2399 1426 2420 tut.
1446 2398 1472 2420 et
1490 2402 1543 2420 cur.
1563 2391 1614 2419 dat.
1634 2394 1675 2419 26.
1689 2395 1714 2420 5.
1751 2392 1835 2420 Posse
1853 2393 1965 2430 benigna

1128 2439 1271 2465 voluntatis
1290 2438 1504 2474 interpretatione
1524 2435 1583 2462 dici.
1603 2435 1633 2462 sr.
1652 2438 1694 2462 20.
1714 2436 1736 2470 §.
1757 2438 1780 2463 l.
1800 2436 1833 2463 de
1851 2435 1919 2463 alim.
1939 2446 1964 2463 v.

1129 2482 1208 2509 cibar.
1226 2482 1268 2507 34.
1289 2481 1311 2506 1.
1348 2479 1398 2506 Per
1417 2478 1554 2506 utilitatem
1574 2479 1710 2515 benignior
1729 2480 1793 2506 iuris
1812 2479 1966 2517 iuterpreta-

1129 2526 1165 2551 tio
1185 2524 1259 2550 sacta.
1284 2521 1396 2550 Gai.111.
1411 2523 1468 2548 109.
1505 2522 1622 2558 Benigua
1645 2527 1686 2549 est
1704 2523 1794 2559 opinio
1813 2521 1963 2549 dicentium.

1129 2568 1159 2594 fr.
1178 2570 1202 2594 4.
1222 2567 1244 2601 §.
1265 2568 1288 2592 7.
1316 2565 1349 2592 de
1372 2575 1483 2592 manum.
1507 2567 1548 2592 40.
1570 2567 1592 2592 l.
1634 2565 1801 2603 Responsum
1825 2565 1964 2602 benignius

1129 2610 1262 2648 praebere.
1291 2608 1322 2635 fr.
1343 2609 1400 2635 168.
1420 2618 1459 2645 pr.
1489 2608 1521 2635 de
1539 2608 1571 2635 R.
1590 2608 1608 2635 1.
1632 2611 1674 2635 50.
1699 2610 1739 2635 17.
1779 2608 1963 2645 Benigniorem

1130 2664 1188 2680 esse
1207 2653 1355 2680 Praetorem
1374 2652 1399 2677 in
1419 2650 1466 2677 hac
1485 2656 1559 2688 parte
1583 2651 1730 2689 oportebit,
1757 2661 1789 2678 ne
1809 2656 1858 2678 etc.
1887 2650 1920 2677 sr.
1939 2652 1961 2677 l.

1129 2698 1150 2731 ξ.
1170 2698 1194 2723 9.
1214 2695 1247 2722 de
1264 2699 1356 2721 ventre
1374 2695 1401 2720 iu
1419 2704 1491 2731 poss.
1511 2696 1552 2721 37.
1571 2696 1596 2721 9.

1163 2738 1406 2767 nen-sabinus.
1434 2737 1572 2770 (Adiect.)
1608 2739 1655 2764 Ad
1678 2739 1854 2769 Bereaben,
1881 2738 1963 2764 civo*-

1128 2788 1225 2809 tatem
1253 2783 1406 2813 Iudaeae,
1433 2783 1609 2815 pertinens.
1650 2779 1693 2807 III.
1719 2782 1784 2808 οη.
1813 2779 1962 2806 Ducianum

1129 2825 1256 2856 osticium,
1286 2824 1335 2851 sub
1360 2823 1498 2851 Bet-sabini
1521 2823 1569 2858 [al.
1589 2822 1752 2857 versamini]
1779 2827 1805 2849 et
1829 2821 1962 2851 Maenaeni
