2197 3121
278 188 341 218 700

280 269 309 296 fr.
329 270 370 295 29.
391 278 429 305 pr.
458 267 509 302 Qu.
535 271 594 292 test.
618 265 665 292 sae.
685 276 709 303 p.
729 266 770 292 28.
792 267 814 292 l.
852 265 938 293 Minus
963 275 1038 302 quam
1063 275 1119 303 per-

280 313 346 339 fecta
365 311 415 338 lex.
437 309 496 346 le.
516 309 535 335 1.
549 312 573 335 2.

317 354 508 381 Perii-rre-
546 352 577 385 §0
597 352 631 377 1.
658 352 809 387 Deferre,
835 353 981 387 Adferre.
1019 350 1038 377 1.
1058 351 1120 385 Sy.

279 398 397 425 Des-»rm
426 395 456 421 fr.
480 396 521 420 20.
552 394 573 428 ξ.
597 396 622 420 2.
646 393 679 420 dc
703 404 818 431 praescr.
842 404 883 420 vv.
905 396 944 420 19.
963 397 987 420 5.
1026 393 1122 420 Trans-

279 441 354 467 ferre.
376 440 405 465 fr.
424 441 448 464 ⁴.
474 438 495 471 ξ.
515 439 538 463 5.
565 436 594 462 fr.
615 439 638 463 5.
663 436 696 463 de
720 437 830 464 edendo.
854 440 877 463 2.
906 438 943 463 13.
982 436 1120 464 Nunciare.

280 483 330 510 Th.
351 482 381 508 C.
401 480 468 507 VIII.
489 482 528 506 11.
553 490 574 506 c.
593 481 617 505 2.
637 489 678 516 sq.
697 490 730 506 ne
749 490 791 516 qu.
813 479 874 517 pub.
894 479 954 506 laet.
991 479 1033 507 111.
1054 481 1120 508 Cn.

280 523 479 555 perferendum,
498 522 728 560 perducendumve
748 526 790 555 (eo
811 523 876 554 loci,
897 522 941 549 ubi
961 527 1046 549 actum
1065 524 1121 555 sit.)

280 569 309 596 fr.
332 570 371 594 11.
390 567 411 601 ξ.
435 569 455 593 l.
476 565 507 592 ad
528 565 615 592 exhib.
637 568 676 592 10.
696 568 720 592 4.
757 565 785 592 Ιι]
810 565 868 592 aliis
892 565 1042 592 civitatibus
1062 565 1122 592 sub-

280 616 370 648 reptas
394 620 436 636 res
461 610 487 635 in
511 608 574 635 alias
599 610 718 635 civitates
739 624 770 628 —-
796 608 910 635 destinat
933 609 975 635 fur
996 608 1120 646 perferre.

280 654 337 682 Gai.
362 653 404 680 lII.
430 654 487 679 184.
514 654 570 679 198.
616 652 736 688 lmpensa
767 651 917 688 perferendi
947 653 1067 689 corporis
1095 653 1121 678 in

280 697 355 724 aliam
375 697 513 731 regionem.
537 694 568 721 fr.
589 697 645 721 112.
671 694 692 728 ξ.
712 696 736 720 2.
757 694 789 720 de
809 694 884 721 cond.
905 700 931 721 ct
950 695 1016 722 dem.
1036 697 1076 722 35.
1099 697 1120 721 1.

279 740 385 777 Quibus
410 737 623 770 custodiendum,
648 736 866 775 perferendumve
890 737 1003 765 dederis.
1028 738 1059 765 fr.
1078 740 1120 764 ⁴20.
1143 758 1144 762 .

279 784 301 818 ξ.
320 786 344 810 2.
372 782 404 809 de
427 791 541 819 praescr.
566 790 606 807 W.
634 782 672 807 19.
697 782 720 806 5.
763 780 792 807 Si
817 782 876 817 quis
900 782 1051 818 pecuniam,
1078 780 1121 808 vel

279 826 354 853 aliam
369 824 504 862 quamdam
519 833 581 855 rem,
600 823 631 849 ad
644 833 685 849 me
699 823 880 860 perferendam
894 825 1033 862 acceperit.
1052 824 1082 851 fr.
1096 826 1120 851 6.
1143 849 1144 854 ,

279 871 301 904 §.
314 872 339 896 2.
359 868 392 895 de
412 867 443 894 N.
458 866 488 893 G.
502 868 526 893 3.
546 868 569 892 5.
607 865 722 892 Rumorc
741 865 851 903 perlato,
872 869 947 904 quasi
967 873 1015 895 etc.
1036 867 1065 894 fr.
1079 869 1120 894 92.
1143 888 1144 907 2

279 913 312 940 de
331 911 419 938 hei-ed.
440 911 500 936 inst.
519 911 561 935 28.
581 910 604 935 5.
625 924 657 928 —-
680 909 711 942 §.
732 910 768 936 ἓ.
788 911 934 945 Inferre,
955 912 1121 948 Conferre.
1143 922 1144 947 ζ

278 955 321 982 111.
342 956 408 982 Cn.
434 953 505 979 Titio
527 952 549 978 C
574 951 608 978 do
628 951 700 987 lego,
725 962 791 988 quae
811 952 874 979 mihi
892 953 1009 990 pertulit.
1030 953 1060 980 fr.
1079 955 1121 980 27.

279 998 312 1025 de
331 998 433 1035 probat.
451 998 492 1022 22.
512 997 536 1021 3.
574 994 616 1021 Sit
635 1010 667 1014 —
687 994 802 1021 officium
823 997 972 1028 conscium,
997 996 1061 1033 quid
1080 1007 1123 1023 ex·
1143 1006 1145 1013 ¹

279 1046 377 1073 actum,
404 1038 500 1076 quidve
524 1037 653 1075 perlatum
678 1048 737 1064 esse
760 1038 888 1065 videatur.
914 1039 962 1065 Th.
984 1040 1013 1066 C.
1033 1039 1079 1066 XI.
1099 1041 1121 1065 7.

279 1095 300 1111 c.
322 1086 361 1110 14.
382 1083 414 1109 dc
435 1082 562 1109 exaction.
588 1096 619 1100 —-
649 1081 679 1114 ἓ.
701 1083 738 1108 3.
766 1083 942 1117 Pet-agere,
966 1084 1121 1117 Exsequi.
1144 1081 1145 1113 J

278 1127 297 1154 I.
311 1128 373 1161 Sy.
392 1126 527 1161 Peragere‚
548 1124 675 1150 Perorare
695 1125 832 1157 (causam.)
852 1125 882 1151 fr.
898 1126 937 1151 16.
958 1126 980 1159 ξ.
995 1127 1017 1152 1.
1037 1125 1068 1151 fr.
1079 1127 1121 1152 22.

277 1170 311 1198 de
330 1170 402 1196 inoff.
423 1174 524 1195 testam.
544 1169 568 1194 5.
587 1169 611 1193 2.
637 1167 667 1193 fr.
688 1169 727 1193 14.
752 1168 773 1201 ξ.
793 1168 816 1194 8.
842 1167 874 1194 de
893 1167 953 1194 bon.
973 1168 1060 1194 libert.
1078 1169 1121 1195 38.
1144 1167 1145 1197 f

276 1216 293 1231 δ7

278 1231 301 1240 a.

339 1213 476 1240 Perlicere.
497 1210 538 1237 Cf.
559 1209 584 1236 h.
604 1220 628 1236 v.
648 1210 669 1244 ς’.
689 1211 710 1236 1.
748 1209 878 1236 Damnare
897 1210 980 1247 (apud
999 1211 1121 1244 iudices.)

1107 184 1200 216 PER.

1203 265 1367 293 Perfide-
1398 265 1510 299 (Advb.)
1543 268 1664 293 Contra
1678 269 1782 303 fidem
1801 270 1918 296 bartam.
1959 270 2003 296 111.

1166 309 1232 336 Gn·
1251 307 1310 334 Non
1331 313 1381 334 tam
1401 309 1483 335 invito
1502 309 1609 336 domino
1629 315 1792 337 contrectare
1806 322 1860 338 eam
1874 312 2004 344 videntur.

1166 361 1242 387 quam
1262 350 1327 388 perf.
1348 360 1430 386 agere.
1450 351 1480 378 fr.
1500 354 1540 378 55.
1561 353 1583 386 ξ.
1603 355 1624 379 1.
1645 352 1676 379 dc
1696 352 1762 380 adm.
1783 359 1809 380 et
1827 356 1906 392 peric.
1926 357 1967 382 26.
1983 357 2005 382 7.

1166 394 1196 420 fr.
1216 395 1239 420 4.
1260 394 1282 427 ς’.
1305 395 1344 420 13.
1365 393 1397 419 de
1416 393 1440 420 d.
1460 404 1492 421 m.
1513 406 1568 422 exc.
1589 398 1629 422 ⁴4.
1652 397 1675 423 4.

1204 437 1385 464 Perfidia.
1427 437 1457 470 ᾖ.
1481 439 1516 464 l.
1543 440 1661 465 Laesio
1685 442 1932 473 promissionis,
1960 444 2007 468 vel

1143 481 1291 516 ¹officii.
1330 479 1371 506 Ill.
1398 481 1464 507 Cn.
1495 480 1587 518 Neque
1614 482 1754 518 perfidiae,
1785 492 1870 519 neque
1898 485 2006 521 periurii

1166 525 1219 555 (me
1239 527 1371 549 auctorem
1391 523 1439 549 tibi
1460 522 1595 557 futurum.)
1620 535 1641 551 e.
1664 527 1685 551 1.
1705 526 1727 551 si
1748 525 1805 552 adv.
1825 526 1901 553 vend.
1921 529 1945 553 2.
1964 528 2005 553 28.

1166 564 1234 592 Cum
1253 570 1372 592 exstante
1391 567 1549 593 necessitate
1568 567 1690 605 deponat.
1711 569 1806 594 crescit
1821 569 1947 606 perfidiae
1960 570 2007 596 cri-

1143 591 1145 640 1
1165 619 1232 635 men.
1252 608 1282 635 fr.
1304 611 1327 634 1.
1348 609 1368 643 ξ.
1389 610 1412 635 4.
1433 609 1524 646 depos
1545 611 1585 636 16.
1604 612 1628 636 3.
1650 610 1681 637 cf.
1708 610 1758 637 Th.
1779 611 1809 637 C.
1830 611 1872 638 111.
1893 614 1915 638 5.
1937 622 1959 639 c.
1979 614 2004 639 4.

1166 651 1198 678 de
1218 651 1333 689 sponsal.
1371 652 1558 689 Adparitorum
1586 663 1666 689 prava
1689 654 1828 681 admodum
1852 654 2006 691 venalisque

1165 694 1283 732 perfidia.
1303 694 1339 721 lb.
1359 694 1403 721 IX.
1423 697 1464 722 -10,
1485 706 1506 721 c.
1528 697 1567 722 1⁴.
1588 696 1620 722 dc
1639 707 1714 734 poen.
1737 714 1766 717 —
1797 698 1828 731 §.
1848 699 1882 725 2.
1908 699 2006 734 Defe-

1165 740 1230 765 ctio
1250 748 1265 764 a
1279 739 1353 774 fide
1374 739 1649 766 Christianorum.
1686 739 1716 766 ll.
1732 742 1799 774 θ’).
1820 740 1899 767 Fides
1919 740 2006 767 catho-

1165 780 1223 807 lica.
1243 796 1274 800 —
1295 779 1402 807 Crimen
1420 781 1553 818 perfidiae.
1573 781 1610 808 lb.
1629 782 1700 808 Xx'l.
1720 786 1743 809 5.
1765 794 1785 809 c.
1799 784 1822 809 6.
1843 784 1864 817 ς.
1887 786 1907 810 1.
1929 794 1948 810 c.
1965 785 2005 810 12.

1166 823 1198 850 de
1217 823 1314 849 haeret.
1352 823 1394 850 III.
1413 825 1479 852 Cn.
1506 824 1605 851 Omnes
1625 824 1761 855 haereses.
1786 826 1931 863 omnesque
1949 836 2007 864 per-

1165 866 1251 897 fidiae,
1272 867 1356 892 omnia
1376 866 1516 893 schismata
1536 873 1584 894 etc.
1604 867 1641 894 lb.
1662 879 1683 894 c.
1697 870 1738 895 (53.
1756 868 1771 895 I.
1791 868 1807 895 I.

1203 910 1391 936 Perfidus.
1410 910 1538 943 (Adiect.)
1559 913 1654 937 Fidei
1672 913 1876 939 christianae
1894 913 2006 938 inimi-

1165 963 1227 979 cus.
1265 951 1307 978 Ill.
1328 954 1394 980 Cn.
1414 952 1516 979 Perfida
1537 964 1610 980 mens
1630 959 1655 980 et
1674 955 1835 991 nequissima
1854 959 1925 981 secta
1944 955 2007 988 (Eu-

1166 995 1367 1027 nomianorum.)
1386 995 1423 1022 Ib.
1445 1006 1465 1022 c.
1484 999 1526 1023 25.
1547 998 1568 1031 ᾗ.
1591 999 1612 1022 1.
1632 996 1663 1023 cf.
1684 1008 1705 1024 c.
1728 999 1767 1024 15.
1787 997 1804 1024 I.
1824 997 1840 1024 l.

1204 1038 1390 1065 Perfixus.
1427 1037 1468 1064 Cf.
1488 1049 1512 1065 v.
1531 1038 1685 1076 Prae-figere.

1204 1082 1414 1108 Pet-fluere.
1451 1082 1568 1109 Fluere
1592 1093 1648 1117 per
1675 1087 1785 1110 Iocum.
1822 1082 1864 1109 111.
1883 1084 1949 1110 (7η.
1977 1082 2007 1110 Si

1144 1123 1145 1157 J
1166 1134 1231 1160 aqua
1250 1134 1298 1161 per
1317 1124 1401 1150 riVum
1420 1133 1466 1150 sua
1486 1130 1582 1161 sponte
1599 1125 1733 1163 perfluxit.
1756 1126 1786 1152 fr.
1808 1128 1847 1153 12.
1878 1126 2006 1162 Quemad.

1166 1168 1255 1193 servit.
1276 1167 1299 1193 8.
1319 1168 1344 1193 6.

1203 1210 1423 1237 Perfocare·
1460 1211 1633 1246 Effocare.
1674 1211 1716 1238 111.
1737 1213 1802 1239 Cn.
1827 1212 1880 1247 Qui
1904 1216 2008 1249 partum

1143 1233 1145 1240 >

276 1256 345 1284 Nov.
365 1256 455 1283 Maior.
475 1254 507 1281 de
526 1255 607 1291 episc.
627 1253 680 1279 iud.
700 1252 744 1279 IV.
765 1255 788 1279 9.
814 1264 835 1279 c.
857 1255 879 1280 l.
915 1253 959 1280 III.
985 1255 1050 1282 Gn.
1075 1254 1121 1281 Di·
1143 1242 1144 1265 l
1165 1253 1299 1290 pert'ocat.
1321 1252 1368 1286 [al.
1388 1252 1547 1290 praefocat,]
1570 1269 1599 1273 —
1625 1258 1650 1280 et
1669 1255 1692 1280 is
1712 1255 1755 1290 qui
1775 1254 1865 1281 abiicit
1884 1260 1932 1281 etc.
1952 1256 2006 1288 (sc.

278 1301 344 1327 visis
370 1297 547 1326 tribunalibus
572 1297 701 1322 actionem
725 1295 867 1322 inofliciosi
887 1312 918 1315 —
938 1297 1004 1334 perf.
1029 1297 1059 1324 fr.
1080 1299 1120 1324 76.

277 1353 316 1381 pr.
337 1342 370 1369 de
395 1342 471 1378 legat.
491 1340 520 1367 11.
542 1340 610 1373 (31.)
647 1339 726 1365 Certa
751 1339 922 1376 perferendae
946 1341 1120 1367 accusationis
1142 1352 1143 1389 1

277 1391 402 1422 tempora.
429 1394 448 1410 e.
469 1385 492 1409 7.
512 1383 544 1409 de.
565 1382 588 1409 h.
610 1392 652 1418 qu.
673 1392 723 1408 acc.
745 1392 769 1408 n.
790 1393 815 1419 p.
835 1384 858 1409 9.
881 1385 902 1409 1.
924 1382 956 1410 cf.
976 1384 1007 1410 fr.
1028 1386 1068 1410 11.
1089 1383 1121 1410 ad

276 1428 344 1455 SC.
365 1427 446 1464 Turp.
471 1429 511 1453 45.
532 1427 572 1452 16.
610 1425 821 1462 Praescriptione
847 1431 934 1452 motus
958 1426 989 1453 ab
1015 1437 1122 1454 excusa·
1142 1427 1143 1465 J

276 1473 348 1498 tione
376 1469 539 1508 perferenda.
568 1468 598 1495 fr.
620 1470 642 1494 1.
668 1478 706 1506 pr.
732 1467 764 1494 de
787 1478 848 1505 opp.
873 1469 935 1506 pub.
959 1471 1001 1497 50.
1028 1472 1067 1497 10.
1088 1486 1119 1491 —-
1142 1489 1143 1503 ;

277 1515 308 1548 §.
330 1515 368 1541 4.
388 1515 562 1546 Excipere,
586 1513 749 1538 Τοῖσι-τινε.
786 1510 829 1537 111.
849 1513 915 1539 Cn.
936 1512 1121 1550 Competcntia
1142 1508 1143 1522 ¹

277 1558 442 1584 evectionum
461 1554 580 1581 subsidia
598 1554 664 1591 perf.
685 1553 734 1580 Th.
755 1553 786 1580 C.
807 1553 874 1581 Vlll.
895 1557 917 1582 5.
939 1566 960 1582 c.
979 1558 1019 1582 20.
1034 1566 1073 1593 pr.
1088 1555 1121 1582 de
1142 1558 1143 1573 ¹

277 1610 355 1627 cursu
378 1598 440 1636 pub.
478 1597 645 1624 Sacramenta
673 1596 781 1623 militiae
805 1598 916 1634 impigro
940 1598 1030 1625 labore
1054 1599 1119 1636 perf.
1142 1594 1143 1614 1

276 1643 313 1670 lb.
334 1642 390 1669 vu.
412 1644 434 1668 1.
454 1652 475 1668 c.
489 1643 513 1667 fi.
533 1650 572 1678 pr.
593 1639 625 1666 ιι.
638 1639 669 1666 R.
690 1639 723 1666 M.
760 1639 863 1667 Poenas
882 1641 948 1678 perf.
968 1641 1004 1668 lb.
1019 1641 1063 1668 lx.
1080 1643 1118 1669 16.
1141 1621 1143 1679 1

277 1696 298 1713 c.
318 1687 342 1712 6.
363 1685 395 1712 de
415 1684 499 1711 males.
1141 1688 1143 1723 Q

313 1729 520 1756 Perficcre.
557 1727 588 1760 §0
608 1727 642 1752 l·
668 1728 856 1759 Absolvere,
883 1728 1119 1755 consummare.
1141 1724 1143 1763 1

275 1772 295 1799 1.
315 1773 377 1806 Sy.
405 1770 566 1807 Adimplere.
592 1769 633 1796 Cf.
654 1768 678 1795 h.
699 1779 722 1795 v.
748 1769 770 1803 ξ
790 1772 814 1796 2.
853 1769 1050 1798 Consummare.
1078 1770 1120 1798 Cf.
1141 1766 1143 1783 l

275 1815 301 1842 h.
321 1826 344 1841 v.
364 1816 385 1849 ξ.
405 1817 428 1840 2.
467 1813 586 1840 Perferre
606 1813 825 1845 (accusationem,
846 1822 866 1839 s.
887 1814 1010 1847 crimen.)
1030 1814 1059 1841 fr.
1079 1816 1120 1841 14.

276 1858 314 1892 §§.
338 1860 361 1884 8.
385 1859 423 1883 ll.
450 1857 482 1884 de
506 1857 566 1883 bon.
592 1856 677 1882 libert.
702 1858 744 1882 35.
765 1858 788 1882 2.
833 1855 930 1882 Facere
953 1859 1120 1890 (mouumen-

276 1902 357 1933 tum.)
382 1900 411 1927 fr.
431 1902 453 1926 6.
479 1899 511 1926 de
535 1898 611 1925 cond.
631 1899 690 1925 inst.
711 1900 752 1925 28.
773 1900 797 1925 7.
833 1898 863 1925 11.
885 1901 952 1933 01).
980 1899 1120 1938 Coepisse,

276 1943 410 1970 Inchoare.
430 1942 471 1969 Cf.
492 1942 515 1969 h.
536 1952 577 1968 vv.
615 1941 798 1979 Imperfectum
819 1952 885 1968 esse..
901 1958 932 1961 —
953 1942 1055 1970 Persici.
1077 1943 1118 1970 Cf.

278 1997 301 2012 v.
316 1986 494 2023 Imperfectus.
522 1985 652 2011 l'erlieere
673 1985 875 2018 (donationem.)
891 2001 921 2006 ——
943 1985 1015 2012 Nihil
1036 1997 1118 2023 agere.

276 2029 361 2056 Vatic.
390 2029 428 2062 ἐξ.
452 2030 510 2054 259.
535 2030 594 2054 262.
619 2038 677 2064 sqq.
722 2028 854 2063 Quamdiu
879 2027 1017 2065 legationis
1042 2040 1118 2056 causa
1141 2058 1142 2061 Ἴ

276 2072 319 2099 hic
344 2072 519 2098 demorantur.
552 2087 583 2090 —
615 2071 643 2097 Si
668 2071 783 2108 perfecta
810 2070 939 2107 legatione
963 2072 1118 2099 subsistant.
1141 2078 1142 2109 ζ

276 2115 307 2142 fr.
327 2119 351 2142 2.
372 2116 393 2149 ξ.
414 2117 437 2141 4.
457 2114 489 2141 de
509 2114 586 2141 iudic.
607 2116 630 2139 5.
654 2115 674 2139 l.
711 2113 753 2139 111.
775 2115 841 2141 Cn.
872 2114 939 2141 Cum
958 2116 1119 2142 instituisset
1141 2113 1142 2141 1

1143 1296 1144 1311 ³
1165 1306 1259 1322 necare
1279 1296 1403 1327 videtur.)
1424 1296 1454 1322 fr.
1474 1299 1497 1322 4.
1518 1296 1550 1322 de
1569 1306 1674 1331 agnose.
1694 1302 1720 1323 et
1738 1297 1822 1323 alend.
1842 1300 1883 1324 25.
1903 1299 1927 1323 3.

1203 1341 1424 1367 Pet-rodere.
1460 1341 1655 1375 Per-forare.
1675 1342 1840 1374 Rumpere.
1876 1340 1918 1366 111.
1939 1341 2006 1368 Cn.

1164 1382 1322 1419 Interruptis
1341 1382 1438 1409 formae
1451 1382 1578 1409 lateribus
1592 1387 1670 1418 atque
1683 1383 1820 1420 perfossis.
1840 1382 1889 1410 Th.
1902 1382 1932 1410 C.
1946 1382 2005 1409 ΧΥ.

1165 1428 1188 1452 2.
1209 1436 1230 1452 c.
1251 1427 1274 1452 9.
1295 1425 1328 1452 de
1347 1425 1454 1462 aquaed.
1476 1426 1520 1459 (cf.
1541 1436 1564 1452 v.
1585 1425 1767 1457 Perfunderc.)

1202 1469 1421 1496 Perforare.
1442 1471 1648 1495 Pet-tundere.
1684 1468 1728 1494 111.
1740 1470 1805 1496 Cn.
1826 1468 1879 1504 Qui
1898 1469 2006 1495 effracto

1165 1512 1351 1549 perforatoque
1370 1513 1469 1549 pariete
1488 1512 1637 1549 (pecuniam
1657 1511 1822 1544 abstulerat.)
1846 1511 1877 1538 fr.
1898 1513 1920 1537 l.
1940 1511 1961 1545 ξ.
1981 1514 2006 1538 2.

1165 1555 1198 1581 de
1217 1555 1346 1581 effractor.
1366 1556 1407 1581 47.
1428 1556 1467 1582 18.
1488 1555 1519 1582 cf.
1540 1555 1569 1581 fr.
1590 1556 1631 1581 11.
1650 1565 1688 1592 pr.
1710 1553 1742 1581 ad
1754 1553 1785 1580 L.
1798 1554 1845 1581 lul.
1866 1554 1950 1592 pecul.
1964 1556 2007 1581 48.

1167 1600 1206 1625 13.
1243 1597 1380 1624 Perforare
1400 1599 1564 1635 (margaritas
1584 1597 1748 1630 extricata.)
1767 1602 1795 1624 ut
1808 1599 1924 1634 pertusis
1938 1599 1964 1624 in
1978 1597 2007 1624 li-

1165 1651 1211 1668 nea
1236 1645 1360 1668 uteretur.
1389 1640 1419 1667 fr.
1438 1643 1480 1668 27.
1505 1642 1526 1675 §.
1546 1642 1588 1667 30.
1613 1640 1697 1667 ad'L.
1724 1640 1793 1676 Aqu.
1813 1643 1837 1667 9.
1856 1643 1880 1667 2.
1919 1640 1955 1666 Vt
1978 1641 2006 1667 in

1165 1694 1263 1711 summa
1283 1684 1406 1720 marginis
1421 1684 1614 1721 —perforatae
1634 1686 1683 1716 (sc.
1699 1683 1814 1717 tabulae)
1834 1683 1933 1720 triplici
1951 1683 2006 1710 lino

1165 1728 1385 1763 constringantur.
1409 1726 1480 1753 Paul.
1500 1727 1532 1754 V.
1552 1729 1594 1753 25.
1613 1727 1635 1760 §
1655 1728 1679 1753 6.

1202 1770 1461 1803 Perfriugere.
1503 1771 1540 1796 lsi
1558 1772 1748 1804 irrumpere.
1785 1769 1828 1796 111.
1841 1770 1907 1797 Cn.
1927 1768 2007 1796 Fines

1164 1813 1326 1851 perturbare,
1345 1823 1392 1839 seu
1412 1817 1495 1839 castra
1510 1813 1588 1849 perfr.
1603 1812 1782 1839 habitantium.
1802 1812 1870 1839 Nor.
1883 1812 2006 1839 Marcian.

1164 1867 1230 1883 nero.
1251 1856 1337 1883 exhib.
1359 1855 1391 1882 de
1410 1866 1484 1892 prov.
1503 1856 1545 1882 III.
1566 1858 1590 1882 1.
1607 1866 1628 1882 c.
1650 1857 1672 1882 1.
1693 1856 1714 1889 §.
1735 1857 1758 1882 7.

1200 1899 1368 1927 Pet-frui.
1387 1901 1484 1925 Pleno
1504 1901 1576 1925 iure
1588 1901 1674 1935 frui.
1711 1898 1730 1924 1.
1744 1900 1806 1933 Sy.
1826 1898 1918 1931 Potiri,
1935 1898 2004 1926 Frui..

1164 1942 1213 1969 Th.
1228 1943 1258 1969 C.
1274 1942 1316 1969 Vl.
1336 1944 1377 1968 27.
1399 1952 1419 1968 c.
1439 1944 1480 1968 20.
1501 1952 1540 1978 sq.
1561 1942 1593 1968 de
1613 1947 1696 1978 agent.
1716 1943 1741 1968 in
1761 1941 1814 1968 reb.
1830 1942 1924 1968 X11.1.
1945 1952 1966 1968 c.
1979 1944 2004 1967 5.

1164 1996 1184 2012 c.
1207 1987 1262 2012 187.
1283 1984 1315 2011 de
1334 1984 1467 2011 decurion.
1504 1985 1547 2011 111.
1569 1986 1633 2012 Cn.
1661 1984 1695 2011 Vt
1715 1984 1844 2021 inquilino
1863 1985 1940 2011 liceat
1958 1983 2002 2010 ha-

1164 2029 1260 2060 bitare,
1284 2027 1326 2054 vel
1347 2028 1441 2054 colono
1462 2033 1489 2054 ut
1509 2027 1608 2064 perfrui
1627 2027 1705 2054 liceat
1723 2027 1755 2054 ad
1775 2033 1873 2054 certum
1892 2032 2003 2064 tempus.

1164 2072 1194 2098 fr.
1216 2073 1254 2097 13.
1283 2072 1304 2105 §.
1324 2072 1366 2097 30.
1390 2071 1422 2097 de,
1446 2071 1478 2097 A.
1497 2071 1527 2097 E.
1548 2070 1578 2097 V.
1606 2072 1644 2097 19.
1667 2072 1688 2097 1.
1718 2070 1747 2097 fr.
1767 2072 1791 2096 8.
1817 2070 1892 2097 locat.
1919 2072 1958 2096 19.
1978 2072 2003 2096 2.

1164 2115 1241 2141 Parto
1266 2113 1348 2140 semel
1372 2114 1472 2140 honore
1495 2118 1520 2140 et
1544 2113 1689 2151 privilegiis
1709 2113 1881 2150 perfruantur.
1903 2112 1952 2139 Th.
1972 2111 2003 2139 C.

276 2160 477 2191 (testamentum
497 2157 566 2183 aliud
587 2157 702 2188 facere.)
728 2166 812 2192 neque
832 2158 959 2194 perficere
978 2159 1118 2195 potuisset.
1137 2154 1144 2187 1
1162 2158 1220 2184 XII.
1242 2159 1263 2183 1.
1284 2167 1305 2183 c.
1327 2158 1383 2182 187.
1405 2156 1420 2183 I.
1458 2157 1592 2183 Stationes
1612 2172 1643 2176 -
1664 2166 1716 2182 non
1735 2155 1793 2182 aliis
1812 2154 1934 2183 vendere.
1956 2155 2005 2182 sed

276 2201 308 2228 fr.
327 2203 368 2227 22.
393 2201 425 2227 de
450 2200 524 2227 adim.
549 2200 624 2236 legat.
644 2201 685 2225 31.
706 2201 730 2225 4.
768 2199 899 2237 Coeptum
924 2211 990 2238 opus
1010 2218 1040 2221 —
1062 2212 1120 2239 per-

277 2245 356 2271 licere
375 2245 521 2281 promissor
540 2248 655 2279 cogetur.
676 2242 705 2269 fr.
726 2244 750 2268 3.
770 2253 808 2280 pr.
830 2243 860 2269 cf.
881 2244 912 2270 sr.
928 2246 949 2270 l.
971 2245 992 2278 ξ.
1006 2247 1029 2271 5.
1051 2245 1080 2270 fr.
1094 2246 1118 2271 8.
1140 2241 1142 2271 1

277 2287 310 2314 de
328 2287 418 2325 pollic.
438 2289 478 2312 50.
500 2289 539 2313 12.
578 2286 613 2312 tt
633 2285 744 2312 consilio
764 2296 812 2312 suo
833 2291 950 2322 coeptam
972 2287 1043 2313 liu-m
1063 2298 1119 2324 per-

276 2331 373 2357 ficiant.
398 2330 428 2356 fr.
449 2331 472 2355 5.
498 2330 518 2363 ξ.
540 2332 564 2355 6.
589 2329 621 2355 de
641 2328 708 2355 adm.
728 2334 753 2355 ct
772 2330 851 2366 peric.
872 2330 913 2356 26.
935 2331 957 2355 7.
997 2329 1056 2356 Non
1077 2330 1119 2356 de·
1140 2331 1142 2351 1

276 2374 324 2400 bes
344 2383 444 2399 mecum
464 2383 553 2408 agere,
574 2388 605 2391 —
630 2372 746 2398 nondum
770 2372 837 2397 enim
862 2372 996 2409 perfecisti
1017 2373 1119 2399 manda·

276 2422 339 2443 tum.
360 2416 445 2442 fra—15.
465 2416 486 2449 ς’.
504 2417 525 2441 l.
545 2415 629 2441 mand.
653 2417 690 2442 17.
714 2417 734 2441 l.
772 2415 811 2441 Ex
831 2416 968 2451 utriusque
988 2425 1119 2442 consensu
1140 2409 1141 2423 1

276 2460 414 2497 perficitur
435 2458 578 2495 stipulatio
605 2458 635 2483 fr.
657 2460 712 2484 1:37.
738 2458 759 2491 ξ.
781 2460 803 2484 1.
823 2457 855 2483 de
876 2457 906 2483 V.
928 2459 960 2484 0.
980 2460 1021 2484 45.
1044 2461 1064 2484 l.
1087 2459 1118 2485 cf.
1140 2487 1141 2499 ἵ

277 2502 307 2529 fr.
327 2504 350 2529 9.
371 2503 391 2536 ξ.
410 2503 435 2528 3.
456 2502 508 2536 Qu.
528 2506 587 2527 met.
608 2510 630 2527 c.
649 2503 672 2526 4.
692 2504 715 2526 2.
754 2501 873 2536 Quorum
896 2506 1032 2537 utramque
1051 2503 1118 2527 viam

277 2561 309 2565 —
329 2544 495 2582 perfecimus.
518 2543 637 2570 Prooem.
658 2542 720 2569 Inst.
741 2545 762 2577 ξ.
785 2546 805 2570 1.
843 2544 901 2570 Nisi
925 2544 1040 2580 perfecto
1065 2554 1118 2570 mu-

277 2598 347 2619 nere,
367 2587 492 2614 incolatui
512 2588 665 2613 renunciare
684 2596 735 2612 non
752 2592 846 2622 potu-st.
867 2588 896 2613 fr.
910 2589 952 2613 34.
972 2587 1003 2613 ad
1022 2588 1116 2614 munic.
1140 2603 1141 2606 =

277 2633 318 2656 50.
341 2633 361 2657 l.
382 2646 414 2650 —
435 2631 464 2664 ἓ.
481 2632 516 2657 2.
538 2631 699 2666 Efficere.
735 2628 777 2654 111.
790 2631 854 2656 (712.
874 2630 942 2656 Illud
962 2630 1039 2667 plane
1059 2640 1118 2656 con-
1139 2635 1141 2664 ξ

278 2675 400 2699 ventione
421 2689 452 2693 —
472 2673 564 2710 perlici
584 2683 635 2698 non
655 2676 752 2709 potest,
773 2677 800 2698 ut
820 2677 868 2698 etc.
889 2674 919 2698 fr.
935 2675 976 2699 5³5.
997 2672 1029 2699 de
1049 2678 1117 2709 pact.

277 2718 302 2741 2.
328 2718 367 2741 14.
408 2716 462 2742 Sed
486 2721 511 2742 et
536 2716 599 2742 haec
627 2715 670 2742 lex
694 2725 746 2741 non
774 2714 896 2751 perfecit.
927 2715 997 2751 quod
1024 2715 1116 2742 voluit.

278 2758 336 2784 Gai.
355 2757 384 2784 ll.
404 2761 463 2785 225.
500 2758 556 2785 Nec
578 2759 727 2796 expositum
747 2767 805 2784 eum
825 2757 856 2783 ad
876 2758 1058 2785 contumeliam
1079 2768 1117 2785 re-

278 2800 340 2837 ligio
363 2801 552 2839 qualiscunque
575 2802 702 2840 perficiat.
727 2800 777 2827 Th.
798 2800 828 2827 C.
847 2799 918 2827 XVI.
938 2802 962 2827 8.
983 2811 1003 2827 c.
1022 2803 1064 2828 21.
1084 2801 1117 2827 de

1164 2202 1237 2238 ipsos
1256 2200 1422 2236 potissimum
1446 2199 1487 2225 his
1512 2197 1789 2226 administratiunculis
1809 2198 1909 2234 perfrui
1931 2198 2005 2224 iube—

1163 2254 1228 2270 mus.
1249 2243 1285 2269 lb.
1306 2242 1374 2268 UH.
1394 2245 1417 2268 4.
1438 2253 1459 2268 c.
1482 2244 1520 2268 10.
1541 2242 1573 2269 de.
1593 2241 1718 2268 cohortal.
1756 2240 1789 2266 Vt
1811 2242 1907 2276 integra
1928 2241 2004 2268 bene·

1164 2287 1222 2313 licia
1242 2296 1331 2312 eorum
1351 2285 1400 2312 sub
1419 2284 1517 2311 saeculi
1537 2286 1620 2311 nostri
1639 2285 1693 2310 otio
1713 2288 1737 2309 et
1752 2294 1815 2320 pace
1830 2283 2003 2320 perfruantur.

1163 2329 1200 2356 Ib.
1224 2329 1276 2355 III.
1296 2332 1338 2355 20.
1360 2339 1380 2355 c.
1400 2331 1423 2354 2.
1444 2329 1465 2362 §.
1487 2330 1508 2354 l.
1530 2327 1561 2354 tle
1581 2332 1694 2353 vcteran.
1715 2327 1747 2352 cf.
1768 2326 1810 2352 11.
1825 2328 1849 2352 -1,
1869 2336 1892 2353 c.
1914 2326 2002 2353 10.(1ε

1163 2372 1247 2398 Praet.
1269 2377 1294 2397 et
1308 2372 1360 2407 Qu.

1202 2415 1381 2448 Per-fuga.
1411 2415 1440 2447 ξ.
1455 2415 1489 2440 l.
1512 2414 1674 2448 Quisagn
1694 2423 1724 2438 se
1742 2415 1865 2447 reecpit
1884 2414 1915 2438 in
1935 2423 2002 2439 cer-

1163 2465 1228 2484 tum
1256 2460 1365 2483 Iocum.
1408 2457 1426 2483 I.
1447 2457 1508 2490 Sy.
1539 2455 1666 2490 confuga.
1696 2455 1737 2481 Cf.
1758 2455 1781 2481 h.
1802 2465 1825 2480 v.
1851 2471 1883 2474 —
1909 2456 1940 2488 ᾖ.
1966 2457 2002 2482 2.

1167 2502 1367 2536 Transfuga.
1391 2499 1481 2532 [Sy.
1501 2497 1654 2533 Transfuga.
1675 2497 1716 2524 Fr.
1736 2497 1806 2524 Aelii
1825 2497 1904 2530 Galli,
1923 2498 2001 2524 Leti.

1164 2543 1212 2580 Ap.
1234 2542 1339 2569 Festum
1360 2542 1383 2568 h.
1404 2552 1427 2568 V.

1201 2587 1421 2619 Pel-fugere.
1462 2585 1693 2620 Transfugae.
1729 2583 1771 2609 111.
1793 2584 1859 2610 οη.
1885 2584 1939 2619 Qui
1958 2593 2000 2610 ex-

1163 2630 1270 2655 ercitum
1290 2627 1413 2654 deseruit.
1433 2626 1473 2652 vel
1493 2628 1611 2664 privatus
1631 2627 1662 2653 ad
1682 2626 1773 2653 hostes
1792 2627 1912 2663 perfugit.
1933 2626 1962 2653 fr.
1975 2627 1998 2651 2.

1163 2672 1194 2698 ad
1214 2671 1243 2698 L.
1264 2670 1309 2696 Iul.
1329 2670 1386 2695 mai.
1407 2671 1448 2695 45.
1469 2673 1492 2696 4.

1199 2712 1432 2745 Perfugium.
1470 2714 1500 2746 §0
1521 2714 1555 2739 l.
1577 2715 1676 2739 Actus
1695 2713 1918 2748 confugiendi.
1954 2710 1998 2736 Ill.

1162 2759 1228 2785 Cn.
1248 2756 1284 2782 Vt
1304 2760 1354 2781 tam
1376 2755 1449 2781 foeda
1470 2756 1586 2792 perfugia
1606 2754 1801 2792 prohibeantur.
1823 2754 1870 2781 Th.
1891 2753 1921 2780 C.
1940 2752 1997 2779 ΧΠ.

1163 2802 1184 2826 l.
1206 2809 1227 2825 c.
1246 2801 1286 2824 50.
1307 2799 1328 2832 ᾖ.
1348 2800 1372 2825 2.
1393 2799 1425 2825 de
1444 2798 1578 2825 decurion.
1604 2814 1635 2817 -—
1668 2798 1697 2831 ς’.
1718 2799 1753 2824 2.
1777 2797 1996 2826 Praesidium,

277 2843 333 2871 Iud.

1160 2843 1341 2869 Auxilium.
1379 2841 1397 2868 1.
1417 2843 1479 2876 Sy·
1499 2841 1655 2877 Suffugium,
1675 2839 1876 2868 Adminicutum.
1896 2837 1933 2864 lb.
1953 2838 1998 2865 XI.
