2197 3121
1027 162 1134 194 (1031.

218 248 293 285 culpa
312 254 337 275 et
356 247 417 274 dolo
437 247 518 280 malo.
539 257 601 274 casu
620 245 745 283 quodam.
766 245 888 271 damnum
907 245 1053 271 committit.

217 291 252 317 Id.
274 291 289 316 1.
310 290 326 316 l.
346 293 404 317 211,
448 290 528 326 Quod
552 300 600 327 per
625 290 780 325 imperitiam
805 288 934 315 commisit
959 287 1055 320 (medi-

217 336 284 365 cus).
305 335 426 371 imputari
447 335 469 360 ei
489 333 575 360 debet.
595 332 625 358 fr.
640 333 664 358 6.
684 333 705 366 5.
721 334 744 358 7.
765 331 796 358 de
811 331 855 357 off.
868 330 956 357 Praes.
978 332 1000 356 1.
1014 331 1052 356 18.

217 376 245 402 Si
264 376 341 402 modo
362 377 416 402 eius
436 377 530 403 mentis
550 376 593 407 sit.
612 380 640 401 ut
654 376 792 401 occasione
812 374 870 400 data
888 373 915 400 id
935 374 1054 399 commis-

216 429 293 445 surus
314 420 356 445 sit.
377 419 406 445 ΓΡ.
426 421 485 444 225.
505 418 537 444 de
551 417 582 444 V.
598 417 624 444 S.
645 420 685 444 50.
702 419 741 444 16.
779 418 808 444 Si
827 417 859 443 ad
878 416 965 443 set-lus
985 426 1053 442 com-

215 462 370 488 mittendum
384 462 493 498 pecunia
508 462 542 487 sit
559 461 763 487 subministrata.
784 460 813 486 fr.
829 462 851 486 7.
872 459 904 486 de
917 459 947 485 L.
961 458 1052 495 Pomp.

215 504 248 531 de
267 515 335 542 parr.
363 506 404 531 48.
428 506 452 530 9.
498 503 557 529 Nou
586 505 620 530 sit
645 505 736 530 aetatis
760 504 894 530 excusatio
926 501 1052 527 adversus

215 552 355 584 praccepta
373 547 459 583 legum
478 547 508 579 ei,
529 548 581 583 qui.
602 547 663 573 dum
682 547 752 583 leges
771 548 884 575 invocat.
905 549 995 571 contra
1009 554 1052 571 eas

215 591 361 616 committit.
394 590 424 616 fr.
443 591 484 616 37.
509 590 530 623 5
552 592 574 616 l.
599 590 631 616 de
651 591 741 616 minor.
765 591 788 615 4.
809 590 832 615 4.
874 588 1007 614 Interdum
1027 589 1051 613 in

215 633 396 659 sanctionibus
417 634 471 665 (sc,
492 631 593 668 legum)
614 632 747 663 adiicitur.v
772 637 813 663 ut,
834 633 879 668 qui
897 631 933 657 ibi
953 630 1052 666 aliquid
1074 642 1075 645 ¹

214 677 358 705 commisit,
379 677 464 712 capite
482 676 612 712 puniatur.
645 675 675 702 fr.
695 677 718 701 9.
738 675 760 708 5.
779 677 803 702 3.
829 674 861 700 de
880 674 910 700 R.
932 674 964 700 D.
986 676 1008 699 l.
1028 677 1051 699 ὅ.

213 718 244 745 Si
264 718 327 755 quid
346 728 435 745 corum
456 719 628 749 commiserit,
653 728 719 754 quae
741 728 789 755 pro
814 717 942 743 adulterio
963 716 1052 743 cadem

213 760 256 787 lex
275 762 357 798 punit.
383 761 412 787 fr.
431 763 473 787 37.
494 761 559 794 5.1.
580 760 612 786 de
631 761 722 787 minor.
742 763 766 787 4.
781 762 804 787 4.
842 760 943 786 Comm.
964 759 1053 786 adver>
1073 770 1074 776 ¹

213 814 271 832 sus.
292 814 312 830 s.
332 805 358 829 iu
378 804 604 836 (testamentum).
634 803 663 829 fr.
683 807 706 830 ὅ.
732 804 753 837 5.
772 806 796 830 2.
823 803 855 829 de
880 803 981 829 liberat.
1002 802 1050 838 leg.

211 848 253 872 34.
273 848 296 872 3.
318 845 378 879 (Cf.
399 847 496 873 Ascon.
517 846 549 873 ad
568 845 624 872 Cic.
644 847 671 872 in
689 846 764 872 Yerr.
783 846 842 872 Act.
862 848 886 872 2.
906 845 964 872 Lib.
984 847 1008 871 2.
1029 855 1049 871 c.

212 889 257 921 9.)
286 905 319 908 -
348 890 378 923 ξ.
400 891 438 916 5.
467 892 603 916 Poenam
622 891 819 916 contrahere.
856 888 867 915 I
898 890 960 923 Sy.
987 888 1051 914 Inci-

211 931 274 958 dere
295 932 338 965 (in
359 932 480 963 edictum.
500 943 524 958 v.
544 942 654 968 poenam
675 932 774 963 edicti).
795 931 825 957 sr.
844 933 868 958 3.
889 932 926 965 55.
947 934 970 957 2.
991 941 1048 967 sqq.

170 1004 171 1009 Ἰ
210 976 234 1001 6.
256 974 286 1001 sr.
307 977 329 1001 4.
351 975 402 1010 Qu.
423 976 509 1011 quisq.
529 975 576 1000 iur.
596 977 620 1001 2.
640 977 663 1001 2.
702 974 797 1001 Teucri
818 974 916 1011 (lege).
949 974 1048 1001 Comm.

210 1019 237 1043 in
257 1017 373 1054 (legem).
403 1017 474 1044 Paul.
495 1017 526 1044 V.
539 1019 581 1044 26.
601 1018 638 1051 55.
652 1019 676 1044 3.
690 1028 730 1054 sq.
767 1017 809 1043 III.
825 1019 890 1045 (711.
909 1018 1048 1044 Exsistens

210 1060 327 1086 conditio
347 1061 457 1097 primam
476 1060 673 1097 stipulationem
698 1062 848 1087 committit.
874 1062 1049 1087 commissam-

209 1113 261 1140 quc
280 1105 306 1129 iu
326 1103 439 1129 secunda
460 1103 592 1130 transfert.
613 1104 642 1130 fr.
664 1106 704 1130 14.
725 1104 746 1137 5.
769 1106 790 1129 1.
811 1103 843 1129 dv
862 1108 948 1129 novat.
968 1105 1009 1129 46.
1023 1105 1047 1130 2.

208 1146 325 1183 Iniquom
355 1147 510 1172 seutentiam
537 1147 636 1172 evictae
664 1148 702 1172 rei
729 1146 875 1183 periculum
902 1146 1047 1172 venditoris

208 1199 260 1215 non
280 1194 400 1226 spectare
419 1189 530 1225 placuit.
555 1199 640 1226 neque
664 1189 861 1226 stipulationem
885 1191 1047 1216 auctoritatis

207 1233 376 1258 committere.
406 1231 490 1258 vatic.
510 1232 593 1265 510.
631 1232 670 1258 Ne.
688 1232 818 1258 indefensi
838 1243 923 1258 rerum
943 1243 1048 1269 posses-

207 1277 308 1302 sionem
328 1280 371 1301 aut
389 1275 568 1301 venditionem
586 1276 731 1312 patiantur,
755 1275 797 1301 vel
817 1276 934 1312 pignoris
955 1275 1047 1302 distra-
1068 1277 1070 1294 ³

206 1319 328 1349 ctionem.
348 1317 390 1344 vel
409 1328 509 1354 poenae
527 1317 728 1344 committendae
747 1319 883 1344 actionem.
904 1323 952 1345 etc.
973 1318 1002 1345 fr.
1025 1321 1045 1345 l.
1068 1322 1069 1326 ’

206 1361 238 1388 de
258 1360 289 1387 N.
310 1360 340 1387 G.
361 1363 385 1387 3.
406 1363 430 1386 5.
466 1360 562 1387 Mulcta
583 1362 753 1387 committitur
772 1361 820 1394 (ab
840 1362 950 1389 herede.
971 1363 1045 1392 etc).

205 1404 236 1430 fr.
256 1405 279 1430 6.
300 1414 339 1441 pr.
365 1403 397 1430 de
417 1403 492 1430 cond.
514 1409 539 1429 ct
559 1403 625 1429 dem.
649 1405 691 1430 35.
712 1406 734 1430 1.
772 1405 837 1431 Dics
858 1405 1045 1436 conuuittendi.
1067 1415 1068 1422 ¹

205 1457 228 1474 v.
249 1457 301 1484 quo
321 1446 456 1484 placucrat
475 1456 533 1472 csse
547 1448 722 1473 commissum.
748 1447 777 1474 fr.
792 1450 886 1485 321111:
907 1447 939 1474 de
953 1449 1044 1474 minor.

204 1492 228 1516 4.
248 1492 272 1516 4.
310 1490 339 1516 Si
358 1489 505 1527 periculum
524 1494 586 1516 erat.
607 1500 639 1515 nc
658 1490 762 1527 praedia
783 1492 808 1516 in
830 1491 963 1528 publicum
977 1501 1045 1517 com-

204 1534 378 1559 mitterentur.
408 1532 438 1558 fr.
460 1534 499 1558 13.
520 1532 552 1558 de
571 1532 602 1558 N.
623 1532 655 1559 G.
674 1535 698 1559 3.
718 1535 742 1559 5.
767 1533 797 1559 fr.
819 1535 858 1560 17.
878 1534 900 1567 5.
919 1536 943 1560 2.
964 1534 996 1560 ad
1016 1534 1042 1560 S.
1065 1543 1067 1562 ὲ

205 1575 236 1602 C.
256 1575 350 1602 Vellei.
372 1576 411 1601 16.
433 1577 455 1601 l.
475 1591 508 1594 —
528 1576 558 1608 ξ.
584 1577 622 1602 6.
653 1577 864 1603 Occasionem
882 1580 1044 1611 praebere.

204 1618 246 1644 111.
265 1621 330 1646 οη.
362 1618 391 1644 Si
411 1618 479 1644 alius
500 1619 645 1644 committat
664 1618 790 1651 edictum.
811 1624 836 1645 et
855 1621 913 1656 ipse
933 1620 965 1646 ad
985 1631 1005 1647 c.
1027 1626 1042 1647 t.

204 1661 234 1687 Β.
254 1661 334 1687 Puem
353 1661 512 1687 admittetur.
544 1660 574 1687 fr.
593 1663 617 1687 3.
638 1661 659 1695 5.
681 1663 720 1687 ll.
741 1661 771 1688 sr.
796 1664 834 1688 ll.
854 1673 894 1699 pr.
914 1663 946 1690 de
964 1664 995 1691 13,
1015 1663 1042 1690 Ρ.
1065 1688 1066 1692 .

205 1714 226 1729 c.
247 1708 264 1729 t.
283 1706 324 1730 37.
344 1706 368 1730 4.
398 1704 429 1730 cf.
451 1704 481 1730 fr.
503 1706 560 1730 103.
584 1705 621 1738 55.
643 1706 665 1730 l.
686 1714 744 1741 sqq.
765 1705 798 1732 de
817 1705 892 1741 legat.
913 1706 955 1733 III.
976 1707 1042 1739 (32.)

205 1745 259 1771 Sed
278 1747 329 1782 ipsi
348 1746 399 1773 soli
419 1757 471 1773 non
491 1748 654 1773 committent
673 1747 795 1779 edictum.
815 1749 865 1774 nisi
885 1748 963 1775 fuerit
977 1749 1042 1775 alius
1065 1775 1066 1778 ,

203 1790 360 1824 praeteritus
380 1800 411 1816 ex
431 1790 535 1821 liberis.
562 1791 606 1825 qui
630 1789 716 1816 solent
740 1792 902 1817 committere
921 1791 1042 1818 edictum.

203 1831 233 1857 fr.
254 1834 277 1857 ὅ.
298 1832 320 1864 5.
342 1833 380 1858 ll.
402 1832 432 1858 t'r.
453 1834 492 1858 10.
512 1833 534 1866 5.
554 1834 577 1858 5.
598 1832 630 1858 de.
648 1833 679 1858 13.
700 1832 727 1859 Ρ,
748 1843 769 1859 c.
789 1838 807 1859 t.
826 1835 868 1859 37.
888 1835 912 1860 4.

238 1874 498 1902 Commodare-

200 1959 407 1991 modaverimus⁷
433 1965 476 1985 aut
501 1960 596 1996 quibus
620 1962 757 1996 gratuitam
776 1961 964 1988 habitationem
983 1973 1043 1988 con-

201 2003 371 2028 stituerimus.
401 2002 458 2028 Gai.
477 2002 521 2029 IV.
543 2005 599 2029 153.
621 2002 651 2029 cf.
672 2003 701 2029 II.
721 2005 762 2030 50.
783 2003 812 2030 fr.
830 2006 868 2031 18.
889 2005 910 2038 5.
933 2006 955 2031 l.
975 2016 1042 2032 com·
1063 2007 1065 2038 ζ

200 2044 268 2070 mod.
291 2046 330 2070 13.
351 2046 375 2071 6.
413 2045 467 2080 Qui
487 2055 563 2081 quem
583 2047 687 2072 armatis
705 2046 854 2072 hominibus
868 2049 1042 2084 possessione
1063 2053 1064 2066 1

200 2103 232 2106 -
252 2087 385 2119 deiecerit,
405 2089 605 2124 expugnaverit,
626 2089 772 2121 obsederit,
793 2089 914 2122 cluserit.
934 2091 994 2117 idve
1014 2096 1041 2118 ut.

199 2130 274 2157 fieret
305 2130 424 2157 homines
456 2131 673 2163 commodaverit,
705 2132 844 2165 locaverit,
876 2133 1040 2161 conduxerit.

199 2171 271 2199 Paul.
291 2172 323 2200 V.
342 2175 384 2200 26.
405 2174 426 2207 5.
440 2175 464 2200 3.
485 2174 517 2200 cf.
537 2175 560 2208 5.
574 2176 614 2200 ll.
634 2174 652 2200 1.
672 2175 704 2201 de
724 2175 777 2202 obl.
798 2186 840 2212 qn.
861 2187 893 2203 ex
907 2177 958 2204 del.
978 2179 1002 2204 4.
1018 2180 1040 2204 1.
1062 2183 1063 2188 ¹

201 2215 254 2250 Qui
273 2216 351 2242 rebus
372 2216 543 2243 commodatis
564 2217 640 2244 aliter
660 2223 808 2250 uterentur.
834 2229 911 2255 quam
930 2220 1040 2246 utendas
1062 2239 1063 2249 1

200 2259 370 2294 accepissent.
404 2259 460 2285 Gai.
486 2259 528 2286 III.
556 2262 613 2286 197.
643 2260 674 2286 cf.
702 2263 758 2288 196.
802 2262 831 2288 Si
862 2263 918 2288 eius
947 2263 1040 2290 (lomus

200 2310 276 2326 causa
296 2303 377 2337 parati
396 2308 457 2328 sunt
477 2304 524 2336 (sc.
537 2303 673 2335 artifices).
695 2303 756 2330 licet
776 2304 834 2330 aliis
849 2315 954 2341 quoque
968 2316 1040 2342 prae-
1061 2335 1062 2338 Ἴ

199 2342 250 2369 diis
271 2344 508 2372 commodabantur.
528 2346 558 2371 ΓΡ.
580 2348 620 2372 12.
640 2347 661 2380 5.
682 2348 722 2372 42.
743 2346 775 2373 de
795 2348 869 2373 iustr.
889 2347 938 2383 leg.
958 2349 999 2374 33.
1016 2350 1038 2375 7.

200 2385 231 2412 ct'.
252 2386 281 2412 fr.
298 2388 321 2411 5.
341 2387 362 2420 5.
377 2389 400 2413 6.
420 2389 547 2414 commod.
569 2390 608 2414 13.
623 2390 646 2415 6.
667 2405 699 2408 -
720 2390 749 2422 ξ.
765 2391 800 2416 2.
823 2391 936 2417 Mutuo
956 2393 1037 2417 dare.

201 2428 219 2453 I.
235 2429 296 2462 Sy.
317 2427 423 2455 Credita
443 2433 581 2466 quantitas
607 2432 779 2459 Commodata
800 2434 917 2469 pecunia.
943 2433 992 2460 Th.
1007 2433 1037 2460 C.

199 2470 229 2496 II.
249 2472 291 2496 31.
312 2481 333 2497 c.
354 2473 377 2497 l.
401 2472 453 2506 Qu.
472 2474 553 2500 iussu.
590 2475 720 2503 Mutuum.
751 2475 894 2501 Focncbris
919 2478 1037 2512 pecunia⁷

198 2513 299 2539 Aurum
319 2514 516 2542 commodatum.
546 2527 567 2543 c.
589 2519 612 2544 1.
632 2528 672 2554 sq.
697 2518 729 2544 de
748 2518 773 2544 h.
794 2529 836 2554 qu.
857 2529 889 2545 ex
908 2520 970 2556 pub.
990 2525 1036 2546 rat.

200 2557 240 2582 10.
259 2557 282 2582 6.
304 2572 335 2575 -
355 2558 385 2590 ξ.
401 2559 437 2584 3.
458 2560 715 2592 .-1ιί“οηιηιοι1(ινε,
736 2563 911 2595 Αιίιιμίανε.
941 2562 958 2589 Ι.
975 2564 1036 2597 Sy.
1058 2573 1059 2582 ι

197 2598 343 2630 Adhibcre.
364 2599 507 2633 Praebere,
526 2601 661 2629 Praestare
682 2606 858 2635 (consensum
878 2606 952 2637 etc).
986 2605 1035 2632 Th.
1058 2612 1059 2631 1

198 2641 229 2667 C.
247 2641 292 2668 XI.
313 2644 354 2668 30,
376 2653 396 2669 c.
416 2647 440 2670 8.
461 2645 482 2678 5.
504 2646 525 2670 l.
552 2644 584 2671 dc
603 2656 661 2682 app.
682 2651 707 2672 et
726 2657 802 2684 poen.
827 2648 871 2674 XI.
891 2650 933 2674 36.
954 2658 974 2674 e.
996 2651 1035 2675 10.

198 2695 219 2710 c.
238 2686 279 2710 26.
301 2684 383 2720 Quor.
404 2696 462 2723 app.
483 2697 507 2713 n.
527 2697 578 2713 rec.
599 2687 669 2714 XVI.
688 2691 712 2715 6.
733 2700 754 2716 c.
768 2692 792 2716 4.
807 2691 828 2724 5
840 2692 863 2716 4.
884 2701 908 2717 n.
923 2691 949 2717 S.
964 2691 1034 2728 bapt.

197 2726 239 2753 III.
264 2729 329 2754 (1η.
356 2728 408 2763 Qui
428 2728 505 2755 fidem
525 2739 598 2755 suam
618 2731 698 2757 amico
719 2732 903 2765 commodavit,
923 2744 972 2770 qua
992 2734 1035 2760 alii
1056 2739 1058 2766 j

197 2779 273 2805 quam
293 2770 344 2796 sibi
366 2781 396 2797 ex
417 2770 505 2798 liberti
524 2772 614 2798 fraude
633 2772 764 2809 adquisiit.
792 2775 822 2801 fr.
844 2778 883 2802 12.
904 2777 926 2802 si
946 2787 988 2813 qu.
1008 2778 1035 2803 in

197 2811 226 2838 fr.
246 2817 311 2849 patr.
331 2814 373 2839 38.
393 2816 416 2840 5.
459 2813 638 2842 Moderatores
657 2817 867 2852 provinciarum,
891 2829 1034 2856 eorumque

536 1876 566 1907 ξ.
588 1876 622 1901 1.
653 1877 769 1901 Gratis
790 1879 940 1902 utendum
960 1879 1065 1909 daret]

201 1916 243 1942 III.
266 1918 331 1944 (7η.
362 1917 442 1954 Apud
461 1928 527 1953 quos
553 1917 766 1954 deposueri1uuS‚
792 1923 835 1944 aut
859 1919 955 1955 quibus
976 1929 1043 1945 com-
1064 1936 1065 1942 ι

1883 168 1940 197 167

1076 246 1078 248 ’
1099 244 1198 277 officia,
1219 261 1251 264 —
1271 245 1432 281 diligentiam
1451 251 1476 273 et
1496 246 1637 273 efficaciam
1657 247 1717 273 lmic
1736 249 1809 284 opt-ri
1829 258 1939 274 connino-

1099 288 1204 314 dabunt.
1238 287 1305 314 Νῦν.
1327 288 1429 315 Valent.
1450 289 1492 316 III.
1519 289 1550 316 de
1570 300 1637 316 suar.
1665 290 1695 316 II.
1715 292 1757 317 36.
1783 301 1802 316 c.
1825 292 1847 316 l.
1873 291 1893 324 5.
1914 293 1937 317 4.

1098 331 1141 362 Ei.
1167 330 1238 367 quod
1263 330 1316 357 ullo
1340 331 1418 358 modo
1450 332 1528 359 fucrit
1557 334 1735 370 impetratum.
1764 333 1938 359 damnabilem

1098 375 1290 400 conniventiam
1315 374 1487 402 comnmdarc.
1518 375 1567 402 Th.
1589 375 1619 402 C.
1645 375 1690 402 XI.
1714 378 1755 403 30,
1781 387 1802 403 c.
1822 380 1845 402 ὅ.
1871 376 1892 409 5.
1915 378 1936 402 l.

1098 416 1129 442 de
1149 427 1207 453 app.
1229 421 1254 443 et
1273 426 1350 453 poen.
1392 417 1481 444 Rebus
1506 420 1622 455 propriis
1646 419 1819 445 intercessum
1844 429 1936 445 comm.

1074 469 1075 474 ¹
1097 470 1149 485 non
1168 470 1256 496 posse.
1277 470 1297 486 c.
1317 462 1340 486 3.
1362 460 1413 495 Qu.
1434 461 1516 487 morb.
1538 472 1566 488 se
1586 472 1675 488 exous.
1696 464 1735 488 10.
1756 465 1796 488 50.
1836 463 1889 498 Qui
1908 462 1937 488 li—

1097 502 1185 529 bertae
1205 513 1267 529 suae
1286 503 1401 529 nubendi
1421 503 1594 530 commodavit
1615 504 1763 531 adsensum.
1785 516 1806 531 c.
1821 507 1860 531 11.
1876 506 1934 539 5.1.

1074 545 1075 550 ¹
1098 545 1129 571 de
1148 556 1219 582 oper.
1240 545 1326 572 libert.
1346 547 1369 572 6.
1389 548 1413 572 3.

1074 594 1075 640 l
1133 597 1409 624 Commodator.
1432 599 1495 630 Qui
1514 607 1574 622 rem
1594 600 1696 624 alteri
1714 601 1933 625 commodavit.

1096 638 1114 664 I.
1135 640 1195 673 Sy.
1228 639 1281 674 Qui
1301 639 1482 666 commodasse
1501 639 1615 666 dicetur.
1635 651 1658 666 V.
1679 641 1732 676 Qui
1752 641 1934 667 commodavit.

1097 682 1126 708 fr.
1149 683 1170 707 l.
1191 692 1230 719 pr.
1256 683 1286 708 l'r.
1308 684 1330 708 7.
1356 683 1376 716 5.
1399 685 1421 709 l.
1446 682 1574 709 commod.
1601 685 1639 708 13.
1666 685 1688 709 6.
1717 684 1746 710 fr.
1769 686 1807 710 14.
1834 684 1932 717 5514.

1097 735 1154 761 sqq.
1175 725 1206 751 dc
1226 725 1285 751 furt.
1306 727 1347 751 47.
1366 727 1390 751 2.
1434 725 1463 751 II.
1489 727 1555 759 ⁰1).
1591 726 1643 760 Qui
1669 736 1722 752 rem
1746 726 1933 752 commodatam

1096 769 1204 804 accepit.
1234 778 1254 794 c.
1275 770 1316 794 22.
1336 769 1358 802 5.
1375 770 1395 794 l.
1416 768 1448 794 dc
1468 768 1527 794 furt.
1547 769 1570 794 6.
1590 771 1614 795 2.
1635 769 1712 802 516.
1733 769 1750 795 I.
1771 769 1803 795 (lc
1823 769 1875 795 obl.
1890 779 1932 805 qu.

1096 821 1127 836 ex
1148 810 1198 836 dcl.
1218 812 1241 836 4.
1264 813 1285 837 l.

1132 861 1430 889 commodatum.
1461 863 1578 895 (Subst.)
1617 864 1646 896 ξ.
1666 865 1699 889 l.
1726 865 1784 890 Res
1803 874 1932 890 commo-

1094 906 1177 930 data.
1215 903 1257 929 111.
1278 905 1342 931 (Ἦ.
1372 906 1409 932 Si.
1430 911 1455 931 ut
1477 911 1548 932 certo
1568 906 1627 932 loco
1647 905 1689 932 vel
1709 910 1826 942 tempore
1843 905 1933 931 redda—

1095 952 1136 973 tur
1156 946 1359 975 commodatum.
1380 950 1510 975 convenit.
1540 949 1570 975 fr.
1590 951 1613 975 5.
1635 959 1672 986 pr.
1699 948 1826 975 commod.
1849 950 1888 974 13.
1908 950 1931 974 6,

1094 989 1125 1015 cf.
1147 1000 1167 1015 c.
1188 991 1204 1015 4
1232 989 1289 1016 cod.
1309 991 1332 1016 4.
1346 992 1387 1016 253.
1426 991 1478 1025 Qui
1493 994 1601 1028 rogavit.
1621 1008 1651 1011 —
1673 992 1932 1028 Quiacccpit(c01n-

1070 1037 1071 1059 1
1093 1032 1246 1064 modatum).
1268 1032 1299 1058 fr.
1317 1034 1342 1058 3.
1363 1034 1383 1066 5.
1403 1034 1427 1059 3.
1449 1034 1478 1059 fr.
1498 1037 1521 1060 5.
1541 1035 1578 1068 55.
1599 1037 1621 1061 7.
1644 1037 1682 1061 10.
1704 1037 1744 1061 12.
1765 1034 1795 1061 fr.
1809 1037 1850 1060 22.
1872 1034 1930 1060 eod.

1095 1077 1133 1101 13.
1155 1076 1178 1101 6.
1199 1091 1231 1094 —-
1251 1076 1281 1109 ξ.
1294 1077 1329 1102 2.
1351 1078 1548 1104 Contractus
1568 1081 1601 1104 de
1621 1089 1651 1104 re
1667 1080 1781 1113 gratis
1801 1080 1930 1109 utenda,

1092 1125 1120 1144 et
1140 1120 1170 1144 in
1190 1121 1294 1152 specie
1319 1121 1530 1147 restituenda.
1568 1121 1609 1147 III.
1634 1123 1698 1148 Cn.
1731 1121 1801 1147 Inter
1820 1130 1932 1147 commo-

1093 1161 1193 1188 datum.
1214 1166 1239 1187 ct
1258 1161 1383 1188 utendum
1403 1161 1500 1193 datum.
1520 1168 1619 1190 tautum
1639 1165 1780 1192 iuteresse.
1807 1168 1931 1200 quantum

1092 1206 1159 1230 inter
1178 1215 1259 1240 gcuus
1280 1210 1303 1231 et
1324 1206 1447 1242 speciem.
1469 1206 1498 1232 sr.
1521 1209 1542 1232 l.
1563 1207 1584 1240 5.
1607 1209 1616 1232 l
1649 1207 1682 1232 ib.
1705 1208 1743 1232 153.
1764 1209 1787 1232 6.
1825 1206 1931 1232 FIodum

1092 1247 1248 1273 commodati
1267 1248 1398 1284 finemque
1416 1249 1604 1285 prat-scribere.
1626 1249 1710 1276 [¹1:17.
1731 1250 1751 1283 5.
1771 1251 1796 1275 3.
1815 1249 1832 1275 l.
1853 1249 1868 1275 l.
1891 1251 1929 1275 1-3.

1068 1292 1114 1320 ;6.
1151 1291 1278 1317 Actiones
1303 1291 1473 1320 commodati.
1505 1292 1628 1319 fiduciae.
1660 1293 1823 1328 negotiorum
1847 1297 1930 1328 gesto-

1068 1334 1069 1346 1
1091 1345 1155 1362 rum.
1175 1339 1199 1360 ct
1219 1334 1284 1361 aliae
1303 1335 1516 1361 innumerabiles.
1541 1334 1597 1362 Gai.
1612 1335 1711 1362 1V.33.
1748 1335 1777 1361 In
1794 1336 1931 1361 contracti-

1090 1378 1139 1403 bus
1160 1377 1287 1415 dcpositi.
1308 1378 1477 1407 commodati.
1502 1378 1593 1409 locati.
1619 1383 1644 1405 et.
1663 1379 1772 1404 caeteris
1792 1378 1930 1405 similibus.

1090 1420 1119 1446 ΓΡ.
1140 1423 1180 1446 50.
1202 1420 1233 1447 cf.
1253 1420 1283 1447 fr.
1305 1423 1326 1447 7.
1348 1432 1386 1458 pr.
1407 1422 1428 1455 5.
1450 1423 1472 1447 l.
1493 1421 1525 1448 ‹le
1544 1427 1612 1459 pact.
1634 1424 1657 1447 2.
1680 1423 1719 1447 14.
1740 1421 1770 1448 sr.
1791 1423 1832 1448 23.
1853 1421 1885 1448 de
1898 1421 1929 1447 R.

1066 1475 1067 1478 ¹
1090 1463 1107 1490 I.
1128 1466 1168 1490 50.
1191 1466 1229 1490 17.

1125 1519 1337 1546 Commode.
1364 1518 1476 1552 (Advb.)
1507 1521 1759 1551 C'071re111‘ezzter,
1780 1521 1927 1546 Honeste.

1065 1568 1066 1576 ¹
1089 1561 1107 1588 1,
1122 1563 1183 1596 Sy.
1213 1561 1303 1588 Recte.
1335 1562 1364 1587 sr.
1385 1564 1409 1588 5.
1430 1562 1512 1595 §.14.
1534 1562 1563 1588 fr.
1585 1564 1624 1588 ll.
1645 1562 1773 1588 commod.
1795 1563 1833 1587 13.
1854 1563 1877 1587 6.
1897 1561 1928 1587 fr.

1065 1601 1066 1628 1
1090 1607 1129 1631 12.
1150 1615 1188 1642 pr.
1209 1606 1230 1639 5.
1249 1607 1273 1631 2.
1294 1605 1326 1631 de
1345 1605 1398 1631 rcb.
1420 1610 1486 1631 auct.
1507 1605 1558 1632 iud.
1579 1607 1620 1631 42.
1640 1607 1663 1631 5.
1701 1605 1826 1631 Honeste.
1845 1605 1875 1631 fr.
1887 1606 1928 1631 63.

1088 1658 1126 1685 pr.
1147 1649 1168 1682 5.
1191 1650 1212 1674 l.
1233 1648 1265 1674 dc
1285 1648 1360 1674 cond.
1382 1653 1407 1674 ct
1426 1648 1492 1674 dem.
1512 1650 1554 1675 35.
1576 1650 1597 1674 1.
1636 1648 1677 1674 III.
1699 1649 1764 1675 Cn.
1784 1648 1884 1684 Aeque,
1903 1658 1927 1674 v.

1065 1701 1066 1716 i
1088 1691 1172 1722 Satis,
1198 1691 1333 1718 commode
1358 1691 1456 1728 (posse
1475 1692 1550 1723 eto).
1583 1690 1612 1717 fr.
1633 1692 1656 1717 9.
1683 1690 1716 1717 de
1739 1692 1829 1717 servit.
1855 1692 1878 1717 S.
1905 1692 1927 1717 1.

1088 1733 1117 1760 sr.
1129 1734 1170 1759 63.
1184 1744 1224 1770 pr.
1245 1733 1277 1760 de
1291 1734 1366 1760 cond.
1382 1739 1406 1760 et
1425 1734 1491 1760 dem.
1511 1736 1552 1760 35.
1569 1736 1591 1759 1.
1628 1733 1722 1759 Parum
1737 1744 1827 1760 comm.
1842 1733 1927 1766 (dici).

1088 1776 1117 1802 ΓΡ.
1138 1778 1179 1802 41.
1199 1787 1238 1813 pr.
1259 1776 1290 1802 de
1310 1778 1386 1803 cvict.
1405 1779 1447 1802 21.
1465 1779 1488 1802 2.
1526 1776 1618 1802 Paullo
1637 1778 1723 1802 minus
1743 1786 1835 1803 comm.
1855 1776 1926 1809 (uti).

1088 1819 1117 1845 ΓΡ.
1137 1821 1178 1845 27.
1198 1829 1236 1855 pr.
1257 1819 1333 1845 locat.
1356 1822 1394 1846 19.
1414 1822 1438 1846 2.
1475 1819 1564 1856 Longe
1585 1819 1747 1845 commodius
1767 1824 1815 1845 cst.
1835 1818 1865 1845 fr.
1884 1820 1926 1844 24.

1064 1854 1065 1880 1
1088 1862 1120 1888 dc
1138 1861 1170 1888 R.
1190 1861 1222 1888 V.
1242 1863 1265 1888 6.
1287 1864 1309 1888 1.
1347 1862 1427 1900 Rcsp.
1448 1862 1611 1889 commodius
1631 1872 1659 1888 se
1679 1863 1837 1889 existimare.
1857 1862 1887 1888 fr.
1903 1864 1925 1888 7.

1087 1906 1108 1939 5.
1131 1907 1170 1931 17.
1196 1905 1247 1940 Qu.
1267 1916 1299 1931 cx
1319 1916 1339 1931 c.
1364 1906 1390 1931 in
1413 1916 1486 1942 poss.
1510 1908 1551 1932 42.
1576 1907 1599 1932 4.
1644 1904 1704 1931 Non
1728 1905 1873 1937 tenebitur,
1893 1921 1926 1924 —

1087 1947 1134 1974 scd
1154 1948 1315 1974 commodius
1342 1953 1382 1974 est
1407 1954 1454 1975 etc.
1490 1949 1519 1975 fr.
1544 1950 1568 1975 3.
1594 1949 1615 1982 5.
1638 1950 1658 1975 l.
1685 1948 1715 1974 fr.
1740 1950 1763 1974 4.
1792 1947 1823 1974 de
1848 1958 1925 1974 servo

1088 2001 1155 2017 corr.
1181 1993 1220 2017 11.
1239 1992 1263 2017 3.
1293 1991 1324 2017 cf.
1345 1990 1402 2017 Gai.
1422 1991 1439 2017 I.
1465 1994 1523 2020 134.
1548 1992 1578 2018 II.
1604 1993 1661 2018 146.
1703 1990 1926 2018 Commodissime

1063 2040 1064 2047 ¹
1087 2033 1151 2066 dici.
1176 2044 1201 2060 v.
1221 2035 1308 2060 statui.
1339 2034 1370 2060 l'r.
1391 2036 1414 2060 l.
1439 2035 1460 2068 5.
1481 2037 1523 2061 37.
1548 2035 1640 2072 depos.
1662 2036 1701 2061 16.
1720 2036 1744 2060 3.
1774 2034 1803 2060 l'r.
1824 2035 1865 2060 18.
1884 2044 1924 2071 pr.

1063 2078 1064 2099 1
1086 2077 1118 2103 de
1147 2077 1221 2103 milit.
1251 2081 1352 2103 testam.
1381 2079 1422 2104 29.
1449 2079 1471 2104 l.
1514 2077 1736 2104 Commodissime
1759 2078 1816 2104 ficri
1834 2087 1923 2115 posse.

1060 2111 1064 2129 ⁴*
1086 2124 1113 2146 ut
1133 2124 1180 2145 etc.
1210 2119 1240 2145 fr.
1262 2121 1284 2146 7.
1311 2120 1393 2154 518.
1423 2120 1474 2155 Qu.
1496 2131 1527 2147 cx
1547 2131 1568 2147 c.
1588 2122 1615 2147 in
1634 2131 1706 2158 poss.
1725 2123 1767 2147 42.
1787 2122 1810 2147 4.
1848 2119 1925 2147 Com-

1086 2162 1239 2189 modissime
1258 2162 1303 2189 illa
1322 2163 1403 2189 forma
1423 2164 1449 2189 in
1469 2164 1598 2190 mandatis
1618 2164 1744 2190 servanda
1764 2169 1811 2190 cst.
1832 2163 1862 2190 fr.
1882 2164 1922 2189 46.

1084 2205 1169 2232 mand.
1191 2207 1230 2232 17.
1252 2207 1274 2232 1.

1061 2253 1063 2270 1
1120 2257 1441 2284 (Tou-moderatus.
1471 2256 1600 2289 (partic.)
1647 2259 1841 2284 Moderatus.
1878 2257 1920 2283 III.

1061 2304 1062 2326 1
1085 2300 1150 2326 011.
1186 2299 1274 2326 XVUI
1296 2310 1345 2337 per
1365 2299 1483 2335 singulos
1503 2301 1632 2326 sextarios
1652 2301 1789 2338 scripulis,
1814 2300 1845 2327 ad
1869 2310 1921 2326 cer-

1061 2340 1062 2364 1
1084 2346 1169 2368 torum
1194 2342 1314 2369 ordinum
1338 2342 1502 2368 commodum
1527 2343 1718 2370 commodcrata
1747 2344 1921 2380 dispositione

1060 2385 1062 2401 ‘
1084 2389 1134 2416 tua.
1154 2387 1263 2411 retentis
1283 2396 1311 2411 ac
1332 2385 1489 2411 distributis.
1520 2385 1569 2412 Th.
1585 2386 1615 2413 C.
1635 2387 1705 2413 XIV.
1727 2389 1765 2412 17.
1786 2398 1806 2412 c.
1829 2388 1867 2411 15.
1888 2386 1920 2412 (1(-

1060 2418 1061 2433 l
1083 2438 1176 2453 annon.
1198 2429 1246 2453 civ.

1119 2478 1383 2505 Commoditas.
1434 2481 1589 2512 Vtilitas,
1623 2482 1829 2506 Commodum.
1877 2479 1918 2506 111.

1058 2518 1060 2566 ¹l
1084 2522 1149 2548 Cn.
1187 2521 1215 2547 Si
1236 2522 1289 2553 (sc.
1309 2521 1403 2553 heres)
1423 2532 1471 2559 pro
1492 2522 1720 2549 commoditatibus
1740 2523 1776 2548 rci
1796 2532 1858 2549 suae
1877 2523 1919 2549 ad-

1081 2563 1281 2591 ministrandae.
1311 2574 1354 2591 aes
1383 2564 1495 2592 alienum
1522 2566 1619 2591 tardius
1644 2564 1794 2591 exsolverit.
1828 2565 1856 2592 fr.
1876 2567 1917 2592 4l.

1058 2634 1059 2648 χ
1082 2606 1146 2639 5.1.
1168 2606 1200 2631 dc
1220 2606 1305 2633 lideic.
1326 2607 1389 2634 libb.
1409 2610 1450 2634 40.
1471 2611 1494 2635 5.
1533 2608 1631 2634 Contra
1652 2607 1715 2634 haec
1734 2618 1796 2634 saue
1815 2614 1918 2646 reperta

1057 2655 1059 2684 ς
1082 2653 1121 2674 cst
1141 2654 1166 2675 et
1185 2648 1295 2676 facilitas
1322 2655 1347 2676 et
1371 2651 1541 2677 commoditas
1567 2650 1694 2685 exigendi.
1730 2651 1779 2677 Th.
1805 2651 1835 2678 C.
1862 2652 1917 2678 VII.

1057 2699 1058 2725 t
1082 2693 1121 2718 13.
1142 2702 1163 2718 c.
1184 2693 1207 2718 7.
1226 2703 1266 2729 pr.
1286 2693 1318 2719 de
1338 2695 1415 2719 tiron.
1453 2693 1504 2724 Nc.
1529 2692 1589 2718 dum
1615 2694 1691 2719 nimia
1711 2693 1816 2730 largitas
1835 2695 1918 2722 tendi-

1080 2739 1135 2765 tur,
1154 2735 1259 2771 publica
1280 2737 1450 2763 commoditas
1472 2735 1622 2771 negligatur.
1655 2736 1691 2763 lb.
1710 2737 1743 2764 X.
1770 2740 1808 2764 10.
1834 2749 1854 2764 c.
1874 2740 1915 2764 21.

1055 2775 1057 2809 l
1079 2777 1111 2803 de
1130 2779 1248 2814 petition.
1264 2784 1289 2805 et
1304 2779 1372 2805 ultro
1387 2779 1438 2805 dat.
1477 2778 1530 2813 Qui
1555 2778 1678 2814 gloriosis
1699 2780 1834 2817 obsequiis
1854 2791 1916 2807 non-

1055 2818 1057 2845 1
1078 2820 1143 2846 nihil
1162 2821 1262 2858 reipub.
1285 2821 1476 2848 commoditatis
1497 2821 1616 2848 adferunt
1632 2827 1657 2848 et
1671 2823 1783 2850 decoris.
1805 2835 1825 2851 c.
1840 2826 1862 2850 2Δ
1883 2824 1915 2850 de
