<?xml version="1.0" encoding="UTF-8"?>
<!DOCTYPE html PUBLIC "-//W3C//DTD XHTML 1.0 Transitional//EN"
    "http://www.w3.org/TR/xhtml1/DTD/xhtml1-transitional.dtd">
<html xmlns="http://www.w3.org/1999/xhtml" xml:lang="en" lang="en">
 <head>
  <title>
</title>
<meta http-equiv="Content-Type" content="text/html;charset=utf-8" />
  <meta name='ocr-system' content='tesseract 3.04.00' />
  <meta name='ocr-capabilities' content='ocr_page ocr_carea ocr_par ocr_line ocrx_word'/>
</head>
<body>
  <div class='ocr_page' id='page_1' title='image "./manualelatinitat00dirk_0380.png"; bbox 0 0 2197 3121; ppageno 0'>
   <div class='ocr_carea' id='block_1_1' title="bbox 252 184 317 215">
    <p class='ocr_par' dir='ltr' id='par_1_1' title="bbox 252 184 317 215">
     <span class='ocr_line' id='line_1_1' title="bbox 252 184 317 215; baseline -0.015 0"><span class='ocrx_word' id='word_1_1' title='bbox 252 184 317 215; x_wconf 87' lang='lat'><strong>366</strong></span> 
     </span>
    </p>
   </div>
   <div class='ocr_carea' id='block_1_2' title="bbox 254 262 1123 303">
    <p class='ocr_par' dir='ltr' id='par_1_2' title="bbox 254 262 1123 303">
     <span class='ocr_line' id='line_1_2' title="bbox 254 262 1123 303; baseline -0.005 -11"><span class='ocrx_word' id='word_1_2' title='bbox 254 265 395 303; x_wconf 78' lang='lat' dir='ltr'><strong>Pei-peram</strong></span> <span class='ocrx_word' id='word_1_3' title='bbox 415 264 554 297; x_wconf 79' lang='lat' dir='ltr'><strong>(confiteri</strong></span> <span class='ocrx_word' id='word_1_4' title='bbox 573 264 639 296; x_wconf 76' lang='lat' dir='ltr'><strong>etc.)</strong></span> <span class='ocrx_word' id='word_1_5' title='bbox 665 263 694 290; x_wconf 78' lang='lat' dir='ltr'><strong>t&#39;r.</strong></span> <span class='ocrx_word' id='word_1_6' title='bbox 715 265 738 289; x_wconf 88' lang='lat'><strong>5.</strong></span> <span class='ocrx_word' id='word_1_7' title='bbox 765 262 796 289; x_wconf 76' lang='lat' dir='ltr'><strong>t&#39;r.</strong></span> <span class='ocrx_word' id='word_1_8' title='bbox 815 264 839 290; x_wconf 83' lang='lat'><strong>9.</strong></span> <span class='ocrx_word' id='word_1_9' title='bbox 864 263 887 297; x_wconf 88' lang='lat'><strong>5.</strong></span> <span class='ocrx_word' id='word_1_10' title='bbox 906 264 930 289; x_wconf 76' lang='lat'><strong>4.</strong></span> <span class='ocrx_word' id='word_1_11' title='bbox 956 262 989 289; x_wconf 91' lang='lat' dir='ltr'><strong>de</strong></span> <span class='ocrx_word' id='word_1_12' title='bbox 1008 263 1099 289; x_wconf 85' lang='lat' dir='ltr'><strong>interr.</strong></span> <span class='ocrx_word' id='word_1_13' title='bbox 1120 264 1123 271; x_wconf 67' lang='lat'>¹</span> 
     </span>
    </p>
   </div>
   <div class='ocr_carea' id='block_1_3' title="bbox 254 304 1102 988">
    <p class='ocr_par' dir='ltr' id='par_1_3' title="bbox 254 304 1102 764">
     <span class='ocr_line' id='line_1_3' title="bbox 255 304 1102 341; baseline -0.005 -6"><span class='ocrx_word' id='word_1_14' title='bbox 255 309 281 335; x_wconf 91' lang='lat' dir='ltr'><strong>in</strong></span> <span class='ocrx_word' id='word_1_15' title='bbox 302 309 365 335; x_wconf 84' lang='lat' dir='ltr'><strong>iure.</strong></span> <span class='ocrx_word' id='word_1_16' title='bbox 387 309 426 333; x_wconf 90' lang='lat' dir='ltr'><strong>ll.</strong></span> <span class='ocrx_word' id='word_1_17' title='bbox 448 309 469 333; x_wconf 90' lang='lat'><strong>1.</strong></span> <span class='ocrx_word' id='word_1_18' title='bbox 508 307 550 333; x_wconf 90' lang='lat'><strong>111.</strong></span> <span class='ocrx_word' id='word_1_19' title='bbox 570 308 635 334; x_wconf 80' lang='lat' dir='ltr'><strong>Cn.</strong></span> <span class='ocrx_word' id='word_1_20' title='bbox 674 306 727 341; x_wconf 87' lang='lat' dir='ltr'><strong>Qui</strong></span> <span class='ocrx_word' id='word_1_21' title='bbox 748 305 828 338; x_wconf 80' lang='lat' dir='ltr'><strong>salso,</strong></span> <span class='ocrx_word' id='word_1_22' title='bbox 848 304 891 332; x_wconf 85' lang='lat' dir='ltr'><strong>vel</strong></span> <span class='ocrx_word' id='word_1_23' title='bbox 910 306 995 337; x_wconf 81' lang='lat' dir='ltr'><strong>varie,</strong></span> <span class='ocrx_word' id='word_1_24' title='bbox 1015 305 1102 338; x_wconf 84' lang='lat' dir='ltr'><strong>(testi-</strong></span> 
     </span>
     <span class='ocr_line' id='line_1_4' title="bbox 254 347 1102 385; baseline -0.005 -8"><span class='ocrx_word' id='word_1_25' title='bbox 254 351 341 378; x_wconf 82' lang='lat' dir='ltr'><strong>monia</strong></span> <span class='ocrx_word' id='word_1_26' title='bbox 361 349 506 382; x_wconf 81' lang='lat' dir='ltr'><strong>dixerunt.)</strong></span> <span class='ocrx_word' id='word_1_27' title='bbox 531 349 560 376; x_wconf 84' lang='lat' dir='ltr'><strong>fr.</strong></span> <span class='ocrx_word' id='word_1_28' title='bbox 582 350 622 375; x_wconf 89' lang='lat'><strong>16.</strong></span> <span class='ocrx_word' id='word_1_29' title='bbox 643 348 675 375; x_wconf 84' lang='lat' dir='ltr'><strong>de</strong></span> <span class='ocrx_word' id='word_1_30' title='bbox 694 349 784 376; x_wconf 76' lang='lat' dir='ltr'><strong>testib.</strong></span> <span class='ocrx_word' id='word_1_31' title='bbox 807 350 850 376; x_wconf 82' lang='lat'><strong>22.</strong></span> <span class='ocrx_word' id='word_1_32' title='bbox 870 351 894 375; x_wconf 88' lang='lat'><strong>5.</strong></span> <span class='ocrx_word' id='word_1_33' title='bbox 932 348 970 380; x_wconf 84' lang='lat' dir='ltr'><strong>Si,</strong></span> <span class='ocrx_word' id='word_1_34' title='bbox 990 357 1038 385; x_wconf 86' lang='lat' dir='ltr'><strong>per</strong></span> <span class='ocrx_word' id='word_1_35' title='bbox 1057 347 1102 374; x_wconf 90' lang='lat' dir='ltr'><strong>do-</strong></span> 
     </span>
     <span class='ocr_line' id='line_1_5' title="bbox 255 390 1100 428; baseline -0.005 -7"><span class='ocrx_word' id='word_1_36' title='bbox 255 394 318 426; x_wconf 79' lang='lat' dir='ltr'><strong>lum.</strong></span> <span class='ocrx_word' id='word_1_37' title='bbox 338 394 426 419; x_wconf 82' lang='lat' dir='ltr'><strong>sciens</strong></span> <span class='ocrx_word' id='word_1_38' title='bbox 446 393 512 419; x_wconf 74' lang='lat' dir='ltr'><strong>t&#39;also</strong></span> <span class='ocrx_word' id='word_1_39' title='bbox 532 391 632 428; x_wconf 77' lang='lat' dir='ltr'><strong>aliquid</strong></span> <span class='ocrx_word' id='word_1_40' title='bbox 651 391 790 428; x_wconf 79' lang='lat' dir='ltr'>adlegavit.</span> <span class='ocrx_word' id='word_1_41' title='bbox 814 391 844 418; x_wconf 77' lang='lat' dir='ltr'><strong>t&#39;r.</strong></span> <span class='ocrx_word' id='word_1_42' title='bbox 865 393 904 418; x_wconf 80' lang='lat'><strong>75.</strong></span> <span class='ocrx_word' id='word_1_43' title='bbox 925 390 957 417; x_wconf 85' lang='lat' dir='ltr'><strong>de</strong></span> <span class='ocrx_word' id='word_1_44' title='bbox 977 390 1056 417; x_wconf 88' lang='lat' dir='ltr'><strong>iudic.</strong></span> <span class='ocrx_word' id='word_1_45' title='bbox 1076 392 1100 417; x_wconf 89' lang='lat'><strong>5.</strong></span> 
     </span>
     <span class='ocr_line' id='line_1_6' title="bbox 257 432 1100 472; baseline -0.005 -8"><span class='ocrx_word' id='word_1_46' title='bbox 257 439 280 464; x_wconf 97' lang='lat' dir='ltr'><strong>l.</strong></span> <span class='ocrx_word' id='word_1_47' title='bbox 318 436 382 463; x_wconf 75' lang='lat' dir='ltr'><strong>Sive</strong></span> <span class='ocrx_word' id='word_1_48' title='bbox 401 435 467 462; x_wconf 79' lang='lat' dir='ltr'><strong>salso</strong></span> <span class='ocrx_word' id='word_1_49' title='bbox 487 435 522 465; x_wconf 83' lang='lat' dir='ltr'><strong>id.</strong></span> <span class='ocrx_word' id='word_1_50' title='bbox 542 436 598 462; x_wconf 78' lang='lat' dir='ltr'><strong>sive</strong></span> <span class='ocrx_word' id='word_1_51' title='bbox 617 444 678 461; x_wconf 83' lang='lat' dir='ltr'><strong>vere</strong></span> <span class='ocrx_word' id='word_1_52' title='bbox 696 439 780 472; x_wconf 85' lang='lat' dir='ltr'><strong>putet.</strong></span> <span class='ocrx_word' id='word_1_53' title='bbox 800 434 831 462; x_wconf 82' lang='lat' dir='ltr'><strong>fr.</strong></span> <span class='ocrx_word' id='word_1_54' title='bbox 845 436 886 460; x_wconf 90' lang='lat'><strong>46.</strong></span> <span class='ocrx_word' id='word_1_55' title='bbox 906 435 928 468; x_wconf 90' lang='lat'><strong>5.</strong></span> <span class='ocrx_word' id='word_1_56' title='bbox 943 435 966 461; x_wconf 93' lang='lat'><strong>7.</strong></span> <span class='ocrx_word' id='word_1_57' title='bbox 987 432 1020 460; x_wconf 84' lang='lat' dir='ltr'><strong>de</strong></span> <span class='ocrx_word' id='word_1_58' title='bbox 1039 433 1100 460; x_wconf 65' lang='lat' dir='ltr'><strong>hrt.</strong></span> 
     </span>
     <span class='ocr_line' id='line_1_7' title="bbox 255 475 1100 509; baseline -0.005 -3"><span class='ocrx_word' id='word_1_59' title='bbox 255 482 297 506; x_wconf 79' lang='lat'><strong>47.</strong></span> <span class='ocrx_word' id='word_1_60' title='bbox 315 482 340 506; x_wconf 84' lang='lat'><strong>2.</strong></span> <span class='ocrx_word' id='word_1_61' title='bbox 378 478 456 506; x_wconf 77' lang='lat' dir='ltr'><strong>Falso</strong></span> <span class='ocrx_word' id='word_1_62' title='bbox 476 479 638 509; x_wconf 76' lang='lat' dir='ltr'><strong>existimans,</strong></span> <span class='ocrx_word' id='word_1_63' title='bbox 658 488 717 505; x_wconf 84' lang='lat' dir='ltr'><strong>cum</strong></span> <span class='ocrx_word' id='word_1_64' title='bbox 736 483 808 505; x_wconf 81' lang='lat' dir='ltr'><strong>esset</strong></span> <span class='ocrx_word' id='word_1_65' title='bbox 830 483 880 505; x_wconf 83' lang='lat' dir='ltr'><strong>etc.</strong></span> <span class='ocrx_word' id='word_1_66' title='bbox 903 476 934 504; x_wconf 85' lang='lat' dir='ltr'><strong>fr.</strong></span> <span class='ocrx_word' id='word_1_67' title='bbox 954 477 996 504; x_wconf 88' lang='grc'><strong>96.</strong></span> <span class='ocrx_word' id='word_1_68' title='bbox 1016 475 1050 503; x_wconf 86' lang='lat' dir='ltr'><strong>de</strong></span> <span class='ocrx_word' id='word_1_69' title='bbox 1068 476 1100 503; x_wconf 92' lang='lat' dir='ltr'><strong>A.</strong></span> 
     </span>
     <span class='ocr_line' id='line_1_8' title="bbox 255 519 1099 558; baseline -0.002 -10"><span class='ocrx_word' id='word_1_70' title='bbox 255 533 279 549; x_wconf 74' lang='lat' dir='ltr'><strong>v.</strong></span> <span class='ocrx_word' id='word_1_71' title='bbox 300 522 334 550; x_wconf 89' lang='grc' dir='ltr'><strong>Ο.</strong></span> <span class='ocrx_word' id='word_1_72' title='bbox 350 522 380 549; x_wconf 86' lang='grc' dir='ltr'><strong>Η.</strong></span> <span class='ocrx_word' id='word_1_73' title='bbox 401 524 441 548; x_wconf 88' lang='grc'><strong>29.</strong></span> <span class='ocrx_word' id='word_1_74' title='bbox 461 524 485 548; x_wconf 90' lang='grc'><strong>2.</strong></span> <span class='ocrx_word' id='word_1_75' title='bbox 524 520 602 548; x_wconf 81' lang='lat' dir='ltr'><strong>Falso</strong></span> <span class='ocrx_word' id='word_1_76' title='bbox 621 531 797 558; x_wconf 76' lang='lat' dir='ltr'><strong>praesumere.</strong></span> <span class='ocrx_word' id='word_1_77' title='bbox 818 531 842 547; x_wconf 78' lang='lat' dir='ltr'><strong>v.</strong></span> <span class='ocrx_word' id='word_1_78' title='bbox 861 520 913 547; x_wconf 82' lang='lat' dir='ltr'><strong>sibi</strong></span> <span class='ocrx_word' id='word_1_79' title='bbox 932 519 1099 558; x_wconf 77' lang='lat' dir='ltr'><strong>persuadere.</strong></span> 
     </span>
     <span class='ocr_line' id='line_1_9' title="bbox 255 562 1100 598; baseline -0.004 -6"><span class='ocrx_word' id='word_1_80' title='bbox 255 565 286 592; x_wconf 81' lang='lat' dir='ltr'><strong>fr.</strong></span> <span class='ocrx_word' id='word_1_81' title='bbox 305 567 330 592; x_wconf 88' lang='lat'><strong>3.</strong></span> <span class='ocrx_word' id='word_1_82' title='bbox 351 565 380 592; x_wconf 78' lang='lat' dir='ltr'><strong>fr.</strong></span> <span class='ocrx_word' id='word_1_83' title='bbox 400 566 441 590; x_wconf 86' lang='lat'><strong>65.</strong></span> <span class='ocrx_word' id='word_1_84' title='bbox 467 565 488 598; x_wconf 83' lang='lat'><strong>5.</strong></span> <span class='ocrx_word' id='word_1_85' title='bbox 508 567 533 590; x_wconf 77' lang='lat'><strong>2.</strong></span> <span class='ocrx_word' id='word_1_86' title='bbox 557 563 589 591; x_wconf 90' lang='lat' dir='ltr'><strong>de</strong></span> <span class='ocrx_word' id='word_1_87' title='bbox 614 564 690 591; x_wconf 90' lang='lat' dir='ltr'><strong>cond.</strong></span> <span class='ocrx_word' id='word_1_88' title='bbox 715 564 802 591; x_wconf 82' lang='lat' dir='ltr'><strong>indeb.</strong></span> <span class='ocrx_word' id='word_1_89' title='bbox 824 565 864 590; x_wconf 98' lang='grc'><strong>12.</strong></span> <span class='ocrx_word' id='word_1_90' title='bbox 884 564 908 590; x_wconf 86' lang='grc'><strong>6.</strong></span> <span class='ocrx_word' id='word_1_91' title='bbox 947 562 1014 590; x_wconf 86' lang='lat' dir='ltr'><strong>Cum</strong></span> <span class='ocrx_word' id='word_1_92' title='bbox 1034 562 1100 589; x_wconf 76' lang='lat' dir='ltr'><strong>t&#39;also</strong></span> 
     </span>
     <span class='ocr_line' id='line_1_10' title="bbox 254 605 1101 646; baseline -0.004 -11"><span class='ocrx_word' id='word_1_93' title='bbox 254 613 378 646; x_wconf 83' lang='lat' dir='ltr'><strong>parentes</strong></span> <span class='ocrx_word' id='word_1_94' title='bbox 398 606 568 634; x_wconf 72' lang='lat' dir='ltr'><strong>instimulati.</strong></span> <span class='ocrx_word' id='word_1_95' title='bbox 594 607 694 634; x_wconf 81' lang='lat' dir='ltr'><strong>liberos</strong></span> <span class='ocrx_word' id='word_1_96' title='bbox 718 617 782 634; x_wconf 87' lang='lat' dir='ltr'><strong>suos</strong></span> <span class='ocrx_word' id='word_1_97' title='bbox 802 606 844 633; x_wconf 89' lang='lat' dir='ltr'><strong>vel</strong></span> <span class='ocrx_word' id='word_1_98' title='bbox 864 605 1038 637; x_wconf 74' lang='lat' dir='ltr'>exheredant,</span> <span class='ocrx_word' id='word_1_99' title='bbox 1058 605 1101 632; x_wconf 87' lang='lat' dir='ltr'><strong>vel</strong></span> 
     </span>
     <span class='ocr_line' id='line_1_11' title="bbox 255 649 911 689; baseline 0 -13"><span class='ocrx_word' id='word_1_100' title='bbox 255 655 431 689; x_wconf 75' lang='lat' dir='ltr'><strong>praetereunt.</strong></span> <span class='ocrx_word' id='word_1_101' title='bbox 456 649 486 677; x_wconf 80' lang='lat' dir='ltr'><strong>fr.</strong></span> <span class='ocrx_word' id='word_1_102' title='bbox 510 652 534 677; x_wconf 91' lang='lat'><strong>3.</strong></span> <span class='ocrx_word' id='word_1_103' title='bbox 561 650 593 677; x_wconf 88' lang='lat' dir='ltr'><strong>de</strong></span> <span class='ocrx_word' id='word_1_104' title='bbox 617 650 689 677; x_wconf 79' lang='lat' dir='ltr'><strong>inoll&#39;.</strong></span> <span class='ocrx_word' id='word_1_105' title='bbox 715 655 818 676; x_wconf 83' lang='lat' dir='ltr'><strong>testam.</strong></span> <span class='ocrx_word' id='word_1_106' title='bbox 842 652 864 676; x_wconf 90' lang='lat'><strong>5.</strong></span> <span class='ocrx_word' id='word_1_107' title='bbox 886 651 911 676; x_wconf 84' lang='grc'><strong>2.</strong></span> 
     </span>
     <span class='ocr_line' id='line_1_12' title="bbox 255 691 1101 730; baseline -0.002 -10"><span class='ocrx_word' id='word_1_108' title='bbox 255 693 371 721; x_wconf 74' lang='lat' dir='ltr'><strong>adscribi</strong></span> <span class='ocrx_word' id='word_1_109' title='bbox 395 703 487 720; x_wconf 83' lang='lat' dir='ltr'><strong>curare</strong></span> <span class='ocrx_word' id='word_1_110' title='bbox 511 693 668 729; x_wconf 75' lang='lat' dir='ltr'><strong>(legatum.)</strong></span> <span class='ocrx_word' id='word_1_111' title='bbox 693 692 724 720; x_wconf 83' lang='lat' dir='ltr'><strong>sr.</strong></span> <span class='ocrx_word' id='word_1_112' title='bbox 748 694 772 719; x_wconf 89' lang='lat'><strong>4.</strong></span> <span class='ocrx_word' id='word_1_113' title='bbox 797 702 837 730; x_wconf 91' lang='lat' dir='ltr'><strong>pr.</strong></span> <span class='ocrx_word' id='word_1_114' title='bbox 863 692 896 720; x_wconf 86' lang='lat' dir='ltr'><strong>de</strong></span> <span class='ocrx_word' id='word_1_115' title='bbox 915 691 946 720; x_wconf 86' lang='lat' dir='ltr'><strong>L.</strong></span> <span class='ocrx_word' id='word_1_116' title='bbox 966 691 1048 719; x_wconf 88' lang='lat' dir='ltr'><strong>Corn.</strong></span> <span class='ocrx_word' id='word_1_117' title='bbox 1068 691 1101 718; x_wconf 92' lang='lat' dir='ltr'><strong>de</strong></span> 
     </span>
     <span class='ocr_line' id='line_1_13' title="bbox 255 737 437 764; baseline -0.011 0"><span class='ocrx_word' id='word_1_118' title='bbox 255 737 313 764; x_wconf 78' lang='lat' dir='ltr'><strong>fuls.</strong></span> <span class='ocrx_word' id='word_1_119' title='bbox 333 738 375 763; x_wconf 70' lang='lat'><strong>48.</strong></span> <span class='ocrx_word' id='word_1_120' title='bbox 397 738 437 763; x_wconf 88' lang='lat' dir='ltr'><strong>lo.</strong></span> 
     </span>
    </p>

    <p class='ocr_par' dir='ltr' id='par_1_4' title="bbox 254 777 1102 988">
     <span class='ocr_line' id='line_1_14' title="bbox 289 777 1100 813; baseline -0.004 -6"><span class='ocrx_word' id='word_1_121' title='bbox 289 781 458 807; x_wconf 75' lang='lat' dir='ltr'><strong>Falsum.</strong></span> <span class='ocrx_word' id='word_1_122' title='bbox 487 778 604 813; x_wconf 87' lang='lat' dir='ltr'><strong>(Subst.)</strong></span> <span class='ocrx_word' id='word_1_123' title='bbox 633 780 840 813; x_wconf 70' lang='lat' dir='ltr'><strong>lmposturae</strong></span> <span class='ocrx_word' id='word_1_124' title='bbox 858 780 987 806; x_wconf 82' lang='lat' dir='ltr'><strong>crimen.</strong></span> <span class='ocrx_word' id='word_1_125' title='bbox 1007 777 1100 812; x_wconf 76' lang='lat' dir='ltr'><strong>LSy.</strong></span> 
     </span>
     <span class='ocr_line' id='line_1_15' title="bbox 256 820 1101 859; baseline -0.002 -10"><span class='ocrx_word' id='word_1_126' title='bbox 256 822 395 859; x_wconf 82' lang='lat' dir='ltr'><strong>Quidquid</strong></span> <span class='ocrx_word' id='word_1_127' title='bbox 419 823 446 848; x_wconf 88' lang='lat' dir='ltr'><strong>in</strong></span> <span class='ocrx_word' id='word_1_128' title='bbox 465 823 575 849; x_wconf 74' lang='lat' dir='ltr'><strong>veritat«-</strong></span> <span class='ocrx_word' id='word_1_129' title='bbox 595 832 647 848; x_wconf 90' lang='lat' dir='ltr'><strong>non</strong></span> <span class='ocrx_word' id='word_1_130' title='bbox 667 826 720 853; x_wconf 84' lang='lat' dir='ltr'><strong>est,</strong></span> <span class='ocrx_word' id='word_1_131' title='bbox 746 821 793 848; x_wconf 89' lang='lat' dir='ltr'><strong>sed</strong></span> <span class='ocrx_word' id='word_1_132' title='bbox 812 831 861 859; x_wconf 88' lang='lat' dir='ltr'><strong>pro</strong></span> <span class='ocrx_word' id='word_1_133' title='bbox 880 831 944 848; x_wconf 86' lang='lat' dir='ltr'><strong>vero</strong></span> <span class='ocrx_word' id='word_1_134' title='bbox 964 820 1101 848; x_wconf 82' lang='lat' dir='ltr'><strong>adsevera-</strong></span> 
     </span>
     <span class='ocr_line' id='line_1_16' title="bbox 254 864 1100 900; baseline -0.004 -7"><span class='ocrx_word' id='word_1_135' title='bbox 254 871 305 893; x_wconf 91' lang='lat' dir='ltr'><strong>tur.</strong></span> <span class='ocrx_word' id='word_1_136' title='bbox 327 865 397 892; x_wconf 87' lang='lat' dir='ltr'><strong>Coll.</strong></span> <span class='ocrx_word' id='word_1_137' title='bbox 417 864 469 891; x_wconf 89' lang='lat' dir='ltr'><strong>LL.</strong></span> <span class='ocrx_word' id='word_1_138' title='bbox 490 865 522 891; x_wconf 80' lang='grc' dir='ltr'><strong>Μ,</strong></span> <span class='ocrx_word' id='word_1_139' title='bbox 543 864 611 890; x_wconf 64' lang='lat' dir='ltr'><strong>YlH.</strong></span> <span class='ocrx_word' id='word_1_140' title='bbox 631 866 655 891; x_wconf 88' lang='lat'><strong>6.</strong></span> <span class='ocrx_word' id='word_1_141' title='bbox 675 864 718 891; x_wconf 87' lang='lat'><strong>111.</strong></span> <span class='ocrx_word' id='word_1_142' title='bbox 738 865 803 892; x_wconf 74' lang='lat' dir='ltr'><strong>Cn.</strong></span> <span class='ocrx_word' id='word_1_143' title='bbox 824 864 878 900; x_wconf 86' lang='lat' dir='ltr'><strong>Qui</strong></span> <span class='ocrx_word' id='word_1_144' title='bbox 898 865 925 891; x_wconf 90' lang='lat' dir='ltr'><strong>in</strong></span> <span class='ocrx_word' id='word_1_145' title='bbox 943 864 1100 896; x_wconf 89' lang='lat' dir='ltr'><strong>rationibus,</strong></span> 
     </span>
     <span class='ocr_line' id='line_1_17' title="bbox 254 906 1101 943; baseline -0.001 -8"><span class='ocrx_word' id='word_1_146' title='bbox 254 908 362 940; x_wconf 78' lang='lat' dir='ltr'><strong>tabulis,</strong></span> <span class='ocrx_word' id='word_1_147' title='bbox 381 924 413 928; x_wconf 91' lang='lat'>—</span> <span class='ocrx_word' id='word_1_148' title='bbox 434 909 491 934; x_wconf 82' lang='lat' dir='ltr'><strong>siue</strong></span> <span class='ocrx_word' id='word_1_149' title='bbox 511 908 711 943; x_wconf 75' lang='lat' dir='ltr'><strong>consignatione</strong></span> <span class='ocrx_word' id='word_1_150' title='bbox 730 907 825 934; x_wconf 78' lang='lat' dir='ltr'><strong>salsum</strong></span> <span class='ocrx_word' id='word_1_151' title='bbox 843 906 966 938; x_wconf 80' lang='lat' dir='ltr'><strong>fecerint.</strong></span> <span class='ocrx_word' id='word_1_152' title='bbox 983 907 1027 934; x_wconf 77' lang='lat' dir='ltr'><strong>vel</strong></span> <span class='ocrx_word' id='word_1_153' title='bbox 1046 916 1101 934; x_wconf 84' lang='lat' dir='ltr'><strong>rem</strong></span> 
     </span>
     <span class='ocr_line' id='line_1_18' title="bbox 255 949 1102 988; baseline -0.002 -10"><span class='ocrx_word' id='word_1_154' title='bbox 255 952 408 978; x_wconf 86' lang='lat' dir='ltr'><strong>amoverint.</strong></span> <span class='ocrx_word' id='word_1_155' title='bbox 428 950 458 977; x_wconf 79' lang='lat' dir='ltr'><strong>fr.</strong></span> <span class='ocrx_word' id='word_1_156' title='bbox 481 953 502 977; x_wconf 91' lang='lat' dir='ltr'><strong>l.</strong></span> <span class='ocrx_word' id='word_1_157' title='bbox 522 951 544 984; x_wconf 90' lang='lat'><strong>5.</strong></span> <span class='ocrx_word' id='word_1_158' title='bbox 565 952 588 976; x_wconf 84' lang='lat'><strong>4.</strong></span> <span class='ocrx_word' id='word_1_159' title='bbox 614 950 646 976; x_wconf 77' lang='lat' dir='ltr'><strong>cl&#39;.</strong></span> <span class='ocrx_word' id='word_1_160' title='bbox 667 950 696 977; x_wconf 75' lang='lat' dir='ltr'><strong>t&#39;r.</strong></span> <span class='ocrx_word' id='word_1_161' title='bbox 718 952 758 977; x_wconf 92' lang='lat'><strong>16.</strong></span> <span class='ocrx_word' id='word_1_162' title='bbox 782 951 820 985; x_wconf 88' lang='lat'><strong>55.</strong></span> <span class='ocrx_word' id='word_1_163' title='bbox 841 952 864 977; x_wconf 96' lang='lat' dir='ltr'><strong>l.</strong></span> <span class='ocrx_word' id='word_1_164' title='bbox 891 960 932 988; x_wconf 89' lang='lat' dir='ltr'><strong>sq.</strong></span> <span class='ocrx_word' id='word_1_165' title='bbox 956 950 987 978; x_wconf 81' lang='lat' dir='ltr'><strong>fr.</strong></span> <span class='ocrx_word' id='word_1_166' title='bbox 1006 952 1049 977; x_wconf 73' lang='lat'><strong>⁴23.</strong></span> <span class='ocrx_word' id='word_1_167' title='bbox 1069 949 1102 976; x_wconf 89' lang='lat' dir='ltr'><strong>de</strong></span> 
     </span>
    </p>
   </div>
   <div class='ocr_carea' id='block_1_4' title="bbox 254 992 1125 1026">
    <p class='ocr_par' dir='ltr' id='par_1_5' title="bbox 254 992 1125 1026">
     <span class='ocr_line' id='line_1_19' title="bbox 254 992 1125 1026; baseline -0.001 -5"><span class='ocrx_word' id='word_1_168' title='bbox 254 994 285 1021; x_wconf 92' lang='lat' dir='ltr'><strong>L.</strong></span> <span class='ocrx_word' id='word_1_169' title='bbox 305 993 386 1021; x_wconf 84' lang='lat' dir='ltr'><strong>Corn.</strong></span> <span class='ocrx_word' id='word_1_170' title='bbox 412 993 445 1020; x_wconf 86' lang='lat' dir='ltr'><strong>de</strong></span> <span class='ocrx_word' id='word_1_171' title='bbox 469 993 527 1020; x_wconf 82' lang='lat' dir='ltr'><strong>sals.</strong></span> <span class='ocrx_word' id='word_1_172' title='bbox 550 995 592 1019; x_wconf 66' lang='lat'><strong>45.</strong></span> <span class='ocrx_word' id='word_1_173' title='bbox 618 995 658 1020; x_wconf 84' lang='lat' dir='ltr'><strong>lo.</strong></span> <span class='ocrx_word' id='word_1_174' title='bbox 696 992 774 1020; x_wconf 78' lang='lat' dir='ltr'><strong>Falso</strong></span> <span class='ocrx_word' id='word_1_175' title='bbox 794 994 921 1026; x_wconf 85' lang='lat' dir='ltr'><strong>recitato,</strong></span> <span class='ocrx_word' id='word_1_176' title='bbox 946 1003 999 1020; x_wconf 90' lang='lat' dir='ltr'><strong>nou</strong></span> <span class='ocrx_word' id='word_1_177' title='bbox 1023 993 1101 1025; x_wconf 78' lang='lat' dir='ltr'><strong>facto,</strong></span> <span class='ocrx_word' id='word_1_178' title='bbox 1123 1000 1125 1012; x_wconf 52' lang='lat' dir='ltr'>x</span> 
     </span>
    </p>
   </div>
   <div class='ocr_carea' id='block_1_5' title="bbox 254 1035 1104 1804">
    <p class='ocr_par' dir='ltr' id='par_1_6' title="bbox 254 1035 1104 1332">
     <span class='ocr_line' id='line_1_20' title="bbox 256 1035 1101 1070; baseline -0.002 -6"><span class='ocrx_word' id='word_1_179' title='bbox 256 1038 323 1070; x_wconf 88' lang='lat' dir='ltr'><strong>(non</strong></span> <span class='ocrx_word' id='word_1_180' title='bbox 350 1036 443 1063; x_wconf 84' lang='lat' dir='ltr'><strong>incidit</strong></span> <span class='ocrx_word' id='word_1_181' title='bbox 465 1037 492 1063; x_wconf 89' lang='lat' dir='ltr'><strong>in</strong></span> <span class='ocrx_word' id='word_1_182' title='bbox 516 1035 690 1069; x_wconf 71' lang='lat' dir='ltr'><strong>Corneliam.)</strong></span> <span class='ocrx_word' id='word_1_183' title='bbox 716 1036 746 1064; x_wconf 71' lang='lat' dir='ltr'><strong>l‘r.</strong></span> <span class='ocrx_word' id='word_1_184' title='bbox 773 1038 814 1063; x_wconf 84' lang='lat'><strong>13.</strong></span> <span class='ocrx_word' id='word_1_185' title='bbox 843 1037 912 1070; x_wconf 89' lang='lat'><strong>5.1.</strong></span> <span class='ocrx_word' id='word_1_186' title='bbox 938 1036 972 1063; x_wconf 87' lang='lat' dir='ltr'><strong>ib.</strong></span> <span class='ocrx_word' id='word_1_187' title='bbox 997 1038 1039 1063; x_wconf 69' lang='lat'><strong>48.</strong></span> <span class='ocrx_word' id='word_1_188' title='bbox 1061 1038 1101 1062; x_wconf 91' lang='grc'><strong>10.</strong></span> 
     </span>
     <span class='ocr_line' id='line_1_21' title="bbox 254 1079 1103 1116; baseline 0 -10"><span class='ocrx_word' id='word_1_189' title='bbox 254 1079 343 1107; x_wconf 78' lang='lat' dir='ltr'><strong>Poena</strong></span> <span class='ocrx_word' id='word_1_190' title='bbox 362 1079 430 1111; x_wconf 79' lang='lat' dir='ltr'><strong>falsi,</strong></span> <span class='ocrx_word' id='word_1_191' title='bbox 450 1079 493 1106; x_wconf 84' lang='lat' dir='ltr'><strong>vel</strong></span> <span class='ocrx_word' id='word_1_192' title='bbox 512 1081 586 1116; x_wconf 77' lang='lat' dir='ltr'><strong>quasi</strong></span> <span class='ocrx_word' id='word_1_193' title='bbox 607 1079 674 1106; x_wconf 79' lang='lat' dir='ltr'><strong>falsi.</strong></span> <span class='ocrx_word' id='word_1_194' title='bbox 695 1080 726 1106; x_wconf 84' lang='lat' dir='ltr'><strong>fr.</strong></span> <span class='ocrx_word' id='word_1_195' title='bbox 741 1081 762 1106; x_wconf 95' lang='lat'><strong>1.</strong></span> <span class='ocrx_word' id='word_1_196' title='bbox 783 1079 805 1113; x_wconf 91' lang='lat'><strong>5.</strong></span> <span class='ocrx_word' id='word_1_197' title='bbox 821 1081 860 1106; x_wconf 85' lang='lat'><strong>13.</strong></span> <span class='ocrx_word' id='word_1_198' title='bbox 875 1079 909 1106; x_wconf 88' lang='lat' dir='ltr'><strong>ib.</strong></span> <span class='ocrx_word' id='word_1_199' title='bbox 924 1081 965 1106; x_wconf 74' lang='lat'><strong>48.</strong></span> <span class='ocrx_word' id='word_1_200' title='bbox 981 1081 1021 1106; x_wconf 93' lang='grc'><strong>10.</strong></span> <span class='ocrx_word' id='word_1_201' title='bbox 1052 1079 1103 1106; x_wconf 84' lang='lat' dir='ltr'><strong>Ac-</strong></span> 
     </span>
     <span class='ocr_line' id='line_1_22' title="bbox 256 1121 1101 1159; baseline -0.001 -9"><span class='ocrx_word' id='word_1_202' title='bbox 256 1133 348 1150; x_wconf 85' lang='lat' dir='ltr'><strong>cusare</strong></span> <span class='ocrx_word' id='word_1_203' title='bbox 367 1122 482 1159; x_wconf 75' lang='lat' dir='ltr'><strong>aliquem</strong></span> <span class='ocrx_word' id='word_1_204' title='bbox 502 1122 569 1149; x_wconf 83' lang='lat' dir='ltr'><strong>falsi.</strong></span> <span class='ocrx_word' id='word_1_205' title='bbox 607 1121 677 1158; x_wconf 73' lang='lat' dir='ltr'><strong>Lege</strong></span> <span class='ocrx_word' id='word_1_206' title='bbox 689 1122 814 1150; x_wconf 79' lang='lat' dir='ltr'><strong>Cornelia</strong></span> <span class='ocrx_word' id='word_1_207' title='bbox 829 1122 861 1149; x_wconf 84' lang='lat' dir='ltr'><strong>de</strong></span> <span class='ocrx_word' id='word_1_208' title='bbox 874 1122 948 1149; x_wconf 79' lang='lat' dir='ltr'><strong>falsis</strong></span> <span class='ocrx_word' id='word_1_209' title='bbox 969 1122 1101 1149; x_wconf 80' lang='lat' dir='ltr'><strong>damnare.</strong></span> 
     </span>
     <span class='ocr_line' id='line_1_23' title="bbox 254 1165 1104 1203; baseline -0.001 -10"><span class='ocrx_word' id='word_1_210' title='bbox 254 1166 286 1193; x_wconf 81' lang='lat' dir='ltr'><strong>sr.</strong></span> <span class='ocrx_word' id='word_1_211' title='bbox 312 1168 335 1192; x_wconf 94' lang='lat' dir='ltr'><strong>l.</strong></span> <span class='ocrx_word' id='word_1_212' title='bbox 360 1166 398 1199; x_wconf 87' lang='lat'><strong>55.</strong></span> <span class='ocrx_word' id='word_1_213' title='bbox 422 1168 447 1192; x_wconf 79' lang='lat'><strong>4.</strong></span> <span class='ocrx_word' id='word_1_214' title='bbox 471 1167 496 1192; x_wconf 82' lang='lat'><strong>6.</strong></span> <span class='ocrx_word' id='word_1_215' title='bbox 520 1165 555 1192; x_wconf 87' lang='lat' dir='ltr'><strong>ib.</strong></span> <span class='ocrx_word' id='word_1_216' title='bbox 579 1168 622 1192; x_wconf 68' lang='lat'><strong>46.</strong></span> <span class='ocrx_word' id='word_1_217' title='bbox 647 1167 687 1192; x_wconf 90' lang='grc'><strong>10.</strong></span> <span class='ocrx_word' id='word_1_218' title='bbox 730 1166 909 1201; x_wconf 83' lang='lat' dir='ltr'><strong>Quaestiones</strong></span> <span class='ocrx_word' id='word_1_219' title='bbox 928 1165 1052 1203; x_wconf 84' lang='lat' dir='ltr'><strong>publicae</strong></span> <span class='ocrx_word' id='word_1_220' title='bbox 1071 1165 1104 1192; x_wconf 86' lang='lat' dir='ltr'><strong>de</strong></span> 
     </span>
     <span class='ocr_line' id='line_1_24' title="bbox 254 1207 1102 1246; baseline 0 -11"><span class='ocrx_word' id='word_1_221' title='bbox 254 1208 331 1241; x_wconf 81' lang='lat' dir='ltr'><strong>salso,</strong></span> <span class='ocrx_word' id='word_1_222' title='bbox 351 1208 383 1235; x_wconf 92' lang='lat' dir='ltr'><strong>de</strong></span> <span class='ocrx_word' id='word_1_223' title='bbox 402 1208 554 1246; x_wconf 83' lang='lat' dir='ltr'><strong>parricidio.</strong></span> <span class='ocrx_word' id='word_1_224' title='bbox 580 1207 612 1235; x_wconf 79' lang='lat' dir='ltr'><strong>de</strong></span> <span class='ocrx_word' id='word_1_225' title='bbox 638 1210 749 1235; x_wconf 84' lang='lat' dir='ltr'><strong>sicariis.</strong></span> <span class='ocrx_word' id='word_1_226' title='bbox 773 1208 804 1235; x_wconf 78' lang='lat' dir='ltr'><strong>fr.</strong></span> <span class='ocrx_word' id='word_1_227' title='bbox 823 1210 848 1235; x_wconf 79' lang='lat'><strong>2.</strong></span> <span class='ocrx_word' id='word_1_228' title='bbox 873 1209 895 1242; x_wconf 91' lang='lat'><strong>5.</strong></span> <span class='ocrx_word' id='word_1_229' title='bbox 915 1210 957 1235; x_wconf 83' lang='lat'><strong>32.</strong></span> <span class='ocrx_word' id='word_1_230' title='bbox 977 1208 1010 1235; x_wconf 89' lang='lat' dir='ltr'><strong>de</strong></span> <span class='ocrx_word' id='word_1_231' title='bbox 1030 1208 1063 1235; x_wconf 92' lang='grc' dir='ltr'><strong>Ο.</strong></span> <span class='ocrx_word' id='word_1_232' title='bbox 1083 1208 1102 1235; x_wconf 92' lang='lat' dir='ltr'><strong>I.</strong></span> 
     </span>
     <span class='ocr_line' id='line_1_25' title="bbox 256 1251 1104 1288; baseline 0 -10"><span class='ocrx_word' id='word_1_233' title='bbox 256 1254 279 1278; x_wconf 95' lang='lat'><strong>1.</strong></span> <span class='ocrx_word' id='word_1_234' title='bbox 299 1254 323 1278; x_wconf 86' lang='lat'><strong>2.</strong></span> <span class='ocrx_word' id='word_1_235' title='bbox 361 1251 458 1278; x_wconf 87' lang='lat' dir='ltr'><strong>Datum</strong></span> <span class='ocrx_word' id='word_1_236' title='bbox 479 1251 513 1278; x_wconf 92' lang='lat' dir='ltr'><strong>ob</strong></span> <span class='ocrx_word' id='word_1_237' title='bbox 533 1251 635 1278; x_wconf 81' lang='lat' dir='ltr'><strong>falsum.</strong></span> <span class='ocrx_word' id='word_1_238' title='bbox 657 1251 712 1284; x_wconf 80' lang='lat' dir='ltr'><strong>(vel</strong></span> <span class='ocrx_word' id='word_1_239' title='bbox 731 1251 812 1278; x_wconf 89' lang='lat' dir='ltr'><strong>iudici</strong></span> <span class='ocrx_word' id='word_1_240' title='bbox 832 1251 865 1278; x_wconf 90' lang='lat' dir='ltr'><strong>ob</strong></span> <span class='ocrx_word' id='word_1_241' title='bbox 885 1253 1027 1288; x_wconf 78' lang='lat' dir='ltr'><strong>gratiosam</strong></span> <span class='ocrx_word' id='word_1_242' title='bbox 1046 1262 1104 1278; x_wconf 87' lang='lat' dir='ltr'><strong>sen-</strong></span> 
     </span>
     <span class='ocr_line' id='line_1_26' title="bbox 256 1294 803 1332; baseline 0 -11"><span class='ocrx_word' id='word_1_243' title='bbox 256 1295 383 1328; x_wconf 81' lang='lat' dir='ltr'><strong>tentiam.)</strong></span> <span class='ocrx_word' id='word_1_244' title='bbox 403 1294 433 1321; x_wconf 82' lang='lat' dir='ltr'><strong>fr.</strong></span> <span class='ocrx_word' id='word_1_245' title='bbox 452 1297 477 1321; x_wconf 90' lang='lat'><strong>5.</strong></span> <span class='ocrx_word' id='word_1_246' title='bbox 497 1305 536 1332; x_wconf 88' lang='lat' dir='ltr'><strong>pr.</strong></span> <span class='ocrx_word' id='word_1_247' title='bbox 556 1294 589 1321; x_wconf 82' lang='lat' dir='ltr'><strong>dc</strong></span> <span class='ocrx_word' id='word_1_248' title='bbox 610 1294 720 1321; x_wconf 83' lang='lat' dir='ltr'><strong>calumu.</strong></span> <span class='ocrx_word' id='word_1_249' title='bbox 740 1296 765 1321; x_wconf 93' lang='lat'><strong>3.</strong></span> <span class='ocrx_word' id='word_1_250' title='bbox 779 1296 803 1321; x_wconf 85' lang='lat'><strong>6.</strong></span> 
     </span>
    </p>

    <p class='ocr_par' dir='ltr' id='par_1_7' title="bbox 254 1337 1104 1804">
     <span class='ocr_line' id='line_1_27' title="bbox 290 1337 1103 1371; baseline 0.001 -7"><span class='ocrx_word' id='word_1_251' title='bbox 290 1339 438 1364; x_wconf 73' lang='lat' dir='ltr'><strong>Falsus.</strong></span> <span class='ocrx_word' id='word_1_252' title='bbox 464 1337 594 1370; x_wconf 80' lang='lat' dir='ltr'><strong>(Adieet.)</strong></span> <span class='ocrx_word' id='word_1_253' title='bbox 621 1339 888 1370; x_wconf 74' lang='lat' dir='ltr'><strong>commenticias,</strong></span> <span class='ocrx_word' id='word_1_254' title='bbox 909 1339 1103 1371; x_wconf 79' lang='lat' dir='ltr'><strong>Simulatus,</strong></span> 
     </span>
     <span class='ocr_line' id='line_1_28' title="bbox 255 1379 1104 1415; baseline 0.001 -8"><span class='ocrx_word' id='word_1_255' title='bbox 255 1382 434 1408; x_wconf 73' lang='lat' dir='ltr'><strong>Erroneus.</strong></span> <span class='ocrx_word' id='word_1_256' title='bbox 471 1379 491 1406; x_wconf 96' lang='lat' dir='ltr'><strong>I.</strong></span> <span class='ocrx_word' id='word_1_257' title='bbox 518 1382 580 1415; x_wconf 74' lang='lat' dir='ltr'><strong>Sy.</strong></span> <span class='ocrx_word' id='word_1_258' title='bbox 600 1380 783 1407; x_wconf 79' lang='lat' dir='ltr'><strong>Adulterinus.</strong></span> <span class='ocrx_word' id='word_1_259' title='bbox 804 1379 846 1407; x_wconf 79' lang='lat' dir='ltr'><strong>Cf.</strong></span> <span class='ocrx_word' id='word_1_260' title='bbox 866 1380 891 1407; x_wconf 88' lang='lat' dir='ltr'><strong>b.</strong></span> <span class='ocrx_word' id='word_1_261' title='bbox 911 1391 935 1408; x_wconf 92' lang='lat' dir='ltr'><strong>v.</strong></span> <span class='ocrx_word' id='word_1_262' title='bbox 956 1381 1042 1408; x_wconf 82' lang='lat' dir='ltr'><strong>Falsis</strong></span> <span class='ocrx_word' id='word_1_263' title='bbox 1062 1391 1104 1408; x_wconf 90' lang='lat' dir='ltr'><strong>ru-</strong></span> 
     </span>
     <span class='ocr_line' id='line_1_29' title="bbox 254 1422 1103 1460; baseline 0.001 -10"><span class='ocrx_word' id='word_1_264' title='bbox 254 1423 373 1450; x_wconf 83' lang='lat' dir='ltr'><strong>moribus</strong></span> <span class='ocrx_word' id='word_1_265' title='bbox 398 1423 502 1455; x_wconf 87' lang='lat' dir='ltr'><strong>induci,</strong></span> <span class='ocrx_word' id='word_1_266' title='bbox 529 1423 633 1460; x_wconf 86' lang='lat' dir='ltr'><strong>Decipi.</strong></span> <span class='ocrx_word' id='word_1_267' title='bbox 659 1422 689 1450; x_wconf 72' lang='lat' dir='ltr'><strong>fr.</strong></span> <span class='ocrx_word' id='word_1_268' title='bbox 711 1425 751 1450; x_wconf 93' lang='lat' dir='ltr'><strong>ll.</strong></span> <span class='ocrx_word' id='word_1_269' title='bbox 775 1424 797 1457; x_wconf 81' lang='lat'><strong>5.</strong></span> <span class='ocrx_word' id='word_1_270' title='bbox 820 1425 859 1450; x_wconf 85' lang='grc'><strong>12.</strong></span> <span class='ocrx_word' id='word_1_271' title='bbox 885 1423 918 1451; x_wconf 87' lang='lat' dir='ltr'><strong>ad</strong></span> <span class='ocrx_word' id='word_1_272' title='bbox 941 1423 971 1451; x_wconf 90' lang='lat' dir='ltr'><strong>L.</strong></span> <span class='ocrx_word' id='word_1_273' title='bbox 997 1423 1045 1451; x_wconf 92' lang='lat' dir='ltr'><strong>lul.</strong></span> <span class='ocrx_word' id='word_1_274' title='bbox 1071 1423 1103 1451; x_wconf 88' lang='lat' dir='ltr'><strong>de</strong></span> 
     </span>
     <span class='ocr_line' id='line_1_30' title="bbox 255 1466 1103 1502; baseline 0.002 -10"><span class='ocrx_word' id='word_1_275' title='bbox 255 1466 336 1493; x_wconf 83' lang='lat' dir='ltr'><strong>adult.</strong></span> <span class='ocrx_word' id='word_1_276' title='bbox 355 1468 397 1492; x_wconf 76' lang='lat'><strong>48.</strong></span> <span class='ocrx_word' id='word_1_277' title='bbox 417 1468 441 1492; x_wconf 94' lang='lat'><strong>5.</strong></span> <span class='ocrx_word' id='word_1_278' title='bbox 479 1467 533 1502; x_wconf 85' lang='lat' dir='ltr'><strong>Qui</strong></span> <span class='ocrx_word' id='word_1_279' title='bbox 553 1476 581 1493; x_wconf 88' lang='lat' dir='ltr'><strong>se</strong></span> <span class='ocrx_word' id='word_1_280' title='bbox 597 1466 703 1493; x_wconf 79' lang='lat' dir='ltr'><strong>simulat</strong></span> <span class='ocrx_word' id='word_1_281' title='bbox 717 1466 910 1500; x_wconf 88' lang='lat' dir='ltr'><strong>(creditorem.)</strong></span> <span class='ocrx_word' id='word_1_282' title='bbox 926 1466 1020 1494; x_wconf 81' lang='lat' dir='ltr'><strong>Falsus</strong></span> <span class='ocrx_word' id='word_1_283' title='bbox 1035 1468 1103 1500; x_wconf 86' lang='lat' dir='ltr'><strong>(cre-</strong></span> 
     </span>
     <span class='ocr_line' id='line_1_31' title="bbox 255 1508 1103 1546; baseline 0.001 -10"><span class='ocrx_word' id='word_1_284' title='bbox 255 1509 346 1542; x_wconf 85' lang='lat' dir='ltr'><strong>ditor.)</strong></span> <span class='ocrx_word' id='word_1_285' title='bbox 367 1508 397 1535; x_wconf 80' lang='lat' dir='ltr'><strong>fr.</strong></span> <span class='ocrx_word' id='word_1_286' title='bbox 417 1510 458 1536; x_wconf 81' lang='lat'><strong>43.</strong></span> <span class='ocrx_word' id='word_1_287' title='bbox 478 1519 518 1546; x_wconf 86' lang='lat' dir='ltr'><strong>pr.</strong></span> <span class='ocrx_word' id='word_1_288' title='bbox 539 1509 571 1536; x_wconf 81' lang='lat' dir='ltr'><strong>de</strong></span> <span class='ocrx_word' id='word_1_289' title='bbox 591 1510 651 1536; x_wconf 79' lang='lat' dir='ltr'><strong>furt.</strong></span> <span class='ocrx_word' id='word_1_290' title='bbox 672 1511 714 1536; x_wconf 78' lang='lat'><strong>47.</strong></span> <span class='ocrx_word' id='word_1_291' title='bbox 733 1511 758 1536; x_wconf 88' lang='lat'><strong>2.</strong></span> <span class='ocrx_word' id='word_1_292' title='bbox 795 1509 825 1536; x_wconf 86' lang='grc'><strong>11.</strong></span> <span class='ocrx_word' id='word_1_293' title='bbox 843 1511 911 1544; x_wconf 76' lang='lat' dir='ltr'><strong>Op.</strong></span> <span class='ocrx_word' id='word_1_294' title='bbox 931 1510 1018 1537; x_wconf 68' lang='lat' dir='ltr'><strong>Verus</strong></span> <span class='ocrx_word' id='word_1_295' title='bbox 1039 1512 1103 1544; x_wconf 82' lang='lat' dir='ltr'><strong>(em-</strong></span> 
     </span>
     <span class='ocr_line' id='line_1_32' title="bbox 254 1551 1102 1586; baseline 0.001 -8"><span class='ocrx_word' id='word_1_296' title='bbox 254 1557 304 1583; x_wconf 78' lang='lat' dir='ltr'><strong>tor,</strong></span> <span class='ocrx_word' id='word_1_297' title='bbox 324 1562 349 1578; x_wconf 82' lang='lat' dir='ltr'><strong>v.</strong></span> <span class='ocrx_word' id='word_1_298' title='bbox 370 1553 463 1585; x_wconf 86' lang='lat' dir='ltr'><strong>tutor.)</strong></span> <span class='ocrx_word' id='word_1_299' title='bbox 483 1552 513 1579; x_wconf 73' lang='lat' dir='ltr'><strong>l&#39;r.</strong></span> <span class='ocrx_word' id='word_1_300' title='bbox 532 1554 557 1579; x_wconf 81' lang='lat'><strong>4.</strong></span> <span class='ocrx_word' id='word_1_301' title='bbox 577 1553 598 1586; x_wconf 90' lang='lat'><strong>5.</strong></span> <span class='ocrx_word' id='word_1_302' title='bbox 619 1555 642 1578; x_wconf 86' lang='lat'><strong>5.</strong></span> <span class='ocrx_word' id='word_1_303' title='bbox 663 1551 696 1579; x_wconf 84' lang='lat' dir='ltr'><strong>de</strong></span> <span class='ocrx_word' id='word_1_304' title='bbox 715 1553 741 1579; x_wconf 90' lang='lat' dir='ltr'><strong>in</strong></span> <span class='ocrx_word' id='word_1_305' title='bbox 761 1551 830 1579; x_wconf 85' lang='lat' dir='ltr'><strong>diem</strong></span> <span class='ocrx_word' id='word_1_306' title='bbox 850 1552 946 1580; x_wconf 84' lang='lat' dir='ltr'><strong>addict.</strong></span> <span class='ocrx_word' id='word_1_307' title='bbox 968 1554 1008 1580; x_wconf 96' lang='grc'><strong>18.</strong></span> <span class='ocrx_word' id='word_1_308' title='bbox 1027 1555 1053 1579; x_wconf 88' lang='grc'><strong>2.</strong></span> <span class='ocrx_word' id='word_1_309' title='bbox 1071 1552 1102 1579; x_wconf 85' lang='lat' dir='ltr'><strong>fr.</strong></span> 
     </span>
     <span class='ocr_line' id='line_1_33' title="bbox 256 1594 1103 1630; baseline 0.001 -9"><span class='ocrx_word' id='word_1_310' title='bbox 256 1597 278 1621; x_wconf 90' lang='lat'><strong>1.</strong></span> <span class='ocrx_word' id='word_1_311' title='bbox 303 1596 326 1629; x_wconf 90' lang='lat'><strong>5.</strong></span> <span class='ocrx_word' id='word_1_312' title='bbox 351 1596 376 1622; x_wconf 88' lang='grc'><strong>3.</strong></span> <span class='ocrx_word' id='word_1_313' title='bbox 398 1595 450 1630; x_wconf 88' lang='lat' dir='ltr'><strong>Qu.</strong></span> <span class='ocrx_word' id='word_1_314' title='bbox 476 1595 544 1622; x_wconf 79' lang='lat' dir='ltr'><strong>falso</strong></span> <span class='ocrx_word' id='word_1_315' title='bbox 567 1600 616 1622; x_wconf 89' lang='lat' dir='ltr'><strong>tut.</strong></span> <span class='ocrx_word' id='word_1_316' title='bbox 640 1597 682 1622; x_wconf 82' lang='lat'><strong>27.</strong></span> <span class='ocrx_word' id='word_1_317' title='bbox 706 1596 730 1622; x_wconf 88' lang='grc'><strong>6.</strong></span> <span class='ocrx_word' id='word_1_318' title='bbox 767 1594 920 1627; x_wconf 73' lang='lat' dir='ltr'><strong>Naturales,</strong></span> <span class='ocrx_word' id='word_1_319' title='bbox 948 1612 980 1616; x_wconf 97' lang='lat'><strong>—</strong></span> <span class='ocrx_word' id='word_1_320' title='bbox 1010 1595 1103 1622; x_wconf 78' lang='lat' dir='ltr'><strong>falsae</strong></span> 
     </span>
     <span class='ocr_line' id='line_1_34' title="bbox 255 1638 1102 1675; baseline 0.001 -11"><span class='ocrx_word' id='word_1_321' title='bbox 255 1638 474 1671; x_wconf 84' lang='lat' dir='ltr'><strong>(consessiones.)</strong></span> <span class='ocrx_word' id='word_1_322' title='bbox 494 1638 524 1664; x_wconf 83' lang='lat' dir='ltr'><strong>fr.</strong></span> <span class='ocrx_word' id='word_1_323' title='bbox 546 1640 586 1664; x_wconf 86' lang='lat'><strong>13.</strong></span> <span class='ocrx_word' id='word_1_324' title='bbox 607 1648 646 1675; x_wconf 84' lang='lat' dir='ltr'><strong>pr.</strong></span> <span class='ocrx_word' id='word_1_325' title='bbox 667 1638 700 1665; x_wconf 89' lang='lat' dir='ltr'><strong>de</strong></span> <span class='ocrx_word' id='word_1_326' title='bbox 719 1639 810 1665; x_wconf 85' lang='lat' dir='ltr'><strong>interr.</strong></span> <span class='ocrx_word' id='word_1_327' title='bbox 830 1639 856 1664; x_wconf 91' lang='lat' dir='ltr'><strong>in</strong></span> <span class='ocrx_word' id='word_1_328' title='bbox 875 1639 940 1665; x_wconf 89' lang='lat' dir='ltr'><strong>iure.</strong></span> <span class='ocrx_word' id='word_1_329' title='bbox 961 1640 1001 1665; x_wconf 93' lang='lat' dir='ltr'><strong>ll.</strong></span> <span class='ocrx_word' id='word_1_330' title='bbox 1016 1640 1039 1665; x_wconf 78' lang='lat' dir='ltr'><strong>l.</strong></span> <span class='ocrx_word' id='word_1_331' title='bbox 1059 1638 1102 1665; x_wconf 91' lang='lat'><strong>111.</strong></span> 
     </span>
     <span class='ocr_line' id='line_1_35' title="bbox 255 1680 1104 1719; baseline 0 -11"><span class='ocrx_word' id='word_1_332' title='bbox 255 1682 322 1709; x_wconf 78' lang='lat' dir='ltr'><strong>Cn.</strong></span> <span class='ocrx_word' id='word_1_333' title='bbox 342 1680 371 1707; x_wconf 90' lang='lat' dir='ltr'><strong>Si</strong></span> <span class='ocrx_word' id='word_1_334' title='bbox 391 1682 436 1717; x_wconf 90' lang='lat' dir='ltr'><strong>qui</strong></span> <span class='ocrx_word' id='word_1_335' title='bbox 458 1681 510 1707; x_wconf 90' lang='lat' dir='ltr'><strong>sibi</strong></span> <span class='ocrx_word' id='word_1_336' title='bbox 530 1680 625 1707; x_wconf 80' lang='lat' dir='ltr'><strong>salsum</strong></span> <span class='ocrx_word' id='word_1_337' title='bbox 646 1691 742 1708; x_wconf 85' lang='lat' dir='ltr'><strong>nomen</strong></span> <span class='ocrx_word' id='word_1_338' title='bbox 761 1682 927 1718; x_wconf 78' lang='lat' dir='ltr'><strong>imposuerit,</strong></span> <span class='ocrx_word' id='word_1_339' title='bbox 949 1691 1040 1717; x_wconf 77' lang='lat' dir='ltr'><strong>genus,</strong></span> <span class='ocrx_word' id='word_1_340' title='bbox 1060 1692 1104 1719; x_wconf 84' lang='lat' dir='ltr'><strong>pa-</strong></span> 
     </span>
     <span class='ocr_line' id='line_1_36' title="bbox 254 1723 1104 1762; baseline 0 -12"><span class='ocrx_word' id='word_1_341' title='bbox 254 1730 378 1751; x_wconf 77' lang='lat' dir='ltr'><strong>rentesve</strong></span> <span class='ocrx_word' id='word_1_342' title='bbox 402 1724 517 1750; x_wconf 84' lang='lat' dir='ltr'><strong>finxerit.</strong></span> <span class='ocrx_word' id='word_1_343' title='bbox 554 1723 628 1750; x_wconf 80' lang='lat' dir='ltr'><strong>Paul.</strong></span> <span class='ocrx_word' id='word_1_344' title='bbox 654 1723 686 1750; x_wconf 63' lang='lat' dir='ltr'><strong>V.</strong></span> <span class='ocrx_word' id='word_1_345' title='bbox 709 1726 752 1750; x_wconf 70' lang='lat'><strong>25.</strong></span> <span class='ocrx_word' id='word_1_346' title='bbox 777 1724 800 1758; x_wconf 88' lang='lat'><strong>5.</strong></span> <span class='ocrx_word' id='word_1_347' title='bbox 826 1726 866 1750; x_wconf 88' lang='lat' dir='ltr'><strong>ll.</strong></span> <span class='ocrx_word' id='word_1_348' title='bbox 891 1723 922 1751; x_wconf 77' lang='lat' dir='ltr'><strong>fr.</strong></span> <span class='ocrx_word' id='word_1_349' title='bbox 949 1726 991 1751; x_wconf 90' lang='lat'><strong>13.</strong></span> <span class='ocrx_word' id='word_1_350' title='bbox 1011 1735 1050 1762; x_wconf 84' lang='lat' dir='ltr'><strong>pr.</strong></span> <span class='ocrx_word' id='word_1_351' title='bbox 1071 1724 1104 1751; x_wconf 86' lang='lat' dir='ltr'><strong>de</strong></span> 
     </span>
     <span class='ocr_line' id='line_1_37' title="bbox 254 1766 1104 1804; baseline 0 -10"><span class='ocrx_word' id='word_1_352' title='bbox 254 1767 284 1794; x_wconf 92' lang='lat' dir='ltr'><strong>L.</strong></span> <span class='ocrx_word' id='word_1_353' title='bbox 305 1767 387 1794; x_wconf 89' lang='lat' dir='ltr'><strong>Corn.</strong></span> <span class='ocrx_word' id='word_1_354' title='bbox 407 1767 441 1794; x_wconf 88' lang='lat' dir='ltr'><strong>de</strong></span> <span class='ocrx_word' id='word_1_355' title='bbox 459 1766 517 1794; x_wconf 79' lang='lat' dir='ltr'><strong>fals.</strong></span> <span class='ocrx_word' id='word_1_356' title='bbox 536 1768 578 1793; x_wconf 76' lang='grc'><strong>48.</strong></span> <span class='ocrx_word' id='word_1_357' title='bbox 601 1769 641 1793; x_wconf 91' lang='grc'><strong>10.</strong></span> <span class='ocrx_word' id='word_1_358' title='bbox 679 1766 750 1794; x_wconf 80' lang='lat' dir='ltr'><strong>falsi</strong></span> <span class='ocrx_word' id='word_1_359' title='bbox 771 1766 898 1801; x_wconf 87' lang='lat' dir='ltr'><strong>codicilli,</strong></span> <span class='ocrx_word' id='word_1_360' title='bbox 919 1768 964 1804; x_wconf 87' lang='lat' dir='ltr'><strong>qui</strong></span> <span class='ocrx_word' id='word_1_361' title='bbox 984 1769 1039 1794; x_wconf 78' lang='lat' dir='ltr'><strong>veri</strong></span> <span class='ocrx_word' id='word_1_362' title='bbox 1060 1767 1104 1794; x_wconf 85' lang='lat' dir='ltr'><strong>ali·</strong></span> 
     </span>
    </p>
   </div>
   <div class='ocr_carea' id='block_1_6' title="bbox 256 1809 1127 1848">
    <p class='ocr_par' dir='ltr' id='par_1_8' title="bbox 256 1809 1127 1848">
     <span class='ocr_line' id='line_1_38' title="bbox 256 1809 1127 1848; baseline 0.001 -12"><span class='ocrx_word' id='word_1_363' title='bbox 256 1820 309 1847; x_wconf 89' lang='lat' dir='ltr'><strong>quo</strong></span> <span class='ocrx_word' id='word_1_364' title='bbox 329 1815 449 1848; x_wconf 80' lang='lat' dir='ltr'><strong>tempore</strong></span> <span class='ocrx_word' id='word_1_365' title='bbox 469 1809 562 1837; x_wconf 87' lang='lat' dir='ltr'><strong>crediti</strong></span> <span class='ocrx_word' id='word_1_366' title='bbox 582 1815 652 1836; x_wconf 88' lang='lat' dir='ltr'><strong>suut.</strong></span> <span class='ocrx_word' id='word_1_367' title='bbox 673 1810 704 1836; x_wconf 84' lang='lat' dir='ltr'><strong>fr.</strong></span> <span class='ocrx_word' id='word_1_368' title='bbox 724 1812 766 1836; x_wconf 85' lang='grc'><strong>23.</strong></span> <span class='ocrx_word' id='word_1_369' title='bbox 786 1811 852 1844; x_wconf 88' lang='lat'><strong>5.1.</strong></span> <span class='ocrx_word' id='word_1_370' title='bbox 872 1810 905 1837; x_wconf 83' lang='lat' dir='ltr'><strong>dc</strong></span> <span class='ocrx_word' id='word_1_371' title='bbox 924 1812 981 1837; x_wconf 83' lang='lat' dir='ltr'><strong>iure</strong></span> <span class='ocrx_word' id='word_1_372' title='bbox 1000 1815 1103 1848; x_wconf 81' lang='lat' dir='ltr'><strong>patron.</strong></span> <span class='ocrx_word' id='word_1_373' title='bbox 1124 1817 1127 1830; x_wconf 75' lang='lat'>⁸</span> 
     </span>
    </p>
   </div>
   <div class='ocr_carea' id='block_1_7' title="bbox 255 1852 1104 1890">
    <p class='ocr_par' dir='ltr' id='par_1_9' title="bbox 255 1852 1104 1890">
     <span class='ocr_line' id='line_1_39' title="bbox 255 1852 1104 1890; baseline 0.001 -11"><span class='ocrx_word' id='word_1_374' title='bbox 255 1855 297 1879; x_wconf 85' lang='lat'><strong>37.</strong></span> <span class='ocrx_word' id='word_1_375' title='bbox 319 1855 358 1879; x_wconf 87' lang='lat'><strong>14.</strong></span> <span class='ocrx_word' id='word_1_376' title='bbox 396 1853 425 1879; x_wconf 91' lang='lat' dir='ltr'><strong>Si</strong></span> <span class='ocrx_word' id='word_1_377' title='bbox 450 1854 510 1890; x_wconf 88' lang='lat' dir='ltr'><strong>quis</strong></span> <span class='ocrx_word' id='word_1_378' title='bbox 529 1852 607 1880; x_wconf 82' lang='lat' dir='ltr'><strong>falsis</strong></span> <span class='ocrx_word' id='word_1_379' title='bbox 627 1853 877 1885; x_wconf 76' lang='lat' dir='ltr'><strong>constitutionibus.</strong></span> <span class='ocrx_word' id='word_1_380' title='bbox 903 1853 977 1880; x_wconf 86' lang='lat' dir='ltr'><strong>nullo</strong></span> <span class='ocrx_word' id='word_1_381' title='bbox 997 1859 1104 1880; x_wconf 85' lang='lat' dir='ltr'><strong>auctore</strong></span> 
     </span>
    </p>
   </div>
   <div class='ocr_carea' id='block_1_8' title="bbox 255 1895 1127 1932">
    <p class='ocr_par' dir='ltr' id='par_1_10' title="bbox 255 1895 1127 1932">
     <span class='ocr_line' id='line_1_40' title="bbox 255 1895 1127 1932; baseline 0.002 -10"><span class='ocrx_word' id='word_1_382' title='bbox 255 1895 355 1927; x_wconf 79' lang='lat' dir='ltr'><strong>habito,</strong></span> <span class='ocrx_word' id='word_1_383' title='bbox 376 1897 466 1922; x_wconf 83' lang='lat' dir='ltr'><strong>utitur.</strong></span> <span class='ocrx_word' id='word_1_384' title='bbox 487 1896 517 1922; x_wconf 76' lang='lat' dir='ltr'><strong>t&#39;r.</strong></span> <span class='ocrx_word' id='word_1_385' title='bbox 536 1898 578 1922; x_wconf 81' lang='lat'><strong>33.</strong></span> <span class='ocrx_word' id='word_1_386' title='bbox 599 1895 631 1922; x_wconf 86' lang='lat' dir='ltr'><strong>de</strong></span> <span class='ocrx_word' id='word_1_387' title='bbox 650 1895 680 1922; x_wconf 95' lang='lat' dir='ltr'><strong>L.</strong></span> <span class='ocrx_word' id='word_1_388' title='bbox 701 1896 782 1923; x_wconf 90' lang='lat' dir='ltr'><strong>Corn.</strong></span> <span class='ocrx_word' id='word_1_389' title='bbox 803 1896 836 1923; x_wconf 84' lang='lat' dir='ltr'><strong>de</strong></span> <span class='ocrx_word' id='word_1_390' title='bbox 855 1896 912 1924; x_wconf 78' lang='lat' dir='ltr'><strong>sals.</strong></span> <span class='ocrx_word' id='word_1_391' title='bbox 926 1899 968 1924; x_wconf 66' lang='lat'><strong>46.</strong></span> <span class='ocrx_word' id='word_1_392' title='bbox 984 1899 1024 1924; x_wconf 93' lang='grc'><strong>10.</strong></span> <span class='ocrx_word' id='word_1_393' title='bbox 1050 1898 1104 1932; x_wconf 88' lang='lat' dir='ltr'><strong>Qui</strong></span> <span class='ocrx_word' id='word_1_394' title='bbox 1125 1906 1127 1916; x_wconf 76' lang='lat'><strong>⁴</strong></span> 
     </span>
    </p>
   </div>
   <div class='ocr_carea' id='block_1_9' title="bbox 255 1938 1105 2190">
    <p class='ocr_par' dir='ltr' id='par_1_11' title="bbox 255 1938 1105 2190">
     <span class='ocr_line' id='line_1_41' title="bbox 256 1938 1104 1969; baseline 0.002 -5"><span class='ocrx_word' id='word_1_395' title='bbox 256 1938 336 1965; x_wconf 82' lang='lat' dir='ltr'><strong>salsas</strong></span> <span class='ocrx_word' id='word_1_396' title='bbox 356 1939 511 1965; x_wconf 72' lang='lat' dir='ltr'><strong>testationes</strong></span> <span class='ocrx_word' id='word_1_397' title='bbox 530 1938 676 1969; x_wconf 66' lang='lat' dir='ltr'><strong>sach-ndns,</strong></span> <span class='ocrx_word' id='word_1_398' title='bbox 702 1940 887 1966; x_wconf 64' lang='lat' dir='ltr'><strong>testimoniare</strong></span> <span class='ocrx_word' id='word_1_399' title='bbox 906 1939 972 1966; x_wconf 83' lang='lat' dir='ltr'><strong>salsa</strong></span> <span class='ocrx_word' id='word_1_400' title='bbox 990 1941 1104 1966; x_wconf 86' lang='lat' dir='ltr'><strong>invicem</strong></span> 
     </span>
     <span class='ocr_line' id='line_1_42' title="bbox 257 1981 1103 2016; baseline 0.001 -8"><span class='ocrx_word' id='word_1_401' title='bbox 257 1981 376 2013; x_wconf 81' lang='lat' dir='ltr'><strong>dicenda,</strong></span> <span class='ocrx_word' id='word_1_402' title='bbox 396 1981 434 2014; x_wconf 91' lang='lat' dir='ltr'><strong>(d.</strong></span> <span class='ocrx_word' id='word_1_403' title='bbox 453 1992 487 2008; x_wconf 88' lang='lat' dir='ltr'><strong>m.</strong></span> <span class='ocrx_word' id='word_1_404' title='bbox 507 1982 639 2012; x_wconf 68' lang='lat' dir='ltr'><strong>coierint.)</strong></span> <span class='ocrx_word' id='word_1_405' title='bbox 659 1981 690 2008; x_wconf 82' lang='lat' dir='ltr'><strong>fr.</strong></span> <span class='ocrx_word' id='word_1_406' title='bbox 710 1983 735 2008; x_wconf 84' lang='lat'><strong>9.</strong></span> <span class='ocrx_word' id='word_1_407' title='bbox 755 1982 776 2016; x_wconf 86' lang='lat'><strong>5.</strong></span> <span class='ocrx_word' id='word_1_408' title='bbox 796 1984 820 2008; x_wconf 82' lang='lat'><strong>3.</strong></span> <span class='ocrx_word' id='word_1_409' title='bbox 841 1982 875 2009; x_wconf 92' lang='lat' dir='ltr'><strong>ib.</strong></span> <span class='ocrx_word' id='word_1_410' title='bbox 895 1984 937 2008; x_wconf 66' lang='lat'><strong>43.</strong></span> <span class='ocrx_word' id='word_1_411' title='bbox 959 1985 998 2009; x_wconf 91' lang='grc'><strong>10.</strong></span> <span class='ocrx_word' id='word_1_412' title='bbox 1020 1983 1052 2009; x_wconf 81' lang='lat' dir='ltr'><strong>cf.</strong></span> <span class='ocrx_word' id='word_1_413' title='bbox 1072 1983 1103 2010; x_wconf 86' lang='lat' dir='ltr'><strong>t&#39;r.</strong></span> 
     </span>
     <span class='ocr_line' id='line_1_43' title="bbox 255 2024 1105 2061; baseline 0.001 -10"><span class='ocrx_word' id='word_1_414' title='bbox 255 2025 297 2051; x_wconf 72' lang='lat'><strong>33.</strong></span> <span class='ocrx_word' id='word_1_415' title='bbox 319 2024 351 2051; x_wconf 89' lang='lat' dir='ltr'><strong>de</strong></span> <span class='ocrx_word' id='word_1_416' title='bbox 371 2035 399 2051; x_wconf 86' lang='lat' dir='ltr'><strong>rc</strong></span> <span class='ocrx_word' id='word_1_417' title='bbox 418 2024 472 2051; x_wconf 89' lang='lat' dir='ltr'><strong>iud.</strong></span> <span class='ocrx_word' id='word_1_418' title='bbox 492 2027 533 2051; x_wconf 77' lang='lat'><strong>42.</strong></span> <span class='ocrx_word' id='word_1_419' title='bbox 556 2026 577 2050; x_wconf 92' lang='lat'><strong>1.</strong></span> <span class='ocrx_word' id='word_1_420' title='bbox 615 2024 644 2050; x_wconf 83' lang='lat' dir='ltr'><strong>Si</strong></span> <span class='ocrx_word' id='word_1_421' title='bbox 659 2029 750 2061; x_wconf 80' lang='lat' dir='ltr'><strong>postea</strong></span> <span class='ocrx_word' id='word_1_422' title='bbox 765 2026 869 2061; x_wconf 77' lang='lat' dir='ltr'><strong>cognita</strong></span> <span class='ocrx_word' id='word_1_423' title='bbox 888 2026 925 2051; x_wconf 87' lang='lat' dir='ltr'><strong>rei</strong></span> <span class='ocrx_word' id='word_1_424' title='bbox 945 2027 1064 2057; x_wconf 74' lang='lat' dir='ltr'><strong>veritate.</strong></span> <span class='ocrx_word' id='word_1_425' title='bbox 1079 2031 1105 2052; x_wconf 74' lang='lat' dir='ltr'><strong>et</strong></span> 
     </span>
     <span class='ocr_line' id='line_1_44' title="bbox 258 2067 1104 2104; baseline 0.001 -10"><span class='ocrx_word' id='word_1_426' title='bbox 258 2069 369 2104; x_wconf 68' lang='lat' dir='ltr'><strong>repertis</strong></span> <span class='ocrx_word' id='word_1_427' title='bbox 390 2067 464 2094; x_wconf 77' lang='lat' dir='ltr'><strong>salsis</strong></span> <span class='ocrx_word' id='word_1_428' title='bbox 485 2068 677 2093; x_wconf 78' lang='lat' dir='ltr'><strong>instrumentis.</strong></span> <span class='ocrx_word' id='word_1_429' title='bbox 699 2071 835 2099; x_wconf 75' lang='lat' dir='ltr'><strong>(accusare</strong></span> <span class='ocrx_word' id='word_1_430' title='bbox 854 2067 940 2101; x_wconf 84' lang='lat' dir='ltr'><strong>velit.)</strong></span> <span class='ocrx_word' id='word_1_431' title='bbox 960 2068 990 2094; x_wconf 79' lang='lat' dir='ltr'><strong>fr.</strong></span> <span class='ocrx_word' id='word_1_432' title='bbox 1012 2070 1051 2094; x_wconf 91' lang='grc'><strong>11.</strong></span> <span class='ocrx_word' id='word_1_433' title='bbox 1072 2068 1104 2097; x_wconf 78' lang='lat' dir='ltr'><strong>de</strong></span> 
     </span>
     <span class='ocr_line' id='line_1_45' title="bbox 258 2109 1103 2146; baseline 0.002 -10"><span class='ocrx_word' id='word_1_434' title='bbox 258 2120 328 2137; x_wconf 79' lang='lat' dir='ltr'><strong>excc.</strong></span> <span class='ocrx_word' id='word_1_435' title='bbox 349 2112 391 2136; x_wconf 72' lang='lat'><strong>41.</strong></span> <span class='ocrx_word' id='word_1_436' title='bbox 413 2112 434 2136; x_wconf 92' lang='lat' dir='ltr'><strong>l.</strong></span> <span class='ocrx_word' id='word_1_437' title='bbox 473 2109 551 2136; x_wconf 78' lang='lat' dir='ltr'><strong>Falso</strong></span> <span class='ocrx_word' id='word_1_438' title='bbox 565 2115 654 2137; x_wconf 83' lang='lat' dir='ltr'><strong>tutore</strong></span> <span class='ocrx_word' id='word_1_439' title='bbox 668 2115 783 2142; x_wconf 81' lang='lat' dir='ltr'><strong>auctore,</strong></span> <span class='ocrx_word' id='word_1_440' title='bbox 803 2120 880 2146; x_wconf 75' lang='lat' dir='ltr'><strong>quem</strong></span> <span class='ocrx_word' id='word_1_441' title='bbox 894 2112 945 2137; x_wconf 83' lang='lat' dir='ltr'><strong>scit</strong></span> <span class='ocrx_word' id='word_1_442' title='bbox 964 2112 1103 2145; x_wconf 78' lang='lat' dir='ltr'><strong>(tutorem)</strong></span> 
     </span>
     <span class='ocr_line' id='line_1_46' title="bbox 257 2152 1104 2190; baseline 0.001 -11"><span class='ocrx_word' id='word_1_443' title='bbox 257 2163 309 2179; x_wconf 89' lang='lat' dir='ltr'><strong>non</strong></span> <span class='ocrx_word' id='word_1_444' title='bbox 330 2164 396 2179; x_wconf 80' lang='lat' dir='ltr'><strong>csse.</strong></span> <span class='ocrx_word' id='word_1_445' title='bbox 416 2152 501 2180; x_wconf 63' lang='lat' dir='ltr'><strong>Yatic.</strong></span> <span class='ocrx_word' id='word_1_446' title='bbox 521 2154 543 2187; x_wconf 88' lang='lat'><strong>5.</strong></span> <span class='ocrx_word' id='word_1_447' title='bbox 567 2155 587 2180; x_wconf 92' lang='lat' dir='ltr'><strong>l.</strong></span> <span class='ocrx_word' id='word_1_448' title='bbox 625 2153 655 2180; x_wconf 90' lang='lat' dir='ltr'><strong>Si</strong></span> <span class='ocrx_word' id='word_1_449' title='bbox 674 2154 734 2190; x_wconf 87' lang='lat' dir='ltr'><strong>quis</strong></span> <span class='ocrx_word' id='word_1_450' title='bbox 754 2159 876 2188; x_wconf 73' lang='lat' dir='ltr'><strong>arguetur</strong></span> <span class='ocrx_word' id='word_1_451' title='bbox 889 2153 969 2180; x_wconf 80' lang='lat' dir='ltr'><strong>falsas</strong></span> <span class='ocrx_word' id='word_1_452' title='bbox 989 2155 1104 2180; x_wconf 81' lang='lat' dir='ltr'><strong>rationes</strong></span> 
     </span>
    </p>
   </div>
   <div class='ocr_carea' id='block_1_10' title="bbox 258 2195 1127 2230">
    <p class='ocr_par' dir='ltr' id='par_1_12' title="bbox 258 2195 1127 2230">
     <span class='ocr_line' id='line_1_47' title="bbox 258 2195 1127 2230; baseline 0.001 -7"><span class='ocrx_word' id='word_1_453' title='bbox 258 2195 395 2223; x_wconf 71' lang='lat' dir='ltr'><strong>detulisse.</strong></span> <span class='ocrx_word' id='word_1_454' title='bbox 417 2196 446 2222; x_wconf 81' lang='lat' dir='ltr'><strong>sr.</strong></span> <span class='ocrx_word' id='word_1_455' title='bbox 469 2198 508 2222; x_wconf 81' lang='lat'><strong>15.</strong></span> <span class='ocrx_word' id='word_1_456' title='bbox 528 2197 550 2230; x_wconf 88' lang='lat'><strong>5.</strong></span> <span class='ocrx_word' id='word_1_457' title='bbox 570 2198 593 2223; x_wconf 84' lang='lat'><strong>6.</strong></span> <span class='ocrx_word' id='word_1_458' title='bbox 615 2196 648 2223; x_wconf 88' lang='lat' dir='ltr'><strong>de</strong></span> <span class='ocrx_word' id='word_1_459' title='bbox 667 2197 723 2222; x_wconf 87' lang='lat' dir='ltr'><strong>iure</strong></span> <span class='ocrx_word' id='word_1_460' title='bbox 743 2196 809 2223; x_wconf 82' lang='lat' dir='ltr'><strong>fisci.</strong></span> <span class='ocrx_word' id='word_1_461' title='bbox 829 2198 870 2223; x_wconf 66' lang='lat'><strong>49.</strong></span> <span class='ocrx_word' id='word_1_462' title='bbox 892 2198 932 2223; x_wconf 87' lang='lat'><strong>14.</strong></span> <span class='ocrx_word' id='word_1_463' title='bbox 977 2197 1040 2224; x_wconf 74' lang='lat' dir='ltr'><strong>Sive</strong></span> <span class='ocrx_word' id='word_1_464' title='bbox 1060 2197 1105 2224; x_wconf 74' lang='lat' dir='ltr'><strong>t&#39;al-</strong></span> <span class='ocrx_word' id='word_1_465' title='bbox 1126 2214 1127 2217; x_wconf 68' lang='lat'><em>=</em></span> 
     </span>
    </p>
   </div>
   <div class='ocr_carea' id='block_1_11' title="bbox 258 2239 1109 2830">
    <p class='ocr_par' dir='ltr' id='par_1_13' title="bbox 258 2239 1105 2316">
     <span class='ocr_line' id='line_1_48' title="bbox 258 2239 1105 2275; baseline 0.001 -10"><span class='ocrx_word' id='word_1_466' title='bbox 258 2249 324 2270; x_wconf 71' lang='lat' dir='ltr'><strong>sum.</strong></span> <span class='ocrx_word' id='word_1_467' title='bbox 345 2239 401 2264; x_wconf 72' lang='lat' dir='ltr'><strong>sive</strong></span> <span class='ocrx_word' id='word_1_468' title='bbox 421 2244 540 2275; x_wconf 87' lang='lat' dir='ltr'><strong>ruptum.</strong></span> <span class='ocrx_word' id='word_1_469' title='bbox 566 2241 621 2266; x_wconf 77' lang='lat' dir='ltr'><strong>sive</strong></span> <span class='ocrx_word' id='word_1_470' title='bbox 641 2240 744 2266; x_wconf 87' lang='lat' dir='ltr'><strong>irritum</strong></span> <span class='ocrx_word' id='word_1_471' title='bbox 764 2239 867 2266; x_wconf 75' lang='lat' dir='ltr'><strong>dicatur</strong></span> <span class='ocrx_word' id='word_1_472' title='bbox 886 2250 947 2266; x_wconf 86' lang='lat' dir='ltr'><strong>esse</strong></span> <span class='ocrx_word' id='word_1_473' title='bbox 966 2245 1105 2266; x_wconf 81' lang='lat' dir='ltr'><strong>testamen-</strong></span> 
     </span>
     <span class='ocr_line' id='line_1_49' title="bbox 258 2280 625 2316; baseline 0.003 -8"><span class='ocrx_word' id='word_1_474' title='bbox 258 2287 320 2309; x_wconf 88' lang='lat' dir='ltr'><strong>tum.</strong></span> <span class='ocrx_word' id='word_1_475' title='bbox 342 2280 415 2307; x_wconf 87' lang='lat' dir='ltr'><strong>Paul.</strong></span> <span class='ocrx_word' id='word_1_476' title='bbox 436 2281 478 2307; x_wconf 88' lang='lat' dir='ltr'><strong>lll.</strong></span> <span class='ocrx_word' id='word_1_477' title='bbox 498 2284 522 2308; x_wconf 88' lang='lat'><strong>5.</strong></span> <span class='ocrx_word' id='word_1_478' title='bbox 543 2282 625 2316; x_wconf 75' lang='lat'><strong>§.14.</strong></span> 
     </span>
    </p>

    <p class='ocr_par' dir='ltr' id='par_1_14' title="bbox 258 2326 1109 2735">
     <span class='ocr_line' id='line_1_50' title="bbox 292 2326 1105 2362; baseline 0 -10"><span class='ocrx_word' id='word_1_479' title='bbox 292 2326 403 2352; x_wconf 73' lang='lat' dir='ltr'><strong>Falx.</strong></span> <span class='ocrx_word' id='word_1_480' title='bbox 452 2326 709 2353; x_wconf 71' lang='lat' dir='ltr'><strong>lustramentum</strong></span> <span class='ocrx_word' id='word_1_481' title='bbox 740 2328 780 2352; x_wconf 80' lang='lat' dir='ltr'><strong>ad</strong></span> <span class='ocrx_word' id='word_1_482' title='bbox 809 2328 982 2353; x_wconf 77' lang='lat' dir='ltr'><strong>secandum</strong></span> <span class='ocrx_word' id='word_1_483' title='bbox 1016 2328 1105 2362; x_wconf 79' lang='lat' dir='ltr'><strong>(sru-</strong></span> 
     </span>
     <span class='ocr_line' id='line_1_51' title="bbox 258 2367 1105 2404; baseline 0.002 -10"><span class='ocrx_word' id='word_1_484' title='bbox 258 2374 417 2398; x_wconf 80' lang='lat' dir='ltr'><strong>mentum,</strong></span> <span class='ocrx_word' id='word_1_485' title='bbox 440 2377 460 2392; x_wconf 67' lang='grc' dir='ltr'><strong>ι’.</strong></span> <span class='ocrx_word' id='word_1_486' title='bbox 475 2369 611 2403; x_wconf 76' lang='lat' dir='ltr'><strong>foenum</strong></span> <span class='ocrx_word' id='word_1_487' title='bbox 631 2375 697 2399; x_wconf 80' lang='lat' dir='ltr'><strong>etc.)</strong></span> <span class='ocrx_word' id='word_1_488' title='bbox 736 2367 778 2394; x_wconf 89' lang='lat' dir='ltr'><strong>III.</strong></span> <span class='ocrx_word' id='word_1_489' title='bbox 797 2370 864 2396; x_wconf 73' lang='lat' dir='ltr'><strong>Cn.</strong></span> <span class='ocrx_word' id='word_1_490' title='bbox 884 2368 1036 2404; x_wconf 83' lang='lat' dir='ltr'><strong>Quaerendi</strong></span> <span class='ocrx_word' id='word_1_491' title='bbox 1056 2370 1105 2401; x_wconf 80' lang='lat' dir='ltr'><strong>(sc.</strong></span> 
     </span>
     <span class='ocr_line' id='line_1_52' title="bbox 258 2410 1107 2448; baseline 0.001 -12"><span class='ocrx_word' id='word_1_492' title='bbox 258 2410 360 2436; x_wconf 76' lang='lat' dir='ltr'><strong>fructus</strong></span> <span class='ocrx_word' id='word_1_493' title='bbox 380 2410 474 2446; x_wconf 77' lang='lat' dir='ltr'><strong>gratia)</strong></span> <span class='ocrx_word' id='word_1_494' title='bbox 494 2415 595 2447; x_wconf 78' lang='lat' dir='ltr'><strong>parata:</strong></span> <span class='ocrx_word' id='word_1_495' title='bbox 625 2410 740 2447; x_wconf 59' lang='lat' dir='ltr'><strong>ligones⁹</strong></span> <span class='ocrx_word' id='word_1_496' title='bbox 764 2411 874 2443; x_wconf 73' lang='lat' dir='ltr'><strong>sarculi,</strong></span> <span class='ocrx_word' id='word_1_497' title='bbox 899 2410 981 2438; x_wconf 73' lang='lat' dir='ltr'><strong>falces</strong></span> <span class='ocrx_word' id='word_1_498' title='bbox 1004 2416 1107 2448; x_wconf 81' lang='lat' dir='ltr'><strong>putato·</strong></span> 
     </span>
     <span class='ocr_line' id='line_1_53' title="bbox 259 2452 1107 2490; baseline 0.001 -11"><span class='ocrx_word' id='word_1_499' title='bbox 259 2454 313 2479; x_wconf 80' lang='lat' dir='ltr'><strong>riae</strong></span> <span class='ocrx_word' id='word_1_500' title='bbox 338 2458 386 2479; x_wconf 85' lang='lat' dir='ltr'><strong>ctc.</strong></span> <span class='ocrx_word' id='word_1_501' title='bbox 420 2468 451 2472; x_wconf 97' lang='lat'>—</span> <span class='ocrx_word' id='word_1_502' title='bbox 483 2452 617 2489; x_wconf 71' lang='lat' dir='ltr'><strong>Cogendi:</strong></span> <span class='ocrx_word' id='word_1_503' title='bbox 647 2469 677 2473; x_wconf 90' lang='lat'><strong>——</strong></span> <span class='ocrx_word' id='word_1_504' title='bbox 707 2454 929 2490; x_wconf 80' lang='lat' dir='ltr'><strong>quemadmodum</strong></span> <span class='ocrx_word' id='word_1_505' title='bbox 957 2454 1107 2485; x_wconf 79' lang='lat' dir='ltr'><strong>torcularia,</strong></span> 
     </span>
     <span class='ocr_line' id='line_1_54' title="bbox 260 2495 1107 2534; baseline 0.001 -12"><span class='ocrx_word' id='word_1_506' title='bbox 260 2496 364 2527; x_wconf 76' lang='lat' dir='ltr'><strong>corbes,</strong></span> <span class='ocrx_word' id='word_1_507' title='bbox 383 2495 518 2532; x_wconf 84' lang='lat' dir='ltr'><strong>falcesque</strong></span> <span class='ocrx_word' id='word_1_508' title='bbox 537 2497 696 2527; x_wconf 72' lang='lat' dir='ltr'><strong>messoriae,</strong></span> <span class='ocrx_word' id='word_1_509' title='bbox 716 2496 797 2523; x_wconf 74' lang='lat' dir='ltr'><strong>falces</strong></span> <span class='ocrx_word' id='word_1_510' title='bbox 816 2496 954 2524; x_wconf 81' lang='lat' dir='ltr'><strong>foenariae.</strong></span> <span class='ocrx_word' id='word_1_511' title='bbox 975 2496 1005 2523; x_wconf 72' lang='lat' dir='ltr'><strong>t&#39;r.</strong></span> <span class='ocrx_word' id='word_1_512' title='bbox 1024 2501 1048 2523; x_wconf 84' lang='grc'><strong>8.</strong></span> <span class='ocrx_word' id='word_1_513' title='bbox 1068 2507 1107 2534; x_wconf 88' lang='lat' dir='ltr'><strong>pr.</strong></span> 
     </span>
     <span class='ocr_line' id='line_1_55' title="bbox 261 2538 1108 2575; baseline 0.002 -11"><span class='ocrx_word' id='word_1_514' title='bbox 261 2538 293 2564; x_wconf 73' lang='lat' dir='ltr'><strong>d·-</strong></span> <span class='ocrx_word' id='word_1_515' title='bbox 313 2539 387 2565; x_wconf 84' lang='lat' dir='ltr'><strong>instr.</strong></span> <span class='ocrx_word' id='word_1_516' title='bbox 408 2538 456 2575; x_wconf 73' lang='lat' dir='ltr'><strong>leg.</strong></span> <span class='ocrx_word' id='word_1_517' title='bbox 482 2540 525 2565; x_wconf 90' lang='lat'><strong>33.</strong></span> <span class='ocrx_word' id='word_1_518' title='bbox 551 2540 574 2564; x_wconf 88' lang='lat'><strong>7.</strong></span> <span class='ocrx_word' id='word_1_519' title='bbox 602 2538 675 2565; x_wconf 82' lang='lat' dir='ltr'><strong>Paul.</strong></span> <span class='ocrx_word' id='word_1_520' title='bbox 695 2538 736 2565; x_wconf 73' lang='lat' dir='ltr'><strong>III.</strong></span> <span class='ocrx_word' id='word_1_521' title='bbox 757 2540 780 2565; x_wconf 97' lang='grc'><strong>6.</strong></span> <span class='ocrx_word' id='word_1_522' title='bbox 805 2539 827 2573; x_wconf 89' lang='lat'><strong>5.</strong></span> <span class='ocrx_word' id='word_1_523' title='bbox 846 2541 888 2566; x_wconf 89' lang='grc'><strong>35.</strong></span> <span class='ocrx_word' id='word_1_524' title='bbox 926 2538 1043 2566; x_wconf 83' lang='lat' dir='ltr'><strong>Securus</strong></span> <span class='ocrx_word' id='word_1_525' title='bbox 1063 2550 1108 2566; x_wconf 79' lang='lat' dir='ltr'><strong>vo-</strong></span> 
     </span>
     <span class='ocr_line' id='line_1_56' title="bbox 261 2581 1107 2619; baseline 0.004 -13"><span class='ocrx_word' id='word_1_526' title='bbox 261 2590 372 2613; x_wconf 81' lang='lat' dir='ltr'><strong>merem,</strong></span> <span class='ocrx_word' id='word_1_527' title='bbox 397 2591 507 2608; x_wconf 81' lang='lat' dir='ltr'><strong>securus</strong></span> <span class='ocrx_word' id='word_1_528' title='bbox 532 2581 625 2608; x_wconf 72' lang='lat' dir='ltr'><strong>falcem</strong></span> <span class='ocrx_word' id='word_1_529' title='bbox 650 2591 793 2619; x_wconf 79' lang='lat' dir='ltr'><strong>possessor</strong></span> <span class='ocrx_word' id='word_1_530' title='bbox 820 2588 948 2609; x_wconf 76' lang='lat' dir='ltr'><strong>exerceat.</strong></span> <span class='ocrx_word' id='word_1_531' title='bbox 968 2582 1036 2609; x_wconf 73' lang='lat' dir='ltr'><strong>Nov.</strong></span> <span class='ocrx_word' id='word_1_532' title='bbox 1057 2582 1107 2609; x_wconf 86' lang='lat' dir='ltr'><strong>Th.</strong></span> 
     </span>
     <span class='ocr_line' id='line_1_57' title="bbox 262 2622 1109 2663; baseline 0.004 -14"><span class='ocrx_word' id='word_1_533' title='bbox 262 2622 292 2649; x_wconf 85' lang='lat' dir='ltr'><strong>ll.</strong></span> <span class='ocrx_word' id='word_1_534' title='bbox 313 2623 345 2649; x_wconf 82' lang='lat' dir='ltr'><strong>de</strong></span> <span class='ocrx_word' id='word_1_535' title='bbox 365 2625 503 2660; x_wconf 77' lang='lat' dir='ltr'><strong>patrimon.</strong></span> <span class='ocrx_word' id='word_1_536' title='bbox 523 2624 541 2650; x_wconf 95' lang='lat' dir='ltr'><strong>I.</strong></span> <span class='ocrx_word' id='word_1_537' title='bbox 560 2626 584 2651; x_wconf 90' lang='lat'><strong>3.</strong></span> <span class='ocrx_word' id='word_1_538' title='bbox 604 2635 626 2651; x_wconf 85' lang='lat' dir='ltr'><strong>e.</strong></span> <span class='ocrx_word' id='word_1_539' title='bbox 649 2626 670 2651; x_wconf 89' lang='lat' dir='ltr'><strong>l.</strong></span> <span class='ocrx_word' id='word_1_540' title='bbox 695 2624 717 2658; x_wconf 92' lang='lat'><strong>5.</strong></span> <span class='ocrx_word' id='word_1_541' title='bbox 737 2626 761 2650; x_wconf 79' lang='lat'><strong>2.</strong></span> <span class='ocrx_word' id='word_1_542' title='bbox 799 2624 828 2651; x_wconf 84' lang='lat' dir='ltr'><strong>Si</strong></span> <span class='ocrx_word' id='word_1_543' title='bbox 848 2627 907 2661; x_wconf 86' lang='lat' dir='ltr'><strong>quis</strong></span> <span class='ocrx_word' id='word_1_544' title='bbox 927 2625 1052 2663; x_wconf 74' lang='lat' dir='ltr'><strong>sacrilega</strong></span> <span class='ocrx_word' id='word_1_545' title='bbox 1072 2626 1109 2652; x_wconf 72' lang='lat' dir='ltr'><strong>vi-</strong></span> 
     </span>
     <span class='ocr_line' id='line_1_58' title="bbox 263 2666 1109 2695; baseline 0.005 -4"><span class='ocrx_word' id='word_1_546' title='bbox 263 2671 315 2692; x_wconf 82' lang='lat' dir='ltr'><strong>tem</strong></span> <span class='ocrx_word' id='word_1_547' title='bbox 342 2666 407 2692; x_wconf 71' lang='lat' dir='ltr'><strong>saulce</strong></span> <span class='ocrx_word' id='word_1_548' title='bbox 432 2667 582 2694; x_wconf 79' lang='lat' dir='ltr'><strong>succiderit.</strong></span> <span class='ocrx_word' id='word_1_549' title='bbox 621 2667 671 2694; x_wconf 91' lang='lat' dir='ltr'><strong>Th.</strong></span> <span class='ocrx_word' id='word_1_550' title='bbox 696 2666 727 2694; x_wconf 94' lang='lat' dir='ltr'><strong>C.</strong></span> <span class='ocrx_word' id='word_1_551' title='bbox 746 2666 816 2693; x_wconf 76' lang='lat' dir='ltr'><strong>Xill.</strong></span> <span class='ocrx_word' id='word_1_552' title='bbox 843 2669 882 2694; x_wconf 89' lang='lat' dir='ltr'><strong>ll.</strong></span> <span class='ocrx_word' id='word_1_553' title='bbox 908 2678 929 2694; x_wconf 89' lang='lat' dir='ltr'><strong>c.</strong></span> <span class='ocrx_word' id='word_1_554' title='bbox 952 2670 973 2695; x_wconf 95' lang='lat' dir='ltr'><strong>l.</strong></span> <span class='ocrx_word' id='word_1_555' title='bbox 998 2668 1031 2695; x_wconf 85' lang='lat' dir='ltr'><strong>de</strong></span> <span class='ocrx_word' id='word_1_556' title='bbox 1051 2678 1109 2695; x_wconf 89' lang='lat' dir='ltr'><strong>cen-</strong></span> 
     </span>
     <span class='ocr_line' id='line_1_59' title="bbox 262 2709 336 2735; baseline -0.027 0"><span class='ocrx_word' id='word_1_557' title='bbox 262 2709 336 2735; x_wconf 79' lang='lat' dir='ltr'><strong>sitor.</strong></span> 
     </span>
    </p>

    <p class='ocr_par' dir='ltr' id='par_1_15' title="bbox 263 2752 1109 2830">
     <span class='ocr_line' id='line_1_60' title="bbox 299 2752 1109 2785; baseline 0.004 -8"><span class='ocrx_word' id='word_1_558' title='bbox 299 2752 432 2778; x_wconf 71' lang='lat' dir='ltr'><strong>Fama·</strong></span> <span class='ocrx_word' id='word_1_559' title='bbox 471 2753 501 2785; x_wconf 84' lang='lat'><strong>§.</strong></span> <span class='ocrx_word' id='word_1_560' title='bbox 528 2754 561 2779; x_wconf 84' lang='lat' dir='ltr'><strong>l.</strong></span> <span class='ocrx_word' id='word_1_561' title='bbox 583 2755 710 2780; x_wconf 80' lang='lat' dir='ltr'><strong>Rumor.</strong></span> <span class='ocrx_word' id='word_1_562' title='bbox 747 2752 869 2780; x_wconf 74' lang='lat' dir='ltr'><strong>HLCn·</strong></span> <span class='ocrx_word' id='word_1_563' title='bbox 890 2752 938 2779; x_wconf 68' lang='lat' dir='ltr'><strong>Per</strong></span> <span class='ocrx_word' id='word_1_564' title='bbox 956 2753 1048 2781; x_wconf 82' lang='lat' dir='ltr'><strong>samam</strong></span> <span class='ocrx_word' id='word_1_565' title='bbox 1068 2764 1109 2781; x_wconf 91' lang='lat' dir='ltr'><strong>su-</strong></span> 
     </span>
     <span class='ocr_line' id='line_1_61' title="bbox 263 2804 311 2830; baseline 0 -11"><span class='ocrx_word' id='word_1_566' title='bbox 263 2804 311 2830; x_wconf 63' lang='lat' dir='ltr'><strong>spv</strong></span> 
     </span>
    </p>
   </div>
   <div class='ocr_carea' id='block_1_12' title="bbox 263 2836 1108 2875">
    <p class='ocr_par' dir='ltr' id='par_1_16' title="bbox 263 2836 1108 2875">
     <span class='ocr_line' id='line_1_62' title="bbox 263 2836 1108 2875; baseline 0.008 -14"><span class='ocrx_word' id='word_1_567' title='bbox 263 2846 305 2862; x_wconf 68' lang='lat' dir='ltr'><strong>ivs·</strong></span> <span class='ocrx_word' id='word_1_568' title='bbox 326 2852 351 2855; x_wconf 98' lang='lat'><strong>—</strong></span> <span class='ocrx_word' id='word_1_569' title='bbox 378 2837 402 2861; x_wconf 91' lang='lat' dir='ltr'><strong>in</strong></span> <span class='ocrx_word' id='word_1_570' title='bbox 424 2846 479 2862; x_wconf 72' lang='lat' dir='ltr'><strong>eam</strong></span> <span class='ocrx_word' id='word_1_571' title='bbox 505 2836 595 2864; x_wconf 71' lang='lat' dir='ltr'><strong>soniam</strong></span> <span class='ocrx_word' id='word_1_572' title='bbox 620 2838 680 2865; x_wconf 79' lang='lat' dir='ltr'><strong>mali</strong></span> <span class='ocrx_word' id='word_1_573' title='bbox 705 2839 813 2875; x_wconf 77' lang='lat' dir='ltr'><strong>iugitate</strong></span> <span class='ocrx_word' id='word_1_574' title='bbox 837 2839 965 2875; x_wconf 61' lang='lat' dir='ltr'><strong>pervenit--</strong></span> <span class='ocrx_word' id='word_1_575' title='bbox 994 2838 1031 2865; x_wconf 79' lang='lat' dir='ltr'><strong>lb.</strong></span> <span class='ocrx_word' id='word_1_576' title='bbox 1051 2839 1108 2866; x_wconf 76' lang='lat' dir='ltr'><strong>XII.</strong></span> 
     </span>
    </p>
   </div>
   <div class='ocr_carea' id='block_1_13' title="bbox 949 648 1124 676">
    <p class='ocr_par' dir='ltr' id='par_1_17' title="bbox 949 648 1124 676">
     <span class='ocr_line' id='line_1_63' title="bbox 949 648 1124 676; baseline -0.006 0"><span class='ocrx_word' id='word_1_577' title='bbox 949 648 1028 676; x_wconf 78' lang='lat' dir='ltr'><strong>Falso</strong></span> <span class='ocrx_word' id='word_1_578' title='bbox 1049 648 1101 675; x_wconf 89' lang='lat' dir='ltr'><strong>sibi</strong></span> <span class='ocrx_word' id='word_1_579' title='bbox 1122 660 1124 672; x_wconf 72' lang='lat' dir='ltr'>v</span> 
     </span>
    </p>
   </div>
   <div class='ocr_carea' id='block_1_14' title="bbox 315 2794 1132 2833">
    <p class='ocr_par' dir='ltr' id='par_1_18' title="bbox 315 2794 1132 2833">
     <span class='ocr_line' id='line_1_64' title="bbox 315 2794 1132 2833; baseline 0.006 -15"><span class='ocrx_word' id='word_1_580' title='bbox 315 2798 353 2819; x_wconf 66' lang='lat' dir='ltr'><strong>cta</strong></span> <span class='ocrx_word' id='word_1_581' title='bbox 374 2794 469 2819; x_wconf 71' lang='lat' dir='ltr'><strong>rimari.</strong></span> <span class='ocrx_word' id='word_1_582' title='bbox 495 2794 542 2821; x_wconf 78' lang='lat' dir='ltr'><strong>Th.</strong></span> <span class='ocrx_word' id='word_1_583' title='bbox 565 2795 594 2821; x_wconf 79' lang='lat' dir='ltr'><strong>C.</strong></span> <span class='ocrx_word' id='word_1_584' title='bbox 616 2795 648 2822; x_wconf 84' lang='lat' dir='ltr'><strong>X.</strong></span> <span class='ocrx_word' id='word_1_585' title='bbox 670 2798 710 2822; x_wconf 88' lang='grc'><strong>18.</strong></span> <span class='ocrx_word' id='word_1_586' title='bbox 737 2806 758 2822; x_wconf 93' lang='lat' dir='ltr'><strong>c.</strong></span> <span class='ocrx_word' id='word_1_587' title='bbox 777 2797 802 2822; x_wconf 76' lang='lat'><strong>2.</strong></span> <span class='ocrx_word' id='word_1_588' title='bbox 829 2794 860 2822; x_wconf 89' lang='lat' dir='ltr'><strong>de</strong></span> <span class='ocrx_word' id='word_1_589' title='bbox 881 2795 995 2822; x_wconf 77' lang='lat' dir='ltr'><strong>thesaur.</strong></span> <span class='ocrx_word' id='word_1_590' title='bbox 1034 2798 1109 2833; x_wconf 74' lang='lat' dir='ltr'><strong>Quae</strong></span> <span class='ocrx_word' id='word_1_591' title='bbox 1131 2799 1132 2815; x_wconf 51' lang='lat' dir='ltr'><strong>i</strong></span> 
     </span>
    </p>
   </div>
   <div class='ocr_carea' id='block_1_15' title="bbox 983 179 1259 212">
    <p class='ocr_par' dir='ltr' id='par_1_19' title="bbox 983 179 1259 212">
     <span class='ocr_line' id='line_1_65' title="bbox 983 179 1259 212; baseline -0.007 0"><span class='ocrx_word' id='word_1_592' title='bbox 983 180 1066 212; x_wconf 70' lang='lat' dir='ltr'><strong>FAL</strong></span> <span class='ocrx_word' id='word_1_593' title='bbox 1089 197 1132 203; x_wconf 90' lang='lat'><strong>—-</strong></span> <span class='ocrx_word' id='word_1_594' title='bbox 1158 179 1259 210; x_wconf 69' lang='lat' dir='ltr'><strong>FAM.</strong></span> 
     </span>
    </p>
   </div>
   <div class='ocr_carea' id='block_1_16' title="bbox 1145 260 1988 426">
    <p class='ocr_par' dir='ltr' id='par_1_20' title="bbox 1145 260 1988 426">
     <span class='ocr_line' id='line_1_66' title="bbox 1146 260 1988 302; baseline 0.004 -13"><span class='ocrx_word' id='word_1_595' title='bbox 1146 264 1168 289; x_wconf 97' lang='grc'><strong>1.</strong></span> <span class='ocrx_word' id='word_1_596' title='bbox 1189 272 1212 289; x_wconf 89' lang='lat' dir='ltr'><strong>c.</strong></span> <span class='ocrx_word' id='word_1_597' title='bbox 1231 262 1288 288; x_wconf 80' lang='grc'>186.</span> <span class='ocrx_word' id='word_1_598' title='bbox 1309 260 1342 288; x_wconf 89' lang='lat' dir='ltr'><strong>de</strong></span> <span class='ocrx_word' id='word_1_599' title='bbox 1361 260 1494 288; x_wconf 86' lang='lat' dir='ltr'><strong>decurion.</strong></span> <span class='ocrx_word' id='word_1_600' title='bbox 1532 261 1633 289; x_wconf 82' lang='lat' dir='ltr'><strong>Omnes</strong></span> <span class='ocrx_word' id='word_1_601' title='bbox 1647 262 1738 289; x_wconf 77' lang='lat' dir='ltr'><strong>civiles</strong></span> <span class='ocrx_word' id='word_1_602' title='bbox 1757 273 1858 297; x_wconf 61' lang='lat' dir='ltr'><strong>causae,</strong></span> <span class='ocrx_word' id='word_1_603' title='bbox 1878 269 1904 291; x_wconf 90' lang='lat' dir='ltr'><strong>et</strong></span> <span class='ocrx_word' id='word_1_604' title='bbox 1916 274 1988 302; x_wconf 83' lang='lat' dir='ltr'><strong>prae-</strong></span> 
     </span>
     <span class='ocr_line' id='line_1_67' title="bbox 1145 303 1987 344; baseline 0.005 -13"><span class='ocrx_word' id='word_1_605' title='bbox 1145 306 1221 342; x_wconf 82' lang='lat' dir='ltr'><strong>cipue</strong></span> <span class='ocrx_word' id='word_1_606' title='bbox 1241 314 1295 337; x_wconf 84' lang='lat' dir='ltr'><strong>eae,</strong></span> <span class='ocrx_word' id='word_1_607' title='bbox 1315 314 1382 341; x_wconf 80' lang='lat' dir='ltr'><strong>quae</strong></span> <span class='ocrx_word' id='word_1_608' title='bbox 1400 303 1467 332; x_wconf 83' lang='lat' dir='ltr'><strong>fama</strong></span> <span class='ocrx_word' id='word_1_609' title='bbox 1490 304 1650 332; x_wconf 83' lang='lat' dir='ltr'><strong>celebriores</strong></span> <span class='ocrx_word' id='word_1_610' title='bbox 1673 310 1751 344; x_wconf 24' lang='lat' dir='ltr'><strong>sunt.</strong></span> <span class='ocrx_word' id='word_1_611' title='bbox 1766 305 1804 333; x_wconf 88' lang='lat' dir='ltr'><strong>Ib.</strong></span> <span class='ocrx_word' id='word_1_612' title='bbox 1822 306 1841 335; x_wconf 89' lang='grc' dir='ltr'><strong>Ῑ.</strong></span> <span class='ocrx_word' id='word_1_613' title='bbox 1861 309 1900 334; x_wconf 42' lang='lat'><strong>12.</strong></span> <span class='ocrx_word' id='word_1_614' title='bbox 1922 318 1943 334; x_wconf 87' lang='lat' dir='ltr'><strong>c.</strong></span> <span class='ocrx_word' id='word_1_615' title='bbox 1965 309 1987 334; x_wconf 89' lang='lat'><strong>1.</strong></span> 
     </span>
     <span class='ocr_line' id='line_1_68' title="bbox 1145 346 1986 384; baseline 0.007 -11"><span class='ocrx_word' id='word_1_616' title='bbox 1145 347 1250 381; x_wconf 72' lang='lat' dir='ltr'><strong>(wok.)</strong></span> <span class='ocrx_word' id='word_1_617' title='bbox 1270 347 1303 374; x_wconf 92' lang='lat' dir='ltr'><strong>de</strong></span> <span class='ocrx_word' id='word_1_618' title='bbox 1322 347 1365 373; x_wconf 81' lang='lat' dir='ltr'><strong>oss.</strong></span> <span class='ocrx_word' id='word_1_619' title='bbox 1385 346 1462 375; x_wconf 87' lang='lat' dir='ltr'><strong>Proc.</strong></span> <span class='ocrx_word' id='word_1_620' title='bbox 1480 353 1507 375; x_wconf 88' lang='lat' dir='ltr'><strong>et</strong></span> <span class='ocrx_word' id='word_1_621' title='bbox 1524 347 1674 384; x_wconf 78' lang='lat' dir='ltr'><strong>Leg.—§·</strong></span> <span class='ocrx_word' id='word_1_622' title='bbox 1689 350 1725 376; x_wconf 69' lang='lat'><strong>8.</strong></span> <span class='ocrx_word' id='word_1_623' title='bbox 1744 351 1986 381; x_wconf 67' lang='lat' dir='ltr'><strong>Exintiman&#39;o.</strong></span> 
     </span>
     <span class='ocr_line' id='line_1_69' title="bbox 1148 390 1988 426; baseline 0.002 -8"><span class='ocrx_word' id='word_1_624' title='bbox 1148 392 1272 426; x_wconf 76' lang='lat' dir='ltr'><strong>Opinio</strong></span> <span class='ocrx_word' id='word_1_625' title='bbox 1295 392 1470 425; x_wconf 75' lang='lat' dir='ltr'><strong>(publiea.)</strong></span> <span class='ocrx_word' id='word_1_626' title='bbox 1507 390 1551 418; x_wconf 89' lang='lat' dir='ltr'><strong>III.</strong></span> <span class='ocrx_word' id='word_1_627' title='bbox 1571 392 1638 419; x_wconf 72' lang='lat' dir='ltr'><strong>Gn.</strong></span> <span class='ocrx_word' id='word_1_628' title='bbox 1658 391 1836 419; x_wconf 76' lang='lat' dir='ltr'><strong>Existimatio.</strong></span> <span class='ocrx_word' id='word_1_629' title='bbox 1858 392 1899 420; x_wconf 72' lang='lat' dir='ltr'><strong>CF.</strong></span> <span class='ocrx_word' id='word_1_630' title='bbox 1919 393 1944 421; x_wconf 87' lang='lat' dir='ltr'><strong>h.</strong></span> <span class='ocrx_word' id='word_1_631' title='bbox 1964 404 1988 420; x_wconf 92' lang='lat' dir='ltr'><strong>v.</strong></span> 
     </span>
    </p>
   </div>
   <div class='ocr_carea' id='block_1_17' title="bbox 1186 436 1202 451">
    <p class='ocr_par' dir='ltr' id='par_1_21' title="bbox 1186 436 1202 451">
     <span class='ocr_line' id='line_1_70' title="bbox 1186 436 1202 451; baseline 0 0"><span class='ocrx_word' id='word_1_632' title='bbox 1186 436 1202 451; x_wconf 76' lang='lat'><strong>¹)</strong></span> 
     </span>
    </p>
   </div>
   <div class='ocr_carea' id='block_1_18' title="bbox 1122 432 1997 2884">
    <p class='ocr_par' dir='ltr' id='par_1_22' title="bbox 1122 432 1992 902">
     <span class='ocr_line' id='line_1_71' title="bbox 1145 432 1988 474; baseline 0.004 -14"><span class='ocrx_word' id='word_1_633' title='bbox 1145 435 1168 468; x_wconf 86' lang='lat'><strong>5.</strong></span> <span class='ocrx_word' id='word_1_634' title='bbox 1188 452 1211 460; x_wconf 81' lang='grc'><strong>...</strong></span> <span class='ocrx_word' id='word_1_635' title='bbox 1249 432 1356 470; x_wconf 85' lang='lat' dir='ltr'><strong>Opinio.</strong></span> <span class='ocrx_word' id='word_1_636' title='bbox 1377 443 1398 460; x_wconf 92' lang='lat' dir='ltr'><strong>c.</strong></span> <span class='ocrx_word' id='word_1_637' title='bbox 1417 434 1442 460; x_wconf 92' lang='lat'><strong>6.</strong></span> <span class='ocrx_word' id='word_1_638' title='bbox 1461 433 1483 467; x_wconf 88' lang='lat'><strong>5.</strong></span> <span class='ocrx_word' id='word_1_639' title='bbox 1505 435 1527 461; x_wconf 88' lang='lat'><strong>1.</strong></span> <span class='ocrx_word' id='word_1_640' title='bbox 1548 444 1570 461; x_wconf 88' lang='lat' dir='ltr'><strong>c.</strong></span> <span class='ocrx_word' id='word_1_641' title='bbox 1591 435 1613 460; x_wconf 85' lang='lat'><strong>7.</strong></span> <span class='ocrx_word' id='word_1_642' title='bbox 1633 433 1666 460; x_wconf 91' lang='lat' dir='ltr'><strong>de</strong></span> <span class='ocrx_word' id='word_1_643' title='bbox 1685 434 1783 472; x_wconf 85' lang='lat' dir='ltr'><strong>postul.</strong></span> <span class='ocrx_word' id='word_1_644' title='bbox 1802 437 1826 462; x_wconf 81' lang='grc'><strong>2.</strong></span> <span class='ocrx_word' id='word_1_645' title='bbox 1843 436 1867 462; x_wconf 87' lang='grc'><strong>6.</strong></span> <span class='ocrx_word' id='word_1_646' title='bbox 1886 435 1933 462; x_wconf 88' lang='lat' dir='ltr'><strong>Iul.</strong></span> <span class='ocrx_word' id='word_1_647' title='bbox 1946 446 1988 474; x_wconf 84' lang='lat' dir='ltr'><strong>ep.</strong></span> 
     </span>
     <span class='ocr_line' id='line_1_72' title="bbox 1145 475 1989 514; baseline 0.001 -10"><span class='ocrx_word' id='word_1_648' title='bbox 1145 487 1206 504; x_wconf 87' lang='lat' dir='ltr'><strong>nov.</strong></span> <span class='ocrx_word' id='word_1_649' title='bbox 1226 487 1248 503; x_wconf 88' lang='lat' dir='ltr'><strong>c.</strong></span> <span class='ocrx_word' id='word_1_650' title='bbox 1266 478 1308 503; x_wconf 84' lang='lat'><strong>36.</strong></span> <span class='ocrx_word' id='word_1_651' title='bbox 1329 476 1350 510; x_wconf 82' lang='lat'><strong>5.</strong></span> <span class='ocrx_word' id='word_1_652' title='bbox 1373 478 1429 502; x_wconf 89' lang='lat'><strong>141.</strong></span> <span class='ocrx_word' id='word_1_653' title='bbox 1452 475 1485 503; x_wconf 89' lang='lat' dir='ltr'><strong>II.</strong></span> <span class='ocrx_word' id='word_1_654' title='bbox 1497 478 1564 511; x_wconf 73' lang='lat'><strong>011.</strong></span> <span class='ocrx_word' id='word_1_655' title='bbox 1584 476 1697 509; x_wconf 79' lang='lat' dir='ltr'><strong>famosi,</strong></span> <span class='ocrx_word' id='word_1_656' title='bbox 1716 487 1738 504; x_wconf 93' lang='lat' dir='ltr'><strong>s.</strong></span> <span class='ocrx_word' id='word_1_657' title='bbox 1757 477 1937 514; x_wconf 77' lang='lat' dir='ltr'><strong>ignominiosi.</strong></span> <span class='ocrx_word' id='word_1_658' title='bbox 1956 494 1989 499; x_wconf 88' lang='lat'>—</span> 
     </span>
     <span class='ocr_line' id='line_1_73' title="bbox 1146 519 1988 558; baseline 0.002 -12"><span class='ocrx_word' id='word_1_659' title='bbox 1146 520 1264 556; x_wconf 77' lang='lat' dir='ltr'><strong>Integrae</strong></span> <span class='ocrx_word' id='word_1_660' title='bbox 1283 519 1365 546; x_wconf 82' lang='lat' dir='ltr'><strong>famae</strong></span> <span class='ocrx_word' id='word_1_661' title='bbox 1384 519 1512 546; x_wconf 67' lang='lat' dir='ltr'><strong>homines</strong></span> <span class='ocrx_word' id='word_1_662' title='bbox 1537 519 1568 546; x_wconf 89' lang='lat' dir='ltr'><strong>sr.</strong></span> <span class='ocrx_word' id='word_1_663' title='bbox 1593 521 1615 546; x_wconf 91' lang='lat'><strong>7.</strong></span> <span class='ocrx_word' id='word_1_664' title='bbox 1640 530 1679 558; x_wconf 89' lang='lat' dir='ltr'><strong>pr.</strong></span> <span class='ocrx_word' id='word_1_665' title='bbox 1705 520 1737 547; x_wconf 90' lang='lat' dir='ltr'><strong>de</strong></span> <span class='ocrx_word' id='word_1_666' title='bbox 1756 531 1807 548; x_wconf 87' lang='lat' dir='ltr'><strong>rec.</strong></span> <span class='ocrx_word' id='word_1_667' title='bbox 1828 531 1871 558; x_wconf 88' lang='lat' dir='ltr'><strong>qu.</strong></span> <span class='ocrx_word' id='word_1_668' title='bbox 1891 520 1945 548; x_wconf 79' lang='lat' dir='ltr'><strong>arb.</strong></span> <span class='ocrx_word' id='word_1_669' title='bbox 1964 523 1988 548; x_wconf 87' lang='grc'><strong>4.</strong></span> 
     </span>
     <span class='ocr_line' id='line_1_74' title="bbox 1122 561 1990 602; baseline 0 -11"><span class='ocrx_word' id='word_1_670' title='bbox 1122 579 1124 591; x_wconf 58' lang='lat'><strong>⁴</strong></span> <span class='ocrx_word' id='word_1_671' title='bbox 1145 566 1169 590; x_wconf 88' lang='grc'><strong>8.</strong></span> <span class='ocrx_word' id='word_1_672' title='bbox 1189 563 1219 591; x_wconf 83' lang='lat' dir='ltr'><strong>fr.</strong></span> <span class='ocrx_word' id='word_1_673' title='bbox 1245 563 1280 589; x_wconf 84' lang='grc'>28</span> <span class='ocrx_word' id='word_1_674' title='bbox 1312 563 1333 596; x_wconf 87' lang='lat'><strong>5.</strong></span> <span class='ocrx_word' id='word_1_675' title='bbox 1360 564 1399 589; x_wconf 90' lang='grc'><strong>16.</strong></span> <span class='ocrx_word' id='word_1_676' title='bbox 1425 561 1457 589; x_wconf 88' lang='lat' dir='ltr'><strong>de</strong></span> <span class='ocrx_word' id='word_1_677' title='bbox 1481 571 1559 599; x_wconf 88' lang='lat' dir='ltr'><strong>poen.</strong></span> <span class='ocrx_word' id='word_1_678' title='bbox 1583 564 1623 590; x_wconf 76' lang='grc'><strong>48.</strong></span> <span class='ocrx_word' id='word_1_679' title='bbox 1645 565 1686 590; x_wconf 87' lang='grc'><strong>19.</strong></span> <span class='ocrx_word' id='word_1_680' title='bbox 1723 562 1767 590; x_wconf 88' lang='grc' dir='ltr'><strong>ΠΙ.</strong></span> <span class='ocrx_word' id='word_1_681' title='bbox 1791 565 1858 592; x_wconf 74' lang='lat' dir='ltr'><strong>Gn.</strong></span> <span class='ocrx_word' id='word_1_682' title='bbox 1877 563 1990 602; x_wconf 82' lang='lat' dir='ltr'><strong>Capitis,</strong></span> 
     </span>
     <span class='ocr_line' id='line_1_75' title="bbox 1122 604 1990 643; baseline 0.001 -10"><span class='ocrx_word' id='word_1_683' title='bbox 1122 620 1124 641; x_wconf 43' lang='grc' dir='ltr'><strong>χ</strong></span> <span class='ocrx_word' id='word_1_684' title='bbox 1145 607 1261 634; x_wconf 76' lang='lat' dir='ltr'><strong>famaeve</strong></span> <span class='ocrx_word' id='word_1_685' title='bbox 1280 604 1434 643; x_wconf 84' lang='lat' dir='ltr'><strong>periculum.</strong></span> <span class='ocrx_word' id='word_1_686' title='bbox 1455 604 1485 631; x_wconf 83' lang='lat' dir='ltr'><strong>fr.</strong></span> <span class='ocrx_word' id='word_1_687' title='bbox 1504 606 1546 631; x_wconf 85' lang='lat'><strong>36.</strong></span> <span class='ocrx_word' id='word_1_688' title='bbox 1566 615 1605 642; x_wconf 85' lang='lat' dir='ltr'><strong>pr.</strong></span> <span class='ocrx_word' id='word_1_689' title='bbox 1625 606 1646 640; x_wconf 91' lang='lat'><strong>5.</strong></span> <span class='ocrx_word' id='word_1_690' title='bbox 1665 608 1690 632; x_wconf 85' lang='grc'><strong>2.</strong></span> <span class='ocrx_word' id='word_1_691' title='bbox 1711 605 1744 633; x_wconf 83' lang='lat' dir='ltr'><strong>de</strong></span> <span class='ocrx_word' id='word_1_692' title='bbox 1762 606 1848 634; x_wconf 84' lang='lat' dir='ltr'><strong>fideic.</strong></span> <span class='ocrx_word' id='word_1_693' title='bbox 1868 606 1933 634; x_wconf 90' lang='lat' dir='ltr'><strong>libb.</strong></span> <span class='ocrx_word' id='word_1_694' title='bbox 1947 609 1990 634; x_wconf 65' lang='grc'>«10.</span> 
     </span>
     <span class='ocr_line' id='line_1_76' title="bbox 1145 646 1991 686; baseline 0.002 -11"><span class='ocrx_word' id='word_1_695' title='bbox 1145 651 1169 676; x_wconf 89' lang='lat'><strong>5.</strong></span> <span class='ocrx_word' id='word_1_696' title='bbox 1190 649 1218 676; x_wconf 77' lang='lat' dir='ltr'><strong>cs</strong></span> <span class='ocrx_word' id='word_1_697' title='bbox 1241 649 1271 676; x_wconf 82' lang='lat' dir='ltr'><strong>sr.</strong></span> <span class='ocrx_word' id='word_1_698' title='bbox 1291 650 1333 676; x_wconf 80' lang='lat'><strong>38.</strong></span> <span class='ocrx_word' id='word_1_699' title='bbox 1353 649 1367 683; x_wconf 89' lang='lat'><strong>5</strong></span> <span class='ocrx_word' id='word_1_700' title='bbox 1395 650 1419 675; x_wconf 88' lang='grc'>9.</span> <span class='ocrx_word' id='word_1_701' title='bbox 1439 647 1471 674; x_wconf 89' lang='lat' dir='ltr'><strong>ad</strong></span> <span class='ocrx_word' id='word_1_702' title='bbox 1489 646 1520 674; x_wconf 92' lang='lat' dir='ltr'><strong>L.</strong></span> <span class='ocrx_word' id='word_1_703' title='bbox 1539 647 1587 675; x_wconf 82' lang='lat' dir='ltr'><strong>lul.</strong></span> <span class='ocrx_word' id='word_1_704' title='bbox 1608 648 1642 676; x_wconf 85' lang='lat' dir='ltr'><strong>de</strong></span> <span class='ocrx_word' id='word_1_705' title='bbox 1660 648 1740 676; x_wconf 86' lang='lat' dir='ltr'><strong>adult.</strong></span> <span class='ocrx_word' id='word_1_706' title='bbox 1760 651 1802 676; x_wconf 74' lang='grc'><strong>48.</strong></span> <span class='ocrx_word' id='word_1_707' title='bbox 1817 652 1843 676; x_wconf 87' lang='grc'><strong>5.</strong></span> <span class='ocrx_word' id='word_1_708' title='bbox 1881 650 1936 686; x_wconf 89' lang='lat' dir='ltr'><strong>Qui</strong></span> <span class='ocrx_word' id='word_1_709' title='bbox 1956 649 1991 677; x_wconf 85' lang='lat' dir='ltr'><strong>al-</strong></span> 
     </span>
     <span class='ocr_line' id='line_1_77' title="bbox 1145 691 1992 730; baseline 0.002 -11"><span class='ocrx_word' id='word_1_710' title='bbox 1145 693 1228 719; x_wconf 87' lang='lat' dir='ltr'><strong>terius</strong></span> <span class='ocrx_word' id='word_1_711' title='bbox 1249 692 1350 720; x_wconf 82' lang='lat' dir='ltr'><strong>famam.</strong></span> <span class='ocrx_word' id='word_1_712' title='bbox 1371 691 1498 722; x_wconf 79' lang='lat' dir='ltr'><strong>fortunas,</strong></span> <span class='ocrx_word' id='word_1_713' title='bbox 1519 696 1597 728; x_wconf 85' lang='lat' dir='ltr'><strong>caput</strong></span> <span class='ocrx_word' id='word_1_714' title='bbox 1616 691 1729 729; x_wconf 85' lang='lat' dir='ltr'><strong>denique</strong></span> <span class='ocrx_word' id='word_1_715' title='bbox 1749 696 1775 718; x_wconf 86' lang='lat' dir='ltr'><strong>et</strong></span> <span class='ocrx_word' id='word_1_716' title='bbox 1793 694 1947 730; x_wconf 84' lang='lat' dir='ltr'><strong>sanguinem</strong></span> <span class='ocrx_word' id='word_1_717' title='bbox 1964 694 1992 720; x_wconf 83' lang='lat' dir='ltr'><strong>in</strong></span> 
     </span>
     <span class='ocr_line' id='line_1_78' title="bbox 1145 733 1992 763; baseline 0.001 -1"><span class='ocrx_word' id='word_1_718' title='bbox 1145 734 1271 762; x_wconf 88' lang='lat' dir='ltr'><strong>iudicium</strong></span> <span class='ocrx_word' id='word_1_719' title='bbox 1291 733 1466 761; x_wconf 84' lang='lat' dir='ltr'><strong>devocaverit.</strong></span> <span class='ocrx_word' id='word_1_720' title='bbox 1487 733 1537 761; x_wconf 89' lang='lat' dir='ltr'><strong>Tb.</strong></span> <span class='ocrx_word' id='word_1_721' title='bbox 1552 734 1583 761; x_wconf 92' lang='lat' dir='ltr'><strong>C.</strong></span> <span class='ocrx_word' id='word_1_722' title='bbox 1597 734 1642 762; x_wconf 83' lang='grc' dir='ltr'><strong>ΙΧ.</strong></span> <span class='ocrx_word' id='word_1_723' title='bbox 1663 737 1684 762; x_wconf 93' lang='lat'><strong>1.</strong></span> <span class='ocrx_word' id='word_1_724' title='bbox 1706 745 1720 762; x_wconf 90' lang='lat' dir='ltr'><strong>c</strong></span> <span class='ocrx_word' id='word_1_725' title='bbox 1748 737 1788 762; x_wconf 96' lang='lat'><strong>11.</strong></span> <span class='ocrx_word' id='word_1_726' title='bbox 1808 735 1841 762; x_wconf 87' lang='lat' dir='ltr'><strong>de</strong></span> <span class='ocrx_word' id='word_1_727' title='bbox 1859 745 1945 763; x_wconf 80' lang='lat' dir='ltr'><strong>accus.</strong></span> <span class='ocrx_word' id='word_1_728' title='bbox 1965 740 1992 763; x_wconf 85' lang='lat' dir='ltr'><strong>et.</strong></span> 
     </span>
     <span class='ocr_line' id='line_1_79' title="bbox 1145 776 1991 813; baseline 0.002 -9"><span class='ocrx_word' id='word_1_729' title='bbox 1145 779 1225 804; x_wconf 88' lang='lat' dir='ltr'><strong>inser.</strong></span> <span class='ocrx_word' id='word_1_730' title='bbox 1262 776 1367 804; x_wconf 76' lang='lat' dir='ltr'><strong>Famam</strong></span> <span class='ocrx_word' id='word_1_731' title='bbox 1386 777 1498 804; x_wconf 76' lang='lat' dir='ltr'><strong>alienam</strong></span> <span class='ocrx_word' id='word_1_732' title='bbox 1517 777 1649 809; x_wconf 77' lang='lat' dir='ltr'><strong>insectari,</strong></span> <span class='ocrx_word' id='word_1_733' title='bbox 1669 787 1690 804; x_wconf 89' lang='lat' dir='ltr'><strong>s.</strong></span> <span class='ocrx_word' id='word_1_734' title='bbox 1709 778 1849 806; x_wconf 83' lang='lat' dir='ltr'><strong>lacessere.</strong></span> <span class='ocrx_word' id='word_1_735' title='bbox 1868 778 1898 806; x_wconf 81' lang='lat' dir='ltr'><strong>fr.</strong></span> <span class='ocrx_word' id='word_1_736' title='bbox 1914 780 1956 806; x_wconf 86' lang='lat'><strong>15.</strong></span> <span class='ocrx_word' id='word_1_737' title='bbox 1969 779 1991 813; x_wconf 89' lang='lat'><strong>5.</strong></span> 
     </span>
     <span class='ocr_line' id='line_1_80' title="bbox 1145 819 1991 854; baseline 0.001 -6"><span class='ocrx_word' id='word_1_738' title='bbox 1145 822 1186 848; x_wconf 87' lang='grc'><strong>29.</strong></span> <span class='ocrx_word' id='word_1_739' title='bbox 1206 819 1239 846; x_wconf 87' lang='lat' dir='ltr'><strong>de</strong></span> <span class='ocrx_word' id='word_1_740' title='bbox 1259 820 1334 846; x_wconf 88' lang='lat' dir='ltr'><strong>iniur.</strong></span> <span class='ocrx_word' id='word_1_741' title='bbox 1359 822 1400 847; x_wconf 89' lang='lat'><strong>47.</strong></span> <span class='ocrx_word' id='word_1_742' title='bbox 1423 822 1462 846; x_wconf 90' lang='grc'><strong>10.</strong></span> <span class='ocrx_word' id='word_1_743' title='bbox 1488 820 1517 847; x_wconf 87' lang='lat' dir='ltr'><strong>sr.</strong></span> <span class='ocrx_word' id='word_1_744' title='bbox 1537 821 1578 846; x_wconf 80' lang='lat'><strong>38.</strong></span> <span class='ocrx_word' id='word_1_745' title='bbox 1604 820 1624 854; x_wconf 88' lang='lat'><strong>5.</strong></span> <span class='ocrx_word' id='word_1_746' title='bbox 1646 822 1670 847; x_wconf 90' lang='lat'><strong>9.</strong></span> <span class='ocrx_word' id='word_1_747' title='bbox 1690 820 1723 847; x_wconf 83' lang='lat' dir='ltr'><strong>ad</strong></span> <span class='ocrx_word' id='word_1_748' title='bbox 1741 820 1770 848; x_wconf 90' lang='lat' dir='ltr'><strong>L.</strong></span> <span class='ocrx_word' id='word_1_749' title='bbox 1791 820 1837 848; x_wconf 89' lang='lat' dir='ltr'><strong>Iul.</strong></span> <span class='ocrx_word' id='word_1_750' title='bbox 1858 821 1891 848; x_wconf 82' lang='lat' dir='ltr'><strong>de</strong></span> <span class='ocrx_word' id='word_1_751' title='bbox 1910 821 1991 850; x_wconf 79' lang='lat' dir='ltr'><strong>adult.</strong></span> 
     </span>
     <span class='ocr_line' id='line_1_81' title="bbox 1145 862 1979 902; baseline 0.001 -12"><span class='ocrx_word' id='word_1_752' title='bbox 1145 865 1186 890; x_wconf 78' lang='grc'><strong>48.</strong></span> <span class='ocrx_word' id='word_1_753' title='bbox 1207 866 1230 890; x_wconf 90' lang='lat'><strong>5.</strong></span> <span class='ocrx_word' id='word_1_754' title='bbox 1269 862 1390 898; x_wconf 80' lang='lat' dir='ltr'><strong>Quorum</strong></span> <span class='ocrx_word' id='word_1_755' title='bbox 1408 862 1474 889; x_wconf 82' lang='lat' dir='ltr'><strong>fama</strong></span> <span class='ocrx_word' id='word_1_756' title='bbox 1494 863 1529 889; x_wconf 91' lang='lat' dir='ltr'><strong>sit</strong></span> <span class='ocrx_word' id='word_1_757' title='bbox 1542 863 1659 890; x_wconf 82' lang='lat' dir='ltr'><strong>hilarior.</strong></span> <span class='ocrx_word' id='word_1_758' title='bbox 1680 874 1701 890; x_wconf 92' lang='lat' dir='ltr'><strong>c.</strong></span> <span class='ocrx_word' id='word_1_759' title='bbox 1716 865 1739 891; x_wconf 95' lang='lat'><strong>7.</strong></span> <span class='ocrx_word' id='word_1_760' title='bbox 1761 863 1794 891; x_wconf 84' lang='lat' dir='ltr'><strong>de</strong></span> <span class='ocrx_word' id='word_1_761' title='bbox 1806 864 1904 902; x_wconf 85' lang='lat' dir='ltr'><strong>postul.</strong></span> <span class='ocrx_word' id='word_1_762' title='bbox 1917 866 1941 891; x_wconf 82' lang='lat'><strong>2.</strong></span> <span class='ocrx_word' id='word_1_763' title='bbox 1956 866 1979 891; x_wconf 87' lang='grc'>6.</span> 
     </span>
    </p>

    <p class='ocr_par' dir='ltr' id='par_1_23' title="bbox 1147 905 1992 1029">
     <span class='ocr_line' id='line_1_82' title="bbox 1181 905 1992 942; baseline 0.001 -9"><span class='ocrx_word' id='word_1_764' title='bbox 1181 908 1331 934; x_wconf 76' lang='lat' dir='ltr'><strong>Fames.</strong></span> <span class='ocrx_word' id='word_1_765' title='bbox 1369 907 1529 942; x_wconf 74' lang='lat' dir='ltr'><strong>Defectus</strong></span> <span class='ocrx_word' id='word_1_766' title='bbox 1548 908 1620 933; x_wconf 78' lang='lat' dir='ltr'><strong>cibi.</strong></span> <span class='ocrx_word' id='word_1_767' title='bbox 1657 905 1702 934; x_wconf 88' lang='lat' dir='ltr'><strong>III.</strong></span> <span class='ocrx_word' id='word_1_768' title='bbox 1720 908 1786 935; x_wconf 72' lang='grc' dir='ltr'>οη.</span> <span class='ocrx_word' id='word_1_769' title='bbox 1805 906 1847 934; x_wconf 78' lang='lat' dir='ltr'><strong>Ne</strong></span> <span class='ocrx_word' id='word_1_770' title='bbox 1865 907 1992 934; x_wconf 81' lang='lat' dir='ltr'><strong>auxilium</strong></span> 
     </span>
     <span class='ocr_line' id='line_1_83' title="bbox 1147 948 1992 981; baseline 0.004 -6"><span class='ocrx_word' id='word_1_771' title='bbox 1147 954 1237 976; x_wconf 79' lang='lat' dir='ltr'><strong>contra</strong></span> <span class='ocrx_word' id='word_1_772' title='bbox 1258 949 1402 979; x_wconf 77' lang='lat' dir='ltr'><strong>saevitiam,</strong></span> <span class='ocrx_word' id='word_1_773' title='bbox 1423 948 1466 975; x_wconf 87' lang='lat' dir='ltr'><strong>vel</strong></span> <span class='ocrx_word' id='word_1_774' title='bbox 1485 948 1587 981; x_wconf 82' lang='lat' dir='ltr'><strong>samem,</strong></span> <span class='ocrx_word' id='word_1_775' title='bbox 1607 948 1649 976; x_wconf 86' lang='lat' dir='ltr'><strong>vel</strong></span> <span class='ocrx_word' id='word_1_776' title='bbox 1663 949 1856 977; x_wconf 86' lang='lat' dir='ltr'><strong>intolerabilem</strong></span> <span class='ocrx_word' id='word_1_777' title='bbox 1870 951 1992 978; x_wconf 75' lang='lat' dir='ltr'><strong>iniuriam</strong></span> 
     </span>
     <span class='ocr_line' id='line_1_84' title="bbox 1147 990 1992 1029; baseline 0.001 -10"><span class='ocrx_word' id='word_1_778' title='bbox 1147 992 1292 1029; x_wconf 76' lang='lat' dir='ltr'><strong>denegetur</strong></span> <span class='ocrx_word' id='word_1_779' title='bbox 1311 991 1359 1018; x_wconf 87' lang='lat' dir='ltr'><strong>his.</strong></span> <span class='ocrx_word' id='word_1_780' title='bbox 1378 991 1409 1018; x_wconf 84' lang='lat' dir='ltr'><strong>fr.</strong></span> <span class='ocrx_word' id='word_1_781' title='bbox 1428 993 1452 1018; x_wconf 79' lang='lat'><strong>2.</strong></span> <span class='ocrx_word' id='word_1_782' title='bbox 1473 990 1506 1018; x_wconf 81' lang='lat' dir='ltr'><strong>de</strong></span> <span class='ocrx_word' id='word_1_783' title='bbox 1525 991 1548 1018; x_wconf 78' lang='lat' dir='ltr'><strong>li.</strong></span> <span class='ocrx_word' id='word_1_784' title='bbox 1570 1002 1613 1029; x_wconf 84' lang='lat' dir='ltr'><strong>qu.</strong></span> <span class='ocrx_word' id='word_1_785' title='bbox 1634 993 1682 1019; x_wconf 91' lang='lat' dir='ltr'><strong>sui.</strong></span> <span class='ocrx_word' id='word_1_786' title='bbox 1704 994 1728 1019; x_wconf 93' lang='lat' dir='ltr'><strong>l.</strong></span> <span class='ocrx_word' id='word_1_787' title='bbox 1746 995 1770 1020; x_wconf 87' lang='grc'>6.</span> <span class='ocrx_word' id='word_1_788' title='bbox 1790 992 1821 1020; x_wconf 84' lang='lat' dir='ltr'><strong>fr.</strong></span> <span class='ocrx_word' id='word_1_789' title='bbox 1837 995 1859 1020; x_wconf 95' lang='lat' dir='ltr'><strong>l.</strong></span> <span class='ocrx_word' id='word_1_790' title='bbox 1879 994 1901 1028; x_wconf 87' lang='lat'><strong>5.</strong></span> <span class='ocrx_word' id='word_1_791' title='bbox 1916 995 1941 1020; x_wconf 88' lang='grc'>8.</span> <span class='ocrx_word' id='word_1_792' title='bbox 1960 993 1992 1020; x_wconf 90' lang='lat' dir='ltr'><strong>de</strong></span> 
     </span>
    </p>

    <p class='ocr_par' dir='ltr' id='par_1_24' title="bbox 1130 1033 1992 1072">
     <span class='ocr_line' id='line_1_85' title="bbox 1130 1033 1992 1072; baseline 0.002 -10"><span class='ocrx_word' id='word_1_793' title='bbox 1130 1036 1191 1070; x_wconf 76' lang='lat' dir='ltr'><strong>oss.</strong></span> <span class='ocrx_word' id='word_1_794' title='bbox 1210 1035 1263 1062; x_wconf 77' lang='lat' dir='ltr'><strong>Prs.</strong></span> <span class='ocrx_word' id='word_1_795' title='bbox 1284 1034 1330 1061; x_wconf 75' lang='lat' dir='ltr'><strong>Vr.</strong></span> <span class='ocrx_word' id='word_1_796' title='bbox 1352 1036 1374 1061; x_wconf 90' lang='lat'><strong>1.</strong></span> <span class='ocrx_word' id='word_1_797' title='bbox 1396 1036 1435 1060; x_wconf 79' lang='lat'><strong>12.</strong></span> <span class='ocrx_word' id='word_1_798' title='bbox 1473 1033 1542 1061; x_wconf 89' lang='lat' dir='ltr'><strong>Cum</strong></span> <span class='ocrx_word' id='word_1_799' title='bbox 1561 1034 1678 1072; x_wconf 80' lang='lat' dir='ltr'><strong>pecudes</strong></span> <span class='ocrx_word' id='word_1_800' title='bbox 1698 1052 1730 1056; x_wconf 86' lang='lat'><strong>--</strong></span> <span class='ocrx_word' id='word_1_801' title='bbox 1750 1035 1817 1063; x_wconf 86' lang='lat' dir='ltr'><strong>fame</strong></span> <span class='ocrx_word' id='word_1_802' title='bbox 1835 1037 1992 1070; x_wconf 83' lang='lat' dir='ltr'><strong>necavisset,</strong></span> 
     </span>
    </p>

    <p class='ocr_par' dir='ltr' id='par_1_25' title="bbox 1148 1077 1994 1333">
     <span class='ocr_line' id='line_1_86' title="bbox 1148 1077 1992 1115; baseline 0.001 -9"><span class='ocrx_word' id='word_1_803' title='bbox 1148 1079 1209 1106; x_wconf 89' lang='lat' dir='ltr'><strong>dum</strong></span> <span class='ocrx_word' id='word_1_804' title='bbox 1230 1088 1283 1105; x_wconf 91' lang='lat' dir='ltr'><strong>non</strong></span> <span class='ocrx_word' id='word_1_805' title='bbox 1301 1079 1401 1115; x_wconf 82' lang='lat' dir='ltr'><strong>patitur</strong></span> <span class='ocrx_word' id='word_1_806' title='bbox 1421 1077 1459 1104; x_wconf 85' lang='lat' dir='ltr'><strong>eis</strong></span> <span class='ocrx_word' id='word_1_807' title='bbox 1479 1077 1576 1104; x_wconf 82' lang='lat' dir='ltr'><strong>cibaria</strong></span> <span class='ocrx_word' id='word_1_808' title='bbox 1595 1077 1704 1105; x_wconf 76' lang='lat' dir='ltr'><strong>adferre.</strong></span> <span class='ocrx_word' id='word_1_809' title='bbox 1724 1078 1754 1105; x_wconf 73' lang='lat' dir='ltr'><strong>fr.</strong></span> <span class='ocrx_word' id='word_1_810' title='bbox 1768 1081 1809 1106; x_wconf 77' lang='lat'><strong>29.</strong></span> <span class='ocrx_word' id='word_1_811' title='bbox 1830 1080 1852 1114; x_wconf 86' lang='lat'><strong>5.</strong></span> <span class='ocrx_word' id='word_1_812' title='bbox 1867 1081 1890 1106; x_wconf 89' lang='grc'><strong>7.</strong></span> <span class='ocrx_word' id='word_1_813' title='bbox 1911 1079 1943 1107; x_wconf 83' lang='lat' dir='ltr'><strong>cf.</strong></span> <span class='ocrx_word' id='word_1_814' title='bbox 1962 1079 1992 1107; x_wconf 83' lang='lat' dir='ltr'><strong>fr.</strong></span> 
     </span>
     <span class='ocr_line' id='line_1_87' title="bbox 1148 1120 1994 1159; baseline 0.001 -10"><span class='ocrx_word' id='word_1_815' title='bbox 1148 1124 1172 1149; x_wconf 89' lang='grc'><strong>9.</strong></span> <span class='ocrx_word' id='word_1_816' title='bbox 1192 1122 1214 1156; x_wconf 88' lang='lat'><strong>5.</strong></span> <span class='ocrx_word' id='word_1_817' title='bbox 1233 1123 1258 1147; x_wconf 77' lang='lat'><strong>2.</strong></span> <span class='ocrx_word' id='word_1_818' title='bbox 1283 1120 1316 1147; x_wconf 83' lang='lat' dir='ltr'><strong>ad</strong></span> <span class='ocrx_word' id='word_1_819' title='bbox 1339 1120 1368 1147; x_wconf 79' lang='lat' dir='ltr'><strong>L.</strong></span> <span class='ocrx_word' id='word_1_820' title='bbox 1388 1120 1457 1157; x_wconf 83' lang='lat' dir='ltr'><strong>Aqu.</strong></span> <span class='ocrx_word' id='word_1_821' title='bbox 1483 1122 1507 1147; x_wconf 85' lang='lat'><strong>9.</strong></span> <span class='ocrx_word' id='word_1_822' title='bbox 1525 1122 1551 1147; x_wconf 82' lang='lat'><strong>2.</strong></span> <span class='ocrx_word' id='word_1_823' title='bbox 1575 1120 1632 1148; x_wconf 82' lang='lat' dir='ltr'><strong>Gai.</strong></span> <span class='ocrx_word' id='word_1_824' title='bbox 1653 1120 1696 1148; x_wconf 93' lang='lat'><strong>111.</strong></span> <span class='ocrx_word' id='word_1_825' title='bbox 1715 1123 1774 1148; x_wconf 88' lang='grc'>219.</span> <span class='ocrx_word' id='word_1_826' title='bbox 1817 1122 1871 1158; x_wconf 84' lang='lat' dir='ltr'><strong>Qui</strong></span> <span class='ocrx_word' id='word_1_827' title='bbox 1891 1123 1994 1159; x_wconf 84' lang='lat' dir='ltr'><strong>exiguis</strong></span> 
     </span>
     <span class='ocr_line' id='line_1_88' title="bbox 1149 1163 1994 1202; baseline 0.001 -11"><span class='ocrx_word' id='word_1_828' title='bbox 1149 1164 1251 1199; x_wconf 76' lang='lat' dir='ltr'><strong>solatiis</strong></span> <span class='ocrx_word' id='word_1_829' title='bbox 1275 1165 1320 1191; x_wconf 81' lang='lat' dir='ltr'><strong>vix</strong></span> <span class='ocrx_word' id='word_1_830' title='bbox 1343 1174 1473 1200; x_wconf 76' lang='lat' dir='ltr'><strong>aegreque</strong></span> <span class='ocrx_word' id='word_1_831' title='bbox 1496 1164 1618 1190; x_wconf 85' lang='lat' dir='ltr'><strong>miseram</strong></span> <span class='ocrx_word' id='word_1_832' title='bbox 1637 1163 1730 1191; x_wconf 79' lang='lat' dir='ltr'><strong>famem</strong></span> <span class='ocrx_word' id='word_1_833' title='bbox 1755 1164 1896 1202; x_wconf 79' lang='lat' dir='ltr'><strong>repellunt.</strong></span> <span class='ocrx_word' id='word_1_834' title='bbox 1925 1165 1994 1193; x_wconf 67' lang='grc' dir='ltr'>Νῦν.</span> 
     </span>
     <span class='ocr_line' id='line_1_89' title="bbox 1149 1206 1994 1241; baseline 0 -6"><span class='ocrx_word' id='word_1_835' title='bbox 1149 1208 1199 1236; x_wconf 86' lang='lat' dir='ltr'><strong>Th.</strong></span> <span class='ocrx_word' id='word_1_836' title='bbox 1219 1207 1249 1234; x_wconf 84' lang='lat' dir='ltr'><strong>Il.</strong></span> <span class='ocrx_word' id='word_1_837' title='bbox 1274 1217 1307 1234; x_wconf 82' lang='lat' dir='ltr'><strong>nc</strong></span> <span class='ocrx_word' id='word_1_838' title='bbox 1330 1206 1443 1233; x_wconf 80' lang='lat' dir='ltr'><strong>duciaui.</strong></span> <span class='ocrx_word' id='word_1_839' title='bbox 1469 1206 1486 1233; x_wconf 89' lang='grc' dir='ltr'><strong>Ι.</strong></span> <span class='ocrx_word' id='word_1_840' title='bbox 1511 1208 1535 1233; x_wconf 83' lang='lat'><strong>2.</strong></span> <span class='ocrx_word' id='word_1_841' title='bbox 1560 1216 1581 1233; x_wconf 90' lang='lat' dir='ltr'><strong>c.</strong></span> <span class='ocrx_word' id='word_1_842' title='bbox 1603 1208 1625 1234; x_wconf 88' lang='lat' dir='ltr'><strong>l.</strong></span> <span class='ocrx_word' id='word_1_843' title='bbox 1644 1207 1666 1241; x_wconf 86' lang='lat'><strong>5.</strong></span> <span class='ocrx_word' id='word_1_844' title='bbox 1687 1209 1709 1234; x_wconf 96' lang='grc'><strong>1.</strong></span> <span class='ocrx_word' id='word_1_845' title='bbox 1747 1207 1994 1235; x_wconf 84' lang='lat' dir='ltr'><strong>Obscoenissimam</strong></span> 
     </span>
     <span class='ocr_line' id='line_1_90' title="bbox 1149 1248 1994 1288; baseline -0.002 -9"><span class='ocrx_word' id='word_1_846' title='bbox 1149 1251 1241 1279; x_wconf 78' lang='lat' dir='ltr'><strong>famem</strong></span> <span class='ocrx_word' id='word_1_847' title='bbox 1261 1260 1308 1288; x_wconf 88' lang='lat' dir='ltr'><strong>per</strong></span> <span class='ocrx_word' id='word_1_848' title='bbox 1326 1254 1408 1276; x_wconf 81' lang='lat' dir='ltr'><strong>totam</strong></span> <span class='ocrx_word' id='word_1_849' title='bbox 1427 1248 1528 1276; x_wconf 79' lang='lat' dir='ltr'><strong>ltaliam</strong></span> <span class='ocrx_word' id='word_1_850' title='bbox 1547 1249 1707 1277; x_wconf 80' lang='lat' dir='ltr'><strong>desaevisse.</strong></span> <span class='ocrx_word' id='word_1_851' title='bbox 1731 1249 1799 1277; x_wconf 76' lang='lat' dir='ltr'><strong>Nov.</strong></span> <span class='ocrx_word' id='word_1_852' title='bbox 1819 1249 1878 1278; x_wconf 77' lang='lat' dir='ltr'><strong>Val.</strong></span> <span class='ocrx_word' id='word_1_853' title='bbox 1898 1250 1940 1277; x_wconf 92' lang='lat'><strong>111.</strong></span> <span class='ocrx_word' id='word_1_854' title='bbox 1961 1250 1994 1278; x_wconf 92' lang='lat' dir='ltr'><strong>de</strong></span> 
     </span>
     <span class='ocr_line' id='line_1_91' title="bbox 1148 1292 1571 1333; baseline -0.005 -11"><span class='ocrx_word' id='word_1_855' title='bbox 1148 1300 1252 1333; x_wconf 78' lang='lat' dir='ltr'><strong>parent.</strong></span> <span class='ocrx_word' id='word_1_856' title='bbox 1273 1304 1316 1331; x_wconf 79' lang='lat' dir='ltr'><strong>qu.</strong></span> <span class='ocrx_word' id='word_1_857' title='bbox 1335 1292 1373 1319; x_wconf 86' lang='lat' dir='ltr'><strong>fil.</strong></span> <span class='ocrx_word' id='word_1_858' title='bbox 1394 1292 1424 1319; x_wconf 86' lang='grc'><strong>11.</strong></span> <span class='ocrx_word' id='word_1_859' title='bbox 1443 1294 1486 1319; x_wconf 86' lang='lat'><strong>33.</strong></span> <span class='ocrx_word' id='word_1_860' title='bbox 1506 1303 1528 1320; x_wconf 87' lang='lat' dir='ltr'><strong>c.</strong></span> <span class='ocrx_word' id='word_1_861' title='bbox 1549 1295 1571 1320; x_wconf 89' lang='grc'><strong>1.</strong></span> 
     </span>
    </p>

    <p class='ocr_par' dir='ltr' id='par_1_26' title="bbox 1148 1336 1997 2019">
     <span class='ocr_line' id='line_1_92' title="bbox 1183 1336 1994 1370; baseline -0.001 -6"><span class='ocrx_word' id='word_1_862' title='bbox 1183 1337 1361 1366; x_wconf 74' lang='lat' dir='ltr'><strong>Familia.</strong></span> <span class='ocrx_word' id='word_1_863' title='bbox 1399 1336 1430 1370; x_wconf 81' lang='lat'><strong>§.</strong></span> <span class='ocrx_word' id='word_1_864' title='bbox 1449 1337 1485 1363; x_wconf 88' lang='lat'><strong>1.</strong></span> <span class='ocrx_word' id='word_1_865' title='bbox 1514 1338 1702 1368; x_wconf 78' lang='lat' dir='ltr'><strong>servorum,</strong></span> <span class='ocrx_word' id='word_1_866' title='bbox 1720 1339 1769 1363; x_wconf 83' lang='lat' dir='ltr'><strong>vel</strong></span> <span class='ocrx_word' id='word_1_867' title='bbox 1786 1338 1994 1368; x_wconf 73' lang='lat' dir='ltr'><strong>libertorum,</strong></span> 
     </span>
     <span class='ocr_line' id='line_1_93' title="bbox 1148 1378 1993 1417; baseline -0.002 -9"><span class='ocrx_word' id='word_1_868' title='bbox 1148 1388 1258 1409; x_wconf 78' lang='lat' dir='ltr'><strong>coetus</strong></span> <span class='ocrx_word' id='word_1_869' title='bbox 1278 1382 1310 1407; x_wconf 82' lang='lat' dir='ltr'><strong>in</strong></span> <span class='ocrx_word' id='word_1_870' title='bbox 1328 1381 1463 1415; x_wconf 68' lang='lat' dir='ltr'><strong>singula</strong></span> <span class='ocrx_word' id='word_1_871' title='bbox 1482 1380 1580 1406; x_wconf 78' lang='lat' dir='ltr'><strong>domo.</strong></span> <span class='ocrx_word' id='word_1_872' title='bbox 1617 1378 1636 1405; x_wconf 93' lang='lat'><strong>1.</strong></span> <span class='ocrx_word' id='word_1_873' title='bbox 1657 1380 1720 1414; x_wconf 69' lang='lat' dir='ltr'><strong>Sy.</strong></span> <span class='ocrx_word' id='word_1_874' title='bbox 1740 1378 1817 1406; x_wconf 86' lang='lat' dir='ltr'><strong>Servi</strong></span> <span class='ocrx_word' id='word_1_875' title='bbox 1837 1379 1950 1417; x_wconf 83' lang='lat' dir='ltr'><strong>(plures,</strong></span> <span class='ocrx_word' id='word_1_876' title='bbox 1968 1389 1993 1406; x_wconf 90' lang='lat' dir='ltr'><strong>v.</strong></span> 
     </span>
     <span class='ocr_line' id='line_1_94' title="bbox 1148 1421 1993 1459; baseline -0.004 -8"><span class='ocrx_word' id='word_1_877' title='bbox 1148 1424 1260 1456; x_wconf 87' lang='lat' dir='ltr'><strong>omnes.)</strong></span> <span class='ocrx_word' id='word_1_878' title='bbox 1280 1422 1352 1450; x_wconf 86' lang='lat' dir='ltr'><strong>Paul.</strong></span> <span class='ocrx_word' id='word_1_879' title='bbox 1372 1422 1414 1449; x_wconf 88' lang='lat'><strong>111.</strong></span> <span class='ocrx_word' id='word_1_880' title='bbox 1435 1423 1459 1448; x_wconf 88' lang='lat'><strong>5.</strong></span> <span class='ocrx_word' id='word_1_881' title='bbox 1478 1422 1515 1456; x_wconf 89' lang='lat'><strong>55.</strong></span> <span class='ocrx_word' id='word_1_882' title='bbox 1537 1423 1558 1448; x_wconf 96' lang='lat' dir='ltr'><strong>l.</strong></span> <span class='ocrx_word' id='word_1_883' title='bbox 1578 1431 1637 1459; x_wconf 82' lang='lat' dir='ltr'><strong>sqq.</strong></span> <span class='ocrx_word' id='word_1_884' title='bbox 1657 1424 1679 1449; x_wconf 89' lang='grc'><strong>6.</strong></span> <span class='ocrx_word' id='word_1_885' title='bbox 1701 1432 1760 1459; x_wconf 84' lang='lat' dir='ltr'><strong>sqq.</strong></span> <span class='ocrx_word' id='word_1_886' title='bbox 1780 1421 1813 1449; x_wconf 88' lang='lat' dir='ltr'><strong>V.</strong></span> <span class='ocrx_word' id='word_1_887' title='bbox 1832 1423 1856 1449; x_wconf 87' lang='lat'><strong>6.</strong></span> <span class='ocrx_word' id='word_1_888' title='bbox 1876 1422 1898 1456; x_wconf 95' lang='lat'><strong>5.</strong></span> <span class='ocrx_word' id='word_1_889' title='bbox 1917 1423 1943 1448; x_wconf 86' lang='lat'><strong>3.</strong></span> <span class='ocrx_word' id='word_1_890' title='bbox 1962 1421 1993 1448; x_wconf 72' lang='lat' dir='ltr'><strong>fr.</strong></span> 
     </span>
     <span class='ocr_line' id='line_1_95' title="bbox 1149 1463 1994 1505; baseline -0.004 -11"><span class='ocrx_word' id='word_1_891' title='bbox 1149 1470 1171 1494; x_wconf 94' lang='lat'><strong>1.</strong></span> <span class='ocrx_word' id='word_1_892' title='bbox 1190 1477 1230 1505; x_wconf 84' lang='lat' dir='ltr'><strong>pr.</strong></span> <span class='ocrx_word' id='word_1_893' title='bbox 1249 1467 1331 1501; x_wconf 80' lang='lat'><strong>§.15.</strong></span> <span class='ocrx_word' id='word_1_894' title='bbox 1352 1465 1386 1492; x_wconf 86' lang='lat' dir='ltr'><strong>de</strong></span> <span class='ocrx_word' id='word_1_895' title='bbox 1409 1465 1436 1491; x_wconf 92' lang='lat' dir='ltr'><strong>S.</strong></span> <span class='ocrx_word' id='word_1_896' title='bbox 1463 1464 1494 1491; x_wconf 90' lang='lat' dir='ltr'><strong>C.</strong></span> <span class='ocrx_word' id='word_1_897' title='bbox 1521 1463 1603 1491; x_wconf 82' lang='lat' dir='ltr'><strong>Silan.</strong></span> <span class='ocrx_word' id='word_1_898' title='bbox 1627 1467 1669 1492; x_wconf 83' lang='lat'><strong>29.</strong></span> <span class='ocrx_word' id='word_1_899' title='bbox 1690 1467 1713 1493; x_wconf 85' lang='lat'><strong>5.</strong></span> <span class='ocrx_word' id='word_1_900' title='bbox 1738 1465 1762 1492; x_wconf 82' lang='lat' dir='ltr'><strong>fr</strong></span> <span class='ocrx_word' id='word_1_901' title='bbox 1791 1467 1847 1492; x_wconf 83' lang='lat'><strong>195.</strong></span> <span class='ocrx_word' id='word_1_902' title='bbox 1874 1465 1896 1499; x_wconf 91' lang='lat'><strong>5.</strong></span> <span class='ocrx_word' id='word_1_903' title='bbox 1915 1466 1940 1491; x_wconf 88' lang='lat'><strong>3.</strong></span> <span class='ocrx_word' id='word_1_904' title='bbox 1961 1464 1994 1492; x_wconf 82' lang='lat' dir='ltr'><strong>de</strong></span> 
     </span>
     <span class='ocr_line' id='line_1_96' title="bbox 1148 1507 1995 1546; baseline -0.005 -8"><span class='ocrx_word' id='word_1_905' title='bbox 1148 1510 1179 1538; x_wconf 76' lang='lat' dir='ltr'><strong>V.</strong></span> <span class='ocrx_word' id='word_1_906' title='bbox 1206 1510 1233 1537; x_wconf 91' lang='lat' dir='ltr'><strong>S.</strong></span> <span class='ocrx_word' id='word_1_907' title='bbox 1257 1511 1297 1536; x_wconf 87' lang='lat'><strong>50.</strong></span> <span class='ocrx_word' id='word_1_908' title='bbox 1323 1509 1364 1535; x_wconf 83' lang='grc'><strong>16.</strong></span> <span class='ocrx_word' id='word_1_909' title='bbox 1406 1507 1514 1546; x_wconf 82' lang='lat' dir='ltr'><strong>Corpus</strong></span> <span class='ocrx_word' id='word_1_910' title='bbox 1539 1507 1672 1545; x_wconf 85' lang='lat' dir='ltr'><strong>quoddam</strong></span> <span class='ocrx_word' id='word_1_911' title='bbox 1695 1518 1840 1536; x_wconf 87' lang='lat' dir='ltr'><strong>servorum.</strong></span> <span class='ocrx_word' id='word_1_912' title='bbox 1884 1508 1995 1540; x_wconf 86' lang='lat' dir='ltr'><strong>Omnes,</strong></span> 
     </span>
     <span class='ocr_line' id='line_1_97' title="bbox 1150 1550 1994 1591; baseline -0.004 -10"><span class='ocrx_word' id='word_1_913' title='bbox 1150 1555 1193 1591; x_wconf 89' lang='lat' dir='ltr'><strong>qui</strong></span> <span class='ocrx_word' id='word_1_914' title='bbox 1213 1554 1241 1580; x_wconf 86' lang='lat' dir='ltr'><strong>in</strong></span> <span class='ocrx_word' id='word_1_915' title='bbox 1260 1553 1380 1584; x_wconf 78' lang='lat' dir='ltr'><strong>servitio,</strong></span> <span class='ocrx_word' id='word_1_916' title='bbox 1399 1561 1422 1578; x_wconf 88' lang='lat' dir='ltr'><strong>v.</strong></span> <span class='ocrx_word' id='word_1_917' title='bbox 1437 1552 1594 1583; x_wconf 69' lang='lat' dir='ltr'><strong>ministerio,</strong></span> <span class='ocrx_word' id='word_1_918' title='bbox 1614 1556 1684 1578; x_wconf 81' lang='lat' dir='ltr'><strong>sunt.</strong></span> <span class='ocrx_word' id='word_1_919' title='bbox 1721 1551 1873 1579; x_wconf 77' lang='lat' dir='ltr'><strong>Ministeria.</strong></span> <span class='ocrx_word' id='word_1_920' title='bbox 1894 1550 1924 1577; x_wconf 79' lang='lat' dir='ltr'><strong>fr.</strong></span> <span class='ocrx_word' id='word_1_921' title='bbox 1936 1552 1994 1578; x_wconf 84' lang='lat'><strong>195.</strong></span> 
     </span>
     <span class='ocr_line' id='line_1_98' title="bbox 1149 1593 1994 1632; baseline -0.005 -8"><span class='ocrx_word' id='word_1_922' title='bbox 1149 1598 1170 1632; x_wconf 85' lang='lat'><strong>5.</strong></span> <span class='ocrx_word' id='word_1_923' title='bbox 1189 1599 1213 1623; x_wconf 87' lang='lat'><strong>3.</strong></span> <span class='ocrx_word' id='word_1_924' title='bbox 1234 1596 1250 1622; x_wconf 77' lang='lat' dir='ltr'><strong>l.</strong></span> <span class='ocrx_word' id='word_1_925' title='bbox 1271 1595 1300 1622; x_wconf 77' lang='lat' dir='ltr'><strong>t&#39;r.</strong></span> <span class='ocrx_word' id='word_1_926' title='bbox 1319 1597 1362 1621; x_wconf 85' lang='lat'><strong>25.</strong></span> <span class='ocrx_word' id='word_1_927' title='bbox 1382 1594 1404 1628; x_wconf 87' lang='lat'><strong>5.</strong></span> <span class='ocrx_word' id='word_1_928' title='bbox 1424 1596 1448 1620; x_wconf 90' lang='grc'><strong>2.</strong></span> <span class='ocrx_word' id='word_1_929' title='bbox 1468 1593 1501 1620; x_wconf 87' lang='lat' dir='ltr'><strong>de</strong></span> <span class='ocrx_word' id='word_1_930' title='bbox 1519 1593 1607 1621; x_wconf 79' lang='lat' dir='ltr'><strong>Aedil.</strong></span> <span class='ocrx_word' id='word_1_931' title='bbox 1631 1594 1708 1621; x_wconf 82' lang='lat' dir='ltr'><strong>edict.</strong></span> <span class='ocrx_word' id='word_1_932' title='bbox 1734 1596 1775 1621; x_wconf 80' lang='lat'><strong>21.</strong></span> <span class='ocrx_word' id='word_1_933' title='bbox 1801 1596 1823 1622; x_wconf 91' lang='lat'><strong>1.</strong></span> <span class='ocrx_word' id='word_1_934' title='bbox 1844 1593 1874 1621; x_wconf 68' lang='grc' dir='ltr'>Τι’.</span> <span class='ocrx_word' id='word_1_935' title='bbox 1892 1595 1935 1620; x_wconf 78' lang='grc'><strong>21.</strong></span> <span class='ocrx_word' id='word_1_936' title='bbox 1954 1603 1994 1631; x_wconf 85' lang='lat' dir='ltr'><strong>pr.</strong></span> 
     </span>
     <span class='ocr_line' id='line_1_99' title="bbox 1149 1636 1996 1667; baseline -0.002 -1"><span class='ocrx_word' id='word_1_937' title='bbox 1149 1640 1172 1667; x_wconf 73' lang='lat' dir='ltr'><strong>l&#39;r</strong></span> <span class='ocrx_word' id='word_1_938' title='bbox 1198 1641 1239 1666; x_wconf 88' lang='lat'><strong>54.</strong></span> <span class='ocrx_word' id='word_1_939' title='bbox 1261 1638 1293 1665; x_wconf 85' lang='lat' dir='ltr'><strong>de</strong></span> <span class='ocrx_word' id='word_1_940' title='bbox 1313 1637 1394 1664; x_wconf 76' lang='lat' dir='ltr'><strong>donat</strong></span> <span class='ocrx_word' id='word_1_941' title='bbox 1413 1638 1458 1663; x_wconf 84' lang='lat' dir='ltr'><strong>int.</strong></span> <span class='ocrx_word' id='word_1_942' title='bbox 1479 1636 1511 1663; x_wconf 68' lang='lat' dir='ltr'><strong>Y.</strong></span> <span class='ocrx_word' id='word_1_943' title='bbox 1530 1639 1572 1663; x_wconf 82' lang='lat'><strong>24.</strong></span> <span class='ocrx_word' id='word_1_944' title='bbox 1594 1639 1616 1663; x_wconf 96' lang='lat' dir='ltr'><strong>l.</strong></span> <span class='ocrx_word' id='word_1_945' title='bbox 1653 1637 1809 1664; x_wconf 87' lang='lat' dir='ltr'><strong>Domestici.</strong></span> <span class='ocrx_word' id='word_1_946' title='bbox 1835 1636 1876 1664; x_wconf 80' lang='lat' dir='ltr'><strong>Cf.</strong></span> <span class='ocrx_word' id='word_1_947' title='bbox 1895 1647 1920 1664; x_wconf 74' lang='lat' dir='ltr'><strong>V.</strong></span> <span class='ocrx_word' id='word_1_948' title='bbox 1941 1637 1996 1664; x_wconf 89' lang='lat' dir='ltr'><strong>Do-</strong></span> 
     </span>
     <span class='ocr_line' id='line_1_100' title="bbox 1149 1679 1997 1716; baseline -0.004 -7"><span class='ocrx_word' id='word_1_949' title='bbox 1149 1683 1283 1709; x_wconf 81' lang='lat' dir='ltr'><strong>mcsticus.</strong></span> <span class='ocrx_word' id='word_1_950' title='bbox 1303 1681 1325 1714; x_wconf 91' lang='lat'><strong>5.</strong></span> <span class='ocrx_word' id='word_1_951' title='bbox 1347 1682 1369 1707; x_wconf 96' lang='lat'><strong>1.</strong></span> <span class='ocrx_word' id='word_1_952' title='bbox 1406 1679 1448 1706; x_wconf 93' lang='lat' dir='ltr'><strong>lll.</strong></span> <span class='ocrx_word' id='word_1_953' title='bbox 1474 1681 1540 1707; x_wconf 75' lang='lat' dir='ltr'><strong>Gn.</strong></span> <span class='ocrx_word' id='word_1_954' title='bbox 1578 1679 1691 1707; x_wconf 77' lang='lat' dir='ltr'><strong>Sei-vilis</strong></span> <span class='ocrx_word' id='word_1_955' title='bbox 1716 1680 1820 1707; x_wconf 79' lang='lat' dir='ltr'><strong>familia.</strong></span> <span class='ocrx_word' id='word_1_956' title='bbox 1857 1679 1911 1716; x_wconf 92' lang='lat' dir='ltr'><strong>Qui</strong></span> <span class='ocrx_word' id='word_1_957' title='bbox 1933 1684 1997 1706; x_wconf 77' lang='lat' dir='ltr'><strong>sunt</strong></span> 
     </span>
     <span class='ocr_line' id='line_1_101' title="bbox 1150 1721 1995 1761; baseline -0.002 -9"><span class='ocrx_word' id='word_1_958' title='bbox 1150 1736 1182 1752; x_wconf 85' lang='lat' dir='ltr'><strong>ex</strong></span> <span class='ocrx_word' id='word_1_959' title='bbox 1202 1723 1298 1751; x_wconf 78' lang='lat' dir='ltr'><strong>familia</strong></span> <span class='ocrx_word' id='word_1_960' title='bbox 1318 1723 1445 1749; x_wconf 88' lang='lat' dir='ltr'><strong>homiues.</strong></span> <span class='ocrx_word' id='word_1_961' title='bbox 1467 1722 1497 1749; x_wconf 77' lang='lat' dir='ltr'><strong>fr.</strong></span> <span class='ocrx_word' id='word_1_962' title='bbox 1518 1724 1558 1749; x_wconf 89' lang='lat'><strong>12.</strong></span> <span class='ocrx_word' id='word_1_963' title='bbox 1577 1723 1598 1757; x_wconf 88' lang='lat'><strong>5.</strong></span> <span class='ocrx_word' id='word_1_964' title='bbox 1617 1725 1641 1749; x_wconf 85' lang='grc'><strong>2.</strong></span> <span class='ocrx_word' id='word_1_965' title='bbox 1661 1723 1694 1750; x_wconf 89' lang='lat' dir='ltr'><strong>de</strong></span> <span class='ocrx_word' id='word_1_966' title='bbox 1713 1723 1844 1761; x_wconf 84' lang='lat' dir='ltr'><strong>publican.</strong></span> <span class='ocrx_word' id='word_1_967' title='bbox 1864 1724 1905 1749; x_wconf 36' lang='lat'><strong>39.</strong></span> <span class='ocrx_word' id='word_1_968' title='bbox 1920 1724 1944 1749; x_wconf 80' lang='lat'><strong>4.</strong></span> <span class='ocrx_word' id='word_1_969' title='bbox 1964 1721 1995 1750; x_wconf 76' lang='lat' dir='ltr'><strong>fr.</strong></span> 
     </span>
     <span class='ocr_line' id='line_1_102' title="bbox 1148 1764 1996 1802; baseline -0.002 -8"><span class='ocrx_word' id='word_1_970' title='bbox 1148 1770 1171 1794; x_wconf 82' lang='lat'><strong>2.</strong></span> <span class='ocrx_word' id='word_1_971' title='bbox 1192 1768 1213 1801; x_wconf 98' lang='lat'><strong>5</strong></span> <span class='ocrx_word' id='word_1_972' title='bbox 1236 1768 1275 1792; x_wconf 92' lang='lat'><strong>14.</strong></span> <span class='ocrx_word' id='word_1_973' title='bbox 1294 1766 1321 1792; x_wconf 76' lang='lat' dir='ltr'><strong>vi</strong></span> <span class='ocrx_word' id='word_1_974' title='bbox 1345 1765 1405 1792; x_wconf 90' lang='lat' dir='ltr'><strong>bon.</strong></span> <span class='ocrx_word' id='word_1_975' title='bbox 1430 1770 1497 1802; x_wconf 80' lang='lat' dir='ltr'><strong>rapt.</strong></span> <span class='ocrx_word' id='word_1_976' title='bbox 1521 1767 1562 1792; x_wconf 76' lang='lat'><strong>47.</strong></span> <span class='ocrx_word' id='word_1_977' title='bbox 1586 1768 1610 1792; x_wconf 86' lang='grc'><strong>8.</strong></span> <span class='ocrx_word' id='word_1_978' title='bbox 1649 1766 1703 1802; x_wconf 85' lang='lat' dir='ltr'><strong>Qui</strong></span> <span class='ocrx_word' id='word_1_979' title='bbox 1727 1777 1759 1793; x_wconf 79' lang='lat' dir='ltr'><strong>ex</strong></span> <span class='ocrx_word' id='word_1_980' title='bbox 1783 1765 1880 1792; x_wconf 76' lang='lat' dir='ltr'><strong>familia</strong></span> <span class='ocrx_word' id='word_1_981' title='bbox 1899 1765 1930 1799; x_wconf 87' lang='lat' dir='ltr'><strong>(I.</strong></span> <span class='ocrx_word' id='word_1_982' title='bbox 1950 1764 1996 1792; x_wconf 87' lang='lat' dir='ltr'><strong>Sa-</strong></span> 
     </span>
     <span class='ocr_line' id='line_1_103' title="bbox 1149 1808 1995 1846; baseline -0.001 -10"><span class='ocrx_word' id='word_1_983' title='bbox 1149 1811 1216 1843; x_wconf 82' lang='lat' dir='ltr'><strong>bini)</strong></span> <span class='ocrx_word' id='word_1_984' title='bbox 1237 1809 1268 1835; x_wconf 76' lang='lat' dir='ltr'><strong>ad</strong></span> <span class='ocrx_word' id='word_1_985' title='bbox 1288 1813 1400 1835; x_wconf 77' lang='lat' dir='ltr'><strong>statuam</strong></span> <span class='ocrx_word' id='word_1_986' title='bbox 1420 1808 1601 1845; x_wconf 77' lang='lat' dir='ltr'><strong>confugerunt.</strong></span> <span class='ocrx_word' id='word_1_987' title='bbox 1627 1809 1658 1836; x_wconf 79' lang='lat' dir='ltr'><strong>fr.</strong></span> <span class='ocrx_word' id='word_1_988' title='bbox 1678 1811 1702 1835; x_wconf 84' lang='lat'><strong>2.</strong></span> <span class='ocrx_word' id='word_1_989' title='bbox 1727 1809 1760 1836; x_wconf 86' lang='lat' dir='ltr'><strong>de</strong></span> <span class='ocrx_word' id='word_1_990' title='bbox 1783 1808 1810 1835; x_wconf 91' lang='lat' dir='ltr'><strong>h.</strong></span> <span class='ocrx_word' id='word_1_991' title='bbox 1835 1819 1877 1846; x_wconf 85' lang='lat' dir='ltr'><strong>qu.</strong></span> <span class='ocrx_word' id='word_1_992' title='bbox 1902 1809 1951 1836; x_wconf 86' lang='lat' dir='ltr'><strong>sui.</strong></span> <span class='ocrx_word' id='word_1_993' title='bbox 1972 1810 1995 1835; x_wconf 91' lang='lat'><strong>1.</strong></span> 
     </span>
     <span class='ocr_line' id='line_1_104' title="bbox 1149 1851 1997 1888; baseline -0.002 -8"><span class='ocrx_word' id='word_1_994' title='bbox 1149 1856 1172 1880; x_wconf 88' lang='grc'><strong>6.</strong></span> <span class='ocrx_word' id='word_1_995' title='bbox 1210 1853 1298 1880; x_wconf 90' lang='lat' dir='ltr'><strong>Domo</strong></span> <span class='ocrx_word' id='word_1_996' title='bbox 1318 1861 1376 1878; x_wconf 85' lang='lat' dir='ltr'><strong>cum</strong></span> <span class='ocrx_word' id='word_1_997' title='bbox 1396 1852 1467 1878; x_wconf 91' lang='lat' dir='ltr'><strong>omui</strong></span> <span class='ocrx_word' id='word_1_998' title='bbox 1486 1852 1542 1878; x_wconf 89' lang='lat' dir='ltr'><strong>iure</strong></span> <span class='ocrx_word' id='word_1_999' title='bbox 1566 1861 1615 1878; x_wconf 85' lang='lat' dir='ltr'><strong>suo</strong></span> <span class='ocrx_word' id='word_1_1000' title='bbox 1633 1866 1667 1871; x_wconf 90' lang='lat'>—</span> <span class='ocrx_word' id='word_1_1001' title='bbox 1687 1851 1783 1888; x_wconf 77' lang='lat' dir='ltr'><strong>legata,</strong></span> <span class='ocrx_word' id='word_1_1002' title='bbox 1808 1852 1907 1879; x_wconf 77' lang='lat' dir='ltr'><strong>urbana</strong></span> <span class='ocrx_word' id='word_1_1003' title='bbox 1926 1851 1997 1878; x_wconf 77' lang='lat' dir='ltr'><strong>sami·</strong></span> 
     </span>
     <span class='ocr_line' id='line_1_105' title="bbox 1149 1893 1995 1931; baseline -0.005 -7"><span class='ocrx_word' id='word_1_1004' title='bbox 1149 1897 1196 1929; x_wconf 74' lang='lat' dir='ltr'><strong>lia,</strong></span> <span class='ocrx_word' id='word_1_1005' title='bbox 1222 1897 1285 1923; x_wconf 77' lang='lat' dir='ltr'><strong>item</strong></span> <span class='ocrx_word' id='word_1_1006' title='bbox 1310 1894 1426 1921; x_wconf 78' lang='lat' dir='ltr'><strong>artifices</strong></span> <span class='ocrx_word' id='word_1_1007' title='bbox 1447 1910 1479 1914; x_wconf 91' lang='lat'>—</span> <span class='ocrx_word' id='word_1_1008' title='bbox 1499 1894 1584 1922; x_wconf 84' lang='lat' dir='ltr'><strong>eidem</strong></span> <span class='ocrx_word' id='word_1_1009' title='bbox 1609 1895 1697 1922; x_wconf 90' lang='lat' dir='ltr'><strong>domui</strong></span> <span class='ocrx_word' id='word_1_1010' title='bbox 1722 1895 1884 1927; x_wconf 83' lang='lat' dir='ltr'><strong>servientes,</strong></span> <span class='ocrx_word' id='word_1_1011' title='bbox 1908 1893 1995 1931; x_wconf 79' lang='lat' dir='ltr'><strong>legato</strong></span> 
     </span>
     <span class='ocr_line' id='line_1_106' title="bbox 1153 1936 1995 1973; baseline -0.005 -6"><span class='ocrx_word' id='word_1_1012' title='bbox 1153 1939 1257 1966; x_wconf 76' lang='lat' dir='ltr'><strong>cedunt.</strong></span> <span class='ocrx_word' id='word_1_1013' title='bbox 1277 1937 1349 1964; x_wconf 82' lang='lat' dir='ltr'><strong>Paul.</strong></span> <span class='ocrx_word' id='word_1_1014' title='bbox 1369 1936 1412 1964; x_wconf 92' lang='lat' dir='ltr'><strong>llI.</strong></span> <span class='ocrx_word' id='word_1_1015' title='bbox 1432 1938 1455 1964; x_wconf 87' lang='grc'><strong>6.</strong></span> <span class='ocrx_word' id='word_1_1016' title='bbox 1476 1937 1497 1972; x_wconf 88' lang='lat'><strong>5.</strong></span> <span class='ocrx_word' id='word_1_1017' title='bbox 1517 1939 1559 1964; x_wconf 78' lang='lat'><strong>58.</strong></span> <span class='ocrx_word' id='word_1_1018' title='bbox 1596 1937 1726 1970; x_wconf 78' lang='lat' dir='ltr'><strong>Colonus,</strong></span> <span class='ocrx_word' id='word_1_1019' title='bbox 1746 1948 1795 1964; x_wconf 86' lang='lat' dir='ltr'><strong>uec</strong></span> <span class='ocrx_word' id='word_1_1020' title='bbox 1807 1937 1913 1970; x_wconf 77' lang='lat' dir='ltr'><strong>familia,</strong></span> <span class='ocrx_word' id='word_1_1021' title='bbox 1928 1946 1995 1973; x_wconf 83' lang='lat' dir='ltr'><strong>quae</strong></span> 
     </span>
     <span class='ocr_line' id='line_1_107' title="bbox 1149 1979 1993 2019; baseline -0.004 -11"><span class='ocrx_word' id='word_1_1022' title='bbox 1149 1984 1203 2019; x_wconf 65' lang='lat' dir='ltr'><strong>agri</strong></span> <span class='ocrx_word' id='word_1_1023' title='bbox 1217 1981 1322 2009; x_wconf 78' lang='lat' dir='ltr'><strong>colendi</strong></span> <span class='ocrx_word' id='word_1_1024' title='bbox 1342 1991 1419 2008; x_wconf 83' lang='lat' dir='ltr'><strong>causa</strong></span> <span class='ocrx_word' id='word_1_1025' title='bbox 1438 1980 1494 2008; x_wconf 90' lang='lat' dir='ltr'><strong>illic</strong></span> <span class='ocrx_word' id='word_1_1026' title='bbox 1513 1981 1555 2007; x_wconf 87' lang='lat' dir='ltr'><strong>sit.</strong></span> <span class='ocrx_word' id='word_1_1027' title='bbox 1569 1995 1603 2000; x_wconf 96' lang='lat'><strong>—</strong></span> <span class='ocrx_word' id='word_1_1028' title='bbox 1618 1980 1723 2007; x_wconf 71' lang='lat' dir='ltr'><strong>Vrbann</strong></span> <span class='ocrx_word' id='word_1_1029' title='bbox 1742 1980 1845 2008; x_wconf 79' lang='lat' dir='ltr'><strong>familia.</strong></span> <span class='ocrx_word' id='word_1_1030' title='bbox 1865 1979 1896 2006; x_wconf 84' lang='lat' dir='ltr'><strong>sr.</strong></span> <span class='ocrx_word' id='word_1_1031' title='bbox 1912 1981 1952 2006; x_wconf 90' lang='grc'><strong>10.</strong></span> <span class='ocrx_word' id='word_1_1032' title='bbox 1972 1979 1993 2013; x_wconf 90' lang='lat'><strong>5.</strong></span> 
     </span>
    </p>

    <p class='ocr_par' dir='ltr' id='par_1_27' title="bbox 1126 2022 1995 2147">
     <span class='ocr_line' id='line_1_108' title="bbox 1126 2022 1993 2060; baseline -0.006 -7"><span class='ocrx_word' id='word_1_1033' title='bbox 1126 2041 1127 2054; x_wconf 57' lang='grc' dir='ltr'>ι</span> <span class='ocrx_word' id='word_1_1034' title='bbox 1150 2028 1173 2052; x_wconf 89' lang='lat'><strong>4.</strong></span> <span class='ocrx_word' id='word_1_1035' title='bbox 1194 2025 1226 2052; x_wconf 78' lang='lat' dir='ltr'><strong>de</strong></span> <span class='ocrx_word' id='word_1_1036' title='bbox 1247 2035 1296 2052; x_wconf 89' lang='lat' dir='ltr'><strong>usu</strong></span> <span class='ocrx_word' id='word_1_1037' title='bbox 1315 2029 1339 2051; x_wconf 82' lang='lat' dir='ltr'><strong>et</strong></span> <span class='ocrx_word' id='word_1_1038' title='bbox 1360 2024 1441 2051; x_wconf 84' lang='lat' dir='ltr'><strong>habit.</strong></span> <span class='ocrx_word' id='word_1_1039' title='bbox 1462 2025 1484 2051; x_wconf 87' lang='lat'><strong>7.</strong></span> <span class='ocrx_word' id='word_1_1040' title='bbox 1504 2024 1578 2050; x_wconf 57' lang='lat'><strong>8112</strong></span> <span class='ocrx_word' id='word_1_1041' title='bbox 1600 2026 1657 2050; x_wconf 85' lang='lat'><strong>166.</strong></span> <span class='ocrx_word' id='word_1_1042' title='bbox 1682 2032 1720 2060; x_wconf 83' lang='lat' dir='ltr'><strong>pr.</strong></span> <span class='ocrx_word' id='word_1_1043' title='bbox 1741 2023 1774 2050; x_wconf 73' lang='lat' dir='ltr'><strong>de.</strong></span> <span class='ocrx_word' id='word_1_1044' title='bbox 1793 2023 1824 2049; x_wconf 86' lang='lat' dir='ltr'><strong>V.</strong></span> <span class='ocrx_word' id='word_1_1045' title='bbox 1844 2022 1871 2049; x_wconf 93' lang='lat' dir='ltr'><strong>S.</strong></span> <span class='ocrx_word' id='word_1_1046' title='bbox 1891 2023 1932 2048; x_wconf 84' lang='lat'><strong>50.</strong></span> <span class='ocrx_word' id='word_1_1047' title='bbox 1955 2023 1993 2049; x_wconf 77' lang='lat' dir='ltr'><strong>lo.</strong></span> 
     </span>
     <span class='ocr_line' id='line_1_109' title="bbox 1151 2064 1994 2095; baseline -0.005 0"><span class='ocrx_word' id='word_1_1048' title='bbox 1151 2068 1259 2095; x_wconf 84' lang='lat' dir='ltr'><strong>Publica</strong></span> <span class='ocrx_word' id='word_1_1049' title='bbox 1280 2066 1384 2094; x_wconf 78' lang='lat' dir='ltr'><strong>familia.</strong></span> <span class='ocrx_word' id='word_1_1050' title='bbox 1404 2083 1436 2086; x_wconf 97' lang='lat'><strong>—</strong></span> <span class='ocrx_word' id='word_1_1051' title='bbox 1457 2066 1577 2093; x_wconf 78' lang='lat' dir='ltr'><strong>Privatae</strong></span> <span class='ocrx_word' id='word_1_1052' title='bbox 1596 2066 1716 2093; x_wconf 76' lang='lat' dir='ltr'><strong>familiae.</strong></span> <span class='ocrx_word' id='word_1_1053' title='bbox 1736 2067 1766 2092; x_wconf 83' lang='lat' dir='ltr'><strong>fr.</strong></span> <span class='ocrx_word' id='word_1_1054' title='bbox 1788 2068 1810 2092; x_wconf 89' lang='lat'><strong>1.</strong></span> <span class='ocrx_word' id='word_1_1055' title='bbox 1831 2065 1864 2092; x_wconf 79' lang='lat' dir='ltr'><strong>de</strong></span> <span class='ocrx_word' id='word_1_1056' title='bbox 1877 2065 1920 2091; x_wconf 82' lang='lat' dir='ltr'><strong>off.</strong></span> <span class='ocrx_word' id='word_1_1057' title='bbox 1942 2064 1994 2092; x_wconf 75' lang='lat' dir='ltr'><strong>Prr.</strong></span> 
     </span>
     <span class='ocr_line' id='line_1_110' title="bbox 1152 2108 1995 2147; baseline -0.005 -9"><span class='ocrx_word' id='word_1_1058' title='bbox 1152 2111 1225 2147; x_wconf 64' lang='lat' dir='ltr'><strong>Yigg.</strong></span> <span class='ocrx_word' id='word_1_1059' title='bbox 1248 2113 1270 2137; x_wconf 96' lang='lat' dir='ltr'><strong>l.</strong></span> <span class='ocrx_word' id='word_1_1060' title='bbox 1291 2113 1330 2136; x_wconf 92' lang='lat'><strong>15.</strong></span> <span class='ocrx_word' id='word_1_1061' title='bbox 1369 2109 1448 2145; x_wconf 87' lang='lat' dir='ltr'><strong>Quod</strong></span> <span class='ocrx_word' id='word_1_1062' title='bbox 1474 2108 1571 2136; x_wconf 80' lang='lat' dir='ltr'><strong>familia</strong></span> <span class='ocrx_word' id='word_1_1063' title='bbox 1595 2109 1794 2146; x_wconf 78' lang='lat' dir='ltr'><strong>publicanorum</strong></span> <span class='ocrx_word' id='word_1_1064' title='bbox 1820 2108 1936 2141; x_wconf 83' lang='lat' dir='ltr'><strong>(sui-tum</strong></span> <span class='ocrx_word' id='word_1_1065' title='bbox 1960 2108 1995 2135; x_wconf 79' lang='lat' dir='ltr'><strong>se-</strong></span> 
     </span>
    </p>

    <p class='ocr_par' dir='ltr' id='par_1_28' title="bbox 1126 2146 1995 2189">
     <span class='ocr_line' id='line_1_111' title="bbox 1126 2146 1995 2189; baseline -0.005 -8"><span class='ocrx_word' id='word_1_1066' title='bbox 1126 2146 1127 2150; x_wconf 68' lang='lat'><strong>.</strong></span> <span class='ocrx_word' id='word_1_1067' title='bbox 1151 2156 1219 2181; x_wconf 86' lang='lat' dir='ltr'><strong>cisse</strong></span> <span class='ocrx_word' id='word_1_1068' title='bbox 1240 2153 1363 2184; x_wconf 82' lang='lat' dir='ltr'><strong>dicetur.)</strong></span> <span class='ocrx_word' id='word_1_1069' title='bbox 1388 2152 1417 2178; x_wconf 73' lang='lat' dir='ltr'><strong>l&#39;r.</strong></span> <span class='ocrx_word' id='word_1_1070' title='bbox 1440 2154 1479 2179; x_wconf 88' lang='grc'><strong>12,</strong></span> <span class='ocrx_word' id='word_1_1071' title='bbox 1504 2152 1526 2186; x_wconf 88' lang='lat'><strong>5.</strong></span> <span class='ocrx_word' id='word_1_1072' title='bbox 1548 2153 1569 2178; x_wconf 94' lang='lat' dir='ltr'><strong>l.</strong></span> <span class='ocrx_word' id='word_1_1073' title='bbox 1595 2151 1626 2178; x_wconf 79' lang='lat' dir='ltr'><strong>cs.</strong></span> <span class='ocrx_word' id='word_1_1074' title='bbox 1646 2151 1676 2178; x_wconf 86' lang='lat' dir='ltr'><strong>fr.</strong></span> <span class='ocrx_word' id='word_1_1075' title='bbox 1698 2154 1718 2178; x_wconf 84' lang='lat'><strong>1.</strong></span> <span class='ocrx_word' id='word_1_1076' title='bbox 1740 2162 1779 2189; x_wconf 88' lang='lat' dir='ltr'><strong>pr.</strong></span> <span class='ocrx_word' id='word_1_1077' title='bbox 1805 2152 1826 2185; x_wconf 91' lang='lat'><strong>5.</strong></span> <span class='ocrx_word' id='word_1_1078' title='bbox 1847 2153 1870 2178; x_wconf 87' lang='grc'><strong>5.</strong></span> <span class='ocrx_word' id='word_1_1079' title='bbox 1897 2151 1930 2177; x_wconf 87' lang='lat' dir='ltr'><strong>de</strong></span> <span class='ocrx_word' id='word_1_1080' title='bbox 1949 2161 1995 2188; x_wconf 89' lang='lat' dir='ltr'><strong>pu·</strong></span> 
     </span>
    </p>

    <p class='ocr_par' dir='ltr' id='par_1_29' title="bbox 1150 2194 1995 2277">
     <span class='ocr_line' id='line_1_112' title="bbox 1150 2194 1994 2232; baseline -0.005 -8"><span class='ocrx_word' id='word_1_1081' title='bbox 1150 2197 1245 2224; x_wconf 81' lang='lat' dir='ltr'><strong>blican.</strong></span> <span class='ocrx_word' id='word_1_1082' title='bbox 1265 2199 1306 2223; x_wconf 82' lang='grc'><strong>39.</strong></span> <span class='ocrx_word' id='word_1_1083' title='bbox 1326 2198 1350 2223; x_wconf 87' lang='lat'><strong>4.</strong></span> <span class='ocrx_word' id='word_1_1084' title='bbox 1388 2195 1417 2222; x_wconf 86' lang='lat' dir='ltr'><strong>Si</strong></span> <span class='ocrx_word' id='word_1_1085' title='bbox 1441 2195 1506 2232; x_wconf 81' lang='lat' dir='ltr'><strong>quid</strong></span> <span class='ocrx_word' id='word_1_1086' title='bbox 1524 2199 1587 2232; x_wconf 81' lang='lat' dir='ltr'><strong>post</strong></span> <span class='ocrx_word' id='word_1_1087' title='bbox 1606 2194 1792 2226; x_wconf 76' lang='lat' dir='ltr'><strong>venditionem,</strong></span> <span class='ocrx_word' id='word_1_1088' title='bbox 1813 2194 1994 2221; x_wconf 80' lang='lat' dir='ltr'><strong>traditionem-</strong></span> 
     </span>
     <span class='ocr_line' id='line_1_113' title="bbox 1151 2237 1995 2277; baseline -0.004 -10"><span class='ocrx_word' id='word_1_1089' title='bbox 1151 2251 1202 2277; x_wconf 85' lang='lat' dir='ltr'><strong>que</strong></span> <span class='ocrx_word' id='word_1_1090' title='bbox 1227 2240 1343 2267; x_wconf 78' lang='lat' dir='ltr'><strong>deterius</strong></span> <span class='ocrx_word' id='word_1_1091' title='bbox 1367 2240 1476 2265; x_wconf 74' lang='lat' dir='ltr'><strong>emtoris</strong></span> <span class='ocrx_word' id='word_1_1092' title='bbox 1504 2248 1596 2276; x_wconf 83' lang='lat' dir='ltr'><strong>opera.</strong></span> <span class='ocrx_word' id='word_1_1093' title='bbox 1627 2237 1751 2268; x_wconf 77' lang='lat' dir='ltr'><strong>familiae,</strong></span> <span class='ocrx_word' id='word_1_1094' title='bbox 1781 2239 1995 2274; x_wconf 83' lang='lat' dir='ltr'><strong>procuratorisve</strong></span> 
     </span>
    </p>

    <p class='ocr_par' dir='ltr' id='par_1_30' title="bbox 1127 2279 1993 2317">
     <span class='ocr_line' id='line_1_114' title="bbox 1127 2279 1993 2317; baseline -0.003 -7"><span class='ocrx_word' id='word_1_1095' title='bbox 1127 2279 1129 2291; x_wconf 67' lang='lat'><em>&#39;</em></span> <span class='ocrx_word' id='word_1_1096' title='bbox 1151 2285 1207 2310; x_wconf 82' lang='lat' dir='ltr'><strong>eius</strong></span> <span class='ocrx_word' id='word_1_1097' title='bbox 1227 2284 1323 2310; x_wconf 81' lang='lat' dir='ltr'><strong>sactum</strong></span> <span class='ocrx_word' id='word_1_1098' title='bbox 1343 2284 1400 2309; x_wconf 88' lang='lat' dir='ltr'><strong>erit.</strong></span> <span class='ocrx_word' id='word_1_1099' title='bbox 1420 2282 1449 2308; x_wconf 76' lang='lat' dir='ltr'><strong>sr.</strong></span> <span class='ocrx_word' id='word_1_1100' title='bbox 1471 2284 1492 2308; x_wconf 94' lang='lat'><strong>1.</strong></span> <span class='ocrx_word' id='word_1_1101' title='bbox 1513 2282 1534 2315; x_wconf 90' lang='lat'><strong>5.</strong></span> <span class='ocrx_word' id='word_1_1102' title='bbox 1557 2283 1578 2307; x_wconf 90' lang='grc'><strong>1.</strong></span> <span class='ocrx_word' id='word_1_1103' title='bbox 1603 2280 1626 2307; x_wconf 82' lang='lat' dir='ltr'><strong>fr</strong></span> <span class='ocrx_word' id='word_1_1104' title='bbox 1652 2282 1694 2306; x_wconf 83' lang='grc'><strong>25.</strong></span> <span class='ocrx_word' id='word_1_1105' title='bbox 1720 2280 1758 2314; x_wconf 87' lang='lat'><strong>55.</strong></span> <span class='ocrx_word' id='word_1_1106' title='bbox 1785 2282 1806 2306; x_wconf 93' lang='lat' dir='ltr'><strong>l.</strong></span> <span class='ocrx_word' id='word_1_1107' title='bbox 1832 2290 1872 2317; x_wconf 88' lang='lat' dir='ltr'><strong>sq.</strong></span> <span class='ocrx_word' id='word_1_1108' title='bbox 1896 2280 1927 2307; x_wconf 77' lang='lat' dir='ltr'><strong>fr.</strong></span> <span class='ocrx_word' id='word_1_1109' title='bbox 1951 2282 1993 2307; x_wconf 80' lang='lat'><strong>31.</strong></span> 
     </span>
    </p>

    <p class='ocr_par' dir='ltr' id='par_1_31' title="bbox 1127 2322 1994 2361">
     <span class='ocr_line' id='line_1_115' title="bbox 1127 2322 1994 2361; baseline -0.002 -8"><span class='ocrx_word' id='word_1_1110' title='bbox 1127 2325 1129 2342; x_wconf 48' lang='lat'><strong>&#39;⁴</strong></span> <span class='ocrx_word' id='word_1_1111' title='bbox 1151 2327 1188 2361; x_wconf 89' lang='lat'><strong>55.</strong></span> <span class='ocrx_word' id='word_1_1112' title='bbox 1213 2328 1235 2353; x_wconf 91' lang='grc'><strong>9.</strong></span> <span class='ocrx_word' id='word_1_1113' title='bbox 1263 2328 1302 2352; x_wconf 91' lang='grc'><strong>11.</strong></span> <span class='ocrx_word' id='word_1_1114' title='bbox 1329 2325 1361 2353; x_wconf 85' lang='lat' dir='ltr'><strong>de</strong></span> <span class='ocrx_word' id='word_1_1115' title='bbox 1385 2325 1471 2352; x_wconf 77' lang='lat' dir='ltr'><strong>Aedil.</strong></span> <span class='ocrx_word' id='word_1_1116' title='bbox 1498 2324 1575 2351; x_wconf 86' lang='lat' dir='ltr'><strong>edict.</strong></span> <span class='ocrx_word' id='word_1_1117' title='bbox 1599 2325 1640 2349; x_wconf 78' lang='lat'><strong>21.</strong></span> <span class='ocrx_word' id='word_1_1118' title='bbox 1667 2325 1688 2349; x_wconf 88' lang='lat'><strong>1.</strong></span> <span class='ocrx_word' id='word_1_1119' title='bbox 1728 2322 1804 2349; x_wconf 85' lang='lat' dir='ltr'><strong>Vnde</strong></span> <span class='ocrx_word' id='word_1_1120' title='bbox 1829 2328 1857 2350; x_wconf 90' lang='lat' dir='ltr'><strong>tu</strong></span> <span class='ocrx_word' id='word_1_1121' title='bbox 1876 2323 1950 2350; x_wconf 89' lang='lat' dir='ltr'><strong>illum</strong></span> <span class='ocrx_word' id='word_1_1122' title='bbox 1969 2325 1994 2352; x_wconf 80' lang='lat' dir='ltr'><strong>vi</strong></span> 
     </span>
    </p>

    <p class='ocr_par' dir='ltr' id='par_1_32' title="bbox 1128 2358 1994 2411">
     <span class='ocr_line' id='line_1_116' title="bbox 1128 2358 1994 2411; baseline -0.003 -15"><span class='ocrx_word' id='word_1_1123' title='bbox 1128 2358 1130 2411; x_wconf 80' lang='lat' dir='ltr'><strong>l</strong></span> <span class='ocrx_word' id='word_1_1124' title='bbox 1151 2370 1281 2401; x_wconf 81' lang='lat' dir='ltr'><strong>deiecisti,</strong></span> <span class='ocrx_word' id='word_1_1125' title='bbox 1302 2373 1346 2395; x_wconf 84' lang='lat' dir='ltr'><strong>aut</strong></span> <span class='ocrx_word' id='word_1_1126' title='bbox 1364 2368 1460 2395; x_wconf 79' lang='lat' dir='ltr'><strong>familia</strong></span> <span class='ocrx_word' id='word_1_1127' title='bbox 1485 2372 1527 2394; x_wconf 85' lang='lat' dir='ltr'><strong>tua</strong></span> <span class='ocrx_word' id='word_1_1128' title='bbox 1552 2366 1653 2393; x_wconf 65' lang='lat' dir='ltr'><strong>deiecit.</strong></span> <span class='ocrx_word' id='word_1_1129' title='bbox 1678 2366 1709 2393; x_wconf 80' lang='lat' dir='ltr'><strong>fr.</strong></span> <span class='ocrx_word' id='word_1_1130' title='bbox 1730 2368 1752 2392; x_wconf 94' lang='lat'><strong>1.</strong></span> <span class='ocrx_word' id='word_1_1131' title='bbox 1777 2376 1815 2404; x_wconf 88' lang='lat' dir='ltr'><strong>pr.</strong></span> <span class='ocrx_word' id='word_1_1132' title='bbox 1835 2367 1873 2401; x_wconf 84' lang='lat'><strong>55.</strong></span> <span class='ocrx_word' id='word_1_1133' title='bbox 1894 2368 1934 2393; x_wconf 94' lang='lat' dir='ltr'><strong>ll.</strong></span> <span class='ocrx_word' id='word_1_1134' title='bbox 1955 2376 1994 2403; x_wconf 81' lang='lat' dir='ltr'><strong>sq,</strong></span> 
     </span>
    </p>

    <p class='ocr_par' dir='ltr' id='par_1_33' title="bbox 1128 2409 1995 2443">
     <span class='ocr_line' id='line_1_117' title="bbox 1128 2409 1995 2443; baseline -0.002 -5"><span class='ocrx_word' id='word_1_1135' title='bbox 1128 2414 1129 2422; x_wconf 66' lang='lat'>¹</span> <span class='ocrx_word' id='word_1_1136' title='bbox 1152 2412 1185 2439; x_wconf 84' lang='lat' dir='ltr'><strong>de</strong></span> <span class='ocrx_word' id='word_1_1137' title='bbox 1205 2413 1230 2438; x_wconf 73' lang='lat' dir='ltr'><strong>vi</strong></span> <span class='ocrx_word' id='word_1_1138' title='bbox 1251 2417 1275 2438; x_wconf 86' lang='lat' dir='ltr'><strong>et</strong></span> <span class='ocrx_word' id='word_1_1139' title='bbox 1295 2413 1320 2438; x_wconf 79' lang='lat' dir='ltr'><strong>vi</strong></span> <span class='ocrx_word' id='word_1_1140' title='bbox 1341 2422 1403 2438; x_wconf 86' lang='lat' dir='ltr'><strong>arm.</strong></span> <span class='ocrx_word' id='word_1_1141' title='bbox 1422 2412 1463 2437; x_wconf 87' lang='lat'><strong>43.</strong></span> <span class='ocrx_word' id='word_1_1142' title='bbox 1486 2411 1524 2436; x_wconf 81' lang='grc'><strong>16.</strong></span> <span class='ocrx_word' id='word_1_1143' title='bbox 1545 2409 1573 2436; x_wconf 78' lang='lat' dir='ltr'><strong>fr.</strong></span> <span class='ocrx_word' id='word_1_1144' title='bbox 1594 2411 1636 2436; x_wconf 73' lang='lat'><strong>40.</strong></span> <span class='ocrx_word' id='word_1_1145' title='bbox 1661 2410 1682 2443; x_wconf 89' lang='lat'><strong>5.</strong></span> <span class='ocrx_word' id='word_1_1146' title='bbox 1702 2411 1727 2435; x_wconf 86' lang='lat'><strong>2.</strong></span> <span class='ocrx_word' id='word_1_1147' title='bbox 1747 2409 1777 2436; x_wconf 79' lang='lat' dir='ltr'><strong>fr.</strong></span> <span class='ocrx_word' id='word_1_1148' title='bbox 1799 2410 1855 2436; x_wconf 84' lang='lat'><strong>195.</strong></span> <span class='ocrx_word' id='word_1_1149' title='bbox 1876 2410 1897 2443; x_wconf 97' lang='lat'><strong>5.</strong></span> <span class='ocrx_word' id='word_1_1150' title='bbox 1917 2411 1941 2436; x_wconf 91' lang='lat'><strong>3.</strong></span> <span class='ocrx_word' id='word_1_1151' title='bbox 1962 2409 1995 2436; x_wconf 77' lang='lat' dir='ltr'><strong>de</strong></span> 
     </span>
    </p>

    <p class='ocr_par' dir='ltr' id='par_1_34' title="bbox 1129 2448 1994 2488">
     <span class='ocr_line' id='line_1_118' title="bbox 1129 2448 1994 2488; baseline -0.003 -6"><span class='ocrx_word' id='word_1_1152' title='bbox 1129 2448 1131 2488; x_wconf 60' lang='lat' dir='ltr'><strong>l</strong></span> <span class='ocrx_word' id='word_1_1153' title='bbox 1153 2455 1184 2482; x_wconf 63' lang='lat' dir='ltr'><strong>V.</strong></span> <span class='ocrx_word' id='word_1_1154' title='bbox 1205 2454 1232 2482; x_wconf 94' lang='lat' dir='ltr'><strong>S.</strong></span> <span class='ocrx_word' id='word_1_1155' title='bbox 1252 2457 1293 2481; x_wconf 85' lang='lat'><strong>50.</strong></span> <span class='ocrx_word' id='word_1_1156' title='bbox 1316 2456 1355 2481; x_wconf 87' lang='lat'><strong>16.</strong></span> <span class='ocrx_word' id='word_1_1157' title='bbox 1376 2453 1446 2481; x_wconf 85' lang='lat' dir='ltr'><strong>Paul.</strong></span> <span class='ocrx_word' id='word_1_1158' title='bbox 1461 2452 1493 2479; x_wconf 92' lang='lat' dir='ltr'><strong>V.</strong></span> <span class='ocrx_word' id='word_1_1159' title='bbox 1513 2454 1536 2479; x_wconf 90' lang='grc'><strong>6.</strong></span> <span class='ocrx_word' id='word_1_1160' title='bbox 1557 2453 1578 2486; x_wconf 87' lang='lat'><strong>5.</strong></span> <span class='ocrx_word' id='word_1_1161' title='bbox 1598 2454 1622 2478; x_wconf 85' lang='lat'><strong>3.</strong></span> <span class='ocrx_word' id='word_1_1162' title='bbox 1654 2451 1681 2478; x_wconf 88' lang='lat' dir='ltr'><strong>ln</strong></span> <span class='ocrx_word' id='word_1_1163' title='bbox 1702 2462 1815 2485; x_wconf 80' lang='lat' dir='ltr'><strong>servum,</strong></span> <span class='ocrx_word' id='word_1_1164' title='bbox 1835 2457 1860 2478; x_wconf 82' lang='lat' dir='ltr'><strong>et</strong></span> <span class='ocrx_word' id='word_1_1165' title='bbox 1879 2453 1905 2479; x_wconf 88' lang='lat' dir='ltr'><strong>in</strong></span> <span class='ocrx_word' id='word_1_1166' title='bbox 1925 2452 1994 2479; x_wconf 81' lang='lat' dir='ltr'><strong>sami-</strong></span> 
     </span>
    </p>

    <p class='ocr_par' dir='ltr' id='par_1_35' title="bbox 1129 2495 1992 2533">
     <span class='ocr_line' id='line_1_119' title="bbox 1129 2495 1992 2533; baseline -0.005 -8"><span class='ocrx_word' id='word_1_1167' title='bbox 1129 2500 1131 2516; x_wconf 56' lang='lat' dir='ltr'><strong>l</strong></span> <span class='ocrx_word' id='word_1_1168' title='bbox 1153 2498 1221 2530; x_wconf 78' lang='lat' dir='ltr'><strong>liam.</strong></span> <span class='ocrx_word' id='word_1_1169' title='bbox 1241 2497 1366 2524; x_wconf 88' lang='lat' dir='ltr'><strong>iudicium</strong></span> <span class='ocrx_word' id='word_1_1170' title='bbox 1386 2496 1463 2523; x_wconf 85' lang='lat' dir='ltr'><strong>dabo.</strong></span> <span class='ocrx_word' id='word_1_1171' title='bbox 1483 2496 1513 2522; x_wconf 82' lang='lat' dir='ltr'><strong>t&#39;r.</strong></span> <span class='ocrx_word' id='word_1_1172' title='bbox 1537 2498 1557 2522; x_wconf 89' lang='lat'><strong>1.</strong></span> <span class='ocrx_word' id='word_1_1173' title='bbox 1577 2505 1616 2533; x_wconf 88' lang='lat' dir='ltr'><strong>pr.</strong></span> <span class='ocrx_word' id='word_1_1174' title='bbox 1636 2495 1669 2521; x_wconf 84' lang='lat' dir='ltr'><strong>de</strong></span> <span class='ocrx_word' id='word_1_1175' title='bbox 1688 2495 1792 2522; x_wconf 81' lang='lat' dir='ltr'><strong>incend.</strong></span> <span class='ocrx_word' id='word_1_1176' title='bbox 1812 2496 1894 2522; x_wconf 85' lang='lat' dir='ltr'><strong>ruina.</strong></span> <span class='ocrx_word' id='word_1_1177' title='bbox 1913 2497 1955 2521; x_wconf 81' lang='lat'><strong>47.</strong></span> <span class='ocrx_word' id='word_1_1178' title='bbox 1969 2496 1992 2522; x_wconf 88' lang='grc'><strong>9.</strong></span> 
     </span>
    </p>

    <p class='ocr_par' dir='ltr' id='par_1_36' title="bbox 1129 2533 1994 2662">
     <span class='ocr_line' id='line_1_120' title="bbox 1129 2533 1994 2575; baseline -0.005 -7"><span class='ocrx_word' id='word_1_1179' title='bbox 1129 2533 1131 2557; x_wconf 61' lang='lat' dir='ltr'><strong>l</strong></span> <span class='ocrx_word' id='word_1_1180' title='bbox 1153 2541 1269 2567; x_wconf 88' lang='lat' dir='ltr'><strong>Orcinus</strong></span> <span class='ocrx_word' id='word_1_1181' title='bbox 1289 2540 1401 2567; x_wconf 86' lang='lat' dir='ltr'><strong>libertus</strong></span> <span class='ocrx_word' id='word_1_1182' title='bbox 1421 2539 1544 2570; x_wconf 76' lang='lat' dir='ltr'><strong>effectus.</strong></span> <span class='ocrx_word' id='word_1_1183' title='bbox 1569 2538 1601 2564; x_wconf 82' lang='lat' dir='ltr'><strong>ad</strong></span> <span class='ocrx_word' id='word_1_1184' title='bbox 1621 2537 1743 2568; x_wconf 68' lang='lat' dir='ltr'><strong>stuniliam</strong></span> <span class='ocrx_word' id='word_1_1185' title='bbox 1762 2539 1898 2565; x_wconf 75' lang='lat' dir='ltr'><strong>testatoris</strong></span> <span class='ocrx_word' id='word_1_1186' title='bbox 1916 2538 1994 2575; x_wconf 86' lang='lat' dir='ltr'><strong>perti-</strong></span> 
     </span>
     <span class='ocr_line' id='line_1_121' title="bbox 1154 2581 1993 2618; baseline -0.004 -8"><span class='ocrx_word' id='word_1_1187' title='bbox 1154 2583 1234 2611; x_wconf 71' lang='lat' dir='ltr'><strong>nebit.</strong></span> <span class='ocrx_word' id='word_1_1188' title='bbox 1254 2583 1284 2610; x_wconf 86' lang='lat' dir='ltr'><strong>fr.</strong></span> <span class='ocrx_word' id='word_1_1189' title='bbox 1304 2585 1328 2609; x_wconf 92' lang='lat'><strong>3.</strong></span> <span class='ocrx_word' id='word_1_1190' title='bbox 1348 2583 1369 2616; x_wconf 96' lang='lat'><strong>5.</strong></span> <span class='ocrx_word' id='word_1_1191' title='bbox 1389 2584 1413 2608; x_wconf 86' lang='lat'><strong>3.</strong></span> <span class='ocrx_word' id='word_1_1192' title='bbox 1434 2581 1466 2608; x_wconf 84' lang='lat' dir='ltr'><strong>dc</strong></span> <span class='ocrx_word' id='word_1_1193' title='bbox 1486 2581 1556 2617; x_wconf 73' lang='lat' dir='ltr'><strong>legit.</strong></span> <span class='ocrx_word' id='word_1_1194' title='bbox 1576 2586 1656 2608; x_wconf 82' lang='lat' dir='ltr'><strong>tutor.</strong></span> <span class='ocrx_word' id='word_1_1195' title='bbox 1676 2583 1710 2607; x_wconf 88' lang='grc'><strong>26</strong></span> <span class='ocrx_word' id='word_1_1196' title='bbox 1732 2584 1756 2608; x_wconf 84' lang='lat'><strong>4.</strong></span> <span class='ocrx_word' id='word_1_1197' title='bbox 1793 2581 1909 2608; x_wconf 87' lang='lat' dir='ltr'><strong>Libertis</strong></span> <span class='ocrx_word' id='word_1_1198' title='bbox 1922 2590 1993 2618; x_wconf 76' lang='lat' dir='ltr'><strong>prae-</strong></span> 
     </span>
     <span class='ocr_line' id='line_1_122' title="bbox 1154 2622 1992 2662; baseline -0.005 -9"><span class='ocrx_word' id='word_1_1199' title='bbox 1154 2626 1225 2653; x_wconf 90' lang='lat' dir='ltr'><strong>dium</strong></span> <span class='ocrx_word' id='word_1_1200' title='bbox 1244 2625 1364 2662; x_wconf 80' lang='lat' dir='ltr'><strong>reliquit,</strong></span> <span class='ocrx_word' id='word_1_1201' title='bbox 1389 2635 1418 2651; x_wconf 84' lang='lat' dir='ltr'><strong>ac</strong></span> <span class='ocrx_word' id='word_1_1202' title='bbox 1442 2625 1517 2661; x_wconf 87' lang='lat' dir='ltr'><strong>petiit</strong></span> <span class='ocrx_word' id='word_1_1203' title='bbox 1538 2634 1569 2650; x_wconf 74' lang='lat' dir='ltr'><strong>nv</strong></span> <span class='ocrx_word' id='word_1_1204' title='bbox 1589 2624 1615 2651; x_wconf 88' lang='lat' dir='ltr'><strong>id</strong></span> <span class='ocrx_word' id='word_1_1205' title='bbox 1634 2624 1791 2656; x_wconf 68' lang='lat' dir='ltr'><strong>alienarent.</strong></span> <span class='ocrx_word' id='word_1_1206' title='bbox 1816 2629 1896 2660; x_wconf 83' lang='lat' dir='ltr'><strong>utque</strong></span> <span class='ocrx_word' id='word_1_1207' title='bbox 1914 2624 1939 2649; x_wconf 92' lang='lat' dir='ltr'><strong>in</strong></span> <span class='ocrx_word' id='word_1_1208' title='bbox 1960 2622 1992 2649; x_wconf 83' lang='lat' dir='ltr'><strong>fn-</strong></span> 
     </span>
    </p>

    <p class='ocr_par' dir='ltr' id='par_1_37' title="bbox 1130 2665 1991 2714">
     <span class='ocr_line' id='line_1_123' title="bbox 1130 2665 1991 2714; baseline -0.005 -19"><span class='ocrx_word' id='word_1_1209' title='bbox 1130 2673 1132 2714; x_wconf 48' lang='lat' dir='ltr'><strong>&#39;k</strong></span> <span class='ocrx_word' id='word_1_1210' title='bbox 1153 2669 1224 2695; x_wconf 82' lang='lat' dir='ltr'><strong>milia</strong></span> <span class='ocrx_word' id='word_1_1211' title='bbox 1244 2668 1398 2694; x_wconf 82' lang='lat' dir='ltr'><strong>libertorum</strong></span> <span class='ocrx_word' id='word_1_1212' title='bbox 1418 2669 1570 2694; x_wconf 74' lang='lat' dir='ltr'><strong>retinerent.</strong></span> <span class='ocrx_word' id='word_1_1213' title='bbox 1599 2667 1628 2693; x_wconf 82' lang='lat' dir='ltr'><strong>l&#39;r.</strong></span> <span class='ocrx_word' id='word_1_1214' title='bbox 1650 2669 1689 2694; x_wconf 84' lang='lat'><strong>77.</strong></span> <span class='ocrx_word' id='word_1_1215' title='bbox 1715 2667 1735 2701; x_wconf 91' lang='lat'><strong>5.</strong></span> <span class='ocrx_word' id='word_1_1216' title='bbox 1755 2669 1797 2693; x_wconf 78' lang='lat'><strong>27.</strong></span> <span class='ocrx_word' id='word_1_1217' title='bbox 1818 2666 1850 2693; x_wconf 86' lang='lat' dir='ltr'><strong>de</strong></span> <span class='ocrx_word' id='word_1_1218' title='bbox 1868 2666 1942 2702; x_wconf 80' lang='lat' dir='ltr'><strong>legat.</strong></span> <span class='ocrx_word' id='word_1_1219' title='bbox 1963 2665 1991 2692; x_wconf 88' lang='lat' dir='ltr'><strong>ll.</strong></span> 
     </span>
    </p>

    <p class='ocr_par' dir='ltr' id='par_1_38' title="bbox 1130 2711 1992 2760">
     <span class='ocr_line' id='line_1_124' title="bbox 1130 2711 1992 2760; baseline -0.005 -22"><span class='ocrx_word' id='word_1_1220' title='bbox 1130 2718 1132 2760; x_wconf 58' lang='lat' dir='ltr'>i</span> <span class='ocrx_word' id='word_1_1221' title='bbox 1155 2713 1222 2745; x_wconf 76' lang='lat'><strong>(31.)</strong></span> <span class='ocrx_word' id='word_1_1222' title='bbox 1250 2727 1278 2730; x_wconf 98' lang='lat'><strong>—</strong></span> <span class='ocrx_word' id='word_1_1223' title='bbox 1309 2711 1340 2744; x_wconf 62' lang='grc' dir='ltr'>ξ.</span> <span class='ocrx_word' id='word_1_1224' title='bbox 1360 2711 1447 2737; x_wconf 65' lang='lat' dir='ltr'><strong>LA.</strong></span> <span class='ocrx_word' id='word_1_1225' title='bbox 1488 2712 1722 2747; x_wconf 78' lang='lat' dir='ltr'><strong>Osficialinm,</strong></span> <span class='ocrx_word' id='word_1_1226' title='bbox 1751 2712 1825 2736; x_wconf 77' lang='lat' dir='ltr'><strong>item</strong></span> <span class='ocrx_word' id='word_1_1227' title='bbox 1853 2711 1992 2736; x_wconf 76' lang='lat' dir='ltr'><strong>tironum</strong></span> 
     </span>
    </p>

    <p class='ocr_par' dir='ltr' id='par_1_39' title="bbox 1130 2756 1993 2832">
     <span class='ocr_line' id='line_1_125' title="bbox 1130 2756 1993 2795; baseline -0.003 -14"><span class='ocrx_word' id='word_1_1228' title='bbox 1130 2756 1290 2795; x_wconf 44' lang='lat' dir='ltr'><strong>inondum</strong></span> <span class='ocrx_word' id='word_1_1229' title='bbox 1317 2756 1349 2779; x_wconf 81' lang='lat' dir='ltr'><strong>in</strong></span> <span class='ocrx_word' id='word_1_1230' title='bbox 1374 2763 1519 2780; x_wconf 73' lang='lat' dir='ltr'><strong>numeros</strong></span> <span class='ocrx_word' id='word_1_1231' title='bbox 1543 2756 1739 2781; x_wconf 73' lang='lat' dir='ltr'><strong>relatorum.</strong></span> <span class='ocrx_word' id='word_1_1232' title='bbox 1767 2758 1876 2780; x_wconf 76' lang='lat' dir='ltr'><strong>coetus</strong></span> <span class='ocrx_word' id='word_1_1233' title='bbox 1899 2758 1993 2785; x_wconf 76' lang='lat' dir='ltr'><strong>atquc</strong></span> 
     </span>
     <span class='ocr_line' id='line_1_126' title="bbox 1153 2794 1993 2832; baseline -0.004 -9"><span class='ocrx_word' id='word_1_1234' title='bbox 1153 2798 1364 2824; x_wconf 70' lang='lat' dir='ltr'><strong>consortium.</strong></span> <span class='ocrx_word' id='word_1_1235' title='bbox 1404 2795 1445 2822; x_wconf 89' lang='lat'><strong>111.</strong></span> <span class='ocrx_word' id='word_1_1236' title='bbox 1466 2797 1532 2824; x_wconf 75' lang='lat'><strong>011.</strong></span> <span class='ocrx_word' id='word_1_1237' title='bbox 1552 2796 1704 2832; x_wconf 84' lang='lat' dir='ltr'><strong>Descriptio</strong></span> <span class='ocrx_word' id='word_1_1238' title='bbox 1724 2797 1893 2832; x_wconf 81' lang='lat' dir='ltr'><strong>ingenuorum</strong></span> <span class='ocrx_word' id='word_1_1239' title='bbox 1913 2805 1943 2821; x_wconf 75' lang='lat' dir='ltr'><strong>cx</strong></span> <span class='ocrx_word' id='word_1_1240' title='bbox 1957 2794 1993 2821; x_wconf 61' lang='lat' dir='ltr'><strong>ot*-</strong></span> 
     </span>
    </p>

    <p class='ocr_par' dir='ltr' id='par_1_40' title="bbox 1132 2836 1991 2884">
     <span class='ocr_line' id='line_1_127' title="bbox 1132 2836 1991 2884; baseline -0.003 -19"><span class='ocrx_word' id='word_1_1241' title='bbox 1132 2853 1133 2884; x_wconf 33' lang='grc'>1</span> <span class='ocrx_word' id='word_1_1242' title='bbox 1156 2839 1216 2866; x_wconf 78' lang='lat' dir='ltr'><strong>licio</strong></span> <span class='ocrx_word' id='word_1_1243' title='bbox 1236 2839 1303 2867; x_wconf 83' lang='lat' dir='ltr'><strong>tisci.</strong></span> <span class='ocrx_word' id='word_1_1244' title='bbox 1323 2840 1392 2865; x_wconf 69' lang='lat' dir='ltr'><strong>inter</strong></span> <span class='ocrx_word' id='word_1_1245' title='bbox 1411 2839 1527 2866; x_wconf 77' lang='lat' dir='ltr'><strong>fiscalem</strong></span> <span class='ocrx_word' id='word_1_1246' title='bbox 1548 2838 1670 2865; x_wconf 74' lang='lat' dir='ltr'><strong>t&#39;mniliam</strong></span> <span class='ocrx_word' id='word_1_1247' title='bbox 1689 2837 1762 2865; x_wconf 67' lang='lat' dir='ltr'><strong>sacta.</strong></span> <span class='ocrx_word' id='word_1_1248' title='bbox 1785 2836 1856 2864; x_wconf 86' lang='lat' dir='ltr'><strong>Paul.</strong></span> <span class='ocrx_word' id='word_1_1249' title='bbox 1878 2836 1907 2863; x_wconf 73' lang='lat' dir='ltr'><strong>V.</strong></span> <span class='ocrx_word' id='word_1_1250' title='bbox 1931 2839 1950 2863; x_wconf 84' lang='lat' dir='ltr'><strong>l.</strong></span> <span class='ocrx_word' id='word_1_1251' title='bbox 1970 2838 1991 2870; x_wconf 78' lang='lat'><strong>5.</strong></span> 
     </span>
    </p>
   </div>
   <div class='ocr_carea' id='block_1_19' title="bbox 1125 2176 1128 2191">
    <p class='ocr_par' dir='ltr' id='par_1_41' title="bbox 1125 2176 1128 2191">
     <span class='ocr_line' id='line_1_128' title="bbox 1125 2176 1128 2191; baseline 0 0"><span class='ocrx_word' id='word_1_1252' title='bbox 1125 2176 1128 2191; x_wconf 69' lang='lat' dir='ltr'><strong>t</strong></span> 
     </span>
    </p>
   </div>
   <div class='ocr_carea' id='block_1_20' title="bbox 1127 2250 1129 2264">
    <p class='ocr_par' dir='ltr' id='par_1_42' title="bbox 1127 2250 1129 2264">
     <span class='ocr_line' id='line_1_129' title="bbox 1127 2250 1129 2264; baseline 0 0"><span class='ocrx_word' id='word_1_1253' title='bbox 1127 2250 1129 2264; x_wconf 67' lang='lat' dir='ltr'><strong>t</strong></span> 
     </span>
    </p>
   </div>
   <div class='ocr_carea' id='block_1_21' title="bbox 1121 273 1130 2312">
    <p class='ocr_par' dir='ltr' id='par_1_43' title="bbox 1121 273 1130 2312">
     <span class='ocr_line' id='line_1_130' title="bbox 1121 273 1130 2312; baseline 0 0"><span class='ocrx_word' id='word_1_1254' title='bbox 1121 273 1130 2312; x_wconf 95' lang='lat' dir='ltr'><strong> </strong></span> 
     </span>
    </p>
   </div>
  </div>
 </body>
</html>
