2197 3121
286 183 349 212 400

324 262 618 290 (lenem-chiens.
651 260 780 293 (Adiect.)
817 262 840 287 Α
857 261 1009 296 genitore
1021 259 1128 294 sami-
1149 262 1150 274 ³

287 309 353 332 liae
376 308 576 331 descendens.
614 303 655 330 III.
680 305 746 332 Cn.
777 302 895 329 Habeant
920 302 1128 328 communionem

288 355 311 375 et
338 350 362 375 in
388 347 501 384 praediis
526 348 591 374 illis.
617 356 682 383 quae
702 346 871 383 genearchica
890 344 1058 371 vocabantur.
1078 343 1127 371 Iul.

288 402 327 429 ep.
349 401 408 417 nov.
429 401 449 417 c.
469 393 510 417 2¹9.
531 392 630 425 5102.

325 435 464 470 Gener.

289 520 367 546 adtin.
387 522 428 546 38.
450 522 489 546 10,
527 519 636 546 Maritus
661 519 761 556 neptis.
787 518 925 555 proneptis
951 521 1000 543 etc.
1021 516 1051 543 sr.
1072 517 1129 542 1:36.

289 562 322 589 de
341 562 373 590 Υ.
393 562 419 589 S.
440 564 481 589 50,
503 564 542 588 16.
579 561 622 588 111.
648 562 713 589 Cn.
745 560 841 587 Generi
867 564 892 586 et
916 569 997 586 nurus
1017 559 1131 597 adpella-

289 608 361 632 tione
380 616 496 643 sponsus
521 615 626 642 quoque
649 609 675 630 et
699 613 795 640 sponsa
820 603 977 630 continetur.
1002 602 1032 629 fr.
1058 604 1081 629 6.
1108 603 1129 636 5.

289 651 312 675 1.
331 649 364 675 t'r.
385 652 408 675 δ.
429 648 461 675 dc
480 648 551 685 grad.
572 653 595 674 et
621 646 671 673 ads.
695 648 736 673 38.
764 648 804 672 10.
830 645 860 672 fr.
885 647 908 671 5.
929 645 961 672 de
980 646 1068 672 testib.
1088 648 1130 672 22.

291 695 314 718 5.
354 692 413 727 Qua
432 691 489 728 lege
509 692 561 723 (sc.
582 689 723 722 Cornelia)
749 693 867 715 cavetur:
892 688 927 715 Vt
953 699 1005 715 non
1025 688 1131 721 iudicet,

288 736 334 772 qui
353 736 385 767 ci,
405 736 450 772 qui
469 735 533 771 agit.
553 744 643 771 gener.
664 742 753 764 socer,
772 733 896 763 vitricus.
921 733 1071 769 privignus,
1091 741 1132 758 so-

289 778 416 805 brinusve
440 783 492 804 est.
518 778 662 814 propiusve
687 785 777 802 eorum
804 785 962 811 quemquam
987 785 1016 801 ea
1041 785 1132 811 cogna-

289 822 362 848 tione
381 820 548 847 adfinitatem²
568 818 692 854 adtinget.
716 818 746 844 I'r.
766 820 789 844 5.
814 827 854 855 pr.
880 817 913 844 de
932 819 1008 845 iniur.
1028 820 1070 846 47.
1092 819 1131 844 10.

290 863 322 890 cs.
343 863 372 890 fr.
395 865 416 890 1.
436 863 458 896 5.
480 865 519 889 11.
540 862 569 888 fr.
589 863 613 887 2.
636 861 668 888 de
686 860 786 899 postul.
805 862 830 887 3.
851 862 874 887 I.
894 860 925 888 fr.
945 863 969 887 4.
984 871 1023 898 sq.
1044 860 1077 887 de
1096 865 1132 887 te·
1153 867 1155 887 J

290 906 351 933 stib.
370 908 412 933 22.
432 908 455 932 5.
492 906 534 932 Ex
557 909 680 931 veterano
704 904 871 941 praetoriano
896 914 992 940 genero
1012 913 1132 930 socerum

290 959 366 976 avum
386 949 516 975 effectum.
528 946 610 974 Vatie.
630 947 731 981 §.195.
769 946 875 973 Genera
894 957 943 984 pro
962 946 1016 973 filia
1036 957 1133 984 expen-

291 992 360 1019 dere.
381 991 411 1018 sr.
432 993 455 1017 5.
475 991 497 1025 5.
517 992 541 1017 9.
562 989 594 1017 de
618 991 673 1017 iure
698 989 753 1016 dot.
777 991 820 1016 23.
843 991 867 1016 3.
894 989 925 1016 cf.
951 1000 972 1016 c.
992 992 1016 1016 5.
1036 989 1069 1016 de
1088 989 1133 1016 do-

290 1041 342 1062 nat.
362 1036 408 1061 int.
428 1033 460 1060 V.
480 1036 503 1060 5.
527 1035 565 1060 16.

327 1077 541 1105 Generalis.
566 1076 696 1109 (Adieet.)
721 1076 751 1109 §-
772 1077 807 1102 l.
838 1076 1063 1107 Tnirersalis,
1083 1076 1134 1101 In-

290 1123 478 1148 distinctus.
516 1119 533 1146 1.
566 1120 628 1154 Sy.
666 1118 821 1145 Communis
841 1117 1047 1155 (indulgentia.)
1068 1127 1089 1143 c.
1108 1119 1132 1144 4.

291 1175 313 1191 s«
327 1186 331 1190 .
351 1174 372 1190 c.

291 1174 325 1234 lig
345 1206 419 1239 (lex.
439 1216 463 1232 v.
488 1206 609 1242 exceptio
635 1205 701 1238 etc.)
727 1204 797 1231 Coll.
822 1203 874 1231 LL.
895 1204 928 1231 M.
948 1203 978 1230 11.
999 1205 1022 1230 5.
1042 1203 1072 1230 fr.
1091 1205 1134 1230 39.

292 1251 325 1278 de
344 1250 376 1276 A.
394 1249 425 1275 Ε.
445 1247 476 1274 V.
498 1249 538 1274 19.
559 1250 581 1274 l.
605 1247 635 1274 fr.
658 1249 679 1274 1.
704 1248 725 1281 5.
750 1249 773 1274 ὃ.
799 1247 832 1274 dc
854 1246 885 1274 L.
911 1246 991 1273 Corn.
1017 1246 1050 1274 de
1077 1246 1134 1273 sals.

291 1294 333 1320 48.
354 1294 394 1318 10.
415 1291 446 1318 fr.
468 1292 524 1317 147.
546 1290 578 1317 de
596 1290 627 1317 R.
647 1290 664 1317 1.
685 1293 725 1317 50.
744 1293 783 1317 17.
822 1290 872 1317 Cui
893 1290 1046 1316 nominatim
1065 1300 1136 1316 man-

290 1336 379 1362 datum
399 1336 441 1361 sit.
453 1350 484 1354 —
496 1333 625 1360 Generalv
644 1333 800 1360 mandatum.
820 1333 935 1367 Ir.25.5.
948 1335 971 1359 1.
991 1332 1023 1359 de
1042 1334 1134 1360 minor.

290 1381 314 1406 4.
335 1380 358 1404 4.
396 1376 547 1404 personalis
567 1378 735 1410 (constitutio
755 1378 817 1409 etc.)
837 1376 867 1403 fr.
883 1378 905 1403 1.
925 1377 947 1410 5.
961 1378 985 1402 2.
1001 1376 1034 1402 dc
1049 1381 1132 1403 const.

237 1428 242 1434 “
291 1422 377 1449 Princ.
400 1423 421 1447 1.
441 1422 465 1446 4.
486 1420 515 1447 fr.
537 1421 578 1446 40.
598 1430 636 1457 pr.
658 1419 690 1446 de
708 1424 776 1457 pact.
796 1421 820 1446 2.
842 1421 882 1446 14.
903 1418 954 1446 Th.
974 1418 1004 1446 C.
1025 1419 1071 1446 XI.
1090 1421 1136 1446 28.

293 1476 314 1491 c.
334 1467 358 1492 3.
380 1475 401 1491 c.
421 1465 445 1490 9.
465 1462 497 1489 de
516 1462 614 1499 indulg.
635 1462 747 1489 debitor.
785 1462 827 1488 ΠΙ.
841 1463 907 1490 (7η.
926 1461 1058 1499 Perpetuo
1078 1473 1136 1489 san-

294 1509 378 1535 cimus
397 1505 564 1543 gencralique
583 1505 698 1532 decreto.
724 1505 760 1532 Ib.
780 1505 826 1532 XI.
845 1507 886 1532 21.
909 1515 930 1532 c.
949 1506 974 1532 3.
994 1505 1027 1532 de
1046 1505 1133 1533 collat.

293 1561 343 1578 aer.
365 1549 466 1576 Nomen
487 1554 528 1575 est
541 1548 645 1585 quidem
665 1547 793 1585 generale.
813 1549 839 1575 in
853 1548 918 1575 duas
932 1553 1017 1575 autem
1030 1551 1134 1587 species

292 1593 428 1620 dividitur.
449 1592 480 1618 fr.
501 1594 522 1618 l.
549 1592 614 1626 5.1.
640 1591 672 1618 do.
696 1591 783 1628 adopt.
810 1593 831 1617 l.
852 1593 875 1618 7.
912 1592 946 1618 Et
965 1593 1039 1628 quasi
1060 1603 1135 1628 gene-

292 1636 347 1664 rate
368 1635 431 1673 quid
455 1634 619 1661 retinendum
640 1639 693 1660 est.
717 1638 746 1660 ut
770 1639 820 1660 etc.
844 1633 875 1660 fr.
895 1636 936 1661 93.
956 1635 978 1668 5.
997 1637 1022 1661 2.
1042 1635 1075 1661 de
1094 1645 1135 1661 so-

292 1679 340 1706 lut.
361 1681 402 1705 46.
423 1680 447 1704 3.
484 1678 524 1704 Ex
543 1676 657 1713 generali
677 1678 762 1714 capite
781 1677 830 1709 (sc.
848 1678 1010 1711 testamenti)
1030 1677 1135 1704 liberta-

292 1727 345 1749 tem
365 1721 500 1757 consequi.
526 1719 556 1746 sr.
577 1721 618 1746 59.
643 1729 681 1757 pr.
707 1719 739 1745 de
759 1729 825 1746 man.
850 1724 953 1746 testam.
973 1721 1014 1746 40.
1035 1722 1058 1747 4.
1095 1721 1135 1747 Ex

293 1764 407 1801 generali
428 1762 543 1789 clausula
563 1762 688 1789 adiuvari.
725 1762 766 1789 Ex
791 1762 905 1798 generali
925 1762 1011 1789 edicto
1031 1773 1136 1790 succur-

292 1818 358 1834 rere.
378 1807 409 1834 sr.
428 1808 470 1833 33.
494 1816 533 1843 pr.
563 1816 595 1832 ex
619 1816 662 1842 qu.
688 1816 709 1831 c.
734 1806 792 1831 mai.
816 1806 840 1831 4.
860 1806 884 1831 6.
904 1805 934 1832 1“ι“.
954 1807 996 1832 57.
1016 1806 1082 1840 5.1.
1103 1806 1136 1833 de

296 1851 325 1877 A.
349 1861 374 1876 v.
399 1850 431 1876 O.
452 1848 483 1875 11.
502 1850 544 1875 29.
569 1851 592 1875 2.
630 1849 723 1880 Actio.
752 1859 775 1875 v.
806 1848 969 1881 Iurisdictio,
998 1849 1136 1884 generalis.

294 1894 351 1920 Gai.
371 1892 415 1919 IV.
436 1894 476 1918 13.
496 1891 526 1918 sr.
547 1893 570 1918 4.
591 1902 630 1929 pr.
651 1891 683 1918 de
702 1892 746 1918 oss.
767 1892 832 1918 eiuS.
854 1893 875 1918 1.
896 1892 1024 1925 21.—§.
1035 1893 1070 1919 2.
1091 1894 1137 1918 Ad

290 1946 392 1971 genus
419 1944 530 1961 rerum
559 1941 719 1968 spectans.
758 1934 775 1961 I.
796 1936 857 1969 Sy.
882 1934 987 1967 Genus.
1007 1934 1136 1961 Generale

294 1978 442 2015 (legatum.)
462 1977 492 2003 fr.
513 1979 540 2003 9.
561 1987 600 2014 pr.
621 1977 654 2004 de
674 1977 768 2014 supell.
789 1977 837 2013 leg.
857 1979 897 2003 33.
920 1979 958 2003 10.

329 2020 589 2049 Generalitas.
618 2022 766 2047 Ambitus
786 2021 996 2056 indefinitus.
1016 2020 1058 2047 III.
1071 2022 1136 2048 (711.

296 2063 350 2091 Nec
369 2064 419 2090 his.
440 2073 505 2100 quae
525 2062 679 2100 specialiter
698 2062 854 2100 quibusdam
875 2072 999 2089 concessa
1020 2068 1089 2096 suut.
1105 2080 1136 2083 —

296 2106 328 2133 ad
351 2106 531 2142 generalitatis
556 2106 748 2132 observantiam
778 2106 980 2143 pertinentibus.
1007 2116 1028 2132 o.
1052 2107 1075 2132 3.
1105 2105 1137 2132 de

297 2149 350 2175 LL.
372 2151 396 2175 1.
416 2150 455 2175 14.
494 2149 561 2175 Cum
579 2148 757 2184 generalitatis
777 2149 922 2184 designatio
942 2149 1064 2175 universa
1079 2159 1138 2175 con—

298 2197 391 2219 sumat.
418 2191 484 2218 Νῦν,
509 2191 566 2219 val.
592 2191 626 2218 III
658 2191 691 2218 dc
714 2191 800 2218 XXX.
825 2202 882 2217 anu.
902 2202 941 2228 pr.
961 2191 991 2218 ll.
1011 2194 1052 2218 27.
1073 2203 1094 2218 c.
1115 2194 1137 2218 l.

297 2235 319 2269 5.
339 2237 363 2261 3.
399 2234 555 2260 Edictorum
575 2234 688 2266 viribus,
709 2239 753 2260 aut
772 2244 844 2261 sacra
864 2234 1032 2270 generalitate
1051 2235 1139 2261 subni-

298 2289 346 2305 xae
365 2278 414 2310 (sc.
436 2278 662 2309 constitutiones.)
685 2276 735 2303 TI).
756 2276 787 2303 C.
808 2277 826 2303 1.
851 2279 874 2303 l.
899 2288 919 2303 c.
940 2279 963 2303 5.
983 2277 1086 2311 (ch.)
1106 2277 1139 2304 de

299 2325 383 2347 const.
403 2319 444 2346 Pr.
465 2319 496 2345 cs.
517 2320 546 2346 II.
565 2323 590 2346 2.
611 2331 631 2346 c.
654 2322 675 2346 1.
696 2330 728 2346 ne
746 2321 773 2346 in
793 2330 838 2347 sua
859 2330 878 2345 c.
895 2330 937 2357 qu.
958 2320 1011 2347 iud.
1030 2320 1138 2347 1us1.C.

299 2375 319 2390 c.
338 2365 363 2390 3.
383 2362 415 2389 de
434 2362 521 2388 silent.
543 2364 585 2388 12.
604 2364 641 2388 16.

334 2404 588 2433 Generaliter.
609 2405 722 2438 (Advb.)
746 2406 777 2439 §.
790 2407 823 2433 1.
844 2408 1042 2442 ludefinite‚
1068 2408 1139 2433 Vni-

300 2450 486 2475 rerxaliler.
506 2446 524 2473 1.
544 2448 606 2481 Sy.
628 2448 669 2473 Ad
689 2449 783 2474 omnia.
804 2448 834 2475 sr.
856 2450 878 2475 1.
898 2449 963 2483 5.1.
984 2450 1036 2484 Qu.
1056 2450 1139 2476 iussu.

304 2494 341 2517 15.
363 2492 386 2517 4.
424 2489 452 2516 In
472 2499 534 2516 rem.
558 2488 589 2515 sr.
615 2491 638 2515 7.
663 2491 684 2523 5.
703 2492 727 2516 8.
754 2490 785 2517 (le
804 2497 872 2528 pact.
892 2494 915 2517 2.
938 2493 978 2518 14.
1015 2491 1045 2518 ll.
1072 2493 1139 2526 ΟΡ.

301 2534 329 2560 In
349 2532 464 2568 singulas
483 2542 611 2569 personas
631 2533 773 2565 (constitui
793 2535 860 2568 etc.)
890 2534 920 2561 sr.
940 2535 964 2560 8.
991 2534 1023 2561 dc
1042 2534 1095 2561 LL.
1117 2537 1139 2561 l.

301 2578 326 2602 3.
346 2575 376 2602 sr.
396 2577 419 2601 7.
439 2575 461 2608 5.
481 2578 505 2601 ὃ.
526 2575 558 2601 dc
578 2579 645 2612 pact.
667 2577 691 2601 2.
713 2577 752 2601 14.
790 2576 884 2604 Gener.
906 2576 1001 2604 dicere.
1023 2593 1055 2596 —
1075 2577 1140 2614 Spe-

304 2619 356 2644 ries
378 2619 532 2655 exprimere.
553 2617 583 2644 sr.
603 2620 626 2644 7.
646 2627 685 2655 pr.
706 2628 797 2644 comm.
823 2619 910 2655 praed.
930 2620 953 2646 8.
973 2622 996 2645 4.
1035 2619 1140 2657 Specia-

305 2660 371 2686 lin-r.
391 2660 461 2686 Colt.
482 2660 533 2686 IiI1.
553 2660 586 2687 M.
607 2660 636 2687 II.
657 2663 680 2687 5.
700 2659 730 2687 sr.
752 2662 773 2686 1.
794 2671 831 2698 pr.
853 2661 885 2688 dv
904 2664 980 2689 iniur.
1000 2664 1092 2689 4210.
1110 2662 1139 2689 fr.
1162 2660 1163 2669 ¹

307 2705 328 2728 Ι.
348 2703 369 2735 5.
393 2703 413 2728 l.
434 2704 485 2737 Qu.
506 2704 588 2729 iussu.
610 2705 648 2729 15.
663 2705 686 2730 4.
707 2703 737 2730 sr.
760 2705 780 2729 1.
801 2703 877 2736 5-14.
898 2704 929 2730 do
948 2705 1010 2730 dote
1029 2705 1140 2742 praeleg.

304 2746 345 2770 33.
366 2745 389 2769 11.
427 2744 592 2771 =Nominatim.
618 2745 659 2772 Cf.
685 2746 708 2772 Ιι.
733 2756 757 2772 v.
794 2745 837 2772 III.
861 2747 926 2774 Gn.
951 2747 1022 2773 Mhil
1041 2749 1066 2774 iu
1086 2757 1142 2785 per-

306 2792 426 2825 petuum.
451 2797 534 2823 nequev
558 2788 714 2824 generaliter
738 2788 847 2815 delinire
875 2799 1025 2826 possumus.
1050 2790 1080 2816 fr.
1102 2792 1142 2816 11.

309 2840 345 2867 pr.
366 2829 398 2855 «le
418 2828 468 2855 div.
491 2834 567 2867 temp.
588 2841 701 2868 praescr.
722 2833 762 2858 44.
776 2833 800 2858 3.
822 2831 887 2858 Gen.
905 2837 926 2858 rt
943 2833 1035 2858 iurem
1055 2832 1143 2865 (Prac-

515 435 644 465 Filiae,
678 435 726 459 rel
752 434 874 467 neptis,
904 432 1045 458 maritus
1073 436 1153 466 aut.y

288 487 432 512 sponsus.
470 476 489 502 I.
507 477 568 511 Sy.
601 475 682 503 Filiae
705 477 752 502 vir.
777 475 807 502 fr.
827 476 851 501 4.
876 474 898 508 5.
918 475 942 499 6.
962 472 994 500 de
1012 473 1084 509 grad.
1105 478 1131 500 et
1152 470 1153 483 ³

393 1165 416 1189 7.
437 1173 458 1189 c.
477 1164 502 1189 9.
522 1162 554 1189 de
573 1167 641 1188 sent.
660 1172 731 1199 pass.
751 1163 775 1188 9.
795 1163 837 1188 51.
873 1161 904 1188 ll.
931 1163 998 1195 Op.
1029 1160 1148 1197 Specias

1098 175 1200 207 GEN.

1174 263 1216 284 tor
1235 257 1286 284 linc
1306 256 1393 284 edicto
1412 257 1550 294 loquitur.)
1572 258 1602 285 fr.
1623 260 1646 286 9.
1667 260 1688 294 5.
1710 261 1732 286 1.
1753 259 1805 295 Qu.
1824 265 1884 287 met.
1905 270 1926 287 c.
1946 262 1969 287 4.
1989 262 2014 286 2.

1149 313 1151 330 1
1173 301 1203 328 In
1223 311 1336 330 summa.
1357 304 1385 326 ut
1403 310 1460 336 gen.
1481 317 1513 321 —
1534 307 1682 329 tractemus.
1707 301 1739 329 sr.
1758 304 1800 328 65.
1823 313 1863 340 pr.
1887 303 1919 330 de
1938 303 2015 330 cond.

1150 345 1152 384 ζ
1176 343 1263 370 indeb.
1284 345 1324 369 12.
1344 344 1368 369 6.
1406 342 1466 369 Non
1490 344 1575 371 solum
1600 354 1656 371 rum
1681 346 1749 381 quis.
1769 361 1801 365 —
1821 346 1868 372 sed
1889 356 1945 383 gen.
1966 352 2015 373 etc.

1175 386 1232 414 Gai.
1253 386 1295 413 III.
1317 387 1374 413 195.
1412 386 1510 422 Sigen.
1525 387 1646 414 omnibus
1666 387 1840 423 (legaverim.)
1860 388 1940 415 lb.11.
1955 390 2015 416 238.

1175 430 1226 457 Cui
1245 430 1361 456 omnium
1380 439 1466 456 rerum
1485 440 1541 466 geu.
1562 431 1712 467 procuratio
1731 430 1850 457 mandata
1870 432 1911 458 sit.
1931 431 2015 459 Vatic.

1174 474 1196 508 5.
1219 475 1277 499 133.
1315 472 1382 499 Gen.
1406 472 1629 509 comprehendere
1653 483 1768 505 omnem,
1796 475 1947 511 quicunque
1966 480 2015 501 etc.

1175 516 1206 543 sr.
1225 518 1266 543 69.
1287 516 1319 542 dc
1339 515 1369 542 V.
1390 515 1417 541 S.
1437 517 1479 541 50.
1501 517 1540 541 16.
1577 516 1642 542 Gen.
1663 516 1725 543 dare
1748 516 1884 543 damnatus
1905 517 2017 551 (heres.)

1175 559 1205 586 fr.
1226 561 1266 586 45.
1287 559 1352 594 5.1.
1377 558 1410 585 (lc
1428 557 1504 594 legat.
1528 557 1546 584 Ι.
1572 558 1649 592 (30.)
1687 560 1753 586 Gen.
1774 561 1877 596 pignori
1901 559 1964 587 dari.
1985 560 2017 587 fr.

1174 604 1216 628 29.
1236 612 1274 639 pr.
1295 602 1346 637 Qu.
1367 606 1391 627 et
1412 612 1424 627 a
1445 611 1487 638 qu.
1507 611 1573 627 man.
1592 604 1635 628 40.
1648 603 1672 628 9.
1709 602 1811 629 Placuit
1829 613 1886 639 gen.
1900 603 1956 630 Gai.
1974 603 2017 630 lll.

1178 646 1234 671 158.
1256 644 1289 671 cf.
1308 644 1339 671 sr.
1359 646 1382 671 4.
1402 655 1440 682 pr.
1461 643 1493 670 de
1512 644 1536 670 h.
1558 654 1600 680 qu.
1620 650 1674 671 not.
1695 645 1781 672 infam.
1801 647 1823 672 3.
1844 648 1868 672 2.
1884 662 1914 666 -
1929 647 1960 679 §-
1981 648 2017 673 2.

1177 690 1225 715 Ad
1240 698 1341 723 genus
1360 698 1466 714 rerum
1486 694 1642 721 spectans.
1679 688 1697 714 1.
1719 690 1780 723 sy.
1805 688 1896 715 Genus
1921 690 2018 726 (stipu-

1176 731 1246 764 laris)
1267 730 1297 757 sr.
1317 733 1341 757 2.
1361 731 1382 764 5.
1405 733 1427 757 l.
1447 730 1477 756 fr.
1497 732 1538 757 54.
1559 741 1598 767 pr.
1619 730 1651 757 de
1671 730 1702 757 Y.
1723 731 1756 757 Ο.
1776 734 1819 758 45.
1840 734 1864 758 1.
1901 731 1931 758 11.
1949 734 2017 766 Op·

1176 774 1205 801 Si
1224 783 1280 810 gen.
1301 773 1364 800 milii
1379 773 1509 800 hominem
1523 772 1628 805 (lehem.
1648 779 1673 800 et
1686 775 1819 811 paciscar:
1839 774 1879 801 Ne
1898 774 2018 801 Stichum

1177 822 1269 855 petam.
1291 816 1322 843 fr.
1341 818 1383 843 27.
1403 817 1425 850 5.
1445 818 1468 843 7.
1489 816 1522 842 dc
1541 821 1608 853 pact.
1627 819 1652 843 2.
1674 819 1712 844 14.

1213 861 1423 887 Generare.
1459 860 1490 893 ξ.
1510 860 1545 885 l.
1572 861 1728 895 Gigurre,
1748 862 1938 887 Prot-reare.
1974 860 2018 887 ΙΠ.

1178 904 1243 930 Cn.
1269 901 1427 939 Tcmporale
1450 903 1556 934 vitium⁷
1582 907 1625 929 aut
1647 902 1784 935 valetudo⁷
1810 908 1919 941 propter
1942 913 2019 940 quam

1177 945 1321 972 abducatur
1339 944 1417 971 homo
1437 956 1450 971 a
1469 945 1608 981 generandi
1631 945 1762 972 facultate.
1783 945 1813 972 sr.
1824 948 1848 973 9.
1868 957 1906 983 pr.
1927 946 1960 973 de
1973 946 2018 973 lib.

1178 993 1203 1015 ct
1222 987 1310 1026 posth.
1329 988 1371 1014 28.
1389 989 1414 1014 2.
1434 987 1466 1014 cf.
1486 988 1516 1015 sr.
1540 991 1564 1015 6.
1590 988 1622 1015 (lc
1646 988 1670 1014 h.
1696 999 1739 1025 qu.
1766 989 1814 1015 sui.
1835 991 1858 1016 1.
1878 990 1901 1015 6.
1926 988 1956 1016 I'r.
1976 990 2017 1015 38.

1177 1032 1199 1066 5.
1220 1033 1243 1058 7.
1264 1031 1297 1058 de
1316 1029 1402 1057 Aedil.
1423 1030 1500 1058 edict.
1518 1033 1559 1058 21.
1581 1034 1603 1058 l.
1645 1032 1698 1067 Qui
1723 1032 1814 1059 habitu
1834 1033 1954 1070 corporis
1973 1042 2020 1069 pu-

1178 1074 1225 1101 bes
1245 1074 1362 1112 adparet,
1381 1074 1398 1100 i.
1419 1084 1440 1100 e.
1461 1075 1504 1110 qui
1524 1084 1647 1110 generare
1665 1076 1760 1112 possit.
1781 1075 1843 1112 Ylp.
1863 1074 1908 1101 XI.
1928 1076 1970 1101 28.
1986 1074 2018 1101 cf.

1179 1117 1236 1144 Gai.
1256 1117 1274 1144 1.
1290 1118 1347 1144 196.
1384 1116 1425 1143 Ex
1444 1116 1554 1143 ancillae
1572 1121 1646 1144 utero
1665 1119 1780 1154 generati
1800 1118 1905 1151 (servi.)
1925 1117 1974 1144 Th.
1987 1117 2018 1144 C.

1179 1160 1223 1187 IV.
1243 1162 1267 1187 6.
1287 1171 1309 1187 c.
1329 1161 1352 1186 7.
1372 1159 1480 1193 (ch.)
1501 1159 1533 1186 de
1552 1165 1635 1187 natur.
1655 1160 1692 1187 fil.
1723 1175 1753 1180 -—-
1786 1161 1818 1195 §.
1838 1163 1874 1188 Β.
1899 1163 2020 1188 Procu-

1179 1214 1271 1236 rare,
1296 1205 1496 1230 Promorere.
1534 1203 1577 1229 111.
1608 1204 1673 1231 Gn.
1710 1203 1783 1230 Nihil
1807 1205 1830 1231 ei
1856 1221 1886 1224 —
1912 1214 1944 1231 ex
1969 1203 2021 1230 hoc

1179 1245 1368 1284 praeiudicium
1387 1256 1518 1283 generare.
1544 1246 1574 1272 sr.
1595 1248 1618 1272 7.
1642 1246 1674 1272 de
1693 1257 1798 1283 agnose.
1823 1252 1848 1273 et
1872 1246 1957 1273 alend.
1977 1249 2018 1273 25.

1178 1292 1203 1316 3.
1241 1289 1292 1316 Cui
1311 1299 1370 1316 eum
1393 1294 1532 1325 generatur
1554 1290 1648 1316 iniuria
1672 1294 1721 1316 etc.
1746 1290 1795 1317 Th.
1821 1290 1852 1317 C.
1872 1289 1916 1316 vl.
1935 1291 1977 1316 29.
1997 1300 2018 1316 c.
2052 1299 2058 1309 ›.

1179 1334 1203 1360 9.
1222 1343 1262 1370 pr.
1282 1332 1315 1359 de
1334 1333 1429 1364 curios.

1217 1376 1455 1403 Generatim.
1475 1374 1589 1409 (Advb.)
1625 1376 1656 1409 ξ.
1672 1378 1707 1404 1.
1732 1378 1792 1404 Per
1815 1378 1949 1412 singula
1966 1386 2021 1412 ge—

1179 1429 1265 1446 nera.
1301 1417 1344 1445 111.
1359 1420 1425 1446 Cn.
1444 1418 1487 1445 Ius
1507 1418 1584 1445 civile
1603 1420 1703 1456 primus
1724 1420 1862 1446 constituit
1881 1418 1946 1455 (Qu.
1966 1418 2020 1445 Mu-

1179 1462 1265 1495 cius‚)
1289 1462 1430 1497 generatim
1453 1462 1480 1488 in
1505 1461 1588 1488 libros
1611 1461 1698 1488 XVIII
1726 1462 1877 1499 redigendo.
1903 1462 1934 1488 fr.
1953 1463 1978 1488 2.
1997 1461 2020 1495 5.

1178 1507 1220 1532 41.
1245 1504 1278 1531 de
1297 1504 1330 1531 Ο.
1350 1504 1368 1531 I.
1390 1506 1413 1531 1.
1432 1506 1456 1530 2.
1476 1520 1509 1524 —
1529 1505 1560 1538 §0
1575 1506 1611 1531 2.
1632 1507 1849 1533 Generaliter.
1886 1505 1928 1532 III.
1954 1505 2020 1532 C'n.

1178 1548 1213 1575 Et
1241 1557 1298 1585 gen.
1327 1548 1362 1574 ita
1390 1546 1603 1584 respondendum
1630 1553 1677 1575 est.
1706 1548 1736 1575 fr.
1761 1551 1801 1575 55.
1825 1558 1864 1586 pr.
1888 1548 1919 1575 ad
1939 1547 1966 1574 S.
1987 1546 2017 1574 C.

1179 1591 1259 1618 Treb.
1278 1592 1320 1617 36.
1341 1592 1364 1617 I.
1402 1590 1482 1626 Quod
1501 1600 1558 1626 gen.
1583 1592 1756 1618 constitutum
1780 1596 1858 1618 esset.
1882 1590 1949 1617 Nor.
1969 1589 2020 1616 Th.

1179 1634 1210 1660 11.
1233 1634 1265 1660 de
1286 1633 1403 1660 confirm.
1422 1632 1476 1660 LL.
1496 1643 1556 1660 nov.
1576 1633 1593 1660 1.
1615 1636 1639 1660 l.
1660 1644 1681 1660 c.
1702 1636 1724 1661 1.
1744 1644 1783 1672 pr.

1215 1677 1472 1704 Generositas.
1516 1678 1675 1704 Claritas.
1717 1676 1760 1704 111.
1783 1678 1849 1705 Cn·
1887 1675 2022 1713 Splendor

1180 1720 1327 1746 senatoriae
1346 1720 1539 1756 generositatis.
1564 1718 1630 1746 Nov.
1656 1720 1780 1746 Anthem.
1804 1719 1836 1746 (le
1855 1718 1956 1745 mulier.
1976 1717 2020 1745 VI.

1182 1764 1203 1789 l.
1224 1773 1245 1789 c.
1267 1764 1290 1788 1.
1309 1761 1331 1796 5.
1351 1764 1375 1788 2.
1414 1762 1518 1797 Quibus
1538 1763 1588 1795 (sc.
1607 1763 1773 1796 muneribus)
1791 1763 1891 1800 patriae
1904 1772 1966 1788 suae
1979 1771 2022 1788 na-

1179 1805 1270 1832 scendi
1288 1806 1450 1841 generositas
1471 1805 1550 1832 debet
1574 1816 1632 1832 esse
1659 1806 1788 1833 munifica.
1809 1805 1882 1832 *Now
1900 1804 1958 1832 Val.
1977 1804 2020 1831 ΙΙΙ.

1181 1848 1213 1875 de
1231 1847 1330 1886 postul.
1350 1848 1380 1874 II.
1402 1850 1441 1874 11.
1464 1858 1484 1875 c.
1506 1850 1527 1874 1.
1548 1849 1613 1882 5.1.

1216 1891 1400 1918 Geniali..
1429 1891 1559 1925 (Adiect.)
1588 1893 1795 1927 Coniugalis.
1820 1891 1863 1918 111.
1885 1892 1950 1918 οη.
1970 1889 2020 1916 Ge-

1182 1934 1258 1960 nialis
1277 1934 1347 1960 thori
1367 1944 1396 1960 ac
1415 1933 1505 1960 lectuli
1526 1935 1652 1967 (invasor.
1673 1945 1696 1960 v.
1716 1934 1834 1968 vindex.)
1854 1933 1903 1960 Th.
1924 1933 1955 1960 C.
1974 1932 2018 1959 IX.

1182 1979 1204 2004 7.
1225 1988 1246 2003 c.
1266 1979 1290 2003 2.
1310 1976 1342 2003 ad
1361 1976 1390 2003 L.
1410 1976 1457 2004 Iul.
1484 1976 1516 2003 de
1541 1976 1620 2004 adult.
1644 1977 1689 2003 IX.
1709 1978 1750 2003 35.
1776 1986 1797 2003 c.
1821 1979 1844 2002 6.
1869 1975 1902 2002 (le
1920 1975 2019 2012 indulg.

1182 2030 1254 2047 crim.

1217 2063 1417 2090 Genitalis.
1446 2062 1577 2094 (Adiect.)
1613 2062 1754 2088 Natalis.
1782 2061 1799 2087 1.
1826 2062 1887 2095 Sy.
1907 2061 1958 2088 Cui
1977 2071 2020 2088 na—

1182 2110 1225 2132 tus
1245 2111 1298 2138 est,
1319 2107 1377 2138 (sc.
1396 2104 1483 2137 loco.)
1520 2103 1640 2130 Genitale
1659 2103 1778 2136 (solum.)
1803 2103 1853 2131 Th.
1874 2103 1904 2131 C.
1926 2103 1957 2130 Υ.
1978 2106 2018 2130 10.

1184 2159 1205 2175 c.
1226 2151 1249 2175 l.
1268 2158 1309 2186 pr.
1329 2148 1366 2182 55
1382 2149 1404 2174 1.
1417 2149 1441 2173 3.
1462 2146 1495 2173 de
1513 2146 1605 2183 inquil.
1627 2151 1649 2173 et
1671 2146 1755 2173 colon.
1776 2146 1919 2183 Originalis
1935 2157 1964 2173 ac
1977 2146 2020 2174 de-

1183 2192 1249 2223 bita,
1270 2191 1379 2228 Propria
1405 2190 1502 2223 (curia.
1521 2200 1546 2216 v.
1567 2189 1683 2222 civitas.)
1703 2189 1739 2216 lb.
1758 2189 1815 2216 XII.
1836 2192 1859 2216 1.
1879 2200 1900 2216 c.
1921 2191 1978 2217 159.
1997 2200 2019 2217 c.

1184 2236 1241 2261 161.
1261 2233 1294 2260 de
1313 2233 1446 2260 decurion.
1465 2232 1536 2259 XVI.
1558 2234 1597 2258 10.
1630 2242 1650 2258 c.
1674 2234 1716 2258 20.
1740 2243 1779 2269 pr.
1804 2232 1836 2259 de
1860 2243 1950 2270 pagan.
1986 2231 2018 2259 11.

1184 2279 1252 2312 Op.
1282 2276 1381 2303 Contra
1408 2280 1526 2302 naturam
1556 2274 1689 2309 (feritas.)
1731 2275 1772 2302 I'r.
1801 2275 1818 2302 1.
1844 2276 1866 2302 si
1890 2275 2018 2313 quadrup.

1183 2322 1206 2346 4.
1230 2322 1254 2346 9.

1219 2362 1389 2390 Genitor·
1427 2363 1555 2389 Parem.
1586 2360 1604 2386 1.
1618 2362 1679 2394 Sy.
1699 2360 1849 2396 Progenies.
1869 2361 2018 2388 Gcnitores.

1185 2416 1205 2432 c.
1225 2407 1267 2431 24.
1288 2404 1321 2431 de
1340 2406 1420 2442 episc.
1440 2404 1498 2431 aud.
1519 2405 1541 2430 1.
1561 2405 1584 2430 4.
1622 2403 1699 2430 Pater
1718 2409 1742 2430 et
1762 2409 1850 2431 mater.
1870 2404 2018 2430 Geuitores.

1185 2459 1206 2475 c.
1227 2450 1266 2475 19.
1287 2458 1327 2485 pr.
1346 2448 1412 2482 5.1.
1431 2446 1464 2473 dc
1482 2446 1579 2473 haeret.
1606 2448 1627 2472 l.
1651 2449 1675 2473 ὃ,
1713 2446 1756 2473 lII.
1780 2449 1846 2474 Gn.
1875 2447 1950 2482 Quae
1968 2447 2017 2480 (sc.

1184 2491 1325 2529 personae)
1345 2490 1376 2517 ab
1396 2489 1512 2516 eiusdem
1536 2488 1619 2516 ultimi
1644 2490 1769 2525 genitoris
1792 2491 1917 2526 sauguine
1940 2489 2019 2527 profi-

1185 2536 1325 2562 ciscuntur.
1345 2532 1376 2559 sr.
1397 2534 1453 2559 195.
1473 2532 1495 2566 5.
1515 2534 1538 2558 4.
1559 2531 1591 2558 de
1610 2531 1641 2558 V.
1661 2532 1688 2559 S.
1709 2534 1804 2559 50.16.
1842 2533 1953 2560 Maxima
1972 2531 2018 2558 ini-

1185 2578 1270 2614 quitas
1294 2586 1326 2603 ex
1349 2575 1397 2602 hac
1419 2575 1555 2601 sanctione
1579 2580 1668 2601 contra
1692 2576 1824 2610 genitores
1849 2574 2013 2602 efficiebatur.

1186 2631 1207 2647 c.
1228 2622 1268 2646 10.
1287 2619 1319 2645 de.
1338 2628 1389 2644 sec.
1410 2623 1482 2655 nupt.
1502 2620 1525 2644 5.
1545 2619 1569 2644 9.

1221 2661 1407 2690 Genitrix.
1450 2662 1564 2687 Mater.
1605 2660 1623 2687 1.
1656 2662 1717 2695 Sy.
1761 2660 1851 2687 Mater.
1876 2671 1896 2687 c.
1919 2661 1960 2685 21.
1985 2659 2017 2686 de

1186 2705 1262 2740 agric.
1283 2708 1308 2729 et
1327 2704 1417 2729 censit.
1440 2705 1478 2730 11.
1499 2705 1540 2730 47.
1577 2703 1619 2730 lII.
1644 2705 1710 2731 Cn.
1738 2704 1848 2741 Semper
1866 2703 1972 2737 virginis
1992 2707 2018 2728 et

1185 2748 1236 2774 Dei
1255 2747 1401 2783 ἔφηῆι-ἱεὶς,
1421 2746 1515 2773 Mariae
1534 2746 1666 2784 precibus.
1696 2756 1717 2773 c.
1743 2748 1765 2772 1.
1789 2756 1828 2784 pr.
1852 2746 1883 2772 dc
1902 2745 1946 2770 oil'.
1966 2744 2017 2771 Pri.

1186 2789 1228 2816 Pr.
1248 2788 1303 2815 Asr.
1324 2790 1346 2814 1.
1364 2790 1405 2815 27.
1426 2788 1457 2816 cl'.
1479 2799 1499 2816 c.
1519 2791 1543 2816 8.
1562 2789 1627 2823 5.1.
1647 2789 1680 2815 de
1699 2789 1726 2816 S.
1746 2790 1826 2816 trinit.
1847 2789 1869 2813 1.
1890 2789 1912 2813 l.

1223 2831 1394 2859 Genltus.
1431 2831 1559 2865 (Pax-tic.)
1597 2834 1787 2861 Generatim,
1810 2832 2017 2858 Procreatus.

1915 2872 1932 2898 1.
1957 2876 2018 2908 Sy.
