2197 3121
268 182 333 214 688

307 265 492 291 Patrona.
531 262 572 290 (js.
592 272 617 288 v.
636 260 775 288 Patronus.
795 261 816 294 5.
835 262 860 287 2.
1135 259 1137 306 1

307 306 538 334 Pan-onnus.
558 304 688 337 (Adiect.)
708 306 755 331 Aa
767 311 939 339 patronum
953 308 1112 336 spectans.
1136 315 1137 340 χ

269 350 312 377 lII.
334 352 399 378 Cn.
420 349 483 375 Pars
503 358 534 374 ex
554 347 656 384 legibus
676 347 850 374 verecundiae
869 344 999 384 patronali
1018 344 1114 370 debita.
1136 344 1137 356 ¹

270 393 300 420 fr.
320 396 362 419 20.
382 402 421 430 pr.
447 391 478 418 de
503 390 592 417 donat.
612 392 653 417 39.
673 392 697 417 5.
723 389 755 416 cf.
780 400 801 417 c.
820 392 844 416 2..
869 390 924 425 Qui
943 393 969 414 et
993 387 1049 414 adv.
1071 398 1113 424 qu.
1137 405 1138 411 .

269 439 293 462 2.
313 438 354 461 ⁴2.

308 477 553 504 Part-«matus.
573 476 651 510 §.L
673 476 866 512 Defensoris
886 483 1007 500 munus.
1027 473 1115 508 tsy.
1138 464 1139 489 l

272 521 444 548 Patronorum
468 518 589 555 dignitas.
614 518 663 545 Th.
684 517 716 544 C.
736 517 803 545 Vlll.
823 520 846 544 5.
873 527 894 543 c.
914 518 956 543 46.
980 516 1014 543 de
1038 526 1117 543 cursu

271 563 333 602 pub.
352 563 410 589 XII.
432 565 453 589 l.
475 573 496 589 c.
516 564 556 589 61.
577 561 610 588 de
630 560 764 588 decurion.
806 561 969 590 Advocatio,
991 558 1116 586 Officium
1138 553 1140 565 ”

271 607 376 644 patroni
395 606 495 639 (fisci.)
521 616 542 632 c.
562 607 586 632 8.
611 615 633 631 c.
654 606 693 630 10.
715 604 747 630 de
767 604 857 630 advoc.
878 603 930 630 div.
951 602 1073 629 iudicior.
1093 604 1116 628 2.
1139 611 1140 620 ¹

272 652 296 677 7.
325 648 392 675 Nov.
413 649 462 675 Th.
483 648 514 675 ll.
539 647 571 675 de
595 647 693 685 postul.
718 647 736 673 l.
758 649 798 672 10.
819 656 840 672 c.
862 647 884 672 l.
905 656 944 683 pr.
971 661 1002 665 -—
1030 646 1061 678 ξ.
1082 646 1117 671 2.

273 695 352 720 lura
372 698 401 718 et
420 693 547 728 officia
567 700 645 726 erga
669 692 835 721 libertum,
866 690 951 725 (quae
975 698 1008 715 ex
1031 698 1119 714 manu-

272 736 399 762 missione
417 735 489 761 servi
508 739 564 761 orta
579 733 660 765 sunt.)
689 732 707 758 I.
722 733 784 766 Sy.
805 732 889 768 Quasi
905 737 1043 770 patronus,
1062 730 1120 757 Iure
1141 765 1142 775 ἵ

273 783 428 816 patronatus
448 777 570 814 (adsequi
590 777 652 808 etc.)
678 775 708 802 fr.
728 776 770 801 64.
791 775 813 809 5.
833 777 856 801 5.
877 774 926 801 sol.
947 775 1057 801 matrim.
1077 775 1118 799 24.
1141 784 1142 791 ¹

272 824 297 848 3.
318 821 349 847 cf.
378 820 409 847 fr.
432 822 453 847 1.
482 822 504 855 5.
523 822 564 846 27.
594 819 645 854 Qu.
670 819 695 845 in
720 818 750 844 fr.
774 825 841 855 patr.
861 819 903 845 38.
923 819 947 844 5.
988 817 1032 844 III.
1053 818 1120 844 Cn.

274 864 350 891 Hunc
369 863 476 900 quidem
496 873 555 889 esse
574 867 728 900 patronum,
753 861 801 887 sed
826 862 896 888 omni
921 859 1058 888 commodo
1078 870 1121 897 pa-

274 912 395 934 tronatus
414 917 509 933 carere.
531 906 560 932 sr.
580 907 604 931 3.
625 904 657 931 de
677 906 733 931 iure
752 909 855 941 patron.
869 906 910 931 37.
926 906 966 930 14.
982 903 1014 930 cf.
1035 903 1064 929 fr.
1080 904 1120 929 14.
1142 908 1143 914 ¹

275 950 308 978 de
327 955 375 977 tut.
402 954 427 976 et
447 959 500 975 cur.
521 948 572 975 dat.
591 949 633 975 26.
653 950 677 975 5.
718 946 854 984 Numquid
879 948 994 974 servitus
1018 956 1118 983 poenae

276 995 426 1030 exstinguat
449 993 490 1018 ius
514 991 685 1029 patronatus?
710 990 740 1017 fr.
762 992 784 1016 1.
809 991 831 1025 5.
852 992 875 1016 l.
901 989 934 1016 de
958 994 1026 1016 sent.
1050 998 1120 1027 pass.

275 1039 318 1064 48.
337 1038 378 1063 23.

315 1078 513 1107 Ριιίῐοῐιίἃ.
551 1078 593 1105 Cf.
613 1088 636 1104 v.
656 1077 789 1104 Petronia.

314 1124 518 1150 Patronus.
555 1122 587 1155 ἓ.
605 1123 640 1148 l·
661 1121 823 1156 Defensor
842 1121 999 1150 alterius,
1020 1119 1122 1144 Adro-

276 1172 376 1193 catus.
419 1164 437 1191 I.
458 1166 520 1199 Sy.
545 1163 706 1190 Advocatus.
731 1162 773 1189 Cf.
794 1162 818 1188 h.
838 1172 862 1188 v.
894 1161 1060 1188 causidicus.
1081 1160 1121 1187 Cf.

277 1210 302 1236 h.
322 1219 347 1235 v.
384 1207 503 1236 HLCn.
523 1206 629 1234 Patroni
649 1216 789 1243 corporum
809 1206 959 1242 (pistorum,
979 1215 1003 1230 v.
1024 1205 1121 1230 suario-

278 1252 362 1284 rum.)
400 1250 507 1277 Patroni
535 1249 682 1288 pistoribus
706 1249 852 1275 constituti.
881 1247 931 1274 Th.
957 1247 987 1274 C.
1008 1246 1079 1273 XIV.
1097 1248 1122 1273 3.

279 1306 301 1322 c.
321 1298 345 1321 2.
366 1305 386 1321 c.
408 1295 430 1320 7.
455 1303 476 1320 c.
498 1294 537 1319 12.
563 1292 595 1319 de
614 1293 708 1330 pistor.
727 1290 799 1318 XIV.
819 1292 860 1317 23.
881 1301 902 1317 c.
924 1293 946 1316 1.
966 1290 999 1317 de
1018 1294 1122 1327 patron.

278 1338 350 1365 horr.
388 1335 592 1363 provincialium
611 1335 723 1372 patroni.
756 1334 792 1361 lb.
813 1333 869 1360 YII.
888 1336 912 1360 9.
938 1344 959 1360 c.
982 1335 1003 1359 1.
1023 1332 1055 1359 de
1075 1332 1125 1359 sal-

278 1391 361 1418 ganm.
399 1380 555 1415 Quaestioni
584 1380 714 1405 interesse
742 1377 865 1404 iubentur
892 1387 953 1403 reus
980 1386 1070 1407 reavc.
1099 1381 1122 1402 et

279 1424 383 1462 patroni
404 1432 502 1453 eorum,
522 1427 548 1448 et
569 1422 613 1458 qui
633 1423 731 1447 crimen
750 1420 882 1447 detulerit.
903 1419 934 1446 fr.
953 1421 995 1445 27.
1016 1419 1038 1453 5
1053 1421 1076 1445 7.
1093 1418 1124 1445 ad

280 1466 310 1493 L.
331 1465 378 1492 Iul.
399 1464 431 1491 de
450 1464 529 1491 adult.
549 1467 591 1491 48.
611 1466 635 1490 5.
673 1463 817 1490 Custodias
838 1463 985 1489 auditurum
1005 1467 1056 1488 tam
1076 1461 1125 1489 cla-

280 1511 401 1536 rissimos
420 1509 502 1538 viros.
523 1517 600 1544 quam
613 1511 740 1544 patronos
755 1516 898 1532 causarum.
918 1505 949 1532 fr.
964 1507 1004 1532 12.
1018 1505 1050 1532 de
1063 1505 1124 1543 pub.

281 1552 333 1579 iud.
348 1554 388 1578 48.
404 1553 426 1577 1.
464 1550 509 1577 Sci
529 1552 552 1577 is
571 1550 643 1577 volet
662 1549 713 1575 sibi
732 1554 860 1586 patronos
880 1550 906 1575 in
926 1559 981 1575 eam
994 1559 1048 1575 rem
1062 1548 1125 1575 dari.
1147 1560 1148 1565 ¹

281 1595 324 1622 Fr.
344 1594 373 1621 L.
393 1593 488 1620 Servil.
509 1604 530 1620 c.
551 1595 574 1619 4.
594 1603 634 1630 sq.
655 1592 687 1619 ct'.
708 1591 737 1618 fr.
759 1594 781 1618 1.
802 1592 823 1626 5.
843 1594 867 1618 4.
888 1591 921 1618 de
940 1591 1038 1629 postul.
1056 1593 1080 1618 3,
1103 1593 1125 1617 l.

281 1638 353 1665 Fisci
372 1641 508 1674 patronus.
534 1636 603 1663 Patr.
617 1634 746 1662 fiscalium
760 1634 965 1661 commodorum.
986 1634 1017 1661 fr.
1030 1636 1071 1661 33.
1086 1645 1124 1671 pr.

283 1691 316 1708 ex
335 1691 378 1717 qu.
400 1690 420 1706 c.
440 1680 499 1706 mai.
519 1680 543 1705 4.
563 1680 586 1705 6.
619 1678 668 1705 Th.
690 1677 721 1704 C.
740 1678 773 1704 X.
795 1680 834 1704 15.
859 1688 880 1704 c.
902 1679 924 1704 1.
946 1688 966 1704 c.
987 1679 1010 1704 3.
1031 1677 1064 1704 de
1083 1677 1125 1704 ad-
1148 1675 1149 1697 ἶ

282 1734 339 1751 voc.
365 1723 432 1750 fisci.
457 1738 489 1742 —
526 1722 557 1755 §0
578 1723 612 1748 2.
645 1723 692 1753 Is,
724 1723 778 1747 cni
808 1731 844 1747 ex
873 1723 1127 1747 manumissione

282 1768 438 1802 quaesita
466 1771 541 1791 sunt
570 1767 644 1791 iura
668 1770 698 1790 et
725 1764 856 1799 officia
882 1765 1026 1798 pietatis
1049 1774 1126 1798 erga

284 1812 444 1837 libertum.
482 1807 500 1833 I.
516 1808 577 1842 Sy.
597 1807 780 1834 Manumissor.
801 1806 842 1833 Cf.
856 1806 881 1832 h.
902 1816 926 1833 v.
963 1806 1017 1842 Qui
1036 1806 1129 1833 libera-

284 1854 323 1879 vit
341 1852 477 1886 (Latinum
495 1849 651 1882 Iunianum.)
671 1850 773 1876 Auctor
792 1849 930 1876 libertatis.
951 1848 1008 1875 Gai.
1024 1849 1066 1875 III.
1086 1850 1127 1875 56.

285 1905 344 1932 sqq.
365 1897 407 1921 63,
426 1904 466 1930 sq.
491 1892 541 1920 Th.
562 1893 593 1919 C.
613 1893 658 1919 IX.
678 1894 701 1918 5.
727 1903 748 1919 c.
770 1894 792 1918 1.
817 1892 839 1925 5.
862 1894 882 1918 l.
904 1892 935 1918 ad
954 1891 983 1918 L.
1003 1891 1051 1919 Iul.
1070 1893 1128 1919 mai.
1150 1903 1151 1928 i

286 1938 330 1964 LX.
345 1938 369 1963 6.
390 1947 410 1963 c.
427 1938 447 1962 l.
468 1946 500 1962 nc
520 1940 601 1973 praet.
622 1936 694 1961 crim.
713 1936 772 1961 mai.
809 1935 851 1961 III.
867 1936 934 1963 Cn.
954 1934 982 1961 Iu
1001 1940 1056 1961 toto
1075 1935 1129 1962 scre
1150 1931 1151 1950 3

285 1982 342 2007 iure
370 1980 545 2006 manumissor
573 1978 702 2004 eiusmodi
731 1977 797 2004 nihil
821 1979 884 2004 iuris
911 1979 973 2010 (ut)
1000 1975 1151 2015 patronus¹

287 2023 414 2050 adversus
434 2031 573 2060 personam
593 2021 671 2048 modo
695 2020 783 2047 liberti
808 2022 993 2057 consequitur.
1019 2021 1080 2048 licet
1103 2023 1129 2048 in

286 2067 365 2093 bonis
385 2067 441 2092 eius
461 2065 565 2102 patroni
584 2065 625 2090 ius
645 2069 772 2090 exerceat.
798 2063 881 2090 Yatic.
902 2065 923 2098 5.
943 2066 1002 2090 225.
1040 2064 1129 2091 Liberi
1151 2058 1152 2079 l

287 2109 405 2146 patroni,
425 2124 458 2128 —
483 2108 528 2143 qui
551 2108 607 2134 iure
625 2107 729 2144 patroni
748 2106 798 2133 hoc
818 2117 924 2144 sperare
943 2113 1064 2144 possunt.
1091 2107 1128 2134 Ib.

288 2153 311 2186 5.
330 2153 390 2177 224.
426 2150 462 2177 Vt
481 2150 601 2181 libet-tm,
625 2149 748 2186 quamdiu
767 2152 870 2186 patroni
890 2149 960 2176 tilius
980 2152 1051 2177 nasci
1071 2161 1131 2188 pos-
1152 2156 1153 2161 ¹

290 2196 333 2226 sit,
353 2204 384 2221 eo
404 2195 459 2220 iure
479 2194 528 2224 sit,
549 2203 600 2230 quo
620 2197 680 2219 sunt
700 2193 744 2229 qui
764 2197 889 2229 patronos
910 2192 1013 2219 babent.
1039 2193 1069 2220 fr.
1089 2196 1130 2220 26.
1152 2189 1153 2214 i

290 2237 324 2264 de
342 2241 413 2263 statu
431 2236 499 2262 bom.
523 2239 542 2263 1.
563 2239 586 2262 5.
607 2236 638 2262 cf.
660 2235 689 2262 fr.
710 2238 733 2261 5.
753 2245 792 2272 pr.
812 2235 844 2261 de
863 2235 924 2261 bon.
945 2235 1031 2262 libert.
1051 2238 1092 2263 38
1107 2239 1130 2263 2.

291 2279 372 2307 Salvo
390 2280 446 2305 iure
464 2284 647 2316 patronorum.
666 2279 824 2316 patronique
840 2277 991 2305 liberorum.
1011 2278 1095 2306 Vatic.
1110 2280 1131 2313 5
1154 2310 1155 2315 ¹

291 2324 351 2350 226.
367 2321 398 2349 cs.
418 2321 474 2348 Gai.
487 2321 529 2347 III.
544 2324 583 2348 72.
604 2321 710 2348 Patroni
730 2326 814 2347 autem
834 2320 893 2347 loco
913 2321 1037 2347 habemus
1057 2323 1132 2348 etiam
1154 2325 1155 2329 ¹

293 2370 442 2403 parentem,
466 2365 510 2400 qui
530 2380 561 2383 —
581 2365 786 2391 manumissione
805 2364 946 2400 legitimam
966 2364 1073 2391 tutelam
1092 2375 1133 2391 na-

294 2414 352 2435 ctus
372 2413 419 2434 est.
440 2407 477 2434 Id.
496 2407 513 2433 Ι.
530 2409 586 2433 175.
607 2407 637 2433 cf.
660 2409 716 2434 192.
753 2407 895 2434 Patronum
914 2407 1019 2444 quidem
1038 2407 1134 2434 habere

295 2456 406 2478 tutorem
430 2449 528 2476 desinit
551 2451 606 2482 (sc.
628 2460 693 2486 quae
719 2452 892 2478 coemtionem
912 2451 1015 2482 fecerit,
1040 2450 1134 2478 deinde

295 2494 469 2530 remancipata
493 2497 519 2519 et
541 2494 698 2519 manumissa
722 2494 787 2526 sit,)
815 2494 908 2531 incipit
930 2498 1014 2520 autem
1039 2493 1135 2520 habere

296 2547 354 2564 eum
374 2541 499 2567 tutorem,
524 2546 536 2561 a
562 2545 614 2572 quo
637 2537 795 2562 manumissa
815 2541 862 2563 est.
890 2536 927 2563 Id.
947 2536 964 2564 1.
987 2538 1042 2562 195.
1072 2536 1133 2573 wp.

296 2579 340 2606 Xl.
360 2581 384 2605 5.
410 2578 450 2605 'Si
473 2583 600 2616 patronus
625 2579 699 2615 quasi
725 2583 807 2607 tutor.
833 2579 875 2605 vel
895 2584 1012 2611 curator,
1032 2579 1073 2605 vel
1093 2579 1135 2606 de-

297 2622 397 2653 fensor,
424 2621 467 2648 vel
491 2626 563 2648 actor
586 2622 750 2648 interveniat.
776 2621 805 2647 fr.
827 2624 866 2648 10.
891 2623 913 2656 5.
936 2624 974 2648 13.
1000 2621 1032 2648 de
1051 2622 1076 2647 in
1096 2623 1136 2648 ius

299 2675 354 2691 voc.
373 2667 398 2691 2.
417 2666 441 2691 4.
478 2663 604 2691 Libertus
624 2675 636 2690 a
656 2668 768 2701 patrono
789 2674 848 2691 rcus
863 2667 1029 2691 constitutus
1050 2664 1080 2692 I'r.
1097 2667 1135 2690 14.
1158 2671 1159 2674 ’

301 2707 334 2733 ib.
353 2710 377 2732 2.
392 2708 414 2733 4.
452 2706 481 2733 Si
501 2723 533 2727 -
553 2707 664 2734 libertus
684 2711 820 2743 patronum
841 2708 867 2733 in
887 2709 926 2734 ius
946 2709 1086 2734 vocaverit.
1107 2707 1136 2733 sr.

298 2752 340 2775 25.
361 2749 394 2775 ib.
407 2752 431 2775 2.
445 2751 469 2776 4.
489 2749 546 2776 Gai.
559 2749 654 2776 1V.46.
684 2749 778 2776 Mulier
797 2754 886 2776 contra
906 2755 1044 2786 patronum
1062 2760 1137 2776 suum

300 2792 398 2826 ingrata
418 2792 490 2818 tacta.
512 2792 542 2819 i'r.
555 2794 595 2819 21.
611 2803 649 2829 pr.
670 2792 721 2828 Qu.
741 2797 801 2819 met.
821 2794 916 2819 2212.
955 2793 1008 2828 Qui
1028 2794 1053 2819 in
1073 2792 1138 2819 I'rau-

301 2834 359 2861 dem
379 2834 549 2867 creditorum.
574 2835 617 2862 vel
636 2837 662 2862 iu
682 2835 798 2862 fraudem
816 2836 919 2872 patroni
939 2835 1137 2869 (manumittit.)

1027 177 1109 207 PAT
1120 194 1159 200 —

1151 2114 1152 2141 J
1175 2108 1301 2140 (virorum
1321 2105 1514 2137 honestorum.)
1535 2104 1565 2131 fr.
1587 2107 1626 2131 12.
1647 2105 1680 2131 de
1699 2105 1832 2132 decurion.
1851 2107 1892 2131 50.
1911 2106 1935 2130 2.

1168 176 1263 207 PAU.

1161 257 1218 285 Gai.
1238 257 1257 284 l.
1276 259 1318 284 37.
1343 257 1405 295 ΠΡ.
1425 257 1443 284 I.
1465 260 1504 285 15.
1542 258 1725 291 Interdictum.
1747 275 1776 279 —
1801 264 1830 286 ut
1849 259 2003 287 exhibeatur

1160 301 1287 331 libertus.
1313 302 1354 327 cui
1378 306 1505 339 patronus
1529 311 1624 338 operas
1650 301 1766 328 indicere
1788 302 1852 330 vult.
1881 302 1938 330 Gai.
1958 302 2002 329 IV.

1163 346 1220 370 162.
1257 343 1293 370 Yt
1312 343 1469 380 obsequium
1488 345 1652 382 parentibus,
1672 349 1697 371 et
1712 346 1840 382 patronis,
1859 345 2004 383 liberisque

1160 392 1331 425 patronorum
1355 386 1475 424 exhiberi
1500 387 1588 414 iubeat
1612 390 1666 419 (se.
1686 387 1812 418 Procos.)
1840 388 1871 415 sr.
1890 390 1914 416 9.
1938 390 1960 423 5.
1978 390 2003 415 3.

1161 430 1193 457 dc
1212 430 1256 457 off.
1276 430 1352 456 Proc.
1373 434 1399 455 et
1418 428 1480 466 Leg.
1501 431 1523 455 l.
1540 431 1579 456 16.
1601 430 1632 458 ct'.
1653 431 1709 457 Gai.
1725 430 1742 456 Ι.
1764 432 1820 457 172.
1858 430 2004 460 parentem.

1161 478 1317 511 patronum,
1337 477 1487 510 patronam,
1506 472 1620 505 liberos,
1639 479 1761 511 parentes
1780 475 1899 511 patroni,
1918 479 2005 511 patro·

1138 546 1140 551 Ι
1161 527 1217 548 nae,
1238 517 1263 543 in
1283 517 1324 542 ius
1344 532 1375 535 —
1397 526 1428 542 ne
1448 516 1507 552 quis
1526 521 1611 543 vocet.
1632 516 1662 543 t'r.
1682 519 1706 543 4.
1726 517 1747 550 5.
1765 518 1786 543 l.
1806 516 1838 543 sr.
1851 518 1875 544 8.
1895 517 1918 551 5.
1933 519 1956 544 l.
1972 517 2005 544 de

1139 584 1140 587 ,
1162 561 1188 586 ἰη
1208 560 1248 585 ius
1268 569 1324 585 voc.
1345 561 1369 585 2.
1390 560 1414 585 4.
1434 558 1464 585 fr.
1483 560 1508 584 2.
1527 559 1549 592 5.
1562 560 1586 584 2.
1607 558 1658 595 Qu.
1679 559 1770 586 satisd.
1791 569 1846 596 cog.
1860 562 1884 586 2.
1898 561 1922 586 8.
1952 560 2005 596 Qui

1140 624 1141 636 ,
1162 607 1271 640 patrem,
1291 606 1408 633 matrem.
1429 611 1513 633 avum,
1534 602 1625 634 aviam,
1644 602 1758 629 fratrem.
1778 613 1904 635 sororem,
1918 608 2007 640 patro-

1163 655 1237 676 num.
1262 650 1399 682 patronam
1424 644 1560 671 occiderit.
1585 644 1656 672 Paul.
1677 645 1708 672 V.
1727 648 1769 672 24.
1794 646 1816 680 5.
1838 648 1860 672 l.
1901 645 1935 672 Vt
1954 656 2007 673 non

1140 715 1141 720 ,
1164 688 1274 720 iudicet,
1300 689 1343 725 qui
1364 688 1400 719 ei,
1429 689 1473 724 qui
1493 688 1561 723 agit.
1585 697 1677 724 gener,
1702 698 1791 720 socer,
1811 690 1936 721 vitricus,
1955 690 2008 726 pri-

1164 733 1266 768 vignus,
1286 731 1444 758 sobrinusve
1463 735 1512 762 est,
1527 747 1559 750 —
1575 733 1654 768 quive
1668 742 1757 758 eorum
1771 733 1837 764 eiuS‚
1856 733 2008 769 parentisve

1165 776 1239 801 cuius
1259 784 1357 804 eorum,
1376 778 1503 811 patronus
1523 775 1580 800 erit.
1599 774 1630 801 fr.
1650 776 1673 801 5.
1693 785 1732 812 pr.
1757 774 1789 801 de
1808 776 1884 801 iniur.
1903 776 1944 801 47.
1966 776 2006 801 10.

1164 817 1280 844 Primum
1305 816 1338 843 ad
1361 827 1425 843 suos
1451 817 1562 843 heredes
1585 818 1700 854 pertinet
1723 818 1777 851 (sc.
1796 817 1952 844 libertorum
1971 818 2009 844 in-

1165 865 1320 887 testatorum
1340 860 1502 893 hereditas.)
1527 860 1623 886 deiude
1646 860 1678 887 ad
1702 870 1760 893 εοε,
1789 871 1899 898 quorum
1918 860 2009 887 liberti

1165 909 1235 935 sunt,
1254 903 1327 930 velut
1340 908 1488 940 patronum,
1508 908 1653 940 patronam,
1668 903 1801 930 liberosve
1814 905 1927 942 patroni.
1946 903 2007 941 le.

1165 946 1275 973 XXYH.
1291 948 1313 973 1.
1340 946 1370 973 Si
1389 951 1500 983 patrono
1518 951 1543 973 et
1562 951 1687 983 patronae
1705 947 1819 984 proximi
1839 951 1901 973 sunt
1919 946 2008 984 aliqui,

1166 989 1257 1023 (simul
1277 989 1471 1022 admittuntur.)
1492 988 1521 1015 fr.
1542 990 1582 1015 17.
1603 988 1634 1014 de
1654 989 1715 1015 bon.
1735 989 1822 1016 libert.
1835 991 1877 1016 38.
1890 991 1915 1016 2.
1941 989 2010 1017 Cum

1166 1043 1242 1059 nemo
1268 1042 1300 1058 ex
1324 1031 1419 1058 familia
1444 1032 1548 1069 patroni
1571 1031 1637 1058 alius
1662 1037 1741 1059 esset.
1770 1032 1801 1059 fr.
1820 1034 1861 1059 50.
1890 1033 1911 1067 5.
1930 1035 1954 1059 5.
1974 1033 2010 1059 ib.

1143 1078 1144 1084 ¹
1165 1077 1206 1102 38.
1220 1077 1245 1101 2.
1266 1074 1298 1101 cf.
1318 1074 1375 1101 Gai.
1388 1074 1429 1101 III.
1444 1076 1485 1100 58.
1505 1075 1546 1101 63.
1567 1084 1606 1111 sq.
1628 1077 1667 1101 70.
1704 1074 1824 1101 Intestati
1844 1075 1921 1102 datur
1938 1076 1968 1102 B.
1981 1075 2010 1102 P.

1167 1133 1198 1138 —
1219 1123 1312 1155 quarto
1333 1117 1445 1144 familiae
1468 1118 1585 1154 pati-ouh
1610 1118 1701 1154 quinto
1726 1124 1851 1155 patrono,
1876 1124 2010 1156 patronae,

1143 1187 1144 1191 ,
1166 1163 1228 1188 item
1248 1161 1339 1188 liberis
1358 1161 1471 1198 patroni,
1490 1165 1657 1197 patronaeve.
1676 1160 1737 1198 le.
1757 1161 1878 1188 XXVIII.
1898 1163 1921 1188 7.
1941 1161 2011 1188 Coll.

1167 1203 1220 1230 LL.
1244 1203 1278 1231 M.
1300 1203 1371 1230 XVI.
1395 1205 1418 1230 9.

1465 1203 1578 1239 Ingenua
1606 1208 1732 1240 patrona,
1760 1205 1838 1230 trium
1868 1204 2012 1232 liberorum

1168 1248 1224 1274 iure
1244 1246 1379 1273 honorata.
1400 1263 1431 1267 -—
1451 1245 1586 1272 Libertina
1605 1251 1721 1284 patrona.
1745 1246 1802 1274 Gai.
1821 1247 1864 1274 111.
1884 1249 1926 1274 50.
1950 1247 2012 1286 le.

1168 1290 1265 1317 xxix.
1289 1291 1313 1316 6.

1206 1333 1411 1360 Patruelis.
1431 1331 1562 1365 (Adiect.)
1582 1334 1631 1359 Ex
1648 1339 1768 1366 patruo
1787 1343 1849 1360 meo
1867 1343 2013 1369 progna-

1168 1383 1227 1403 tus.
1264 1376 1283 1402 I.
1297 1377 1360 1410 Sy.
1379 1375 1468 1402 Patrui
1487 1375 1567 1408 filius,
1588 1375 1650 1402 tilia.
1678 1375 1778 1407 Frater,
1796 1386 1821 1403 v.
1835 1376 1927 1408 Soror,
1945 1381 2013 1414 patr.

1168 1418 1240 1446 Paul.
1260 1418 1304 1446 IV.
1326 1421 1365 1445 ll.
1385 1419 1423 1453 55.
1443 1420 1467 1445 4.
1487 1429 1526 1455 sq.
1565 1418 1619 1454 Qui
1638 1429 1670 1445 ex
1687 1418 1791 1446 duobus
1810 1419 1935 1446 fratribus
1953 1429 2013 1457 pro-

1169 1463 1284 1498 generati
1304 1467 1374 1494 sunt,
1394 1461 1530 1488 Patrueles
1550 1462 1677 1495 (fraires.)
1698 1462 1754 1489 Gai.
1775 1462 1873 1490 111.10.
1892 1462 1953 1500 le.
1967 1462 2012 1489 XI.

1169 1507 1193 1531 4.
1213 1505 1244 1532 fr.
1266 1507 1305 1531 10.
1325 1506 1346 1539 5.
1363 1507 1402 1531 15.
1422 1504 1455 1531 de
1474 1505 1544 1542 grad.
1565 1509 1591 1531 et
1610 1504 1661 1532 adt'.
1676 1506 1773 1532 38.10.
1809 1505 1840 1532 II.
1856 1507 1924 1540 op.
1943 1505 2014 1532 Arui-

1171 1550 1250 1575 tinus.
1270 1547 1342 1574 Paul.
1363 1547 1379 1574 l.
1400 1547 1416 1574 l.
1437 1548 1468 1574 sr.
1489 1550 1529 1575 10.
1549 1549 1571 1582 5.
1593 1550 1633 1574 15.
1654 1548 1670 1575 l.
1689 1550 1731 1575 38.
1752 1550 1791 1575 10.

1208 1593 1387 1618 Patruus.
1407 1591 1525 1624 (Subst.)
1545 1591 1620 1624 §.1-
1635 1593 1750 1618 Patris
1764 1593 1885 1628 frater.
1905 1591 2014 1626 1101».

1171 1633 1334 1660 Avunculus.
1355 1633 1396 1660 Cf.
1417 1633 1441 1660 h.
1463 1644 1487 1660 v.
1524 1633 1567 1660 Ill.
1583 1636 1649 1662 011.
1668 1633 1790 1666 Patruus,
1809 1636 1958 1671 caeterique
1978 1635 2014 1660 in-

1148 1703 1149 1710 *
1172 1682 1211 1703 ter
1230 1686 1297 1713 quos
1316 1675 1481 1712 adgnationis
1500 1678 1652 1714 incorrupta
1676 1678 1730 1703 iura
1750 1687 1798 1714 per
1816 1677 1935 1704 ordinem
1955 1687 2015 1715 por-

1171 1721 1298 1756 riguntur.
1324 1719 1373 1746 Th.
1395 1719 1426 1746 C.
1446 1719 1478 1746 V.
1499 1721 1522 1746 1.
1547 1730 1568 1746 c.
1590 1722 1612 1746 1.
1633 1719 1666 1746 de
1685 1720 1756 1756 legit.
1775 1720 1885 1747 heredit.
1923 1719 2016 1746 Frater

1172 1763 1264 1789 eodem
1283 1767 1358 1800 patre
1377 1767 1466 1794 natus,
1487 1762 1575 1789 fratris
1595 1762 1681 1795 filius,
1700 1772 1816 1800 neposve
1836 1773 1868 1790 ex
1888 1773 1933 1795 eo,
1953 1764 2015 1790 item

1172 1811 1294 1844 patruus,
1320 1809 1345 1832 et
1363 1806 1449 1842 patrui
1469 1805 1554 1837 filius,
1575 1810 1601 1831 et
1624 1816 1708 1843 nepos
1727 1816 1759 1832 ex
1779 1816 1816 1832 eo.
1843 1806 1899 1833 Gai.
1918 1806 1936 1832 I.
1957 1807 2014 1832 156.

1150 1861 1151 1867 ¹
1173 1859 1212 1886 sq.
1238 1848 1269 1875 II.
1290 1850 1347 1874 119.
1367 1858 1408 1885 sq.
1432 1847 1494 1885 le.
1513 1848 1559 1875 XI.
1578 1850 1602 1874 4.
1627 1864 1659 1868 ——-
1692 1849 1722 1882 §.
1744 1850 1778 1875 2.
1808 1851 1869 1876 Ari
1885 1851 2014 1886 frater,

1175 1895 1220 1919 zvel
1239 1893 1346 1923 abavi.
1365 1897 1393 1918 et
1413 1893 1564 1926 deinceps
1583 1894 1798 1926 superiorum.
1826 1892 1869 1918 III.
1884 1894 1950 1920 Cn.
1969 1891 2015 1918 Pa-

1173 1940 1247 1961 truus
1271 1944 1397 1970 magnus,
1421 1950 1453 1953 —
1478 1935 1573 1966 maior,
1599 1951 1629 1955 —
1653 1935 1789 1961 maximus.
1819 1935 1891 1961 Paul.
1909 1934 1954 1961 IV.
1975 1935 2014 1960 ll.

1173 1979 1210 2013 55.
1231 1980 1254 2004 4.
1275 1987 1334 2014 sqq.
1363 1976 1393 2003 sr.
1412 1978 1436 2003 2.
1465 1977 1503 2010 55.
1524 1978 1547 2003 6.
1568 1986 1627 2013 sqq.
1656 1976 1686 2003 sr.
1709 1979 1749 2003 10.
1774 1978 1811 2011 55.
1833 1980 1872 2004 15.
1898 1987 1956 2014 sqq.
1983 1977 2015 2003 de

1174 2021 1245 2058 grad.
1266 2026 1291 2047 et
1311 2019 1361 2046 adl'.
1381 2020 1422 2046 38.
1446 2021 1484 2045 10.

1213 2064 1407 2090 Paucitas.
1445 2064 1601 2089 Numerus
1621 2064 1770 2097 exiguus.
1798 2062 1828 2088 II.
1844 2063 1910 2095 011.
1930 2061 2014 2099 Copia

1175 2150 1206 2177 C.
1226 2149 1283 2176 XII.
1304 2151 1326 2175 1.
1347 2159 1367 2175 c.
1387 2150 1428 2174 32.
1449 2147 1482 2174 de
1501 2147 1634 2174 decurion.
1970 2104 2014 2131 rh.

1213 2194 1376 2219 l‘aucuS.
1409 2191 1541 2217 Pauci.
1570 2190 1699 2224 (Adiect.)
1727 2191 1892 2225 Exiguum
1911 2201 2014 2217 nume·

1153 2256 1154 2259 .
1175 2246 1242 2262 rum
1265 2237 1402 2268 explens.
1441 2233 1470 2260 II.
1493 2235 1560 2268 Op.
1584 2233 1683 2259 Passim
1702 2232 1842 2264 omnibus,
1862 2249 1893 2252 —
1921 2233 2015 2260 Paucis

1177 2278 1315 2305 admodum
1335 2278 1360 2304 iu
1381 2277 1467 2303 causis
1487 2276 1640 2309 (concedi.)
1659 2275 1690 2301 fr.
1706 2277 1728 2301 l.
1746 2285 1784 2312 pr.
1805 2276 1855 2310 Qu.
1876 2277 1925 2302 cui.
1944 2277 2014 2302 univ.

1154 2343 1155 2346 ,
1177 2332 1245 2348 nom.
1269 2323 1294 2347 3.
1314 2322 1338 2346 4.
1375 2319 1425 2345 Yel
1451 2319 1632 2356 paucioribus,
1660 2317 1702 2344 vet
1726 2319 1751 2344 in
1778 2329 1825 2344 una
1850 2329 1878 2345 re
1906 2319 2015 2352 (relicta

1154 2386 1155 2392 .
1178 2365 1264 2402 pars.)
1289 2363 1318 2390 sr.
1338 2364 1380 2389 27.
1407 2362 1439 2388 de
1458 2361 1533 2397 legat.
1552 2360 1571 2386 I.
1591 2362 1665 2393 (30.)
1704 2361 1756 2387 Aut
1777 2361 1944 2398 paucioribus
1964 2361 2016 2388 die-

1178 2408 1236 2439 bus,
1255 2411 1299 2432 aut
1317 2405 1398 2432 nullis
1418 2403 1614 2442 (possedisse.)
1634 2403 1664 2429 fr.
1686 2405 1742 2430 156.
1763 2404 1794 2430 de.
1815 2403 1846 2431 V.
1866 2403 1893 2430 S.
1913 2406 1955 2431 50.
1976 2406 2015 2431 16.

1178 2449 1310 2477 Interdum
1333 2448 1386 2475 XX
1405 2447 1521 2476 fuerunt,
1545 2445 1674 2472 interdum
1698 2446 1802 2483 plures,
1831 2456 2017 2484 nonnunquam

1178 2494 1323 2531 pauciores.
1343 2491 1372 2517 fr.
1391 2492 1415 2516 2.
1435 2490 1457 2522 5.
1476 2491 1518 2514 25.
1539 2488 1571 2515 de
1591 2489 1622 2515 0.
1644 2489 1661 2515 1.
1684 2491 1706 2516 l.
1725 2491 1749 2516 2.
1786 2489 1826 2516 111.
1850 2491 1916 2518 Gn.
1939 2490 2016 2526 Magi.

1179 2541 1276 2563 stratus
1296 2534 1337 2560 sui
1355 2538 1481 2569 tempore.
1501 2536 1525 2557 et
1545 2536 1606 2568 post
1624 2542 1677 2558 non
1696 2542 1779 2570 pauco
1798 2537 1924 2570 tempore.
1943 2532 1973 2560 fr.
1991 2534 2014 2559 9.

1179 2581 1200 2614 5.
1217 2581 1256 2605 10.
1276 2578 1308 2605 de
1327 2576 1392 2603 adm.
1412 2584 1461 2601 rer.
1482 2573 1514 2600 ad
1534 2575 1582 2600 civ.
1596 2576 1638 2601 50.
1653 2576 1676 2601 8.
1714 2574 1764 2602 Pro
1784 2585 1867 2612 pauco
1886 2575 2015 2602 frumento

1181 2623 1309 2656 (retinere
1334 2618 1519 2645 substantiam.
1544 2626 1580 2643 sc.
1605 2618 1770 2654 agrestium.)
1798 2617 1864 2644 Nov.
1885 2619 1926 2644 33.
1950 2627 1971 2644 c.
1991 2618 2013 2643 l.

1182 2665 1247 2691 Nor.
1265 2665 1307 2690 34.
1326 2660 1406 2698 praes.
1443 2660 1477 2686 Et
1496 2661 1518 2687 si
1538 2670 1590 2686 non
1609 2660 1649 2688 X.
1669 2660 1716 2687 sed
1735 2661 1872 2697 pauciores
1892 2660 2015 2693 (inveniri

1181 2706 1306 2746 possint.)
1326 2704 1355 2731 t'r.
1375 2706 1398 2729 8.
1418 2704 1439 2737 5.
1460 2706 1484 2730 2.
1504 2703 1537 2730 de
1556 2703 1631 2739 legat.
1651 2703 1682 2729 II.
1704 2703 1770 2736 (31.)
1790 2703 1822 2730 cf.
1843 2702 1898 2730 Gai.
1917 2701 1958 2728 Ill.
1973 2703 2014 2728 42.

1182 2751 1210 2777 Si
1225 2765 1256 2770 -
1275 2748 1412 2786 pauciores
1431 2756 1473 2773 res
1493 2746 1655 2784 possidebat,
1674 2745 1770 2772 deind-2
1787 2745 1892 2772 aliarum
1911 2754 2016 2781 quoquc

1181 2802 1267 2819 rerum
1285 2791 1482 2828 possessiouem
1496 2789 1630 2816 adsumsit.
1650 2788 1681 2815 sr.
1694 2790 1734 2815 41.
1753 2799 1790 2826 pr.
1810 2788 1842 2815 de
1860 2787 1948 2813 hered.
1962 2792 2014 2824 pet.

1182 2837 1206 2862 5.
1225 2837 1248 2861 3.
1287 2834 1389 2866 Cei-tas,
1410 2838 1435 2860 et
1454 2834 1600 2870 pauciores,
1620 2841 1711 2859 causas
1731 2839 1885 2858 enumerare.
1909 2829 1955 2856 Iul.
1975 2840 2015 2867 ep.

1956 2883 2015 2899 nov.
