2197 3121
249 175 314 205 240

252 254 500 284 commendandum.
521 254 616 281 sactum
636 254 679 280 sit.
708 252 740 279 fr.
761 254 800 278 14.
821 252 843 286 5.
863 253 887 278 4.
908 250 940 278 de
959 250 1032 287 relig.
1053 251 1094 277 11.

251 302 276 327 7.
313 299 471 326 Saltuarium
491 297 580 324 tuendi
601 302 625 323 ct
640 295 807 323 custodiendi
822 295 894 322 fundi
908 295 997 330 magiS.
1018 303 1095 330 quam
1115 297 1117 329 (¹

252 342 369 370 colendi.
388 347 506 379 paratum
526 350 592 367 esse.
621 340 651 366 fr.
671 342 713 365 60.
733 339 755 373 5.
774 340 798 365 3.
819 338 851 365 de
868 338 944 373 legat.
963 336 1005 362 III.
1026 336 1094 369 (32.)

253 385 285 413 cf.
305 385 335 412 fr.
358 386 395 411 16.
416 385 481 418 5.1.
510 384 542 410 de
562 393 610 409 usu
631 387 656 409 et
675 382 756 408 habit.
777 383 800 408 7.
819 383 843 408 8.
885 380 945 407 Non
964 379 1094 417 possidet,
1116 399 1118 421 3

252 428 301 456 sed
324 429 413 465 potius
439 426 563 453 custodit.
597 425 627 452 t‘r.
650 427 672 452 l.
696 426 718 459 5.
739 427 762 452 9.
792 426 844 460 Qu.
869 424 975 460 legator.
1004 424 1047 450 43.
1070 424 1095 449 3.

251 472 376 499 Exactam
396 470 555 506 diligentiam
575 467 764 495 custodiendae
788 469 825 495 rei
851 471 993 505 praestare.
1020 466 1052 492 fr.
1072 468 1096 493 1.

251 516 275 549 5.
294 516 318 540 4.
338 513 371 541 de
391 514 423 540 Ο.
444 518 469 539 et
487 513 519 538 Α.
539 514 581 539 44.
602 514 625 539 7.
666 511 836 548 Negligenter
855 515 922 537 cust.
954 509 1024 536 Coll.
1042 508 1095 536 LL.

251 557 286 585 nl.
305 556 362 584 XII.
383 559 406 583 7.
438 571 471 575 -—
501 556 532 588 ξ.
557 557 592 582 2.
624 556 814 586 Observare,
841 555 966 586 Colere,
991 554 1094 588 Sequi.
1117 549 1118 568 l

252 600 271 627 I.
298 602 360 634 Sy.
389 599 509 626 Servare.
538 597 568 624 fr.
587 599 629 624 32.
649 608 688 634 pr.
709 598 730 631 5.
752 599 774 623 l.
800 596 832 623 de
852 596 903 623 LL.
926 598 949 623 l.
967 597 992 622 3.
1021 596 1051 622 fr.
1073 597 1095 622 1.

252 643 283 670 fr.
304 645 326 669 7.
351 642 383 669 dv
407 651 476 668 serv.
501 646 604 678 export.
630 643 670 666 18.
691 642 714 666 7.
758 639 917 666 Observare..
947 639 979 666 t‘r.
998 641 1040 665 20.
1064 637 1096 665 dc
1117 638 1119 645 ⁴

251 686 337 713 fideic.
358 685 422 711 libb.
446 686 488 710 40.
508 687 532 710 5.
574 683 618 710 ΠΙ.
640 684 706 710 011.
734 682 763 709 Si
784 682 833 709 hoc
853 682 895 709 vel
916 683 942 709 in
962 682 1097 719 praesenti

252 739 304 756 non
323 728 402 755 fuerit
421 727 589 755 custoditum.
610 725 652 752 vel
672 730 763 763 postea
778 730 971 752 commutatum.
997 724 1046 751 Th.
1064 724 1095 751 C.

251 772 309 799 XII.
328 773 352 799 6.
377 782 398 798 c.
417 774 460 798 30.
484 770 517 797 dc
536 774 682 806 susceptor.
702 779 792 806 praep.
835 768 969 795 Observet
989 769 1041 800 sic,
1068 772 1096 794 ut

251 825 358 853 semper
376 819 417 841 est
436 813 605 841 custoditum.
634 812 671 839 lb.
691 812 710 838 I.
729 814 754 838 2.
775 822 795 838 c.
817 813 840 838 1.
861 811 966 845 (ch.)
992 811 1025 838 de
1044 810 1096 837 div.

251 868 333 885 rescr.
370 857 422 884 Pro
442 857 498 893 lege
518 855 667 882 custoditur
687 856 844 888 (inveterata
860 854 1046 887 consuetudo).
1066 853 1097 880 fr.

251 903 294 928 32.
315 902 337 936 5.
358 903 381 927 1.
401 900 433 927 de
452 899 505 926 LL.
527 901 549 926 l.
568 900 593 925 3.
630 898 683 925 Ista
707 897 811 935 regula,
831 908 856 924 v.
876 898 961 930 Idem,
982 896 1097 924 custodi·
1118 898 1120 917 l

252 950 303 971 tur.
339 943 408 971 Coll.
427 942 480 969 LL.
500 942 533 969 Μ.
557 942 591 968 X.
615 944 639 968 2.
664 941 694 968 t'r.
716 943 739 968 7.
763 940 891 977 Quemad.
912 942 1002 967 servit.
1028 942 1052 966 8.
1072 940 1096 965 6.
1119 954 1120 963 1

252 987 284 1014 fr.
304 989 346 1014 41.
371 987 393 1021 5.
415 988 437 1013 l.
462 985 495 1012 de
519 990 647 1012 excusatt.
671 986 714 1011 27.
739 986 762 1011 l.

253 1031 438 1067 (antiquorum
463 1028 659 1061 aedificiorum)
685 1032 750 1054 cust.
784 1027 815 1053 fr.
836 1029 876 1053 ll.
900 1037 940 1064 pr.
964 1026 997 1053 de
1021 1026 1048 1052 S.
1068 1025 1097 1052 P.

252 1073 285 1100 V.
310 1074 334 1100 8.
353 1075 378 1099 2.
422 1072 543 1103 Pactum,
572 1081 596 1098 v.
617 1071 774 1108 Supremum
802 1069 926 1096 iudicium
955 1074 1003 1096 etc.
1032 1073 1097 1095 cust.

252 1116 283 1143 sr.
304 1117 345 1142 18.
371 1115 404 1142 de
427 1120 496 1153 pact.
517 1114 571 1141 dot.
594 1116 636 1140 23.
657 1115 681 1140 4.
715 1113 746 1140 sr.
767 1114 807 1139 70.
833 1112 865 1138 de
889 1111 965 1139 cond.
986 1117 1011 1138 et
1030 1111 1097 1138 dem.

252 1161 294 1186 35.
316 1160 339 1185 l.

290 1202 438 1229 Custos.
477 1202 598 1232 Curae,
625 1202 672 1226 rel
689 1201 877 1231 custodiae,
903 1204 966 1225 tam
989 1208 1121 1237 perso-¹

252 1254 367 1272 narum
393 1253 486 1278 quam
511 1253 630 1274 rerum,
649 1244 847 1278 praefectus.
884 1241 927 1268 ΙΙΙ.
952 1242 1017 1268 Cn.
1036 1241 1099 1268 Dati
1120 1243 1122 1271 ὲ

254 1292 325 1319 sunt,
346 1287 421 1323 quasi
441 1286 626 1312 observatores
647 1290 720 1311 aetus
741 1286 796 1311 eius
817 1289 843 1310 et
861 1284 994 1310 custodes.
1023 1283 1054 1311 sr.
1073 1286 1098 1311 3.
1120 1282 1122 1289 χ

253 1331 276 1366 5.
295 1332 320 1357 2.
341 1329 373 1356 de
392 1328 458 1355 adm.
479 1333 504 1355 et
523 1329 604 1365 peric.
623 1329 665 1354 26.
686 1329 708 1354 7.
747 1327 776 1354 Si
796 1327 912 1354 sui-iosus
932 1332 986 1359 est.
1007 1343 1040 1346 —
1059 1332 1100 1353 ast

254 1375 278 1401 ei
304 1377 394 1399 custos
418 1382 466 1398 nec
491 1372 564 1397 escit.
598 1370 628 1397 L.
652 1370 710 1397 ΧΠ.
736 1370 820 1397 Tabb.
845 1369 876 1396 V.
903 1371 925 1396 7.
967 1369 1099 1397 Heredum

807 984 928 1010 Formam
953 994 983 1010 ac
1001 988 1097 1009 statum
1119 980 1120 1008 ἶ

254 1421 353 1443 custos.
381 1414 468 1441 Valer.
488 1413 568 1440 Prob.
589 1413 622 1440 de
640 1418 694 1440 not.
713 1413 745 1440 R.
763 1423 788 1439 v.
809 1412 840 1439 C.
859 1412 891 1439 H.
933 1413 987 1448 Qui
1013 1417 1100 1439 custo-

254 1459 304 1486 des
324 1458 434 1489 aedium,
453 1457 496 1484 vel
516 1456 667 1489 archeotae.
692 1456 734 1483 vel
753 1455 908 1493 logographi
928 1461 977 1482 etc.
1008 1455 1038 1482 fr.
1059 1458 1099 1482 15.

253 1503 276 1537 5.
297 1503 336 1528 10.
357 1501 471 1527 demun.
492 1504 517 1526 et
538 1499 599 1526 hon.
621 1501 663 1526 50.
677 1501 702 1526 4.
738 1499 768 1526 111
788 1499 931 1531 dominum,
951 1498 994 1525 vel
1014 1504 1100 1526 custo-

254 1545 313 1572 dem
333 1545 413 1576 (actio
433 1543 530 1575 datur).
560 1542 635 1569 Paul.
656 1542 675 1569 Ι.
697 1544 738 1569 15.
758 1542 795 1576 55.
809 1544 833 1568 2.
849 1551 888 1578 sq.
925 1541 969 1568 Ad
981 1547 1100 1569 ventrem

254 1586 463 1625 inspiciendum,
489 1585 747 1622 observandumque.
773 1584 898 1612 custodes
922 1586 1027 1612 mittere
1051 1590 1099 1612 etc.

253 1630 292 1657 lb.
311 1630 342 1657 II.
362 1631 404 1656 24.
425 1630 463 1663 55.
477 1631 501 1654 5.
517 1638 575 1665 sqq.
597 1628 627 1654 fr.
643 1630 665 1654 1.
679 1638 719 1665 pr.
740 1628 761 1662 5.
783 1630 823 1654 10.
843 1627 876 1654 de
895 1632 987 1654 ventre
1005 1628 1100 1665 inspic.

253 1676 296 1700 25.
315 1675 341 1699 4.
378 1672 441 1699 Sive
459 1671 588 1698 custodiri
608 1672 702 1708 potuit.
723 1681 756 1697 ue
775 1670 897 1697 damnum
911 1670 1026 1702 daretur,
1044 1672 1101 1697 sive.
1122 1700 1123 1712 ἵ

254 1718 313 1754 ipse
332 1720 422 1742 custos
442 1714 566 1741 damnum
585 1713 666 1741 dedit.
686 1714 717 1740 t'r.
737 1715 778 1740 41.
799 1713 877 1740 locat.
899 1715 939 1740 19.
959 1716 983 1740 2.
1122 1720 1123 1734 ¹

291 1759 492 1793 Cyclassae.
526 1759 628 1792 Aegei
646 1759 748 1783 maris
768 1759 896 1783 insulae
917 1759 1020 1788 (circa
1043 1758 1101 1784 De-

255 1805 333 1832 lon).
370 1801 412 1828 III.
439 1802 505 1828 Cn.
534 1800 653 1827 Subiecit
674 1801 697 1826 ei
717 1801 773 1833 (sc.
794 1799 936 1835 Quaestori
957 1801 1100 1833 exercitus)

256 1850 282 1871 et
298 1844 329 1871 V.
348 1845 507 1882 [ιι-0111101115,
527 1844 543 1870 i.
559 1854 579 1870 e.
595 1842 740 1879 Scythiam,
761 1848 786 1869 et
805 1843 926 1879 Mysiam.
947 1847 973 1869 et
988 1842 1100 1873 Cariam,

257 1893 283 1915 ct
302 1897 392 1914 omnes
412 1886 544 1922 Cycladas
565 1885 674 1918 insulas,
695 1891 719 1912 et
740 1885 860 1923 Cyprum
879 1890 968 1912 totam.
1006 1885 1100 1912 Iuliani

257 1931 320 1968 epit.
340 1940 400 1956 nov.
421 1940 442 1956 c.
461 1931 503 1956 32.
523 1930 625 1963 5166.

293 1973 523 2007 Cydoneam.
561 1973 656 1999 Potio
680 1981 716 1998 ex
732 1973 844 2006 pomis.
882 1971 926 1998 ΙΙΙ.
950 1973 1016 1999 Cn.
1049 1971 1102 2008 Cy·
1122 2000 1123 2009 ἵ

257 2016 384 2047 doneum.
409 2020 435 2041 et
459 2016 483 2041 si
502 2025 552 2052 qua
572 2014 620 2041 alia
640 2019 702 2040 suut
722 2024 787 2051 quae
807 2025 860 2041 non
880 2025 912 2041 ex
931 2016 1007 2041 vinea
1026 2015 1100 2041 fiunt.
1121 2017 1124 2032 t

258 2058 288 2086 fr.
307 2060 330 2085 9.
350 2069 390 2095 pr.
410 2057 443 2084 de
462 2059 515 2084 trit.
535 2058 605 2084 vino.
624 2059 666 2083 323.
686 2059 710 2083 6.

293 2101 474 2135 cylindri.
513 2103 658 2127 Gemmae
681 2102 824 2137 figurae
849 2103 1015 2137 oblongae.
1057 2101 1099 2128 ΙΙΙ,

258 2144 325 2172 (Ιη-
353 2144 544 2170 Ornamentum
568 2142 742 2169 mamillarum
767 2154 798 2170 ex
823 2143 951 2180 cylindris
976 2144 1100 2171 XXXIV.

259 2191 286 2213 et
304 2187 435 2223 tympanis
454 2187 600 2223 margaritis
626 2185 750 2213 LXXIV.
780 2186 810 2213 fr.
830 2189 872 2213 32.
897 2187 919 2221 5.
940 2189 963 2214 9.
988 2187 1025 2214 dc:
1039 2197 1101 2214 auro

262 2239 314 2265 arg.
334 2231 375 2255 34.
395 2232 419 2255 2.
1123 2230 1125 2254 Ι

295 2272 502 2305 Gymbium.
550 2275 654 2300 Genus
683 2274 771 2299 vasis
797 2274 931 2306 potorii.
972 2273 1014 2299 III.
1036 2275 1125 2301 Cas,

260 2314 372 2351 Cymbia
398 2320 532 2350 argentea,
556 2316 652 2341 crustis
677 2315 763 2342 aureis
789 2315 894 2351 illigata.
926 2315 956 2342 [ι’.
975 2318 1017 2343 32,
1037 2317 1102 2351 5.1.

260 2357 296 2384 ib.
314 2358 356 2383 34.
375 2358 400 2383 2.

296 2401 544 2434 cyprogenia.
574 2403 690 2428 Numen
709 2403 864 2428 ancillae.
896 2402 938 2428 111.
959 2403 1025 2429 Cn.
1045 2401 1105 2428 Plu·
1124 2432 1126 2438 Ι

261 2454 304 2470 res
324 2448 481 2470 testamento
500 2445 692 2475 manumiserat‚
712 2445 739 2470 in
759 2444 855 2480 quibus
869 2444 994 2471 Sabinam
1014 2450 1040 2471 et
1053 2445 1105 2481 Cy·
1125 2442 1126 2448 ¹

261 2487 421 2524 progeniam.
451 2486 480 2512 sr.
499 2488 541 2512 29.
563 2485 595 2512 de
614 2486 666 2512 reb.
688 2486 749 2513 dub.
769 2489 810 2514 34.
831 2489 856 2514 5.

297 2530 452 2563 Cyprus.
495 2530 610 2556 Insula
634 2539 751 2563 magua
779 2533 880 2557 maris
911 2532 1104 2558 mediterra—

263 2574 320 2599 nei.
362 2572 405 2598 ΙΙΙ.
427 2574 492 2600 Cn.
521 2572 622 2598 Omnes
646 2571 779 2607 Cycladae
803 2573 919 2606 insulae,
949 2578 974 2599 et
997 2572 1105 2610 Cyprus

265 2619 326 2640 tota.
364 2615 404 2641 Cs.
425 2625 449 2641 v.
470 2614 611 2650 Cycladae.
648 2613 784 2640 Adhibitis
805 2615 865 2642 lidis
885 2616 1054 2649 custodibus,
1073 2615 1106 2643 ad

266 2657 383 2694 Cyprum
408 2658 520 2684 insulam
547 2656 712 2695 perducatur.
750 2656 799 2683 Th.
820 2658 851 2684 C.
881 2658 925 2684 IX.
949 2661 991 2685 40.
1023 2670 1044 2685 c.
1066 2661 1105 2685 17.
1126 2662 1128 2666 '

265 2700 298 2726 du
320 2710 396 2736 poen.

301 2743 537 2775 Cyrenensis.
565 2743 696 2776 (Adiect.)
729 2744 941 2778 Cyrenaicus.
979 2743 1020 2770 Ill.
1041 2745 1106 2772 Cn.

267 2784 302 2811 Vt
321 2783 353 2810 de
373 2786 508 2820 provincia
528 2786 677 2821 Cyrenensi
696 2786 844 2822 Aquileiam
865 2787 1004 2821 navigaret.
1025 2786 1107 2813 [1261.

267 2828 288 2861 5.
311 2828 332 2853 l.
353 2826 430 2853 locat.
450 2829 489 2853 19.
508 2830 532 2853 2.

1129 2872 1131 2879 ι

1118 880 1119 890 ¹
1141 870 1174 874 —
1204 853 1398 890 dactyliotheca
1426 854 1553 890 (legata).
1587 854 1624 881 Ib.
1649 854 1666 881 l.
1692 854 1710 881 l.

979 168 1064 200 CVS
1087 185 1130 190 ——
1151 168 1259 199 ΒΑΜ.

1174 250 1395 284 Cyzicenus.
1415 250 1544 283 (Adiect.)
1573 252 1620 277 Ad
1638 251 1789 286 Cyzicum
1806 253 1980 286 pertinens.

1138 293 1181 320 III.
1202 294 1268 321 Cn.
1298 292 1433 330 Operarii‚
1454 295 1499 330 qui
1517 293 1644 330 Cyziceni
1663 293 1707 327 [al.
1729 293 1872 330 Cyzaceni]
1892 294 1981 322 dicun-

1139 340 1188 363 tur.
1218 347 1239 363 c.
1261 338 1283 362 7.
1303 336 1342 363 de.
1355 336 1464 372 aquaed.
1484 338 1524 363 11.
1544 339 1584 363 42.

1138 448 1305 494 Dacia.
1325 467 1520 499 Provincia,
1539 469 1689 503 regiones
1708 474 1772 494 tam
1791 470 1876 495 citra
1890 477 1982 502 quam

1118 528 1119 535 1
1140 513 1230 537 ultra
1250 511 1372 537 latrum
1391 511 1663 544 comprehendens.
1700 510 1742 537 Ill.
1758 512 1824 538 Gn.
1842 509 1983 537 Praesides

1141 553 1277 589 Syriarum
1297 557 1323 579 et.
1342 552 1490 579 Daciarum.
1519 552 1549 579 fr.
1564 555 1587 580 7.
1607 554 1629 588 5.
1644 555 1684 580 14.
1705 553 1738 581 de
1751 553 1845 581 interd.
1860 559 1885 581 et
1903 552 1982 589 releg.

1140 599 1182 623 48.
1201 598 1243 622 22.
1284 596 1412 632 Episcopi
1435 595 1534 622 Daciae
1556 596 1761 624 mediterraneae
1786 602 1812 624 et
1830 596 1928 624 Daciae
1950 597 1984 622 ri·

1140 640 1240 676 pensis,
1268 638 1361 665 Iuliani
1381 639 1443 675 epit.
1462 648 1522 665 nov.
1547 649 1568 666 e.
1589 641 1646 666 119.
1671 641 1693 674 5.
1713 636 1772 667 508.
1801 640 1833 667 cs.
1859 650 1880 666 c.
1899 641 1923 665 4.
1951 638 1984 665 de

1140 681 1237 708 metall.
1258 683 1298 708 11.
1318 683 1342 708 6.
1363 692 1384 708 c.
1406 684 1445 708 10.
1466 681 1499 708 de
1518 681 1570 709 div.
1590 683 1634 709 off.
1655 684 1695 710 12.
1715 684 1757 709 60.

1174 725 1475 759 Dactyliotheca.

1140 770 1288 802 capsula.

1530 726 1710 752 Anulorum
1747 727 1886 758 arcula,
1927 734 1983 752 seu

1336 767 1355 794 I.
1385 769 1446 802 Sy.
1483 767 1584 800 Theca.
1616 768 1753 795 anulorum
1782 778 1859 795 causa
1886 772 1984 805 parata.

1141 810 1172 837 sr.
1192 813 1233 837 52.
1253 811 1275 845 5.
1294 812 1318 837 8.
1339 811 1371 838 de
1390 811 1468 847 legat.
1487 810 1530 837 Ill.
1551 811 1628 845 (32.)
1665 811 1708 838 III.
1724 813 1789 839 Cn.
1808 811 1984 843 Bibliotheca,

1755 853 1985 891 Dactyliothecam

1141 907 1233 927 meam.
1253 902 1278 923 et
1292 899 1314 924 si
1329 908 1395 934 quos
1409 902 1543 935 praeterea
1558 897 1651 924 anulos
1665 897 1758 924 habeo.
1782 897 1820 924 lb.
1834 897 1853 924 l.
1867 897 1884 924 l.
1900 897 1967 930 (32.)

1176 941 1361 968 Daemon.
1383 942 1505 968 Genius
1525 943 1636 967 malus.
1666 940 1782 968 1111311.
1802 940 1831 967 Si
1844 939 1985 977 aliquando

1143 984 1169 1009 in
1198 983 1367 1010 exsecrandis
1396 983 1551 1010 daemonum
1579 984 1718 1010 sacrificiis
1745 984 1843 1010 fuerint
1869 993 1986 1020 compre-

1142 1026 1219 1052 hensi
1238 1028 1293 1059 (sc.
1312 1027 1430 1063 pagani).
1466 1025 1516 1053 Th.
1537 1026 1568 1053 C.
1586 1026 1658 1053 XVI.
1679 1029 1718 1053 10.
1740 1037 1761 1053 c.
1781 1028 1823 1053 23.
1844 1026 1876 1053 de
1894 1036 1985 1064 pagan.

1143 1069 1276 1095 Invocatio
1297 1068 1459 1096 daemonum.
1488 1068 1600 1107 Interpr.
1620 1069 1652 1096 ad
1672 1069 1722 1096 Th.
1743 1070 1774 1096 C.
1794 1069 1838 1096 IX.
1860 1070 1900 1096 16.
1921 1079 1942 1096 c.
1961 1070 1985 1095 3.

1143 1122 1182 1149 sq.
1204 1122 1225 1139 c.
1246 1114 1270 1138 7.
1290 1111 1322 1138 de.
1341 1112 1451 1139 malefic.

1177 1155 1405 1189 Dagogiani.
1443 1154 1485 1182 Cf.
1504 1164 1528 1181 v.
1548 1154 1745 1192 Paedagogiani.

1177 1199 1384 1225 Dalmatia.
1421 1199 1562 1233 Illyrici
1585 1201 1686 1234 regio.
1723 1197 1766 1225 III.
1787 1199 1853 1226 Cn.
1883 1197 1987 1224 Dalma-

1144 1242 1194 1268 tiae
1218 1241 1310 1273 litora,
1335 1251 1479 1277 omnesque
1504 1240 1612 1268 insulae.
1644 1241 1694 1268 Th.
1718 1241 1749 1268 C.
1774 1240 1818 1268 Vl.
1837 1242 1879 1267 29.
1904 1251 1925 1267 c.
1946 1242 1986 1267 12.

1144 1284 1176 1311 de
1196 1285 1291 1310 curios.

1177 1329 1321 1358 Dama,
1347 1337 1368 1354 ε.
1388 1329 1545 1354 Damas.
1583 1329 1676 1354 Servi
1700 1337 1816 1354 nomen.
1853 1326 1896 1353 111.
1921 1328 1987 1355 Gn.

1144 1370 1174 1396 Si
1194 1369 1316 1402 Stichus,
1341 1375 1385 1397 aut.
1404 1371 1500 1398 Dama.
1526 1371 1597 1397 servi
1622 1371 1685 1402 mei.
1712 1370 1758 1403 (in
1782 1374 1914 1407 potestate
1931 1379 1988 1396 mea

1122 1444 1123 1451 ἵ
1145 1418 1232 1445 erunt.
1253 1423 1311 1439 cum
1334 1414 1455 1447 moriar.)
1485 1413 1516 1440 fr.
1535 1415 1577 1440 29.
1602 1413 1624 1447 5.
1644 1415 1668 1440 4.
1694 1412 1726 1440 de
1745 1412 1821 1449 legat.
1841 1412 1883 1439 III.
1905 1412 1988 1446 (32.)

1145 1456 1174 1483 Si
1193 1456 1301 1483 Stichus
1321 1461 1347 1483 et
1365 1456 1463 1483 Damas
1483 1461 1509 1482 et
1526 1456 1680 1494 Pamphilus
1705 1457 1748 1490 (tc
1767 1455 1987 1493 promeruerint).

1145 1499 1174 1526 fr.
1194 1501 1236 1526 41.
1255 1500 1277 1534 5.
1298 1501 1321 1526 l.
1351 1499 1383 1526 de
1408 1499 1495 1526 fideic.
1520 1499 1584 1526 libb.
1609 1501 1651 1526 40.
1676 1501 1701 1526 5.
1748 1498 1898 1536 Stipulatus
1921 1507 1987 1530 sum,

1122 1567 1123 1588 ἰ
1145 1543 1255 1611 {kullam
1279 1547 1323 1569 aut
1345 1542 1454 1569 Erotem
1478 1552 1584 1570 servum
1607 1542 1671 1570 dari.
1709 1541 1740 1569 fr.
1762 1543 1819 1568 105.
1849 1541 1881 1568 de
1900 1540 1932 1567 V.
1953 1540 1986 1567 O.

1162 1595 1185 1612 a.
1224 1608 1229 1612 .

1179 1630 1380 1655 namatus.
1418 1629 1535 1655 Nomen
1552 1630 1735 1664 pontificis
1754 1637 1826 1654 rom.
1864 1626 1907 1653 III.
1922 1627 1988 1654 Gn.

1146 1672 1232 1707 Quam
1252 1673 1301 1703 (sc.
1315 1670 1481 1707 religionem)
1501 1671 1536 1698 D.
1554 1670 1660 1697 Petrum
1679 1670 1829 1708 apostolum
1847 1669 1988 1696 tradidisse

1146 1714 1272 1741 Romanis
1296 1729 1329 1733 ·-—
1354 1713 1482 1745 declarat,
1511 1724 1641 1750 quamque
1668 1713 1821 1751 pontificem
1845 1712 1989 1739 Damasum

1146 1758 1221 1794 sequi
1241 1756 1334 1788 claret,
1359 1761 1385 1782 et
1403 1755 1523 1788 Petrum.
1547 1756 1724 1783 Alexandriae
1744 1757 1905 1794 episcopum.
1938 1754 1987 1782 Th.

1146 1800 1177 1827 C.
1197 1799 1270 1827 XYI.
1292 1801 1314 1825 l.
1335 1809 1356 1826 c.
1378 1801 1400 1826 l.
1420 1809 1459 1837 pr.
1482 1799 1514 1825 de
1533 1798 1586 1825 fide
1605 1798 1701 1826 cathol.

1181 1842 1434 1870 Damnabilis.
1462 1841 1590 1876 (Adiect.)
1620 1843 1841 1873 Damnaudus,
1861 1842 1988 1868 Abomi-

1145 1889 1277 1913 nandus.
1324 1884 1366 1911 III.
1388 1886 1454 1913 Gn.
1487 1884 1651 1911 Damnabilis
1676 1890 1702 1911 et
1725 1883 1864 1911 interdicta
1883 1885 1988 1911 omnino

1146 1931 1201 1963 (ars
1221 1928 1424 1961 mathematica).
1445 1938 1466 1954 c.
1484 1930 1509 1955 2.
1529 1928 1562 1955 dc
1581 1927 1691 1954 malefic.
1710 1929 1734 1954 9.
1756 1929 1796 1954 18.
1823 1925 1988 1957 Damnafflle,

1145 1972 1187 1999 vel
1206 1971 1369 2009 puniendum
1388 1971 1491 2007 legibus
1511 1972 1644 2004 (crimen).
1670 1970 1767 2007 Interp.
1781 1969 1814 1996 ad
1828 1969 1878 1996 Th.
1897 1968 1928 1996 C.
1941 1968 1988 1995 ΙΧ.

1146 2018 1169 2042 l.
1190 2026 1212 2042 c.
1234 2017 1256 2041 1.
1281 2013 1314 2041 de
1337 2024 1423 2041 accus.
1450 2019 1477 2040 et.
1499 2015 1577 2040 inser.
1621 2013 1650 2039 In
1674 2012 1790 2039 fraudem
1816 2028 1848 2032 —
1872 2011 1988 2038 elicitum

1122 2073 1123 2085 t
1146 2057 1288 2085 damnabili
1307 2056 1472 2094 obreptione.
1504 2056 1554 2083 Th.
1574 2055 1605 2082 C.
1625 2055 1670 2081 XI.
1692 2057 1713 2081 1.
1735 2065 1756 2081 c.
1775 2057 1817 2081 20.
1842 2054 1874 2081 de
1893 2065 1988 2082 annon.

1146 2106 1171 2127 et
1190 2100 1280 2127 tribut.
1301 2099 1352 2132 (ef.
1371 2099 1390 2126 I.
1409 2102 1433 2126 2.
1455 2110 1476 2126 c.
1497 2100 1519 2125 7.
1540 2098 1572 2125 de
1591 2098 1643 2125 div.
1663 2099 1761 2131 roser.)

1179 2145 1387 2171 Damnare.
1429 2143 1460 2175 §.
1488 2143 1523 2168 1.
1557 2143 1686 2169 [udicio
1716 2143 1931 2168 condemnare.
1968 2140 1987 2167 1.

1146 2187 1207 2220 Sy.
1245 2185 1436 2212 Condemnare.
1465 2184 1523 2211 Gai.
1543 2184 1585 2211 111.
1605 2185 1664 2210 224.
1682 2182 1727 2210 IV.
1741 2184 1782 2209 46.
1798 2185 1839 2210 52.
1857 2185 1914 2210 178.
1929 2184 1988 2210 18⁰.

1147 2230 1205 2256 182,
1235 2228 1305 2255 Coll.
1319 2227 1372 2255 LL.
1386 2228 1418 2255 M.
1432 2228 1466 2254 X.
1485 2230 1510 2254 2.
1548 2227 1618 2254 Dare
1637 2228 1676 2260 (in
1690 2236 1757 2263 opus
1770 2226 1905 2263 publicum
1925 2226 1988 2260 etc.)

1146 2272 1178 2299 fr.
1198 2275 1221 2299 4,
1245 2272 1311 2306 5.1.
1337 2271 1370 2297 de
1393 2270 1496 2297 incend.
1520 2271 1602 2297 ruina.
1627 2271 1668 2295 47.
1688 2270 1711 2295 9.
1745 2268 1774 2295 l'r.
1794 2272 1818 2295 ὅ.
1845 2269 1866 2302 5.
1891 2271 1931 2296 12.
1956 2268 1989 2295 dc

1147 2325 1224 2353 poen.
1242 2316 1283 2342 48.
1306 2316 1345 2341 19.
1382 2314 1508 2341 Damnari
1530 2313 1599 2339 dare.
1636 2312 1784 2338 Aestimari.
1822 2312 1988 2339 Aestimatio-

1124 2364 1125 2380 ἱ
1149 2369 1207 2384 nem
1226 2358 1290 2384 sieri.
1321 2356 1378 2383 Gai.
1397 2357 1439 2383 lll.
1459 2359 1518 2383 210.
1538 2366 1596 2392 sqq.
1616 2357 1675 2381 214.
1694 2357 1753 2381 218.
1774 2365 1813 2391 sq.
1855 2354 1897 2381 ΠΙ.
1921 2356 1988 2382 Gn·

1148 2401 1302 2432 Damnatus.
1323 2405 1456 2437 pactusvc.
1489 2398 1519 2425 sr.
1541 2401 1563 2425 1.
1589 2398 1619 2424 t'r.
1639 2401 1662 2424 4.
1683 2398 1704 2431 5.
1725 2400 1748 2424 5.
1773 2398 1803 2424 l'r.
1823 2399 1846 2424 6.
1866 2398 1888 2431 5.
1906 2399 1931 2424 3.
1956 2396 1987 2424 fr.

1149 2446 1171 2470 7.
1192 2442 1224 2469 de
1243 2443 1268 2469 h.
1288 2453 1330 2480 qu.
1351 2448 1404 2469 not.
1425 2442 1511 2468 insani.
1530 2443 1554 2468 3.
1574 2444 1598 2467 2.
1628 2442 1684 2467 tini.
1705 2440 1749 2467 IV.
1770 2443 1828 2467 152.
1855 2440 1919 2467 Tab.
1939 2439 1988 2466 He-

1149 2485 1210 2512 racl.
1230 2485 1275 2512 lin.
1294 2488 1336 2512 36.
1356 2495 1407 2512 aer.
1429 2484 1510 2521 Neap.
1546 2484 1626 2520 Quod
1646 2489 1673 2510 tu
1692 2483 1755 2510 mihi
1774 2483 1913 2511 iudicatus.
1932 2483 1988 2509 sive

1149 2529 1285 2556 damnatus
1304 2539 1340 2555 es.
1370 2528 1426 2555 Gai.
1447 2527 1490 2554 IV.
1511 2529 1552 2553 21.
1591 2527 1784 2554 condemnatio
1808 2534 1987 2563 personarum,

1149 2582 1216 2608 quae
1234 2573 1260 2598 in
1279 2571 1306 2598 id
1325 2569 1396 2607 quod
1415 2569 1500 2597 facere
1517 2575 1631 2607 possunt
1650 2569 1811 2597 damnantur.
1831 2568 1862 2595 sr.
1878 2570 1933 2595 173.
1947 2576 1986 2604 pr.

1149 2615 1182 2641 de
1200 2615 1232 2642 R.
1252 2614 1270 2641 1.
1290 2616 1330 2641 50.
1352 2615 1392 2639 17.
1430 2614 1460 2640 Si
1480 2613 1511 2639 ab
1532 2624 1571 2645 co.
1592 2614 1636 2650 qui
1656 2614 1696 2639 ius
1717 2611 1855 2639 damnandi
1875 2620 1927 2637 non
1944 2609 1987 2635 ha—

1150 2658 1220 2690 buit,
1244 2658 1281 2683 rei
1305 2656 1424 2693 capitalis
1449 2657 1507 2693 quis
1533 2656 1669 2682 ‹lanmatus
1693 2656 1735 2682 sit.
1768 2655 1797 2682 lr.
1817 2657 1841 2681 2.
1864 2654 1885 2687 5.
1905 2655 1929 2678 2.
1955 2651 1987 2678 de

1126 2714 1129 2736 3
1150 2711 1226 2738 poen.
1245 2701 1342 2726 4819.
1363 2698 1392 2725 fr.
1406 2701 1430 2725 2.
1450 2699 1510 2733 51.
1531 2701 1554 2725 si
1574 2709 1616 2735 qu.
1637 2699 1719 2725 iuius
1734 2708 1791 2724 voc.
1811 2699 1835 2722 2.
1848 2698 1872 2722 5.
1901 2695 1988 2730 Quive

1151 2743 1247 2770 iudicio
1267 2742 1374 2779 publico
1395 2741 1530 2769 damnatus
1550 2743 1612 2773 erit,
1637 2742 1681 2777 qui
1708 2751 1796 2767 eorum
1814 2741 1840 2765 iu
1859 2739 1988 2773 integrum

1151 2786 1289 2813 restitutus
1309 2795 1362 2811 non
1381 2786 1437 2811 erit.
1457 2784 1487 2811 fr.
1500 2786 1524 2811 3.
1544 2785 1565 2818 5.
1580 2786 1603 2810 5.
1625 2784 1657 2810 de
1676 2783 1762 2810 testib.
1781 2784 1822 2808 22.
1836 2783 1860 2807 5.
1881 2780 1911 2807 cs.
1926 2779 1987 2817 le.

1151 2827 1221 2856 XIII.
1240 2830 1265 2854 2.
1295 2827 1360 2854 Tab.
1385 2827 1486 2854 sseracl.
1511 2827 1555 2854 lin.
1579 2828 1620 2852 43.
1641 2836 1699 2863 sqq.
1723 2835 1773 2851 aer.
1794 2824 1874 2860 Neap.
1919 2823 1988 2850 Con-

1928 2875 1988 2892 veu-
