2197 3121
1024 156 1116 187 DES.

213 239 232 266 1.
249 240 312 274 Sy·
338 238 496 276 Exemplum
515 238 667 265 tabularum.
706 236 863 274 Descriptae
884 236 994 263 tabulae.
1022 237 1052 264 sr.

212 283 236 308 4.
256 282 277 315 3.
297 283 321 308 3.
341 282 400 308 sam.
421 292 471 308 erc.
493 284 532 308 10.
552 283 576 307 2.
613 280 643 307 II.
664 282 731 314 011.
760 280 927 316 Descriptae,
948 296 980 299 —
1000 280 1054 306 Au-

212 324 345 350 tlienticae
365 325 504 357 (tabulae.)
529 324 559 350 sr.
579 326 603 349 4.
623 324 645 357 3.
664 324 688 349 3.
714 323 745 349 cl'.
766 322 796 348 fr.
816 325 839 348 5.
859 323 894 349 ib.
916 324 955 349 10.
976 325 1000 349 2.

211 367 245 401 ξ.
265 368 300 393 2.
327 370 504 402 Scriptura
524 368 687 400 expletus,
706 376 725 392 ε.
744 367 931 392 exhaustus.
961 365 1052 400 [Sy.

212 409 343 447 Expletus
364 411 436 443 (as).
465 410 496 436 fr.
518 411 556 435 13.
577 409 598 442 3.
620 410 642 435 7.
668 408 698 434 fr.
721 410 760 434 17.
781 408 817 441 33.
838 410 861 434 2.
882 418 940 444 sqq.
960 408 991 435 fr.
1011 411 1052 435 5).

213 453 235 486 3.
257 454 280 478 l.
300 452 333 479 de
352 452 440 479 liered.
460 454 520 479 inst.
539 453 581 478 28.
601 453 625 478 5.
657 467 689 470 —
718 451 748 483 ᾖ.
769 452 806 477 3.
835 452 879 481 Is,
904 453 944 476 ad
966 461 1051 485 quem
1074 458 1076 482 ξ

213 501 339 529 spectat
368 497 564 529 descriptio,
592 497 640 521 rel
667 495 814 520 indictio.
857 492 899 519 Ill.
922 494 988 519 Cn.
1018 492 1053 519 Vt

213 538 401 565 securitatibus
430 548 523 565 nomen
547 537 696 567 inserentis,
725 536 781 562 dies
806 540 854 561 etc.
879 551 911 554 —
936 546 1054 572 compre--
1074 543 1076 569 ζ

213 579 355 611 hendatur,
381 590 432 617 quo
452 585 476 606 et
497 580 683 617 descriptionis
707 579 824 614 aequitas
843 577 1003 609 illustretur.
1028 583 1053 604 et

214 622 363 660 descriptus
378 622 543 649 documentis
557 621 722 648 evidentibus
738 620 867 647 fulciatur.
888 620 937 647 Th.
951 621 982 647 C.
996 621 1052 647 XII.

214 666 237 690 1.
258 675 279 691 c.
302 667 358 692 173.
379 666 399 699 ξ.
423 665 517 692 1.1.1.

248 709 452 735 Desecare.
485 711 612 738 Secare.
633 708 775 733 Secundo
794 708 936 742 auferre.
962 706 980 733 1.
992 708 1053 741 Sy.

213 749 342 787 Separare.
360 756 427 777 terra
458 751 602 783 (fructus.)
635 749 665 775 fr.
687 750 726 774 12.
751 749 773 782 3.
793 751 816 775 5.
842 749 874 775 de
894 749 960 776 usus.
986 752 1008 776 7.
1030 752 1052 776 1.
1075 749 1076 752 ’

212 791 256 819 111.
277 794 342 820 Cn.
371 794 536 831 Decerpere.
560 791 602 819 vcl
622 791 752 818 desecare.
790 791 831 818 Cf.
851 802 874 818 v.
895 792 1053 830 Det-erpere.

213 835 235 869 ς.
257 837 278 862 1.

248 879 449 908 Deserere.
487 880 517 914 §-
539 880 573 905 1.
602 879 810 912 Relinquere,
832 878 996 905 Omittere.
1035 879 1053 906 1.

212 921 275 956 Sy.
305 921 479 958 Relinquere,
504 920 619 948 Prodere
638 920 741 953 (litem.
762 930 782 946 s.
804 922 932 954 causam.)
962 921 992 948 fr.
1011 924 1053 948 54.

212 964 235 998 3.
257 966 279 991 l.
300 964 332 991 de
351 975 379 991 re
398 964 450 991 iud.
470 966 511 990 42.
532 966 554 990 1.
584 963 656 989 Paul.
676 962 707 989 V.
729 965 751 989 1.
771 964 793 997 3.
808 965 831 990 5.
869 964 998 991 Desinere
1012 964 1054 991 ha-
1075 980 1077 1004 !

212 1006 276 1033 bere
295 1006 555 1040 (consuetudinem.)
584 1006 641 1032 Gai.
661 1005 691 1032 II.
711 1007 752 1032 68.
789 1006 819 1032 II.
839 1008 906 1040 ⁰1).
926 1007 1055 1034 Consum-
1075 1005 1077 1028 ἶ

212 1059 292 1082 mare,
311 1050 427 1087 Explere
447 1049 640 1082 (mandatum.)
667 1049 697 1075 sr.
719 1050 758 1075 17.
778 1050 800 1083 3.
819 1051 844 1075 3.
865 1050 992 1076 commod.
1014 1053 1054 1077 13.

212 1093 237 1119 6.
270 1092 300 1119 fr.
319 1095 361 1119 22.
385 1093 406 1126 3.
428 1093 467 1118 11.
493 1092 523 1119 fr.
543 1094 584 1118 27.
605 1093 626 1126 3.
645 1094 670 1118 2.
695 1091 779 1118 mand.
801 1094 841 1118 17.
863 1095 885 1119 1.
922 1093 964 1119 III.
988 1095 1053 1121 Gn·

213 1135 317 1162 Cedere
341 1145 370 1161 ac
394 1134 524 1161 deserere.
561 1134 610 1161 Th.
635 1133 666 1161 C.
692 1134 747 1161 Vll.
772 1136 811 1161 15.
842 1145 862 1161 c.
882 1137 906 1161 2.
936 1135 968 1162 de
991 1141 1052 1162 terr.

212 1177 288 1204 limit.
326 1176 420 1203 Vtrum
440 1178 500 1214 quis
520 1177 666 1204 deseruerit
685 1177 850 1213 legationem.
870 1188 901 1204 an
920 1189 952 1205 ex
966 1189 1055 1205 neces-

210 1220 280 1246 saria
299 1229 376 1246 causa
395 1230 494 1246 moram
513 1230 609 1258 passus
628 1222 671 1247 sit.
701 1221 731 1246 l‘r.
751 1223 775 1246 2.
795 1221 860 1254 3.1.
880 1221 911 1247 cl'.
932 1221 962 1248 fr.
978 1224 1001 1248 1.
1021 1222 1053 1249 de

209 1261 334 1298 legatiou.
354 1265 396 1289 50.
417 1264 439 1289 7.
478 1262 506 1289 Si
526 1265 586 1299 quis
606 1279 639 1283 —
658 1273 734 1289 suum
753 1264 885 1299 negotium
899 1264 1053 1297 deseruerit,

209 1304 306 1331 nolens
331 1306 357 1332 iu
380 1305 426 1331 lite
451 1306 568 1343 improba
592 1316 771 1343 perseverare.
801 1306 831 1332 l'r.
854 1309 893 1333 10,
918 1306 951 1333 de
974 1308 1052 1334 iudic.

210 1348 236 1374 5.
257 1349 280 1374 l.
316 1347 393 1374 Haud
411 1349 566 1385 impetrasse
586 1354 626 1380 ut,
651 1348 758 1375 deserto
781 1350 837 1375 iure
857 1350 1001 1386 potiorum,
1021 1350 1053 1377 ad

211 1392 410 1417 excusationem
433 1401 462 1417 se
486 1396 677 1418 converterent.
710 1391 795 1418 Vatic.
820 1392 842 1426 3.
867 1394 926 1418 242.
967 1392 1053 1420 Litem

210 1434 361 1462 inchoatam
379 1434 510 1461 deserere.
541 1434 571 1461 fr.
591 1435 632 1460 54.
652 1434 717 1468 3.1.
738 1434 770 1461 (le
788 1445 817 1461 re
835 1434 888 1461 iud.
908 1437 948 1462 42.
970 1437 992 1462 1.
1023 1436 1052 1463 fr.

212 1478 255 1503 11.
274 1476 380 1504 iudicat.
401 1476 467 1503 solv.
487 1478 528 1503 46.
550 1479 572 1503 7.
610 1476 670 1503 Non
689 1477 773 1503 videri
794 1476 944 1504 deseruisse
963 1489 1054 1515 quere-

212 1519 272 1547 lam.
302 1519 332 1547 fr.
352 1522 393 1546 21.
413 1529 452 1556 pr.
474 1519 506 1546 de
525 1520 597 1546 inoff.
617 1525 719 1546 testam.
739 1522 762 1546 5.
782 1522 805 1546 2.
835 1520 894 1553 (Cf.
914 1531 938 1547 v.
957 1521 1054 1548 Deser-

212 1564 281 1596 tus.)
300 1579 333 1583 —
353 1563 384 1596 §.
402 1564 437 1589 2.
458 1564 552 1597 Fuga
571 1565 714 1595 evadere,
735 1564 895 1599 Desit-ere.
927 1563 969 1590 lII.
987 1565 1052 1591 Cn.

213 1605 303 1638 Servi,
328 1607 373 1642 qui
397 1606 423 1632 in
447 1606 540 1631 itinere
566 1605 753 1634 circumdatum
773 1616 785 1632 a
805 1605 952 1633 latronibus
972 1607 1053 1633 domi-

213 1658 275 1675 num
293 1659 341 1686 per
360 1648 446 1684 sugam
464 1647 645 1675 deseruerunt.
679 1647 751 1675 Paul.
771 1648 814 1675 111.
833 1651 857 1675 5.
878 1650 899 1683 3.
919 1653 943 1676 8.
969 1650 1000 1677 cf.
1021 1650 1051 1676 fr.

214 1691 238 1717 6.
258 1691 280 1725 3.
298 1694 322 1718 9.
342 1690 375 1717 de
393 1690 424 1717 R.
445 1690 478 1717 Μ.
498 1692 539 1717 49.
556 1692 594 1718 16.
632 1691 765 1717 Dilectum
785 1691 889 1723 habere,
909 1694 1052 1719 exercitum

215 1743 374 1770 comparare,
394 1733 545 1765 sollicitare,
566 1733 689 1760 deserere
707 1735 897 1770 imperatorem.
927 1735 999 1762 Paul.
1020 1735 1051 1761 V.

213 1777 256 1802 29.
275 1776 297 1809 3.
318 1778 340 1802 l.
366 1776 397 1802 cf.
417 1776 447 1802 fr.
466 1778 490 1802 2.
511 1786 551 1812 sq.
571 1776 603 1802 ad
622 1776 651 1803 L.
671 1775 718 1802 Iul.
739 1777 796 1802 mai.
816 1778 857 1803 48.
878 1780 901 1804 4.
940 1777 1052 1804 Perinde

214 1819 240 1845 in
261 1829 319 1845 eum
338 1818 505 1845 statuendum
524 1823 577 1849 est,
597 1829 626 1844 ac
645 1819 667 1844 si
687 1820 843 1845 emansisset
861 1820 904 1847 vel
923 1820 1053 1847 deseruis-

214 1866 262 1887 set.
292 1861 322 1888 sr.
342 1863 366 1887 3.
391 1862 412 1895 3.
433 1863 456 1887 7.
487 1860 518 1887 cs.
538 1860 568 1887 fr.
590 1863 629 1886 13.
650 1860 671 1893 3.
692 1864 716 1886 5.
741 1861 773 1887 de
792 1861 822 1888 R.
843 1862 876 1889 M.
897 1864 938 1889 49.
960 1864 999 1889 16.
1019 1878 1052 1882 -

213 1904 246 1938 §.
267 1905 304 1930 ³.
334 1905 460 1935 Deseri,
480 1905 499 1929 i.
519 1914 539 1930 e.
561 1904 723 1930 Destitui.
743 1906 887 1931 l’rivari.
925 1905 966 1931 111,
987 1906 1053 1932 (111.

214 1946 244 1972 Si
262 1946 455 1982 adlegationum
473 1947 573 1972 meritis
592 1945 755 1972 deseruntur.
790 1946 839 1973 Th.
859 1947 890 1974 C.
910 1948 967 1974 XII.
988 1950 1010 1974 l.
1031 1958 1052 1974 c.

214 1992 255 2015 82.
276 1989 308 2015 de
327 1989 459 2015 decurion.

248 2032 434 2059 Deserfio.
473 2032 503 2065 ἓ.
523 2033 557 2058 l.
588 2034 688 2059 Actus
714 2035 933 2067 relinquendi,
959 2045 978 2061 τ.
1004 2036 1052 2060 de-

215 2076 360 2101 sistendi.
402 2073 420 2100 l.
440 2075 501 2108 Sy·
535 2074 697 2102 Desistentis
721 2076 770 2108 (ab
790 2078 986 2110 accusatione.)
1010 2076 1053 2103 Ad

215 2116 339 2143 iudicium
366 2126 419 2142 non
446 2117 589 2149 venientis,
624 2118 791 2145 Desertionis
822 2119 998 2156 (perieulum.
1027 2130 1051 2146 v.

216 2160 320 2195 poena.)
344 2159 375 2186 fr.
395 2162 418 2185 5.
438 2159 459 2193 3.
481 2161 503 2184 l.
523 2160 546 2185 si
566 2169 608 2195 qu.
629 2166 707 2187 cautt.
726 2165 750 2187 2.
772 2163 811 2188 ll.
831 2162 861 2188 fr.
883 2164 905 2188 1.
925 2163 947 2196 3.
963 2164 1002 2189 13.
1020 2162 1052 2188 ad

218 2201 246 2227 S.
265 2200 296 2228 C.
315 2202 396 2239 Turp.
416 2204 458 2227 48.
474 2203 519 2227 ·16.
540 2218 571 2221 -
592 2203 622 2235 §-
646 2204 681 2230 ².
710 2206 832 2231 Evasit·
850 2207 1051 2241 perfugam,

217 2245 376 2279 Defectio.
418 2244 448 2271 ll.
470 2246 536 2278 Op.
567 2244 665 2272 Levius
685 2246 809 2273 delictum
828 2249 999 2280 emansionis,
1019 2264 1051 2267 —

217 2285 383 2313 Desertionis
402 2288 515 2324 graviuS.
545 2287 574 2314 l'r.
589 2291 613 2314 4.
634 2289 670 2323 33.
686 2291 726 2315 14.
740 2299 779 2325 sq.
800 2289 832 2316 de
850 2290 880 2317 R.
901 2290 934 2317 Μ.
955 2292 995 2316 49.
1012 2291 1051 2317 16.

219 2327 260 2354 III.
282 2329 347 2355 Cn·
374 2329 414 2355 Ex
438 2340 514 2356 causa
539 2330 697 2357 desertionis
722 2334 859 2359 restitutus
879 2334 905 2359 in
925 2333 1051 2359 militiam.
1073 2327 1074 2335 l

219 2370 249 2397 fr.
272 2372 311 2396 10.
336 2370 399 2404 3-1.
427 2372 461 2399 ib.
480 2374 582 2399 49116.
626 2373 763 2400 Peccatum
783 2374 949 2402 desertionis.
977 2376 1008 2402 fr.
1027 2378 1051 2402 3.

219 2414 240 2447 3.
261 2414 284 2439 6.
304 2412 335 2439 cs.
357 2413 387 2439 l'r.
407 2415 429 2439 5.
448 2424 487 2450 pr.
507 2416 528 2449 3.
547 2418 571 2442 2.
596 2416 630 2443 ib.
650 2419 691 2443 49.
712 2418 751 2444 16.
794 2418 870 2453 Quos
895 2420 992 2445 crimen
1011 2419 1053 2445 de-

219 2456 343 2481 sertionis
363 2455 489 2483 absentat.
517 2458 566 2484 Th.
581 2459 611 2485 C.
631 2459 688 2486 XII.
705 2462 727 2486 1.
748 2470 768 2486 c.
788 2462 829 2487 84.
850 2461 882 2487 de.
902 2461 1035 2488 decurion.

254 2500 444 2525 Desertor.
481 2500 510 2532 §-
530 2502 565 2527 1.
606 2504 668 2535 Qui
691 2513 719 2529 se
743 2506 908 2530 subtrahit
931 2507 980 2530 rei
999 2515 1052 2540 ge-

220 2543 344 2567 rendae.
386 2540 404 2566 1.
424 2541 485 2575 Sy.
517 2541 570 2577 Qui
593 2543 695 2570 destitit
718 2545 748 2571 ab
773 2547 946 2573 accusatione.
979 2546 1009 2573 fr.
1030 2549 1052 2573 1.

219 2584 257 2618 33.
277 2585 300 2609 7.
322 2584 360 2609 12.
381 2592 420 2619 sq.
445 2583 477 2609 ad
496 2583 523 2610 S.
544 2583 574 2611 C.
594 2585 675 2623 Turp.
698 2589 740 2614 48.
761 2589 800 2615 16.
843 2589 884 2615 III.
909 2591 974 2617 Cn.
1002 2590 1053 2617 Ma-

218 2627 343 2662 gistratus
364 2624 520 2653 desertores.
549 2626 599 2653 Th.
614 2627 644 2654 C.
657 2629 713 2656 XII.
729 2632 751 2657 l.
772 2642 792 2657 c.
806 2633 847 2658 29.
868 2632 899 2659 de
919 2632 1052 2659 decurion.

219 2668 375 2695 Studiorum
394 2668 520 2696 desertor.
550 2670 571 2703 3.
585 2671 608 2696 2.
628 2670 645 2697 1.
666 2671 697 2698 de
716 2673 734 2699 I.
755 2679 781 2700 et
799 2674 816 2701 I.
839 2677 860 2701 1.
877 2677 899 2701 1.
920 2691 951 2695 —
971 2676 1002 2709 ἓ.
1017 2677 1051 2702 2.

220 2713 333 2743 Miles,
353 2713 441 2745 quia
461 2714 568 2747 signis
581 2714 670 2749 fuga
688 2719 815 2743 recedit.
835 2717 865 2744 ll.
881 2719 948 2752 Op.
961 2718 1053 2745 Eman-

220 2763 273 2780 sor.
305 2753 335 2781 fr.
355 2755 379 2780 3.
398 2764 437 2790 pr.
457 2754 494 2788 33.
513 2757 537 2781 2.
557 2765 597 2791 sq.
617 2755 648 2782 cf.
668 2756 698 2782 fr.
717 2758 741 2784 4.
761 2759 841 2792 313.
862 2760 894 2787 de
913 2761 944 2787 R.
958 2761 991 2788 111.
1011 2763 1052 2788 49.

222 2797 260 2822 16.
281 2795 425 2823 Custodiae
439 2796 535 2833 refuga,
554 2808 605 2825 non
624 2798 732 2826 militiae
750 2800 875 2829 desertor.
895 2803 925 2830 fr.
941 2805 980 2830 13.
993 2804 1014 2838 3.
1028 2806 1052 2830 5.

1875 160 1940 191 273

1075 242 1078 287 J
1098 238 1132 264 ib.
1171 238 1213 264 lll.
1241 239 1306 265 (710.
1335 238 1411 265 Miles
1431 240 1573 276 profugus,
1593 239 1766 276 desertorque
1785 245 1938 267 castrorum.

1075 291 1076 304 κ
1098 279 1148 306 Th.
1164 280 1194 307 C.
1209 280 1265 307 Vll.
1281 283 1320 307 ls.
1335 292 1356 307 c.
1370 284 1409 308 12.
1421 292 1460 318 pr.
1481 282 1513 309 de
1527 282 1655 309 desertor.
1687 282 1816 309 Latrones
1830 284 1939 320 publici,

1075 319 1077 362 l
1098 322 1301 360 desertoresque
1320 324 1436 351 militiae.
1472 336 1493 351 c.
1513 328 1536 352 2.
1563 325 1614 361 Qu.
1640 325 1682 351 lic.
1709 326 1824 362 unicuiq.
1848 328 1872 352 3.
1896 328 1937 353 27.

1098 365 1147 392 Th,
1172 366 1202 392 C.
1224 366 1239 392 l.
1260 366 1277 393 l.
1303 377 1324 393 c.
1345 369 1367 393 7.
1406 367 1471 403 Yagi
1492 373 1517 394 et
1537 368 1687 394 desertores
1707 368 1869 404 requirendi.
1900 368 1938 395 lb.

1098 408 1114 434 1.
1135 408 1151 434 l.
1173 420 1193 435 c.
1215 411 1254 435 17.

1132 452 1326 478 Desertus.
1341 451 1462 484 (Pan-tic.)
1482 453 1559 486 §.l-
1575 454 1734 486 omissus,
1755 455 1937 489 Neglectus.

1074 484 1075 495 l
1098 492 1116 519 1.
1138 494 1199 527 Sy.
1234 494 1410 527 Destitutum,
1441 495 1582 522 Desertum
1603 497 1832 529 (testamentum.)
1856 497 1894 531 33.
1915 499 1937 523 7.

1099 545 1138 571 sq.
1158 536 1175 562 l.
1196 536 1228 563 de
1248 537 1335 564 bercd.
1357 548 1398 574 qu.
1420 538 1451 563 ab
1471 538 1517 564 int.
1536 540 1560 564 3.
1584 540 1606 564 1.
1643 539 1685 566 III.
1702 541 1767 567 011.
1790 538 1838 565 Lis
1856 540 1882 565 in
1902 540 1938 566 iu-

1075 601 1076 617 .
1099 578 1194 604 dicium
1214 579 1326 606 deducta
1351 585 1376 606 et
1400 591 1412 606 a
1437 590 1481 607 reo
1507 580 1618 607 deserta.
1647 581 1677 607 fr.
1697 583 1739 608 31.
1763 582 1784 616 3.
1804 584 1828 608 2.
1854 581 1887 608 de.
1905 581 1937 608 N.

1075 626 1076 642 ἲ
1099 621 1130 647 G.
1150 623 1174 647 3.
1189 624 1212 648 5.
1250 622 1331 658 Quod
1344 633 1391 660 per
1404 623 1549 649 absentiam
1569 625 1623 649 eius
1644 625 1693 656 (sc.
1708 625 1814 657 tutoris)
1834 625 1939 652 deserta

1075 660 1076 698 l
1099 664 1275 701 derelictoque
1295 670 1356 691 sunt
1375 665 1470 703 pupilli
1489 667 1599 702 negotia.
1629 666 1658 692 l'r.
1673 668 1697 692 6.
1718 667 1761 693 ubi
1774 678 1837 704 pup.
1856 670 1898 694 27.
1912 670 1937 695 2.

1075 719 1076 746 ᾗ
1101 724 1129 728 -
1152 708 1182 740 §-
1204 709 1239 734 2.
1269 709 1472 740 Derelietus,
1493 710 1560 735 Non
1579 711 1736 736 excultus.
1772 710 1791 736 1.
1806 712 1868 745 Sy.
1886 711 1939 737 De-

1099 750 1198 781 stituta.
1219 750 1336 782 Desecta,
1356 751 1468 777 Deserta
1483 752 1641 788 (possessio.
1662 761 1682 778 s.
1696 752 1824 788 praedia.)
1845 753 1938 780 Th.C.

1075 798 1077 831 ξ
1098 792 1143 818 XI.
1158 794 1180 819 l.
1196 803 1216 819 c.
1233 795 1271 818 12.
1292 804 1313 819 c.
1327 796 1368 820 31.
1389 793 1421 820 de
1441 804 1535 820 aunon.
1556 799 1581 820 et
1600 794 1690 820 tribut.
1709 795 1778 821 Xlll.
1799 798 1839 822 11.
1860 807 1881 823 c.
1897 797 1937 823 14.

1076 836 1077 843 ¹
1099 835 1131 861 de
1146 837 1269 862 censitor.
1306 836 1348 862 111.
1364 838 1429 864 Cn.
1449 836 1554 863 Ieiuuae
1567 847 1596 863 ac
1610 836 1730 864 desertae
1742 840 1937 875 possessiones.

1076 873 1077 900 l
1099 878 1212 904 Deserta
1233 883 1258 905 et
1278 879 1397 915 squalida
1418 879 1482 905 loca.
1508 879 1544 906 Ib.
1564 879 1609 906 XI.
1625 882 1667 906 20.
1688 890 1709 906 c.
1723 882 1746 907 5.
1766 891 1805 918 pr.
1826 881 1858 908 de
1877 882 1937 909 coll.

1099 921 1186 947 donat.
1209 921 1254 948 XI.
1274 924 1315 948 23.
1341 932 1362 948 c.
1381 924 1406 947 2.
1427 933 1447 948 c.
1470 924 1509 948 12.
1536 922 1569 948 de
1588 922 1686 959 indulg.
1707 923 1788 950 debit.
1825 924 1938 951 Deserta

1099 964 1155 990 loca
1179 969 1203 990 et
1228 969 1317 990 vastae
1341 964 1506 991 solitudines.
1544 965 1582 991 lb.
1606 965 1676 992 XVI.
1700 968 1725 992 3.
1755 977 1776 993 c.
1798 968 1819 993 l.
1840 977 1880 1004 sq.
1906 967 1939 994 de

1098 1007 1217 1033 monach.
1255 1007 1283 1033 In
1303 1017 1346 1033 eas
1365 1012 1454 1044 partes
1473 1009 1632 1044 provinciae,
1652 1019 1718 1045 quae
1737 1014 1799 1035 sunt
1813 1009 1939 1037 desertio-

1098 1060 1149 1081 rcs.
1170 1066 1201 1070 —
1222 1050 1345 1086 relegare.
1366 1050 1395 1076 sr.
1411 1051 1433 1076 7.
1453 1050 1475 1084 3.
1489 1052 1513 1077 9.
1533 1050 1566 1077 de
1586 1051 1680 1078 interd.
1701 1057 1726 1078 et
1746 1052 1824 1088 releg.
1843 1054 1885 1079 48.
1895 1055 1937 1080 22.

1098 1093 1239 1119 Desertum
1269 1092 1376 1120 fundum
1405 1103 1540 1125 exercere,
1569 1098 1593 1119 et
1624 1094 1735 1121 fertilem
1762 1094 1939 1133 idoneumque

1098 1141 1240 1173 praestare.
1271 1147 1292 1163 c.
1313 1138 1335 1162 7.
1356 1135 1388 1162 de
1408 1136 1479 1162 omni
1498 1146 1558 1172 agro
1579 1136 1634 1163 des.
1655 1139 1694 1163 11.
1714 1139 1755 1164 58.

1132 1180 1350 1206 Deservire.
1389 1181 1531 1210 Servire,
1552 1180 1724 1206 Inservire.
1753 1180 1770 1206 I.
1785 1182 1847 1215 Sy.
1868 1181 1938 1219 Ope-

1098 1232 1140 1248 ras
1161 1222 1298 1253 exhibere.
1318 1222 1432 1248 Servire.
1459 1221 1490 1248 fr.
1512 1223 1551 1248 12.
1572 1222 1593 1255 3.
1614 1224 1655 1249 42.
1681 1222 1713 1249 de.
1733 1224 1807 1250 instr.
1827 1223 1876 1260 leg.
1895 1226 1937 1251 33.

1099 1267 1121 1292 7.
1158 1264 1231 1291 Paul.
1251 1264 1293 1291 111.
1317 1266 1341 1290 6.
1366 1265 1387 1298 3.
1408 1267 1449 1290 55.
1495 1263 1538 1290 III.
1562 1265 1627 1291 (7η.
1662 1265 1715 1300 Qui
1739 1276 1787 1302 per
1811 1266 1939 1293 eiusmodi

1098 1307 1335 1335 dissimulationem
1367 1306 1529 1339 deserviant,
1561 1311 1587 1333 et
1617 1312 1724 1334 tuentur
1753 1308 1795 1335 vel
1823 1320 1869 1336 sua
1896 1310 1938 1337 vel

1098 1351 1190 1377 aliena.
1217 1350 1247 1377 l'r.
1263 1352 1284 1376 1.
1305 1350 1326 1384 3.
1346 1352 1370 1376 2.
1391 1349 1423 1376 de
1442 1349 1466 1376 d.
1486 1360 1519 1376 m.
1539 1350 1563 1376 4.
1582 1351 1606 1376 3.
1645 1350 1709 1377 Sine.
1727 1352 1939 1389 interpellatione

1098 1394 1183 1425 abire.
1204 1404 1251 1420 nec
1271 1392 1318 1419 ulli
1338 1392 1546 1419 extraordinario
1571 1394 1645 1420 oneri
1669 1393 1811 1421 deservire.
1840 1394 1890 1422 Th.
1907 1395 1938 1422 C.

1098 1437 1167 1463 XIII.
1187 1438 1211 1463 5.
1232 1447 1253 1462 c.
1273 1437 1296 1462 4.
1317 1435 1349 1462 de
1368 1435 1509 1462 navicular.
1553 1435 1581 1462 Si
1601 1437 1660 1472 quis
1680 1446 1733 1463 non
1752 1438 1777 1463 in
1798 1447 1861 1464 usus
1880 1448 1939 1475 pro-

1097 1481 1170 1517 prios
1189 1480 1306 1511 verterit,
1326 1478 1373 1505 sed
1392 1479 1424 1505 ad
1444 1479 1583 1505 utilitatem
1603 1478 1684 1506 officii
1703 1481 1817 1516 patiatur
1835 1480 1938 1508 deserv.

1098 1524 1127 1549 l'r.
1148 1524 1171 1549 6.
1192 1522 1224 1548 de
1243 1522 1304 1548 bon.
1324 1521 1436 1548 damnat.
1456 1523 1498 1548 48.
1517 1523 1560 1548 20.
1603 1521 1632 1547 Si
1656 1521 1688 1548 ad
1712 1522 1863 1550 huiusmodi
1882 1534 1939 1551 cau-

1098 1576 1152 1592 sam
1171 1565 1265 1592 habeat
1283 1569 1382 1602 parata,
1401 1564 1433 1591 ad
1453 1564 1519 1591 alios
1538 1574 1602 1591 usus
1622 1574 1675 1591 nou
1694 1564 1878 1593 ‹tt-servientia.
1907 1567 1938 1594 sr.

1099 1611 1138 1635 12.
1159 1608 1180 1642 3.
1203 1610 1242 1635 19.
1268 1607 1300 1634 de
1324 1609 1399 1634 instr.
1425 1607 1473 1643 leg.
1499 1609 1541 1634 33.
1563 1609 1585 1634 7.
1614 1607 1646 1634 cs.
1671 1607 1701 1634 sr.
1723 1610 1780 1635 198.
1806 1608 1838 1635 de
1857 1608 1889 1636 V.
1909 1609 1938 1636 S.

1097 1654 1138 1679 50.
1160 1652 1199 1677 16.
1232 1650 1340 1677 Fundus
1360 1650 1488 1681 Albanus,
1509 1652 1553 1687 qui
1572 1650 1765 1687 Principalibus
1785 1651 1877 1678 usibus
1896 1652 1939 1679 de-

1097 1695 1187 1721 servit.
1223 1693 1253 1720 sr.
1273 1695 1315 1719 39.
1335 1694 1357 1727 3.
1377 1696 1400 1719 δ’.
1421 1693 1454 1719 de
1472 1692 1548 1729 legat.
1568 1693 1586 1719 1.
1607 1695 1674 1726 (30.)

1130 1739 1261 1765 Deses.
1282 1735 1411 1769 (Adiect.)
1453 1737 1660 1767 Desidioxus,
1682 1737 1869 1772 Negligens.
1905 1736 1937 1764 11.

1098 1781 1165 1813 Op.
1196 1778 1324 1810 Desides,
1344 1794 1377 1798 -
1396 1777 1558 1813 Vigilantes,
1583 1777 1684 1804 seduli.
1713 1788 1734 1805 c.
1753 1781 1777 1806 2.
1802 1779 1834 1807 de
1853 1780 1937 1807 annal.

1097 1831 1153 1848 exc.
1174 1823 1197 1847 7.
1212 1823 1254 1847 40.
1283 1820 1350 1847 Nov.
1365 1820 1468 1847 Valent.
1488 1821 1530 1847 III.
1551 1820 1584 1847 de
1603 1820 1744 1858 lampadar.
1764 1821 1795 1848 II.
1814 1824 1856 1849 30.
1876 1833 1898 1850 c.
1914 1825 1937 1850 l.

1098 1864 1119 1898 3.
1139 1866 1163 1890 2.
1201 1863 1321 1892 HLGn.
1342 1864 1453 1890 Otiosus
1473 1865 1550 1890 nimis
1570 1874 1598 1890 ac
1617 1864 1703 1890 deses.
1723 1864 1773 1891 Th.
1788 1864 1819 1891 C.
1833 1865 1877 1892 IV.
1896 1867 1936 1892 14.

1098 1918 1119 1933 c.
1131 1909 1154 1933 5.
1169 1907 1201 1933 de
1215 1911 1263 1933 act.
1278 1911 1339 1933 cert.
1354 1911 1432 1944 temp.
1461 1907 1543 1933 Iudex
1557 1906 1643 1939 deses,
1656 1917 1685 1933 ac
1698 1908 1822 1944 resupina
1836 1909 1938 1935 cervice

1098 1955 1199 1976 tantum
1218 1949 1322 1975 titulum
1342 1959 1442 1985 gerens
1471 1949 1508 1976 Ib.
1522 1949 1566 1976 IX.
1580 1952 1604 1976 3.
1624 1960 1644 1976 c.
1659 1951 1682 1976 6.
1703 1950 1735 1976 de
1754 1955 1819 1977 cust.
1834 1961 1901 1978 reor.

1131 1993 1374 2020 Desiderato.
1412 1994 1443 2027 ᾗ.
1466 1994 1501 2020 1.
1538 1994 1674 2027 Optare.
1704 1995 1740 2020 In
1769 1996 1854 2020 vetis
1881 1996 1937 2021 Iza-

1097 2037 1172 2062 bere.
1210 2034 1253 2061 111.
1274 2036 1340 2062 (In.
1370 2035 1510 2069 Desidere,
1531 2041 1556 2062 et
1574 2035 1685 2073 Impero.
1715 2035 1787 2062 Paul.
1807 2035 1851 2063 IV.
1872 2038 1893 2063 l.
1913 2037 1936 2070 3.

1097 2080 1120 2104 6.
1159 2078 1254 2104 Omnia
1274 2087 1366 2114 augere
1387 2084 1411 2105 et
1431 2080 1457 2106 in
1476 2079 1611 2106 meliorem
1630 2083 1726 2105 statum
1750 2078 1876 2105 reducere
1894 2079 1937 2106 de-

1097 2120 1225 2151 siderans.
1245 2120 1294 2147 hoc
1313 2121 1468 2149 emendavit.
1496 2123 1518 2156 3.
1537 2124 1562 2148 3.
1582 2121 1599 2148 I.
1624 2121 1657 2148 de
1675 2121 1791 2148 libertin.
1812 2123 1834 2147 l.
1854 2123 1878 2147 5.
1903 2137 1935 2141 —

1096 2164 1127 2197 §-
1153 2164 1188 2189 2.
1218 2164 1409 2199 Flagitare,
1430 2167 1579 2200 Exigere.
1617 2164 1636 2191 I.
1657 2166 1719 2198 Sy.
1751 2163 1936 2191 Necessarium

1097 2216 1164 2237 csse.
1184 2206 1345 2233 Desiderari.
1371 2207 1427 2234 Gai.
1442 2207 1486 2234 IV.
1500 2211 1542 2234 20.
1562 2206 1592 2233 fr.
1606 2209 1630 2233 3.
1651 2207 1716 2241 3.1.
1736 2212 1806 2233 naut.
1826 2217 1934 2244 caupon.

1096 2252 1120 2276 4.
1140 2250 1164 2275 9.
1201 2249 1330 2286 Accipere
1349 2250 1425 2276 velle.
1453 2250 1483 2277 fr.
1504 2252 1526 2276 1.
1546 2260 1585 2287 pr.
1612 2249 1644 2276 de
1664 2254 1746 2276 contr.
1768 2254 1826 2276 emt.
1849 2252 1887 2275 15.
1911 2251 1933 2275 1.

1096 2293 1257 2329 Deposccre.
1290 2291 1340 2318 Th.
1363 2292 1394 2319 C.
1419 2292 1487 2319 Ylll.
1510 2294 1534 2318 8.
1560 2303 1582 2319 c.
1601 2295 1625 2319 5.
1650 2292 1683 2318 de
1707 2297 1854 2319 exsecutor.
1890 2291 1933 2317 III.

1097 2337 1163 2363 Cn.
1191 2335 1280 2370 Quare
1300 2335 1447 2362 desiderata
1466 2336 1501 2361 sit
1520 2335 1600 2368 (haec
1620 2336 1719 2368 actio.)
1744 2345 1801 2361 cum
1820 2335 1934 2371 potueri—

1073 2397 1075 2408 .
1096 2388 1153 2404 mus
1173 2382 1222 2404 etc.
1247 2393 1279 2397 ——
1304 2377 1380 2404 valde
1405 2379 1546 2414 quaeritur.
1580 2378 1637 2405 Gai.
1656 2377 1700 2404 IV.
1720 2379 1761 2403 20.
1799 2376 1933 2403 Debemus

1097 2421 1264 2457 (accipere.)
1285 2430 1336 2446 non
1357 2421 1425 2446 enim
1444 2420 1623 2447 desideramus
1643 2425 1691 2446 etc.
1720 2420 1750 2445 sr.
1773 2420 1828 2445 199.
1849 2419 1881 2445 de
1901 2418 1933 2446 V.

1097 2464 1124 2489 S.
1145 2465 1186 2489 50.
1207 2464 1246 2489 16.
1284 2462 1441 2499 YbIcunque
1461 2468 1502 2490 est
1521 2465 1630 2497 (causae
1650 2462 1790 2498 cognitim)
1810 2462 1846 2488 ihi
1866 2462 1933 2489 desi>

1097 2506 1203 2532 dei-atur
1223 2505 1364 2539 (Praetor.)
1384 2506 1483 2533 l'r.105.
1504 2506 1536 2533 de
1548 2506 1579 2533 li.
1595 2506 1612 2532 1.
1632 2506 1727 2531 5o.17.
1755 2503 1933 2540 Cognoscere,

1097 2559 1126 2575 se
1149 2558 1201 2574 non
1225 2547 1349 2575 debuisse
1373 2549 1422 2576 hoc
1445 2554 1549 2586 petere.
1579 2549 1636 2584 quia
1660 2557 1701 2573 res
1726 2546 1933 2574 emendationem

1098 2601 1149 2617 non
1170 2590 1343 2618 desiderabat.
1375 2592 1405 2618 fr.
1425 2594 1448 2618 4.
1474 2593 1495 2626 3.
1517 2594 1556 2617 10.
1582 2591 1614 2616 de
1633 2589 1731 2616 censib.
1750 2591 1792 2616 50.
1813 2591 1853 2617 15.
1889 2589 1933 2616 Ad

1098 2644 1155 2660 eum
1174 2633 1292 2665 modum.
1313 2644 1389 2670 quem
1409 2634 1539 2661 desiderat
1559 2633 1693 2659 hominum
1712 2637 1810 2659 natura.
1839 2632 1869 2659 fr.
1888 2635 1930 2660 32.

1097 2676 1188 2713 depos.
1210 2678 1250 2702 16.
1269 2678 1294 2702 3.
1313 2691 1347 2696 —-
1366 2678 1397 2711 ξ.
1421 2679 1457 2703 3.
1477 2677 1741 2703 Postulationem
1760 2678 1930 2707 celebrare,

1097 2722 1218 2746 Petere.
1255 2719 1273 2746 1.
1297 2720 1358 2754 Sy.
1389 2719 1544 2756 Implorare‚
1563 2717 1709 2745 Postulat-e.
1741 2729 1762 2745 c.
1781 2720 1806 2745 2.
1830 2720 1853 2745 si
1873 2718 1929 2744 adv.

1098 2762 1153 2788 lisc.
1173 2764 1197 2788 2.
1211 2763 1252 2788 37.
1288 2762 1428 2788 Instituere
1447 2761 1572 2793 actiones,
1590 2760 1721 2798 Experiri.
1740 2760 1770 2788 fr.
1784 2763 1825 2787 40.
1839 2771 1878 2798 pr.
1898 2760 1930 2787 de

1096 2815 1200 2842 procur.
1220 2806 1243 2831 3.
1263 2806 1287 2831 3.
1320 2804 1350 2831 fr.
1370 2806 1393 2830 3.
1418 2804 1501 2837 314.
1526 2803 1558 2830 ad
1581 2803 1668 2831 exhib.
1695 2805 1735 2831 10.
1754 2806 1778 2830 4.
1818 2804 1929 2839 Exigere

1453 2847 1487 2873 35
