2197 3121
930 151 1014 181 PAR
1038 169 1077 174 —
1103 151 1188 182 PAS.

194 236 256 265 lier.
284 235 313 261 Id
333 235 403 271 quod
423 234 521 261 editum
541 239 588 261 est.
612 233 640 260 fr.
664 234 704 259 14.
728 232 760 259 de.
783 237 852 259 statu
876 232 945 258 hom.
966 234 989 259 1.
1009 234 1032 259 5.
1054 232 1056 243 ’

193 278 224 304 fr.
246 279 268 303 1.
297 278 334 311 ἓξ.
357 280 396 304 12.
424 279 463 303 14.
490 277 521 304 de
545 286 648 313 agnose.
674 280 699 301 et
723 275 807 302 alend.
827 277 867 301 25.
891 278 915 302 3.
953 275 1033 311 Quod
1055 299 1056 306 ,

193 321 310 346 nascitur
333 331 365 347 ex
390 325 438 346 etc.
475 319 566 346 Natus.
596 318 657 356 le.
678 318 709 346 V.
734 320 757 345 9.
781 329 820 355 sq.
849 318 921 345 Paul.
941 318 971 344 11.
990 320 1032 344 24.

193 363 231 396 §§
251 365 274 389 5.
295 373 334 400 sq.
373 363 472 394 Filius,
492 362 587 389 filiave.
617 362 653 388 ld.
673 362 716 389 IV.
736 363 760 388 9.
784 362 820 396 ἐξ.
841 364 865 388 2.
884 371 942 397 sqq.
975 360 1032 398 le.

193 405 235 431 111.
255 407 279 431 3.
300 405 329 432 fr.
350 407 373 432 8.
393 416 432 443 pr.
453 406 485 432 de
504 405 528 432 h.
549 415 592 442 qu.
613 406 661 431 sui.
684 407 705 431 l.
725 407 748 431 6.
786 405 829 431 111.
851 406 916 432 Gn.
940 403 1033 430 Partus
1055 411 1057 443 1>

194 449 314 484 sequitur
332 454 446 475 matrem.
467 448 527 485 le.
543 447 574 474 V.
588 449 611 474 9.
632 458 672 484 sq.
709 447 802 474 Partus
821 458 854 473 ex
873 447 955 473 altero
975 457 1034 473 con-

194 496 295 527 ceptus
315 490 345 517 fr.
365 492 388 517 6.
409 492 430 525 ξ.
451 493 473 517 l.
494 490 526 517 ad
544 490 574 517 L.
594 490 641 517 Iul.
662 490 694 517 de
714 490 794 517 adult.
809 491 849 516 48.
869 492 893 516 5.
931 489 1033 521 Partus,

194 538 332 570 antequam
357 534 461 566 edatur.
490 533 608 560 mulieris
635 535 722 570 portio
747 538 800 565 est⁷
827 532 870 559 vel
894 534 1033 559 viscerum.
1055 536 1056 553 ῐ

195 576 225 602 fr.
247 578 269 602 1.
289 577 310 610 ξ.
332 579 355 603 1.
375 577 407 603 de
426 579 494 614 insp.
515 582 584 603 vent.
603 579 644 603 25.
664 579 688 603 4.
724 576 829 603 Partum
852 576 903 602 sibi
924 576 1033 602 medica-

195 620 291 645 mentis
310 620 421 655 abigere.
442 620 471 646 fr.
491 622 532 646 39.
553 619 585 646 de
604 630 680 656 poen.
701 621 741 645 48.
758 620 796 645 19.
817 618 849 645 cf.
869 618 898 644 l'r.
912 620 935 644 8.
956 618 988 644 ad
1003 618 1032 645 L.
1055 625 1056 659 ]

195 661 276 688 Corn.
296 662 328 688 de
347 664 423 688 sicar.
443 664 484 688 48.
505 666 528 688 S.
549 662 620 688 Paul.
635 661 678 688 lv.
694 663 717 688 9.
738 662 759 695 ξ,
779 663 801 687 6.
840 660 958 687 Subiecti
977 672 1034 698 par-

194 710 237 731 tus
256 706 334 740 argui.
372 706 546 742 Snppositum
566 710 668 742 partum
692 704 823 741 adparere.
850 703 880 730 fr.
903 706 924 730 1.
950 705 972 738 ξ.
993 706 1033 730 11.
1055 708 1056 728 l

195 748 224 774 fr.
244 749 267 774 2.
294 747 326 774 de
346 747 460 774 Carbon.
486 747 563 779 edict.
588 749 629 774 37.
651 749 690 773 10.
715 757 736 773 c.
758 749 780 773 l.
800 747 832 773 ad
851 746 880 773 L.
901 747 982 773 Corn.
1002 747 1034 773 de

194 790 252 817 fals.
272 791 296 816 9.
316 793 357 816 22.
404 790 523 828 Septimo
547 800 636 817 mense
659 791 730 816 nasci
755 789 899 826 perfectum
923 795 1033 827 partum.

194 832 225 860 fr.
247 835 288 859 12.
312 833 344 859 de
363 838 433 859 statu
452 833 521 860 hom.
542 835 564 859 1.
584 836 608 859 5.
644 832 716 859 Paul.
736 832 753 858 l.
774 832 790 858 1.
811 833 834 866 ξ.
855 834 879 858 5.
915 832 1034 858 Alterius
1055 844 1057 853 ν

194 877 275 912 magis
295 876 422 907 animatis,
442 886 518 912 quam
538 876 650 902 hominis
670 880 768 913 partus.
790 875 819 902 fr.
836 877 892 902 135.
913 875 945 901 de
960 874 991 901 V.
1006 874 1032 901 S.

194 920 236 944 50.
259 920 297 945 16.
319 919 350 945 cf.
377 918 407 945 fr.
427 921 468 944 25.
493 920 514 952 ξ.
534 921 575 945 20.
599 918 631 944 de
654 918 742 944 hered.
763 923 815 955 pet.
835 921 859 944 5.
878 920 902 944 3.
940 917 1033 944 Partus

195 961 361 991 ancillarum.
392 966 417 987 et
441 961 526 987 foetus
545 971 683 998 pecorum,
712 966 738 987 et
763 961 876 992 fructus,
905 966 931 986 et
950 961 1034 986 omnis

195 1014 279 1031 causa.
305 1005 335 1031 fr.
358 1007 396 1031 12.
423 1014 461 1041 pr.
486 1004 537 1039 Qu.
563 1009 623 1030 met.
650 1014 671 1030 c.
692 1006 715 1030 4.
735 1006 759 1030 2.
785 1003 814 1030 fr.
834 1005 874 1030 30.
895 1013 933 1040 pr.
953 1003 985 1029 ad
1004 1002 1033 1029 L.

195 1046 265 1073 Falc.
285 1049 326 1074 35.
346 1050 370 1073 2.
395 1046 466 1073 Paul.
486 1045 515 1072 II.
537 1048 576 1073 17.
597 1047 619 1081 ξ.
640 1049 663 1073 7.
701 1046 805 1073 Partum
830 1056 881 1072 non
901 1056 960 1072 esse
979 1056 1035 1083 par·
1056 1045 1057 1088 l

194 1095 247 1116 tem
271 1091 309 1116 rei
334 1090 451 1116 furtivae.
481 1088 511 1115 fr.
534 1090 576 1115 26.
602 1089 633 1115 (le
653 1089 684 1116 V.
705 1089 732 1115 S.
752 1092 793 1115 50.
818 1091 858 1115 16.
882 1088 913 1115 cf.
943 1089 973 1115 fr.
995 1091 1034 1115 10.
1056 1089 1057 1099 ¹

195 1133 217 1166 ξ.
236 1135 260 1160 2.
280 1132 313 1159 de
331 1142 419 1169 usurp.
439 1133 480 1158 41.
500 1133 524 1158 3.
563 1131 592 1158 Si
612 1142 643 1159 ex
663 1137 739 1169 partu
759 1137 849 1169 partus
869 1137 916 1158 est.
943 1131 972 1158 fr.
989 1134 1034 1158 .11.

195 1175 216 1209 §.
236 1177 260 1201 5.
279 1175 311 1201 (le
330 1174 394 1201 Pub.
415 1175 441 1200 in
460 1174 491 1201 R.
512 1175 543 1200 A.
564 1176 586 1200 6.
607 1177 630 1200 2.

232 1218 422 1244 Parvitas.
445 1218 598 1244 Illeusura
616 1228 652 1244 ex
661 1220 746 1253 igua.
785 1217 827 1243 111.
840 1219 906 1244 Gn.
926 1217 1035 1243 Fractus
1056 1225 1058 1232 ¹

195 1261 277 1291 senio,
297 1265 341 1286 aut
359 1260 483 1286 membris
503 1260 608 1292 debilis,
628 1265 670 1286 aut
689 1261 817 1297 parvitate
831 1260 964 1286 deformis.
985 1260 1034 1286 Th.

194 1303 226 1330 C.
246 1302 301 1329 VII.
321 1305 363 1329 20.
383 1313 404 1329 c.
427 1304 466 1328 12.
486 1303 506 1335 ξ.
527 1305 551 1329 2.
572 1302 604 1329 de
623 1308 737 1329 veterau.

231 1347 387 1373 Parunl.
407 1345 519 1378 (Advb.)
544 1346 575 1379 §.
587 1347 621 1372 1.
642 1347 686 1373 No
695 1357 711 1372 n
730 1349 875 1372 multum.
912 1346 954 1372 III.
970 1347 1036 1374 Cn.
1057 1351 1059 1370 :

194 1388 288 1415 Parum
313 1393 366 1419 est.
391 1390 432 1415 ius
457 1398 537 1414 nosse
561 1394 609 1415 etc.
634 1388 677 1415 Pr.
702 1388 720 1415 I.
746 1389 778 1415 tle.
801 1390 857 1415 iure
881 1399 950 1426 pers.
970 1391 992 1415 l.
1011 1390 1035 1415 3.

193 1431 288 1458 Parum
307 1436 356 1461 est,
377 1436 405 1456 ut
424 1441 476 1457 non
496 1447 528 1450 —
548 1432 642 1468 possit.
666 1431 695 1458 fr.
715 1433 774 1458 202.
795 1432 827 1458 de
846 1432 876 1458 R.
896 1432 913 1458 l.
933 1434 973 1458 50.
996 1434 1035 1458 17.

194 1490 227 1494 -
247 1474 278 1507 ἓ.
293 1475 328 1500 2.
350 1475 475 1505 Minus,
496 1475 571 1500 Non.
608 1474 639 1500 II.
660 1476 727 1508 ⁰11.
748 1475 872 1501 Credere.
892 1491 924 1494 —
944 1475 1036 1501 Parum
1058 1468 1059 1474 .

193 1517 333 1554 probatum
362 1516 413 1542 sibi
443 1517 552 1553 opinari.
582 1516 612 1542 fr.
637 1518 661 1543 3.
686 1518 708 1550 ς’.
732 1519 755 1543 2.
781 1517 813 1543 de
836 1518 924 1544 testib.
949 1520 990 1544 22.
1012 1521 1036 1544 5.

193 1560 236 1586 III,
252 1561 317 1588 Gn.
337 1559 480 1585 Sumtuose
500 1558 549 1592 [al.
570 1559 759 1593 Sumtuosus‚]
781 1565 824 1586 aut
843 1571 933 1598 parum
953 1561 1037 1587 honus
1059 1576 1060 1603 ἦ

194 1613 279 1629 novus
303 1603 390 1640 paries
416 1603 564 1628 restitutus.
589 1602 618 1629 fr.
643 1605 684 1629 37.
712 1603 744 1629 de
768 1603 852 1630 damn.
878 1604 922 1630 inf.
947 1605 988 1630 39.
1013 1606 1036 1630 2.
1059 1607 1060 1635 l

194 1645 280 1672 Puero
305 1645 430 1676 discenti.
451 1661 481 1665 —-
502 1655 593 1682 parum
613 1645 680 1671 benc
701 1645 820 1677 facienti,
844 1646 913 1683 quod
934 1646 1038 1673 demon-

195 1693 332 1720 straverat,
352 1704 384 1707 -
405 1689 533 1714 cervicem
552 1689 691 1725 percussit.
713 1688 742 1714 fr.
756 1691 779 1715 5.
800 1689 821 1722 §.
835 1691 859 1715 3.
880 1689 911 1716 ad
925 1689 953 1715 L.
969 1690 1037 1726 Aqu.

196 1732 220 1757 9.
239 1733 264 1756 2.
299 1730 360 1757 Non
379 1740 426 1756 sua
453 1730 542 1767 culpa,
566 1731 612 1757 sed
633 1742 723 1768 parum
743 1731 863 1758 exaudita
882 1742 947 1758 voce
966 1742 1038 1769 prae-

197 1774 285 1805 conis,
310 1773 433 1800 defuisse.
459 1773 489 1800 fr.
510 1775 532 1799 7.
555 1784 594 1810 pr.
620 1774 652 1800 de
671 1774 688 1800 I.
709 1774 727 1800 1.
748 1774 778 1800 R.
798 1776 821 1801 4.
844 1776 866 1800 l.
903 1774 960 1800 Par.
981 1774 1038 1800 dili-

196 1820 287 1851 genter
306 1817 403 1852 scripta
423 1817 464 1847 (ea
484 1826 545 1853 pars
562 1816 648 1852 legis)
685 1817 742 1843 Par,
762 1827 917 1854 expressum
937 1817 1038 1849 (verbis

197 1857 305 1890 edicti.)
332 1857 388 1884 Gai.
408 1858 452 1885 111.
472 1861 513 1885 47,
538 1858 567 1885 fr.
589 1861 629 1885 14.
653 1870 691 1896 pr.
717 1859 749 1886 de
768 1860 798 1885 B.
819 1859 845 1886 P.
870 1870 891 1886 c.
915 1864 933 1886 t.
953 1861 994 1886 37.
1014 1861 1038 1885 4.

197 1900 248 1927 Vel
267 1902 433 1937 praeterituS.
452 1901 495 1927 vel
513 1911 604 1938 parum
624 1912 700 1938 quam
721 1903 744 1928 ei
763 1902 908 1928 debebatur
928 1912 959 1928 ex
978 1902 1038 1938 legi-

197 1944 248 1970 bus
267 1949 434 1970 consecutus.
454 1943 521 1970 Nov.
540 1943 589 1971 Th.
604 1944 635 1970 11.
656 1944 688 1971 de
708 1944 733 1971 h.
754 1955 796 1981 qu.
817 1955 857 1982 sp.
877 1955 946 1971 mun.
965 1945 983 1971 I.
997 1947 1037 1971 22.

198 1997 220 2013 c.
242 1988 264 2012 1.
285 1987 306 2020 §.
322 1988 345 2012 6.

235 2031 438 2057 Parvulus.
468 2029 606 2061 (Adiect.)
638 2032 802 2057 Pusillus.
822 2032 982 2064 Exiguus.
1019 2030 1037 2057 I.
1061 2035 1062 2064 1

198 2072 260 2106 Sy.
280 2071 358 2103 Nati,
378 2071 490 2098 Parvuli.
515 2072 545 2098 fr.
566 2074 607 2098 55.
627 2073 648 2106 §
671 2074 692 2099 1.
713 2072 745 2099 de
765 2073 849 2099 fideic.
870 2072 933 2100 libb.
953 2075 995 2099 40.
1015 2075 1038 2099 5.

198 2113 344 2140 Minuscula
364 2115 459 2151 portio.
489 2114 638 2141 Parvulum.
659 2126 679 2142 c.
693 2117 735 2142 33
750 2126 788 2152 pr.
805 2115 837 2141 de
851 2116 922 2142 inoff.
937 2121 1038 2142 testam.

200 2158 225 2183 3.
242 2158 284 2183 28.
320 2156 351 2182 11.
364 2158 431 2190 ⁰1).
451 2156 564 2184 Parvuli.
579 2174 611 2177 —
631 2158 731 2184 Adulti.
751 2158 801 2184 Th.
816 2157 846 2184 C.
861 2158 904 2185 111.
920 2161 959 2185 17.
980 2170 1001 2186 c.
1014 2161 1038 2185 3.

201 2208 240 2235 pr.
259 2198 292 2224 de
309 2204 355 2225 tut.
376 2204 402 2226 et
421 2210 474 2226 cur.
495 2210 532 2227 cr.
568 2199 611 2227 III.
627 2202 693 2229 Gn.
718 2201 840 2237 Aliquam
864 2206 964 2238 partem
983 2213 1040 2240 par-

200 2240 288 2267 vulam
310 2242 468 2268 incommodi
496 2244 635 2269 sustinere.
664 2243 694 2270 fr.
718 2245 760 2270 27.
785 2254 823 2280 pr.
847 2244 925 2271 locat.
950 2247 990 2271 19.
1014 2247 1038 2272 2.

202 2282 312 2309 Parvula
330 2288 406 2316 terra,
426 2295 450 2311 v.
471 2296 537 2312 casa.
558 2285 607 2312 Th.
624 2286 654 2312 C.
670 2285 736 2312 11.1.
757 2297 777 2313 c.
793 2288 816 2312 Β.
836 2296 874 2323 pr.
896 2287 928 2314 de
946 2288 1038 2314 iurisd.
1060 2285 1061 2293 ¹

203 2326 256 2361 Qui
276 2328 324 2357 (se.
343 2325 403 2358 filii)
422 2329 448 2354 in
467 2328 575 2365 parvula
595 2333 678 2355 aetate
697 2328 888 2365 relinquuntur.
912 2329 947 2355 lb.
967 2330 1038 2356 XIV.
1060 2325 1062 2346 !

202 2371 226 2395 3.
247 2380 267 2394 c.
287 2370 311 2394 5.
332 2368 364 2394 de
383 2369 474 2405 pistor.
511 2370 579 2397 Puer
598 2371 732 2408 parvulus
752 2382 772 2398 c.
792 2374 815 2398 3.
836 2371 869 2398 de
887 2372 977 2399 infant.
998 2383 1040 2399 ex-

203 2421 261 2448 pos
281 2412 304 2437 8.
323 2412 364 2436 52.

241 2456 401 2481 Parvus.
421 2453 548 2487 (Adiect.)
567 2459 734 2492 Exiguus,
755 2458 909 2484 Modicus.
946 2457 964 2483 I.
979 2458 1041 2492 Sy.

204 2496 329 2532 Exiguus.
350 2506 370 2522 c.
390 2498 414 2521 2.
435 2495 467 2522 de
486 2506 537 2523 sec.
556 2504 628 2535 nupt.
643 2501 666 2525 5.
686 2501 710 2526 9.
746 2499 777 2526 ΙΙ,
793 2501 860 2533 Op.
880 2499 971 2531 Parva,
991 2510 1042 2526 ma-

204 2549 306 2576 gnaque
325 2538 478 2575 (poscere.)
503 2538 552 2565 Th.
573 2539 603 2566 C.
622 2541 641 2568 I.
661 2544 684 2568 7.
705 2552 726 2568 c.
748 2544 769 2568 l.
790 2542 822 2569 de
842 2542 885 2568 off.
905 2542 979 2568 Rect.
998 2542 1041 2569 Pr.

205 2582 247 2608 111.
263 2583 329 2609 Gn.
349 2580 404 2607 Sub
424 2591 502 2617 parva
522 2592 551 2607 ac
570 2583 671 2610 minima
692 2585 894 2611 contributione.
917 2585 953 2610 Ib.
972 2585 1040 2612 XIII.
1062 2577 1064 2596 l

207 2627 229 2651 l.
250 2634 271 2650 c.
285 2626 326 2650 20.
347 2623 379 2649 de
398 2623 473 2649 lustr.
494 2623 580 2650 collat.
618 2626 671 2660 Qui
689 2627 788 2654 dolium
808 2629 917 2665 aperuit.
938 2632 963 2653 et
981 2628 1042 2654 inde

206 2677 315 2705 parvum
343 2667 397 2692 vini
421 2666 537 2692 abstulit.
566 2666 596 2692 fr.
616 2669 658 2693 21.
681 2678 719 2704 pr.
745 2670 777 2696 de
798 2670 858 2697 furt.
881 2672 922 2696 47.
941 2673 965 2696 2.
1003 2671 1041 2697 Ne

206 2720 287 2748 parvo
312 2708 417 2745 quidem
440 2713 566 2746 tempore.
591 2709 640 2736 Th.
661 2709 691 2736 C.
711 2711 754 2738 VI.
773 2715 798 2739 4.
822 2724 843 2739 c.
862 2715 886 2739 3.
907 2713 938 2739 de
958 2712 1041 2739 Praet.
1064 2744 1065 2751 ἵ

207 2758 234 2779 et
253 2753 304 2788 Qu.
342 2751 400 2778 Non
420 2753 507 2787 parvis
527 2752 688 2789 temporibus
702 2753 884 2786 (consistens.)
903 2755 970 2782 Nov.
984 2755 1042 2782 val.
1064 2770 1065 2786 η

208 2795 250 2821 111.
270 2795 302 2822 de
321 2796 434 2821 invasor.
454 2794 484 2821 11.
504 2798 527 2821 ὅ.
553 2805 573 2821 c.
595 2797 617 2820 1.
641 2795 663 2828 ξ.
685 2796 707 2821 l.
743 2795 820 2823 Parvi
838 2798 938 2831 facere,
958 2809 981 2825 v.
1001 2798 1044 2825 ha-

1055 934 1057 944 t
1079 918 1116 951 ἓξ.
1135 920 1158 944 2.
1180 927 1218 953 sq.
1239 927 1286 954 pro
1307 928 1360 944 soc.
1378 920 1415 944 17.
1431 922 1454 944 2.

1854 156 1918 187 683

1078 232 1147 260 bere.
1167 233 1274 259 1b.Xlt.
1290 235 1311 260 l.
1332 244 1353 260 c.
1372 235 1395 261 9.
1417 244 1437 260 c.
1452 236 1492 260 45.
1513 234 1545 261 de
1564 234 1697 261 decurion.
1735 235 1810 262 Parvi
1830 236 1917 263 refert.

1078 275 1107 301 fr.
1128 277 1151 301 6.
1177 275 1199 309 ᾗ.
1221 277 1242 302 l.
1268 276 1319 311 Qu.
1345 278 1393 303 cui.
1419 278 1490 304 univ.
1514 288 1583 304 nom.
1602 279 1626 304 3.
1645 279 1668 304 4.
1690 277 1720 304 fr.
1739 280 1780 304 25.
1800 279 1821 312 ξ.
1841 281 1865 305 5.
1885 279 1918 306 de

1078 318 1166 345 hered.
1190 323 1241 356 pet.
1266 321 1290 345 5.
1309 320 1332 345 3.
1374 320 1587 347 Domesticorum
1611 320 1672 352 filii,
1700 320 1742 347 vel
1766 323 1916 358 propinqui,

1078 362 1151 398 parvi
1177 361 1219 388 vel
1242 362 1400 399 impuberes.
1425 362 1474 389 Th.
1495 362 1525 390 C.
1546 363 1588 389 VI.
1607 365 1649 390 24.
1669 374 1690 391 c.
1709 365 1734 390 2.
1754 364 1787 390 de
1806 364 1916 391 domest.

1079 409 1104 430 et
1123 409 1234 441 protect.

1116 449 1294 474 Pascere.
1323 447 1353 479 ξ.
1368 448 1402 473 l.
1423 449 1469 474 Ad
1484 451 1637 482 pabulum
1656 452 1782 482 ducere,
1803 452 1839 477 In
1856 460 1915 484 pa-

1078 500 1152 516 scuo
1176 492 1348 517 continere.
1386 489 1429 516 III.
1449 492 1514 518 011.
1538 491 1630 518 Invitis
1650 493 1687 518 eis
1706 502 1739 519 ne
1758 493 1817 529 quis
1836 498 1917 523 secet.

1078 543 1144 559 neve
1164 537 1266 570 pascat,
1291 542 1357 560 neve
1376 532 1482 560 fruatur.
1508 533 1572 560 Tab.
1593 534 1625 560 de
1644 535 1717 562 finib.
1735 536 1781 562 int.
1806 536 1916 563 Genuat.

1079 580 1103 601 et
1120 574 1202 602 Vitur.
1223 575 1329 608 (Orelli.
1343 576 1433 608 3121.)
1454 576 1528 611 Quae
1542 583 1685 613 pascuntur
1703 579 1729 604 in
1749 579 1789 605 via
1802 579 1916 616 publica,

1079 634 1109 638 --
1130 623 1156 644 et
1175 618 1331 644 deteriorem
1356 617 1450 645 faciant
1470 620 1544 645 viam.
1571 620 1600 646 sr.
1620 623 1644 647 2.
1670 621 1692 654 ξ.
1711 624 1752 648 30.
1777 632 1809 648 ne
1829 633 1871 659 qu.
1891 624 1916 649 iu

1079 661 1128 687 loc.
1149 661 1210 698 pub.
1229 663 1270 688 43.
1285 663 1309 687 8.
1346 661 1524 693 stercorandi.
1544 662 1586 689 vel
1605 664 1729 700 pascendi
1749 675 1825 691 causa
1844 667 1918 696 (con-

1078 705 1169 730 stituta
1194 704 1230 730 ibi
1254 705 1374 741 pecora.)
1403 715 1423 731 c.
1443 707 1467 731 2.
1491 704 1524 731 de
1549 704 1579 731 V.
1601 705 1627 732 S.
1652 708 1676 733 6.
1695 708 1737 733 38.
1779 707 1808 734 Si
1832 708 1918 745 aliqua

1055 775 1056 779 Ἰ
1079 752 1153 783 parte
1173 748 1232 773 anni
1252 748 1278 773 in
1299 746 1379 773 fundo
1398 753 1539 784 pascantur
1557 758 1661 785 pecora,
1680 749 1765 786 aliqua
1785 757 1857 788 parte
1876 752 1917 778 his

1055 801 1057 807 ν
1078 789 1202 826 pabulum
1223 789 1386 816 conducitur.
1411 790 1440 817 fr.
1463 793 1501 816 12.
1526 792 1547 824 ξ.
1568 794 1591 817 Β.
1617 791 1649 818 de
1668 792 1743 818 instr.
1763 793 1812 830 leg.
1831 797 1872 821 33.
1893 797 1916 821 7.

1079 832 1272 869 Quadrupedes
1286 843 1385 864 omnes,
1406 843 1471 869 quae
1484 835 1607 870 gregatim
1621 840 1770 871 pascuntur.
1791 836 1862 864 Paul.
1874 837 1917 865 III.

1078 876 1101 900 6.
1122 876 1143 908 §.
1159 877 1198 901 73.
1236 874 1319 901 Pecus
1339 877 1365 901 iu
1385 886 1520 902 commune
1538 877 1698 913 pascendum
1716 878 1812 913 (dare.)
1831 880 1861 906 fr.
1875 883 1916 907 52.

1476 929 1496 945 c.
1510 921 1533 945 8.
1554 919 1586 945 de
1606 925 1672 956 pact.
1686 922 1710 947 2.
1724 923 1747 948 3.
1768 922 1798 948 fr.
1813 924 1836 949 9.
1857 923 1878 956 ξ.
1893 927 1917 951 5.

1079 960 1155 986 locat.
1172 961 1210 986 19.
1224 962 1248 986 2.
1273 959 1380 986 Pecoris
1393 961 1518 997 pascendi
1532 963 1682 995 servitutes,
1701 965 1763 991 item
1776 965 1808 991 ad
1827 976 1919 1002 aquam

1079 1002 1238 1040 adpollendi.
1262 1002 1292 1029 fr.
1312 1004 1335 1028 4.
1357 1003 1387 1028 cf.
1408 1002 1438 1029 fr.
1460 1005 1481 1030 1.
1501 1005 1522 1038 ξ.
1544 1007 1567 1031 J.
1587 1005 1617 1032 fr.
1636 1007 1660 1032 3.
1680 1016 1719 1043 pr.
1740 1007 1773 1034 de
1792 1007 1818 1034 S.
1839 1008 1867 1035 P.
1887 1009 1918 1036 R.

1079 1047 1102 1072 S.
1117 1047 1141 1071 3.
1157 1062 1189 1065 ——
1209 1046 1240 1079 ᾗ.
1253 1047 1287 1072 2.
1309 1047 1460 1077 marim,
1481 1049 1581 1074 Alere.
1620 1048 1638 1074 Ι.
1652 1050 1713 1084 Sy.
1728 1049 1833 1077 Cibaria
1846 1061 1920 1088 prae-

1056 1106 1058 1126 4
1080 1094 1157 1115 stare.
1178 1089 1208 1115 fr.
1230 1090 1269 1114 11.
1289 1089 1310 1122 ξ.
1333 1090 1354 1114 1.
1374 1088 1406 1114 ad
1426 1089 1511 1116 exhib.
1534 1092 1573 1116 10.
1593 1093 1615 1117 4.
1636 1091 1666 1118 fr.
1686 1094 1727 1119 21.
1748 1094 1768 1127 §.
1786 1095 1807 1120 1.
1827 1094 1857 1120 fr.
1876 1096 1918 1121 31.

1080 1132 1099 1165 ξ.
1118 1133 1156 1158 10.
1177 1131 1209 1157 (le.
1229 1130 1289 1157 don.
1310 1132 1356 1157 int.
1371 1130 1455 1157 V.24.
1472 1133 1493 1158 l.
1531 1132 1572 1158 III.
1588 1135 1654 1160 (711.
1675 1134 1787 1162 Pascere
1805 1146 1918 1169 servum.

1080 1176 1186 1203 vestire.
1207 1184 1305 1200 curare.
1326 1174 1356 1200 fr.
1375 1176 1414 1200 11.
1435 1175 1456 1207 ξ.
1478 1176 1500 1200 1.
1519 1174 1536 1201 l.
1552 1177 1591 1202 10.
1611 1178 1635 1202 4.
1673 1178 1726 1212 Qui
1745 1188 1839 1215 operas
1858 1190 1919 1207 suas

1080 1217 1238 1248 locaverint,
1263 1222 1291 1243 ut
1309 1222 1486 1254 pascerentur.
1513 1217 1542 1244 fr.
1563 1219 1586 1244 6.
1610 1219 1632 1252 §.
1653 1221 1676 1246 l.
1701 1220 1733 1247 de
1755 1220 1785 1247 L.
1806 1221 1868 1249 Fal).
1888 1223 1920 1249 de

1080 1260 1146 1297 plag.
1167 1261 1209 1286 215.
1232 1262 1270 1286 15.
1291 1270 1312 1286 c.
1331 1262 1373 1286 22.
1394 1259 1426 1286 de
1445 1259 1539 1287 admin.
1561 1265 1607 1287 tut.
1625 1263 1649 1288 5.
1668 1264 1710 1289 37.
1747 1263 1843 1291 vineas
1863 1276 1921 1292 cum

1057 1299 1058 1340 l
1080 1303 1129 1329 hac
1154 1302 1300 1328 adiectione
1324 1302 1480 1339 reliquerat:
1507 1302 1566 1334 „Vt
1590 1303 1715 1336 habeant,
1739 1307 1807 1333 unde
1832 1318 1860 1334 se
1878 1319 1921 1345 pa-

1081 1350 1182 1372 scantf*
1202 1344 1233 1371 fr.
1254 1347 1295 1371 22.
1316 1345 1338 1378 ξ.
1355 1347 1377 1371 1.
1398 1345 1431 1371 de
1450 1345 1518 1372 alim.
1538 1356 1561 1373 v.
1583 1347 1663 1374 cibar.
1681 1350 1723 1374 34.
1745 1350 1766 1375 l.
1803 1350 1922 1388 Primipi-

1057 1383 1059 1417 Ξ
1081 1388 1158 1419 lares.
1179 1389 1222 1424 qui
1242 1387 1274 1414 ad
1293 1388 1441 1425 pascendos
1461 1388 1558 1415 milites
1578 1406 1609 1409 —
1630 1390 1802 1418 destinantur.
1821 1392 1870 1419 Th.
1891 1393 1921 1421 C.

1058 1458 1059 1464 ἵ
1081 1431 1148 1458 Vlll.
1169 1433 1192 1457 4.
1214 1441 1235 1457 c.
1255 1431 1279 1456 6.
1299 1430 1332 1457 de
1351 1430 1478 1457 cohortal.
1500 1448 1530 1452 —
1550 1433 1581 1465 ᾖ.
1599 1434 1636 1460 3.
1657 1435 1792 1467 Favere,
1813 1437 1921 1463 Indul-

1078 1485 1162 1510 gere.
1196 1473 1239 1499 111.
1252 1474 1317 1501 Gn.
1337 1473 1495 1500 Patrimonia
1515 1475 1657 1502 multorum
1677 1478 1785 1509 evertit,
1806 1483 1831 1504 et
1850 1480 1923 1516 pavit

1059 1532 1060 1537 =
1082 1518 1214 1544 avaritiam
1234 1515 1428 1543 nonnullorum.
1448 1516 1485 1543 lb.
1500 1516 1568 1544 VIII.
1582 1520 1605 1543 5.
1627 1529 1647 1544 c.
1669 1520 1691 1544 7.
1711 1519 1744 1546 de
1763 1530 1841 1547 cursu
1860 1522 1922 1559 pub.

1120 1561 1280 1586 Pascha.
1318 1561 1462 1591 Festum,
1491 1566 1556 1587 {am
1584 1563 1801 1589 Hebraeorum
1832 1575 1922 1599 quam

1084 1604 1367 1634 Christianorum,
1394 1604 1483 1628 circa
1508 1606 1715 1638 aequinoctii
1739 1609 1831 1632 verni
1849 1614 1922 1634 tem·

1059 1651 1060 1684 ᾗ
1080 1656 1147 1680 pus.
1185 1644 1228 1671 111,
1242 1646 1308 1672 Cn.
1328 1644 1401 1670 Sacri
1420 1644 1537 1672 Paschae
1556 1646 1620 1673 dies.
1642 1647 1691 1673 Th.
1706 1646 1737 1673 C.
1751 1647 1781 1674 II.
1796 1650 1821 1675 8.
1839 1659 1860 1675 c.
1883 1652 1921 1676 19.

1082 1689 1104 1722 ξ,
1118 1689 1142 1714 3.
1160 1687 1264 1721 (ch.)
1284 1687 1316 1713 de
1336 1687 1417 1713 seriis
1445 1687 1561 1715 Paschae
1581 1689 1730 1721 celebrium,
1749 1700 1770 1716 s.
1784 1690 1922 1719 festivitas.

1082 1731 1120 1757 Ib.
1139 1730 1184 1756 IX.
1202 1732 1244 1756 35.
1265 1740 1285 1755 c.
1305 1731 1328 1756 3.
1349 1740 1387 1766 sq.
1408 1729 1441 1756 de
1459 1730 1557 1768 iudulg.
1578 1733 1650 1758 crim.
1668 1732 1739 1759 XVI.
1759 1734 1783 1759 6.
1807 1744 1827 1760 c.
1847 1736 1870 1761 6.
1890 1745 1924 1762 ne

1060 1770 1061 1794 l
1083 1773 1111 1799 S.
1131 1773 1202 1809 bapt.

1120 1815 1330 1842 Paschalis.
1368 1815 1508 1848 (Adiect.)
1547 1818 1594 1843 Ad
1612 1819 1737 1845 Pascha
1763 1827 1922 1853 spectans.

1083 1858 1101 1884 1.
1116 1860 1178 1892 Sy.
1198 1857 1323 1889 Paschae.
1344 1857 1483 1884 Paschalcs
1503 1859 1594 1891 (dies.)
1615 1870 1635 1886 c.
1649 1861 1674 1886 2.
1695 1870 1715 1887 c.
1730 1862 1754 1887 6.
1768 1871 1827 1898 sqq.
1847 1866 1923 1890 c.10.

1060 1907 1062 1943 ἐ
1084 1901 1116 1927 dc
1135 1901 1215 1927 feriis.
1234 1902 1258 1927 3.
1280 1902 1319 1927 12.
1340 1900 1390 1927 Th.
1404 1900 1434 1928 C.
1449 1901 1493 1928 lx.
1513 1903 1554 1928 35.
1575 1912 1595 1928 c.
1611 1903 1634 1928 4.
1655 1902 1687 1929 de
1707 1906 1853 1940 quaestion.
1880 1906 1922 1933 111.

1084 1946 1150 1972 Cn.
1170 1943 1206 1970 Vt
1225 1943 1273 1970 Vll
1292 1943 1385 1970 (liebus
1405 1944 1626 1981 quadragesimae,
1645 1944 1693 1972 VII
1711 1947 1880 1983 paschalibus
1892 1965 1924 1968 —

1083 1986 1234 2024 spectacula
1260 1996 1312 2012 non
1338 1986 1454 2014 edantur.
1486 1987 1573 2014 1b.11.
1598 1991 1622 2014 ὃ.
1647 1991 1729 2016 12.-24.
1755 1989 1868 2023 (ch.)
1891 1991 1924 2018 de

1083 2030 1164 2056 feriis.

1121 2075 1324 2100 Pascuum.
1362 2074 1479 2104 Locus,
1506 2074 1561 2099 ubi
1577 2077 1714 2107 pecudes
1732 2082 1921 2108 pascuntur.

1083 2115 1102 2142 I.
1117 2117 1179 2150 Sy.
1199 2115 1282 2142 Prata.
1302 2115 1402 2141 Pascua
1422 2115 1604 2148 (animalium.)
1625 2116 1673 2143 Th.
1693 2117 1794 2144 C.V11.
1815 2120 1838 2145 7.
1859 2129 1879 2145 c.
1901 2122 1922 2146 1.

1084 2169 1144 2195 sqq.
1164 2158 1196 2184 de
1215 2159 1329 2195 pascuis.
1366 2157 1396 2184 11.
1417 2160 1484 2192 Op.
1512 2159 1619 2185 Arvum.
1640 2174 1670 2178 --
1696 2159 1786 2187 Vinea.
1809 2178 1838 2182 --
1864 2161 1923 2188 Pra-

1084 2207 1146 2228 tum.
1168 2218 1198 2221 —
1219 2200 1326 2227 Pascua.
1349 2200 1380 2226 fr.
1400 2203 1424 2226 4.
1445 2211 1483 2238 pr.
1503 2201 1536 2227 de
1555 2202 1653 2228 censib.
1673 2204 1715 2229 50.
1736 2205 1776 2230 15.
1813 2204 1854 2230 De
1873 2209 1923 2230 sta-

1083 2244 1155 2276 bulo,
1175 2243 1217 2270 vel
1237 2243 1269 2270 de
1287 2244 1393 2280 pascuis
1413 2243 1530 2279 (abigere
1548 2245 1661 2279 greges.)
1680 2244 1751 2272 Paul.
1763 2245 1794 2272 V.
1809 2248 1845 2272 18.
1865 2247 1886 2280 §.
1898 2249 1921 2273 2.

1060 2307 1062 2312 .
1084 2287 1125 2313 III.
1145 2289 1211 2315 011.
1231 2286 1325 2313 Pascui
1344 2287 1467 2316 servitus,
1488 2291 1531 2312 aut
1549 2288 1653 2323 pecoris
1673 2287 1829 2326 adpellendi.
1850 2288 1879 2314 fr.
1898 2290 1921 2315 6.

1084 2331 1106 2364 §.
1128 2332 1149 2356 l.
1169 2330 1202 2356 (le
1221 2329 1248 2356 S.
1268 2329 1296 2355 P.
1311 2329 1340 2355 R.
1361 2330 1385 2355 8.
1404 2330 1428 2354 3.

1122 2375 1305 2400 Pam-uus.
1343 2371 1471 2404 (Adiect.)
1509 2373 1556 2398 Ad
1571 2376 1762 2406 pascendum
1782 2375 1921 2401 idonens.

1085 2415 1103 2442 1.
1118 2417 1180 2450 Sy.
1200 2415 1289 2441 Pastui
1306 2413 1435 2451 pecudum
1449 2413 1587 2447 destinata,
1606 2415 1704 2441 Pascua
1719 2415 1818 2449 (silva.)
1838 2416 1867 2443 fr.
1880 2419 1922 2444 30.

1086 2458 1108 2491 ξ.
1128 2459 1151 2484 5.
1177 2457 1209 2483 de
1229 2456 1260 2483 V.
1281 2456 1308 2483 S.
1327 2459 1369 2483 50.
1390 2458 1429 2483 16.
1471 2456 1513 2483 111.
1534 2459 1599 2485 Gn.
1628 2457 1657 2483 Si
1681 2457 1775 2484 saltum
1798 2469 1923 2495 pascuum

1085 2500 1188 2531 locasti,
1209 2501 1235 2526 in
1255 2509 1306 2535 quo
1326 2498 1406 2525 herba
1425 2499 1491 2526 mala
1510 2500 1673 2526 nascebatur.
1692 2500 1723 2526 fr.
1742 2502 1779 2527 19.
1800 2502 1821 2535 ς’.
1844 2504 1865 2528 l.
1885 2502 1922 2529 lo-

1086 2548 1134 2569 cat.
1156 2545 1195 2569 19.
1215 2545 1238 2568 2.

1124 2585 1283 2612 Passiln.
1311 2584 1432 2617 (Advb.)
1466 2587 1540 2610 Sine
1558 2587 1670 2611 ordine
1688 2592 1717 2612 et
1736 2589 1867 2614 delectu.
1903 2588 1921 2614 I.

1087 2630 1148 2662 Sy.
1174 2626 1237 2653 Sine
1261 2626 1372 2653 delectu.
1399 2627 1428 2653 fr.
1449 2628 1489 2652 43.
1514 2628 1535 2660 ξ.
1558 2629 1579 2652 1.
1600 2627 1631 2653 tle
1651 2627 1680 2654 R.
1701 2628 1733 2654 N.
1752 2631 1792 2655 23.
1812 2632 1836 2656 2.
1875 2630 1924 2657 Te-

1063 2694 1064 2699 ,
1087 2680 1156 2696 mere
1176 2669 1331 2702 (decernere
1351 2671 1412 2701 etc.)
1438 2669 1467 2695 fr.
1489 2671 1510 2694 1.
1530 2669 1551 2702 ξ.
1571 2672 1594 2695 4.
1615 2669 1645 2695 fr.
1665 2672 1688 2697 9.
1707 2671 1730 2704 ξ.
1750 2674 1773 2698 5.
1793 2671 1826 2699 de
1845 2673 1869 2700 d.
1890 2684 1921 2700 m.

1064 2731 1065 2736 .
1087 2715 1110 2739 4.
1129 2714 1153 2738 3.
1191 2712 1221 2739 ll.
1243 2714 1310 2747 Op.
1334 2712 1393 2738 *Non
1412 2721 1495 2748 pass,
1519 2711 1566 2737 sed
1586 2722 1662 2738 causa
1686 2716 1802 2749 cognita,
1825 2726 1846 2742 s.
1865 2726 1922 2742 cum

1087 2765 1180 2782 causae
1199 2757 1355 2792 cognitione.
1376 2754 1528 2787 (subvenire
1547 2756 1609 2787 etc.)
1632 2755 1661 2782 fr.
1682 2758 1722 2783 11.
1742 2758 1763 2790 ξ.
1783 2760 1807 2784 3.
1828 2758 1860 2784 de
1878 2759 1921 2784 mi-

1065 2834 1066 2844 *
1088 2808 1143 2825 nor.
1163 2800 1186 2824 11.
1206 2801 1230 2825 4,
1250 2798 1280 2824 sr.
1301 2800 1323 2823 7.
1343 2797 1364 2830 ὃ.
1386 2798 1408 2822 l.
1429 2796 1460 2822 de
1479 2802 1571 2824 ventre
1589 2799 1615 2824 in
1634 2809 1706 2836 poss.
1725 2801 1766 2826 37.
1780 2801 1803 2825 9.
1830 2799 1922 2835 Neque

1423 2839 1479 2865 86ᾼι
