<?xml version="1.0" encoding="UTF-8"?>
<!DOCTYPE html PUBLIC "-//W3C//DTD XHTML 1.0 Transitional//EN"
    "http://www.w3.org/TR/xhtml1/DTD/xhtml1-transitional.dtd">
<html xmlns="http://www.w3.org/1999/xhtml" xml:lang="en" lang="en">
 <head>
  <title>
</title>
<meta http-equiv="Content-Type" content="text/html;charset=utf-8" />
  <meta name='ocr-system' content='tesseract 3.04.00' />
  <meta name='ocr-capabilities' content='ocr_page ocr_carea ocr_par ocr_line ocrx_word'/>
</head>
<body>
  <div class='ocr_page' id='page_1' title='image "./manualelatinitat00dirk_0488.png"; bbox 0 0 2197 3121; ppageno 0'>
   <div class='ocr_carea' id='block_1_1' title="bbox 267 168 330 200">
    <p class='ocr_par' dir='ltr' id='par_1_1' title="bbox 267 168 330 200">
     <span class='ocr_line' id='line_1_1' title="bbox 267 168 330 200; baseline 0 -1"><span class='ocrx_word' id='word_1_1' title='bbox 267 168 330 200; x_wconf 82' lang='lat'><em>474</em></span> 
     </span>
    </p>
   </div>
   <div class='ocr_carea' id='block_1_2' title="bbox 263 249 1136 2433">
    <p class='ocr_par' dir='ltr' id='par_1_2' title="bbox 269 249 1114 460">
     <span class='ocr_line' id='line_1_2' title="bbox 269 249 1114 288; baseline -0.001 -11"><span class='ocrx_word' id='word_1_2' title='bbox 269 251 331 285; x_wconf 75' lang='lat' dir='ltr'><em>Sy.</em></span> <span class='ocrx_word' id='word_1_3' title='bbox 350 250 486 277; x_wconf 86' lang='lat' dir='ltr'><em>Iniuriose.</em></span> <span class='ocrx_word' id='word_1_4' title='bbox 513 249 553 277; x_wconf 81' lang='lat' dir='ltr'><em>Cf.</em></span> <span class='ocrx_word' id='word_1_5' title='bbox 574 250 599 277; x_wconf 93' lang='lat' dir='ltr'><em>h.</em></span> <span class='ocrx_word' id='word_1_6' title='bbox 620 261 643 276; x_wconf 83' lang='lat' dir='ltr'><em>v.</em></span> <span class='ocrx_word' id='word_1_7' title='bbox 663 251 684 284; x_wconf 87' lang='lat'><em>5.</em></span> <span class='ocrx_word' id='word_1_8' title='bbox 707 251 728 277; x_wconf 96' lang='lat' dir='ltr'><em>l.</em></span> <span class='ocrx_word' id='word_1_9' title='bbox 769 250 798 277; x_wconf 88' lang='grc' dir='ltr'><em>ΙΙ.</em></span> <span class='ocrx_word' id='word_1_10' title='bbox 820 252 887 285; x_wconf 75' lang='lat'><em>⁰1).</em></span> <span class='ocrx_word' id='word_1_11' title='bbox 918 250 989 277; x_wconf 79' lang='lat' dir='ltr'>Iuste</span> <span class='ocrx_word' id='word_1_12' title='bbox 1012 250 1114 288; x_wconf 83' lang='lat' dir='ltr'>(possi-</span> 
     </span>
     <span class='ocr_line' id='line_1_3' title="bbox 269 292 1114 327; baseline 0 -7"><span class='ocrx_word' id='word_1_13' title='bbox 269 293 354 327; x_wconf 73' lang='lat' dir='ltr'><em>dere.)</em></span> <span class='ocrx_word' id='word_1_14' title='bbox 374 294 404 321; x_wconf 80' lang='lat' dir='ltr'><em>t&#39;r.</em></span> <span class='ocrx_word' id='word_1_15' title='bbox 424 295 447 319; x_wconf 86' lang='lat'><em>3.</em></span> <span class='ocrx_word' id='word_1_16' title='bbox 467 293 489 327; x_wconf 95' lang='lat'><em>5.</em></span> <span class='ocrx_word' id='word_1_17' title='bbox 510 295 532 319; x_wconf 88' lang='lat'><em>5.</em></span> <span class='ocrx_word' id='word_1_18' title='bbox 555 292 587 319; x_wconf 87' lang='lat' dir='ltr'><em>de</em></span> <span class='ocrx_word' id='word_1_19' title='bbox 606 292 636 320; x_wconf 77' lang='lat' dir='ltr'><em>A.</em></span> <span class='ocrx_word' id='word_1_20' title='bbox 657 302 681 319; x_wconf 90' lang='lat' dir='ltr'><em>v.</em></span> <span class='ocrx_word' id='word_1_21' title='bbox 702 293 733 319; x_wconf 80' lang='lat' dir='ltr'><em>A.</em></span> <span class='ocrx_word' id='word_1_22' title='bbox 754 292 782 321; x_wconf 87' lang='lat' dir='ltr'><em>P.</em></span> <span class='ocrx_word' id='word_1_23' title='bbox 802 295 843 320; x_wconf 89' lang='lat'><em>41.</em></span> <span class='ocrx_word' id='word_1_24' title='bbox 862 296 886 320; x_wconf 87' lang='lat'><em>2.</em></span> <span class='ocrx_word' id='word_1_25' title='bbox 924 293 966 320; x_wconf 74' lang='grc' dir='ltr'>ΙΙΙ,</span> <span class='ocrx_word' id='word_1_26' title='bbox 979 295 1044 321; x_wconf 75' lang='lat' dir='ltr'><em>Cn.</em></span> <span class='ocrx_word' id='word_1_27' title='bbox 1064 293 1114 320; x_wconf 90' lang='lat' dir='ltr'>Ini-</span> 
     </span>
     <span class='ocr_line' id='line_1_4' title="bbox 269 336 1113 374; baseline 0 -11"><span class='ocrx_word' id='word_1_28' title='bbox 269 347 330 373; x_wconf 79' lang='lat' dir='ltr'>que,</span> <span class='ocrx_word' id='word_1_29' title='bbox 350 336 392 363; x_wconf 75' lang='lat' dir='ltr'><em>vel</em></span> <span class='ocrx_word' id='word_1_30' title='bbox 411 337 508 362; x_wconf 85' lang='lat' dir='ltr'>iniuste</span> <span class='ocrx_word' id='word_1_31' title='bbox 528 336 701 369; x_wconf 76' lang='lat' dir='ltr'>(sententiam</span> <span class='ocrx_word' id='word_1_32' title='bbox 721 336 834 370; x_wconf 78' lang='lat' dir='ltr'><em>dicere.)</em></span> <span class='ocrx_word' id='word_1_33' title='bbox 859 336 888 363; x_wconf 89' lang='lat' dir='ltr'><em>sr.</em></span> <span class='ocrx_word' id='word_1_34' title='bbox 911 338 933 363; x_wconf 96' lang='lat' dir='ltr'><em>l.</em></span> <span class='ocrx_word' id='word_1_35' title='bbox 958 347 997 374; x_wconf 89' lang='lat' dir='ltr'><em>pr.</em></span> <span class='ocrx_word' id='word_1_36' title='bbox 1023 336 1056 363; x_wconf 86' lang='lat' dir='ltr'><em>(le</em></span> <span class='ocrx_word' id='word_1_37' title='bbox 1075 339 1113 363; x_wconf 88' lang='lat' dir='ltr'><em>in-</em></span> 
     </span>
     <span class='ocr_line' id='line_1_5' title="bbox 269 378 1113 416; baseline 0 -10"><span class='ocrx_word' id='word_1_38' title='bbox 269 380 317 406; x_wconf 86' lang='lat' dir='ltr'><em>iur.</em></span> <span class='ocrx_word' id='word_1_39' title='bbox 338 381 378 405; x_wconf 86' lang='lat'><em>47.</em></span> <span class='ocrx_word' id='word_1_40' title='bbox 400 381 438 405; x_wconf 88' lang='grc'><em>10.</em></span> <span class='ocrx_word' id='word_1_41' title='bbox 479 379 507 405; x_wconf 82' lang='lat' dir='ltr'>si</span> <span class='ocrx_word' id='word_1_42' title='bbox 532 379 629 405; x_wconf 84' lang='lat' dir='ltr'>iniuste</span> <span class='ocrx_word' id='word_1_43' title='bbox 653 378 787 416; x_wconf 74' lang='lat' dir='ltr'>adpellare</span> <span class='ocrx_word' id='word_1_44' title='bbox 809 379 951 406; x_wconf 84' lang='lat' dir='ltr'><em>videbitur.</em></span> <span class='ocrx_word' id='word_1_45' title='bbox 977 390 998 406; x_wconf 91' lang='lat' dir='ltr'><em>c.</em></span> <span class='ocrx_word' id='word_1_46' title='bbox 1021 381 1060 406; x_wconf 86' lang='lat'><em>19.</em></span> <span class='ocrx_word' id='word_1_47' title='bbox 1081 379 1113 406; x_wconf 85' lang='lat' dir='ltr'><em>de</em></span> 
     </span>
     <span class='ocr_line' id='line_1_6' title="bbox 270 423 580 460; baseline -0.003 -11"><span class='ocrx_word' id='word_1_48' title='bbox 270 432 329 460; x_wconf 77' lang='lat' dir='ltr'><em>app.</em></span> <span class='ocrx_word' id='word_1_49' title='bbox 350 426 375 448; x_wconf 82' lang='lat' dir='ltr'><em>et</em></span> <span class='ocrx_word' id='word_1_50' title='bbox 395 432 473 460; x_wconf 76' lang='lat' dir='ltr'><em>poen.</em></span> <span class='ocrx_word' id='word_1_51' title='bbox 495 423 518 448; x_wconf 84' lang='lat'><em>7.</em></span> <span class='ocrx_word' id='word_1_52' title='bbox 538 423 580 448; x_wconf 73' lang='lat'><em>62.</em></span> 
     </span>
    </p>

    <p class='ocr_par' dir='ltr' id='par_1_3' title="bbox 268 465 1114 632">
     <span class='ocr_line' id='line_1_7' title="bbox 304 465 1113 502; baseline 0.001 -11"><span class='ocrx_word' id='word_1_53' title='bbox 304 465 514 492; x_wconf 66' lang='lat' dir='ltr'><em>IniustiGa.</em></span> <span class='ocrx_word' id='word_1_54' title='bbox 553 466 696 492; x_wconf 79' lang='lat' dir='ltr'><em>Iniuria.</em></span> <span class='ocrx_word' id='word_1_55' title='bbox 733 465 751 492; x_wconf 87' lang='grc' dir='ltr'><em>Ι.</em></span> <span class='ocrx_word' id='word_1_56' title='bbox 773 467 835 500; x_wconf 69' lang='lat' dir='ltr'><em>Sy.</em></span> <span class='ocrx_word' id='word_1_57' title='bbox 854 465 982 502; x_wconf 78' lang='lat' dir='ltr'>iniquitas</span> <span class='ocrx_word' id='word_1_58' title='bbox 1002 470 1028 492; x_wconf 86' lang='lat' dir='ltr'><em>et</em></span> <span class='ocrx_word' id='word_1_59' title='bbox 1046 466 1113 492; x_wconf 89' lang='lat' dir='ltr'>iniu-</span> 
     </span>
     <span class='ocr_line' id='line_1_8' title="bbox 269 507 1114 536; baseline 0.001 -3"><span class='ocrx_word' id='word_1_60' title='bbox 269 508 349 535; x_wconf 82' lang='lat' dir='ltr'><em>stitia.</em></span> <span class='ocrx_word' id='word_1_61' title='bbox 369 507 474 534; x_wconf 78' lang='lat' dir='ltr'><em>Iniuria.</em></span> <span class='ocrx_word' id='word_1_62' title='bbox 495 507 566 534; x_wconf 88' lang='lat' dir='ltr'><em>Coll.</em></span> <span class='ocrx_word' id='word_1_63' title='bbox 587 507 638 534; x_wconf 87' lang='lat' dir='ltr'><em>LL.</em></span> <span class='ocrx_word' id='word_1_64' title='bbox 660 507 693 534; x_wconf 78' lang='grc' dir='ltr'><em>Μ.</em></span> <span class='ocrx_word' id='word_1_65' title='bbox 713 507 744 534; x_wconf 89' lang='lat' dir='ltr'><em>II.</em></span> <span class='ocrx_word' id='word_1_66' title='bbox 764 510 787 535; x_wconf 88' lang='lat'><em>5.</em></span> <span class='ocrx_word' id='word_1_67' title='bbox 825 508 867 534; x_wconf 89' lang='lat'><em>111.</em></span> <span class='ocrx_word' id='word_1_68' title='bbox 888 510 954 536; x_wconf 75' lang='lat' dir='ltr'><em>Cn.</em></span> <span class='ocrx_word' id='word_1_69' title='bbox 977 508 1005 535; x_wconf 88' lang='lat' dir='ltr'>Si</span> <span class='ocrx_word' id='word_1_70' title='bbox 1025 508 1059 535; x_wconf 84' lang='lat' dir='ltr'><em>de</em></span> <span class='ocrx_word' id='word_1_71' title='bbox 1077 509 1114 535; x_wconf 88' lang='lat' dir='ltr'><em>in-</em></span> 
     </span>
     <span class='ocr_line' id='line_1_9' title="bbox 268 550 1114 587; baseline 0.002 -11"><span class='ocrx_word' id='word_1_72' title='bbox 268 551 368 577; x_wconf 89' lang='lat' dir='ltr'>iustitia</span> <span class='ocrx_word' id='word_1_73' title='bbox 388 556 512 587; x_wconf 72' lang='lat' dir='ltr'>queratur</span> <span class='ocrx_word' id='word_1_74' title='bbox 531 551 586 583; x_wconf 88' lang='lat' dir='ltr'><em>(sc.</em></span> <span class='ocrx_word' id='word_1_75' title='bbox 612 550 644 577; x_wconf 87' lang='lat' dir='ltr'><em>ad</em></span> <span class='ocrx_word' id='word_1_76' title='bbox 663 552 827 577; x_wconf 76' lang='lat' dir='ltr'>exactionem</span> <span class='ocrx_word' id='word_1_77' title='bbox 845 552 1013 578; x_wconf 80' lang='lat' dir='ltr'>annonariam</span> <span class='ocrx_word' id='word_1_78' title='bbox 1032 552 1114 578; x_wconf 88' lang='lat' dir='ltr'>nomi-</span> 
     </span>
     <span class='ocr_line' id='line_1_10' title="bbox 268 592 995 632; baseline 0.003 -13"><span class='ocrx_word' id='word_1_79' title='bbox 268 594 367 625; x_wconf 87' lang='lat' dir='ltr'><em>natus.)</em></span> <span class='ocrx_word' id='word_1_80' title='bbox 388 593 437 620; x_wconf 84' lang='lat' dir='ltr'><em>Th.</em></span> <span class='ocrx_word' id='word_1_81' title='bbox 459 592 490 620; x_wconf 88' lang='lat' dir='ltr'><em>C.</em></span> <span class='ocrx_word' id='word_1_82' title='bbox 509 593 554 620; x_wconf 88' lang='lat' dir='ltr'><em>XI.</em></span> <span class='ocrx_word' id='word_1_83' title='bbox 574 595 616 620; x_wconf 87' lang='lat'><em>30.</em></span> <span class='ocrx_word' id='word_1_84' title='bbox 637 604 658 620; x_wconf 92' lang='lat' dir='ltr'><em>c.</em></span> <span class='ocrx_word' id='word_1_85' title='bbox 680 595 720 620; x_wconf 98' lang='lat'><em>12.</em></span> <span class='ocrx_word' id='word_1_86' title='bbox 741 593 773 620; x_wconf 84' lang='grc'><em>(16</em></span> <span class='ocrx_word' id='word_1_87' title='bbox 793 603 852 631; x_wconf 80' lang='lat' dir='ltr'><em>app.</em></span> <span class='ocrx_word' id='word_1_88' title='bbox 873 599 899 620; x_wconf 85' lang='lat' dir='ltr'><em>et</em></span> <span class='ocrx_word' id='word_1_89' title='bbox 917 604 995 632; x_wconf 87' lang='lat' dir='ltr'><em>poen.</em></span> 
     </span>
    </p>

    <p class='ocr_par' dir='ltr' id='par_1_4' title="bbox 263 636 1136 1661">
     <span class='ocr_line' id='line_1_11' title="bbox 304 636 1135 670; baseline 0.001 -7"><span class='ocrx_word' id='word_1_90' title='bbox 304 636 487 663; x_wconf 73' lang='lat' dir='ltr'><em>luiustus.</em></span> <span class='ocrx_word' id='word_1_91' title='bbox 517 636 646 670; x_wconf 72' lang='lat' dir='ltr'><em>(Adiect.)</em></span> <span class='ocrx_word' id='word_1_92' title='bbox 676 637 707 670; x_wconf 76' lang='lat'><em>§·</em></span> <span class='ocrx_word' id='word_1_93' title='bbox 732 638 766 663; x_wconf 90' lang='lat'><em>1.</em></span> <span class='ocrx_word' id='word_1_94' title='bbox 796 639 959 665; x_wconf 70' lang='lat' dir='ltr'>Iustitiae</span> <span class='ocrx_word' id='word_1_95' title='bbox 982 643 1135 668; x_wconf 55' lang='lat' dir='ltr'>contub,</span> 
     </span>
     <span class='ocr_line' id='line_1_12' title="bbox 267 680 1113 714; baseline 0.004 -10"><span class='ocrx_word' id='word_1_96' title='bbox 267 680 350 710; x_wconf 64' lang='lat' dir='ltr'>rina,</span> <span class='ocrx_word' id='word_1_97' title='bbox 371 680 464 706; x_wconf 68' lang='lat' dir='ltr'><em>111ri⁸</em></span> <span class='ocrx_word' id='word_1_98' title='bbox 483 682 613 707; x_wconf 70' lang='lat' dir='ltr'>rationi</span> <span class='ocrx_word' id='word_1_99' title='bbox 632 690 691 707; x_wconf 81' lang='lat' dir='ltr'><em>uon</em></span> <span class='ocrx_word' id='word_1_100' title='bbox 710 682 910 707; x_wconf 74' lang='lat' dir='ltr'><em>couveniens.</em></span> <span class='ocrx_word' id='word_1_101' title='bbox 934 680 966 707; x_wconf 85' lang='grc' dir='ltr'><em>Π.</em></span> <span class='ocrx_word' id='word_1_102' title='bbox 987 682 1054 714; x_wconf 74' lang='lat'><em>⁰1).</em></span> <span class='ocrx_word' id='word_1_103' title='bbox 1074 680 1113 706; x_wconf 83' lang='lat' dir='ltr'>lu—</span> 
     </span>
     <span class='ocr_line' id='line_1_13' title="bbox 267 721 1135 760; baseline 0.002 -13"><span class='ocrx_word' id='word_1_104' title='bbox 267 726 318 754; x_wconf 80' lang='lat' dir='ltr'>sta,</span> <span class='ocrx_word' id='word_1_105' title='bbox 338 737 371 741; x_wconf 91' lang='lat'><em>-</em></span> <span class='ocrx_word' id='word_1_106' title='bbox 390 721 502 754; x_wconf 78' lang='lat' dir='ltr'>Iniusta,</span> <span class='ocrx_word' id='word_1_107' title='bbox 527 723 635 756; x_wconf 83' lang='lat' dir='ltr'><em>(causa.</em></span> <span class='ocrx_word' id='word_1_108' title='bbox 656 733 679 748; x_wconf 77' lang='lat' dir='ltr'><em>v.</em></span> <span class='ocrx_word' id='word_1_109' title='bbox 700 724 838 760; x_wconf 77' lang='lat' dir='ltr'>possessio</span> <span class='ocrx_word' id='word_1_110' title='bbox 859 724 927 756; x_wconf 85' lang='lat' dir='ltr'><em>etc.)</em></span> <span class='ocrx_word' id='word_1_111' title='bbox 951 724 982 750; x_wconf 81' lang='lat' dir='ltr'><em>sr.</em></span> <span class='ocrx_word' id='word_1_112' title='bbox 1003 725 1026 750; x_wconf 94' lang='lat'><em>7.</em></span> <span class='ocrx_word' id='word_1_113' title='bbox 1047 724 1067 757; x_wconf 98' lang='lat'><em>5.</em></span> <span class='ocrx_word' id='word_1_114' title='bbox 1087 725 1111 749; x_wconf 85' lang='lat'><em>4.</em></span> <span class='ocrx_word' id='word_1_115' title='bbox 1134 750 1135 759; x_wconf 17' lang='grc' dir='ltr'>ἵ</span> 
     </span>
     <span class='ocr_line' id='line_1_14' title="bbox 268 764 1135 798; baseline 0.002 -7"><span class='ocrx_word' id='word_1_116' title='bbox 268 774 360 791; x_wconf 88' lang='lat' dir='ltr'><em>comm.</em></span> <span class='ocrx_word' id='word_1_117' title='bbox 382 764 434 792; x_wconf 87' lang='lat' dir='ltr'><em>div.</em></span> <span class='ocrx_word' id='word_1_118' title='bbox 456 767 495 791; x_wconf 92' lang='lat'><em>10.</em></span> <span class='ocrx_word' id='word_1_119' title='bbox 515 767 539 792; x_wconf 84' lang='lat'><em>3.</em></span> <span class='ocrx_word' id='word_1_120' title='bbox 565 764 595 791; x_wconf 86' lang='lat' dir='ltr'><em>l&#39;r.</em></span> <span class='ocrx_word' id='word_1_121' title='bbox 614 766 656 791; x_wconf 74' lang='lat'><em>28.</em></span> <span class='ocrx_word' id='word_1_122' title='bbox 681 765 703 798; x_wconf 97' lang='lat'><em>5</em></span> <span class='ocrx_word' id='word_1_123' title='bbox 724 767 748 792; x_wconf 94' lang='lat'><em>5.</em></span> <span class='ocrx_word' id='word_1_124' title='bbox 773 765 806 792; x_wconf 83' lang='lat' dir='ltr'><em>de</em></span> <span class='ocrx_word' id='word_1_125' title='bbox 829 766 915 792; x_wconf 83' lang='lat' dir='ltr'><em>fideic.</em></span> <span class='ocrx_word' id='word_1_126' title='bbox 940 766 1004 793; x_wconf 83' lang='lat' dir='ltr'><em>libb.</em></span> <span class='ocrx_word' id='word_1_127' title='bbox 1024 768 1066 792; x_wconf 71' lang='lat'><em>40.</em></span> <span class='ocrx_word' id='word_1_128' title='bbox 1087 768 1111 792; x_wconf 86' lang='lat'><em>5.</em></span> <span class='ocrx_word' id='word_1_129' title='bbox 1134 778 1135 794; x_wconf 63' lang='grc' dir='ltr'><strong>ς</strong></span> 
     </span>
     <span class='ocr_line' id='line_1_15' title="bbox 267 807 1113 846; baseline 0.001 -12"><span class='ocrx_word' id='word_1_130' title='bbox 267 807 298 834; x_wconf 82' lang='grc' dir='ltr'><strong>1ἰ·.</strong></span> <span class='ocrx_word' id='word_1_131' title='bbox 318 809 342 834; x_wconf 79' lang='lat'><em>2.</em></span> <span class='ocrx_word' id='word_1_132' title='bbox 363 807 392 834; x_wconf 79' lang='lat' dir='ltr'><em>fr.</em></span> <span class='ocrx_word' id='word_1_133' title='bbox 412 809 436 834; x_wconf 86' lang='lat'><em>3.</em></span> <span class='ocrx_word' id='word_1_134' title='bbox 457 818 496 846; x_wconf 89' lang='lat' dir='ltr'><em>pr.</em></span> <span class='ocrx_word' id='word_1_135' title='bbox 516 809 554 834; x_wconf 82' lang='lat' dir='ltr'><em>uti</em></span> <span class='ocrx_word' id='word_1_136' title='bbox 573 807 674 844; x_wconf 78' lang='lat' dir='ltr'><em>possid.</em></span> <span class='ocrx_word' id='word_1_137' title='bbox 694 810 735 836; x_wconf 73' lang='lat'><em>43.</em></span> <span class='ocrx_word' id='word_1_138' title='bbox 758 810 797 835; x_wconf 78' lang='lat'><em>17.</em></span> <span class='ocrx_word' id='word_1_139' title='bbox 835 808 878 835; x_wconf 92' lang='lat'><em>111.</em></span> <span class='ocrx_word' id='word_1_140' title='bbox 905 810 972 837; x_wconf 72' lang='lat' dir='ltr'><em>Cn.</em></span> <span class='ocrx_word' id='word_1_141' title='bbox 991 809 1057 836; x_wconf 87' lang='lat' dir='ltr'>lusti</span> <span class='ocrx_word' id='word_1_142' title='bbox 1077 813 1113 835; x_wconf 87' lang='lat' dir='ltr'><em>at-</em></span> 
     </span>
     <span class='ocr_line' id='line_1_16' title="bbox 267 850 1113 887; baseline 0.001 -10"><span class='ocrx_word' id='word_1_143' title='bbox 267 861 319 887; x_wconf 84' lang='lat' dir='ltr'><em>que</em></span> <span class='ocrx_word' id='word_1_144' title='bbox 338 852 429 877; x_wconf 88' lang='lat' dir='ltr'>iniusti</span> <span class='ocrx_word' id='word_1_145' title='bbox 448 852 565 877; x_wconf 77' lang='lat' dir='ltr'><em>scientia.</em></span> <span class='ocrx_word' id='word_1_146' title='bbox 592 850 621 877; x_wconf 81' lang='lat' dir='ltr'><em>l&#39;r.</em></span> <span class='ocrx_word' id='word_1_147' title='bbox 644 853 683 878; x_wconf 80' lang='lat'><em>10.</em></span> <span class='ocrx_word' id='word_1_148' title='bbox 709 852 730 885; x_wconf 92' lang='lat'><em>5.</em></span> <span class='ocrx_word' id='word_1_149' title='bbox 750 854 774 878; x_wconf 84' lang='lat'><em>2.</em></span> <span class='ocrx_word' id='word_1_150' title='bbox 798 851 831 878; x_wconf 86' lang='lat' dir='ltr'><em>de</em></span> <span class='ocrx_word' id='word_1_151' title='bbox 849 851 868 878; x_wconf 91' lang='lat' dir='ltr'><em>I.</em></span> <span class='ocrx_word' id='word_1_152' title='bbox 889 857 915 878; x_wconf 79' lang='lat' dir='ltr'><em>et</em></span> <span class='ocrx_word' id='word_1_153' title='bbox 933 852 951 879; x_wconf 96' lang='lat' dir='ltr'><em>I.</em></span> <span class='ocrx_word' id='word_1_154' title='bbox 973 854 996 879; x_wconf 88' lang='grc'><em>1.</em></span> <span class='ocrx_word' id='word_1_155' title='bbox 1018 854 1039 879; x_wconf 89' lang='grc'><em>1.</em></span> <span class='ocrx_word' id='word_1_156' title='bbox 1076 851 1113 878; x_wconf 61' lang='lat' dir='ltr'>Yt</span> 
     </span>
     <span class='ocr_line' id='line_1_17' title="bbox 267 893 1113 930; baseline 0.001 -10"><span class='ocrx_word' id='word_1_157' title='bbox 267 904 316 930; x_wconf 82' lang='lat' dir='ltr'><em>nec</em></span> <span class='ocrx_word' id='word_1_158' title='bbox 334 893 521 920; x_wconf 80' lang='lat' dir='ltr'>immoderatus</span> <span class='ocrx_word' id='word_1_159' title='bbox 545 893 681 926; x_wconf 82' lang='lat' dir='ltr'>venditor,</span> <span class='ocrx_word' id='word_1_160' title='bbox 705 905 754 921; x_wconf 83' lang='lat' dir='ltr'><em>nec</em></span> <span class='ocrx_word' id='word_1_161' title='bbox 778 900 862 922; x_wconf 83' lang='lat' dir='ltr'>emtor</span> <span class='ocrx_word' id='word_1_162' title='bbox 880 896 1028 922; x_wconf 87' lang='lat' dir='ltr'>inveniatur</span> <span class='ocrx_word' id='word_1_163' title='bbox 1047 896 1113 921; x_wconf 90' lang='lat' dir='ltr'>iniu-</span> 
     </span>
     <span class='ocr_line' id='line_1_18' title="bbox 267 936 1135 975; baseline 0.002 -12"><span class='ocrx_word' id='word_1_164' title='bbox 267 941 332 963; x_wconf 85' lang='lat' dir='ltr'><em>stus.</em></span> <span class='ocrx_word' id='word_1_165' title='bbox 354 936 403 963; x_wconf 90' lang='lat' dir='ltr'><em>Th.</em></span> <span class='ocrx_word' id='word_1_166' title='bbox 429 936 459 963; x_wconf 95' lang='lat' dir='ltr'><em>C.</em></span> <span class='ocrx_word' id='word_1_167' title='bbox 479 936 536 972; x_wconf 50' lang='lat' dir='ltr'><em>XII:</em></span> <span class='ocrx_word' id='word_1_168' title='bbox 560 938 584 963; x_wconf 96' lang='lat'><em>3.</em></span> <span class='ocrx_word' id='word_1_169' title='bbox 610 947 631 963; x_wconf 91' lang='lat' dir='ltr'><em>c.</em></span> <span class='ocrx_word' id='word_1_170' title='bbox 658 939 680 964; x_wconf 91' lang='lat' dir='ltr'><em>l.</em></span> <span class='ocrx_word' id='word_1_171' title='bbox 706 937 739 964; x_wconf 83' lang='lat' dir='ltr'><em>de</em></span> <span class='ocrx_word' id='word_1_172' title='bbox 758 938 847 975; x_wconf 83' lang='lat' dir='ltr'><em>praed.</em></span> <span class='ocrx_word' id='word_1_173' title='bbox 873 943 898 965; x_wconf 89' lang='lat' dir='ltr'><em>et</em></span> <span class='ocrx_word' id='word_1_174' title='bbox 917 949 1000 965; x_wconf 91' lang='lat' dir='ltr'><em>manc.</em></span> <span class='ocrx_word' id='word_1_175' title='bbox 1021 938 1111 965; x_wconf 81' lang='lat' dir='ltr'><em>curial.</em></span> <span class='ocrx_word' id='word_1_176' title='bbox 1134 945 1135 951; x_wconf 99' lang='lat'>¹</span> 
     </span>
     <span class='ocr_line' id='line_1_19' title="bbox 266 980 1113 1019; baseline 0.002 -13"><span class='ocrx_word' id='word_1_177' title='bbox 266 980 308 1007; x_wconf 90' lang='lat' dir='ltr'><em>De</em></span> <span class='ocrx_word' id='word_1_178' title='bbox 328 981 426 1007; x_wconf 87' lang='lat' dir='ltr'>iniusto</span> <span class='ocrx_word' id='word_1_179' title='bbox 446 990 525 1006; x_wconf 84' lang='lat' dir='ltr'>onere</span> <span class='ocrx_word' id='word_1_180' title='bbox 545 985 733 1017; x_wconf 77' lang='lat' dir='ltr'>conqueratur,</span> <span class='ocrx_word' id='word_1_181' title='bbox 758 982 922 1018; x_wconf 85' lang='lat' dir='ltr'>iniquitatem</span> <span class='ocrx_word' id='word_1_182' title='bbox 941 986 1113 1019; x_wconf 82' lang='lat' dir='ltr'>peraequato-</span> 
     </span>
     <span class='ocr_line' id='line_1_20' title="bbox 267 1022 1135 1051; baseline 0.002 -2"><span class='ocrx_word' id='word_1_183' title='bbox 267 1024 303 1050; x_wconf 85' lang='lat' dir='ltr'><em>ris</em></span> <span class='ocrx_word' id='word_1_184' title='bbox 323 1028 436 1049; x_wconf 85' lang='lat' dir='ltr'><em>accuset.</em></span> <span class='ocrx_word' id='word_1_185' title='bbox 456 1022 494 1049; x_wconf 92' lang='lat' dir='ltr'><em>Ib.</em></span> <span class='ocrx_word' id='word_1_186' title='bbox 513 1022 583 1050; x_wconf 86' lang='lat' dir='ltr'><em>XIII.</em></span> <span class='ocrx_word' id='word_1_187' title='bbox 605 1025 646 1050; x_wconf 90' lang='lat'><em>11.</em></span> <span class='ocrx_word' id='word_1_188' title='bbox 666 1034 686 1050; x_wconf 84' lang='lat' dir='ltr'><em>c.</em></span> <span class='ocrx_word' id='word_1_189' title='bbox 706 1026 730 1050; x_wconf 88' lang='lat'><em>4.</em></span> <span class='ocrx_word' id='word_1_190' title='bbox 755 1023 789 1050; x_wconf 94' lang='grc'><em>(16</em></span> <span class='ocrx_word' id='word_1_191' title='bbox 808 1026 932 1051; x_wconf 77' lang='lat' dir='ltr'><em>censitor.</em></span> <span class='ocrx_word' id='word_1_192' title='bbox 970 1024 1009 1051; x_wconf 71' lang='lat' dir='ltr'><em>Ne</em></span> <span class='ocrx_word' id='word_1_193' title='bbox 1028 1035 1061 1051; x_wconf 79' lang='lat' dir='ltr'><em>ex</em></span> <span class='ocrx_word' id='word_1_194' title='bbox 1081 1034 1112 1051; x_wconf 81' lang='lat' dir='ltr'><em>eo</em></span> <span class='ocrx_word' id='word_1_195' title='bbox 1134 1031 1135 1050; x_wconf 57' lang='grc' dir='ltr'>ἐ</span> 
     </span>
     <span class='ocr_line' id='line_1_21' title="bbox 266 1056 1135 1102; baseline 0.001 -10"><span class='ocrx_word' id='word_1_196' title='bbox 266 1067 392 1093; x_wconf 89' lang='lat' dir='ltr'>iniustum</span> <span class='ocrx_word' id='word_1_197' title='bbox 411 1065 511 1102; x_wconf 81' lang='lat' dir='ltr'>aliquid</span> <span class='ocrx_word' id='word_1_198' title='bbox 531 1067 638 1093; x_wconf 78' lang='lat' dir='ltr'><em>oriatur.</em></span> <span class='ocrx_word' id='word_1_199' title='bbox 665 1077 686 1093; x_wconf 88' lang='lat' dir='ltr'><em>c.</em></span> <span class='ocrx_word' id='word_1_200' title='bbox 705 1068 748 1093; x_wconf 78' lang='lat'><em>20.</em></span> <span class='ocrx_word' id='word_1_201' title='bbox 773 1067 839 1100; x_wconf 90' lang='lat'><em>5.1.</em></span> <span class='ocrx_word' id='word_1_202' title='bbox 865 1067 898 1094; x_wconf 74' lang='grc'><em>(16</em></span> <span class='ocrx_word' id='word_1_203' title='bbox 918 1067 1004 1094; x_wconf 84' lang='lat' dir='ltr'><em>collat.</em></span> <span class='ocrx_word' id='word_1_204' title='bbox 1025 1069 1049 1094; x_wconf 83' lang='lat'><em>6.</em></span> <span class='ocrx_word' id='word_1_205' title='bbox 1068 1070 1110 1094; x_wconf 79' lang='lat'><em>20.</em></span> <span class='ocrx_word' id='word_1_206' title='bbox 1134 1056 1135 1097; x_wconf 41' lang='lat' dir='ltr'>l</span> 
     </span>
     <span class='ocr_line' id='line_1_22' title="bbox 266 1107 1135 1147; baseline 0.001 -11"><span class='ocrx_word' id='word_1_207' title='bbox 266 1109 334 1136; x_wconf 90' lang='lat' dir='ltr'><em>Cum</em></span> <span class='ocrx_word' id='word_1_208' title='bbox 354 1109 387 1135; x_wconf 88' lang='lat' dir='ltr'><em>de</em></span> <span class='ocrx_word' id='word_1_209' title='bbox 406 1113 450 1135; x_wconf 83' lang='lat' dir='ltr'><em>tua</em></span> <span class='ocrx_word' id='word_1_210' title='bbox 474 1107 652 1145; x_wconf 81' lang='lat' dir='ltr'>adpellatione</span> <span class='ocrx_word' id='word_1_211' title='bbox 674 1111 771 1136; x_wconf 87' lang='lat' dir='ltr'>iniusta</span> <span class='ocrx_word' id='word_1_212' title='bbox 795 1111 998 1147; x_wconf 74' lang='lat' dir='ltr'>pronunciatum</span> <span class='ocrx_word' id='word_1_213' title='bbox 1017 1111 1059 1137; x_wconf 78' lang='lat' dir='ltr'><em>sit.</em></span> <span class='ocrx_word' id='word_1_214' title='bbox 1080 1110 1111 1137; x_wconf 75' lang='lat' dir='ltr'><em>fr.</em></span> <span class='ocrx_word' id='word_1_215' title='bbox 1134 1134 1135 1138; x_wconf 72' lang='grc'>,</span> 
     </span>
     <span class='ocr_line' id='line_1_23' title="bbox 265 1151 1134 1189; baseline 0.002 -11"><span class='ocrx_word' id='word_1_216' title='bbox 265 1155 290 1179; x_wconf 79' lang='lat'><em>2,</em></span> <span class='ocrx_word' id='word_1_217' title='bbox 310 1162 348 1189; x_wconf 87' lang='lat' dir='ltr'><em>pr.</em></span> <span class='ocrx_word' id='word_1_218' title='bbox 369 1152 420 1188; x_wconf 82' lang='lat' dir='ltr'><em>Qu.</em></span> <span class='ocrx_word' id='word_1_219' title='bbox 441 1151 590 1189; x_wconf 82' lang='lat' dir='ltr'><em>adpelland.</em></span> <span class='ocrx_word' id='word_1_220' title='bbox 611 1154 652 1179; x_wconf 88' lang='lat'><em>49.</em></span> <span class='ocrx_word' id='word_1_221' title='bbox 672 1154 696 1179; x_wconf 91' lang='lat'><em>4.</em></span> <span class='ocrx_word' id='word_1_222' title='bbox 729 1169 761 1173; x_wconf 92' lang='lat'><em>—-</em></span> <span class='ocrx_word' id='word_1_223' title='bbox 794 1154 824 1186; x_wconf 61' lang='grc' dir='ltr'><em>ἕ.</em></span> <span class='ocrx_word' id='word_1_224' title='bbox 845 1155 880 1180; x_wconf 68' lang='lat'><em>2.</em></span> <span class='ocrx_word' id='word_1_225' title='bbox 914 1156 990 1181; x_wconf 78' lang='lat' dir='ltr'>Iure</span> <span class='ocrx_word' id='word_1_226' title='bbox 1014 1156 1113 1181; x_wconf 75' lang='lat' dir='ltr'><em>civili</em></span> <span class='ocrx_word' id='word_1_227' title='bbox 1133 1175 1134 1186; x_wconf 35' lang='lat'>³</span> 
     </span>
     <span class='ocr_line' id='line_1_24' title="bbox 265 1195 1136 1231; baseline 0.001 -9"><span class='ocrx_word' id='word_1_228' title='bbox 265 1198 350 1223; x_wconf 83' lang='lat' dir='ltr'><em>Rom.</em></span> <span class='ocrx_word' id='word_1_229' title='bbox 371 1206 430 1222; x_wconf 82' lang='lat' dir='ltr'><em>uon</em></span> <span class='ocrx_word' id='word_1_230' title='bbox 449 1197 685 1231; x_wconf 72' lang='lat' dir='ltr'><em>confirmatus.</em></span> <span class='ocrx_word' id='word_1_231' title='bbox 723 1196 742 1222; x_wconf 96' lang='lat' dir='ltr'><em>I.</em></span> <span class='ocrx_word' id='word_1_232' title='bbox 763 1197 825 1230; x_wconf 75' lang='lat' dir='ltr'><em>Sy.</em></span> <span class='ocrx_word' id='word_1_233' title='bbox 845 1196 904 1222; x_wconf 73' lang='lat' dir='ltr'><em>Non</em></span> <span class='ocrx_word' id='word_1_234' title='bbox 924 1197 1031 1228; x_wconf 76' lang='lat' dir='ltr'><em>iustum.</em></span> <span class='ocrx_word' id='word_1_235' title='bbox 1051 1196 1110 1223; x_wconf 76' lang='lat' dir='ltr'><em>Non</em></span> <span class='ocrx_word' id='word_1_236' title='bbox 1133 1195 1136 1222; x_wconf 62' lang='lat' dir='ltr'><em>&#39;r</em></span> 
     </span>
     <span class='ocr_line' id='line_1_25' title="bbox 266 1238 1110 1272; baseline 0.004 -8"><span class='ocrx_word' id='word_1_237' title='bbox 266 1240 322 1265; x_wconf 85' lang='lat' dir='ltr'>iure</span> <span class='ocrx_word' id='word_1_238' title='bbox 341 1238 446 1270; x_wconf 82' lang='lat' dir='ltr'>factum,</span> <span class='ocrx_word' id='word_1_239' title='bbox 464 1238 594 1264; x_wconf 76' lang='lat' dir='ltr'>Iniustum</span> <span class='ocrx_word' id='word_1_240' title='bbox 614 1239 833 1272; x_wconf 84' lang='lat' dir='ltr'>(testamentum.)</span> <span class='ocrx_word' id='word_1_241' title='bbox 853 1239 883 1266; x_wconf 84' lang='lat' dir='ltr'><em>fr.</em></span> <span class='ocrx_word' id='word_1_242' title='bbox 904 1241 946 1266; x_wconf 91' lang='lat'><em>47.</em></span> <span class='ocrx_word' id='word_1_243' title='bbox 969 1239 1002 1266; x_wconf 87' lang='lat' dir='ltr'><em>de</em></span> <span class='ocrx_word' id='word_1_244' title='bbox 1021 1240 1110 1267; x_wconf 79' lang='lat' dir='ltr'><em>hei-ed.</em></span> 
     </span>
     <span class='ocr_line' id='line_1_26' title="bbox 264 1281 1134 1324; baseline 0.002 -16"><span class='ocrx_word' id='word_1_245' title='bbox 264 1286 319 1319; x_wconf 86' lang='lat' dir='ltr'><em>pet.</em></span> <span class='ocrx_word' id='word_1_246' title='bbox 340 1284 364 1308; x_wconf 88' lang='lat'><em>5.</em></span> <span class='ocrx_word' id='word_1_247' title='bbox 383 1283 407 1308; x_wconf 86' lang='lat'><em>3.</em></span> <span class='ocrx_word' id='word_1_248' title='bbox 428 1281 459 1308; x_wconf 87' lang='lat' dir='ltr'><em>fr.</em></span> <span class='ocrx_word' id='word_1_249' title='bbox 478 1283 503 1307; x_wconf 90' lang='grc'><em>3.</em></span> <span class='ocrx_word' id='word_1_250' title='bbox 523 1281 544 1315; x_wconf 89' lang='lat'><em>5.</em></span> <span class='ocrx_word' id='word_1_251' title='bbox 564 1283 589 1308; x_wconf 89' lang='lat'><em>3.</em></span> <span class='ocrx_word' id='word_1_252' title='bbox 610 1281 642 1308; x_wconf 90' lang='lat' dir='ltr'><em>de</em></span> <span class='ocrx_word' id='word_1_253' title='bbox 662 1283 751 1309; x_wconf 77' lang='lat' dir='ltr'><em>iniust.</em></span> <span class='ocrx_word' id='word_1_254' title='bbox 771 1287 840 1319; x_wconf 83' lang='lat' dir='ltr'><em>rupt.</em></span> <span class='ocrx_word' id='word_1_255' title='bbox 861 1283 902 1308; x_wconf 76' lang='lat'><em>28.</em></span> <span class='ocrx_word' id='word_1_256' title='bbox 922 1284 947 1309; x_wconf 89' lang='lat'><em>3.</em></span> <span class='ocrx_word' id='word_1_257' title='bbox 967 1282 997 1309; x_wconf 82' lang='lat' dir='ltr'><em>fr.</em></span> <span class='ocrx_word' id='word_1_258' title='bbox 1017 1285 1058 1309; x_wconf 87' lang='lat'><em>22.</em></span> <span class='ocrx_word' id='word_1_259' title='bbox 1079 1283 1111 1310; x_wconf 83' lang='lat' dir='ltr'><em>de</em></span> <span class='ocrx_word' id='word_1_260' title='bbox 1133 1290 1134 1324; x_wconf 44' lang='lat' dir='ltr'>t</span> 
     </span>
     <span class='ocr_line' id='line_1_27' title="bbox 264 1324 1134 1359; baseline 0.002 -9"><span class='ocrx_word' id='word_1_261' title='bbox 264 1325 296 1351; x_wconf 84' lang='lat' dir='ltr'><em>A.</em></span> <span class='ocrx_word' id='word_1_262' title='bbox 317 1334 341 1351; x_wconf 82' lang='lat' dir='ltr'><em>v.</em></span> <span class='ocrx_word' id='word_1_263' title='bbox 362 1324 395 1351; x_wconf 88' lang='grc' dir='ltr'><em>Ο.</em></span> <span class='ocrx_word' id='word_1_264' title='bbox 415 1324 446 1351; x_wconf 89' lang='lat' dir='ltr'><em>H.</em></span> <span class='ocrx_word' id='word_1_265' title='bbox 466 1326 508 1351; x_wconf 82' lang='lat'><em>29.</em></span> <span class='ocrx_word' id='word_1_266' title='bbox 527 1326 551 1350; x_wconf 89' lang='lat'><em>2.</em></span> <span class='ocrx_word' id='word_1_267' title='bbox 589 1324 619 1351; x_wconf 87' lang='lat' dir='ltr'><em>II.</em></span> <span class='ocrx_word' id='word_1_268' title='bbox 646 1327 713 1359; x_wconf 78' lang='lat'><em>011.</em></span> <span class='ocrx_word' id='word_1_269' title='bbox 735 1325 1027 1358; x_wconf 83' lang='lat' dir='ltr'>Iustum‚—lniustum</span> <span class='ocrx_word' id='word_1_270' title='bbox 1047 1328 1112 1359; x_wconf 89' lang='lat' dir='ltr'>(ma-</span> <span class='ocrx_word' id='word_1_271' title='bbox 1132 1326 1134 1347; x_wconf 66' lang='grc' dir='ltr'><strong>ἶ</strong></span> 
     </span>
     <span class='ocr_line' id='line_1_28' title="bbox 264 1366 1135 1404; baseline 0.002 -11"><span class='ocrx_word' id='word_1_272' title='bbox 264 1368 437 1400; x_wconf 83' lang='lat' dir='ltr'><em>trimoninm.)</em></span> <span class='ocrx_word' id='word_1_273' title='bbox 458 1367 488 1393; x_wconf 85' lang='lat' dir='ltr'><em>sr.</em></span> <span class='ocrx_word' id='word_1_274' title='bbox 510 1369 531 1393; x_wconf 90' lang='lat' dir='ltr'><em>l.</em></span> <span class='ocrx_word' id='word_1_275' title='bbox 552 1367 621 1394; x_wconf 88' lang='lat' dir='ltr'>unde</span> <span class='ocrx_word' id='word_1_276' title='bbox 640 1367 672 1394; x_wconf 64' lang='lat' dir='ltr'><em>V.</em></span> <span class='ocrx_word' id='word_1_277' title='bbox 693 1373 718 1394; x_wconf 86' lang='lat' dir='ltr'><em>et</em></span> <span class='ocrx_word' id='word_1_278' title='bbox 738 1368 770 1395; x_wconf 73' lang='lat'><em>[¹.</em></span> <span class='ocrx_word' id='word_1_279' title='bbox 790 1370 832 1395; x_wconf 86' lang='lat'><em>38.</em></span> <span class='ocrx_word' id='word_1_280' title='bbox 854 1371 894 1395; x_wconf 94' lang='lat' dir='ltr'><em>ll.</em></span> <span class='ocrx_word' id='word_1_281' title='bbox 931 1368 1010 1401; x_wconf 77' lang='lat' dir='ltr'>Iusta,</span> <span class='ocrx_word' id='word_1_282' title='bbox 1025 1385 1058 1389; x_wconf 82' lang='lat'><em>—-</em></span> <span class='ocrx_word' id='word_1_283' title='bbox 1072 1368 1111 1395; x_wconf 89' lang='lat' dir='ltr'><em>ln-</em></span> <span class='ocrx_word' id='word_1_284' title='bbox 1132 1366 1135 1404; x_wconf 43' lang='grc' dir='ltr'>ζ</span> 
     </span>
     <span class='ocr_line' id='line_1_29' title="bbox 265 1410 1134 1445; baseline 0 -8"><span class='ocrx_word' id='word_1_285' title='bbox 265 1411 333 1437; x_wconf 83' lang='lat' dir='ltr'>iusta</span> <span class='ocrx_word' id='word_1_286' title='bbox 354 1411 466 1444; x_wconf 75' lang='lat' dir='ltr'><em>(uxor.)</em></span> <span class='ocrx_word' id='word_1_287' title='bbox 491 1410 521 1436; x_wconf 84' lang='lat' dir='ltr'><em>sr.</em></span> <span class='ocrx_word' id='word_1_288' title='bbox 542 1412 582 1436; x_wconf 90' lang='lat'><em>13.</em></span> <span class='ocrx_word' id='word_1_289' title='bbox 607 1411 628 1445; x_wconf 88' lang='lat'><em>5.</em></span> <span class='ocrx_word' id='word_1_290' title='bbox 650 1413 672 1438; x_wconf 89' lang='lat' dir='ltr'><em>l.</em></span> <span class='ocrx_word' id='word_1_291' title='bbox 697 1410 729 1437; x_wconf 87' lang='lat' dir='ltr'><em>ad</em></span> <span class='ocrx_word' id='word_1_292' title='bbox 748 1410 777 1438; x_wconf 91' lang='lat' dir='ltr'><em>L.</em></span> <span class='ocrx_word' id='word_1_293' title='bbox 798 1411 845 1438; x_wconf 88' lang='lat' dir='ltr'><em>lut.</em></span> <span class='ocrx_word' id='word_1_294' title='bbox 871 1411 903 1438; x_wconf 88' lang='lat' dir='ltr'><em>de</em></span> <span class='ocrx_word' id='word_1_295' title='bbox 923 1411 1004 1439; x_wconf 88' lang='lat' dir='ltr'><em>adult.</em></span> <span class='ocrx_word' id='word_1_296' title='bbox 1024 1414 1065 1439; x_wconf 81' lang='lat'><em>48.</em></span> <span class='ocrx_word' id='word_1_297' title='bbox 1085 1415 1109 1439; x_wconf 88' lang='lat'><em>5.</em></span> <span class='ocrx_word' id='word_1_298' title='bbox 1132 1426 1134 1437; x_wconf 58' lang='grc' dir='ltr'><em>ι</em></span> 
     </span>
     <span class='ocr_line' id='line_1_30' title="bbox 263 1453 1110 1489; baseline 0.002 -9"><span class='ocrx_word' id='word_1_299' title='bbox 263 1453 307 1480; x_wconf 84' lang='lat'><em>111.</em></span> <span class='ocrx_word' id='word_1_300' title='bbox 328 1455 393 1481; x_wconf 78' lang='lat' dir='ltr'><em>Cn.</em></span> <span class='ocrx_word' id='word_1_301' title='bbox 420 1454 495 1489; x_wconf 77' lang='lat' dir='ltr'>Quae</span> <span class='ocrx_word' id='word_1_302' title='bbox 519 1453 583 1480; x_wconf 77' lang='lat' dir='ltr'>falsa</span> <span class='ocrx_word' id='word_1_303' title='bbox 603 1459 678 1486; x_wconf 85' lang='lat' dir='ltr'>sunt,</span> <span class='ocrx_word' id='word_1_304' title='bbox 702 1454 746 1481; x_wconf 85' lang='lat' dir='ltr'><em>vel</em></span> <span class='ocrx_word' id='word_1_305' title='bbox 766 1456 875 1487; x_wconf 80' lang='lat' dir='ltr'>iniusta,</span> <span class='ocrx_word' id='word_1_306' title='bbox 900 1455 942 1482; x_wconf 86' lang='lat' dir='ltr'><em>vel</em></span> <span class='ocrx_word' id='word_1_307' title='bbox 962 1456 1048 1487; x_wconf 79' lang='lat' dir='ltr'>irrita,</span> <span class='ocrx_word' id='word_1_308' title='bbox 1067 1455 1110 1482; x_wconf 86' lang='lat' dir='ltr'><em>vel</em></span> 
     </span>
     <span class='ocr_line' id='line_1_31' title="bbox 264 1497 1133 1536; baseline 0.005 -15"><span class='ocrx_word' id='word_1_309' title='bbox 264 1502 341 1532; x_wconf 84' lang='lat' dir='ltr'>rupta</span> <span class='ocrx_word' id='word_1_310' title='bbox 361 1501 525 1523; x_wconf 81' lang='lat' dir='ltr'><em>testamenta.</em></span> <span class='ocrx_word' id='word_1_311' title='bbox 550 1497 580 1523; x_wconf 82' lang='lat' dir='ltr'><em>l&#39;r.</em></span> <span class='ocrx_word' id='word_1_312' title='bbox 600 1499 624 1523; x_wconf 87' lang='lat'><em>2.</em></span> <span class='ocrx_word' id='word_1_313' title='bbox 650 1498 671 1531; x_wconf 91' lang='lat'><em>5</em></span> <span class='ocrx_word' id='word_1_314' title='bbox 693 1499 715 1524; x_wconf 93' lang='lat' dir='ltr'><em>l.</em></span> <span class='ocrx_word' id='word_1_315' title='bbox 740 1503 842 1525; x_wconf 82' lang='lat' dir='ltr'><em>testam.</em></span> <span class='ocrx_word' id='word_1_316' title='bbox 867 1498 987 1535; x_wconf 84' lang='lat' dir='ltr'><em>quemad.</em></span> <span class='ocrx_word' id='word_1_317' title='bbox 1008 1509 1048 1536; x_wconf 82' lang='lat' dir='ltr'><em>ap.</em></span> <span class='ocrx_word' id='word_1_318' title='bbox 1067 1500 1109 1525; x_wconf 87' lang='lat'><em>29.</em></span> <span class='ocrx_word' id='word_1_319' title='bbox 1132 1502 1133 1534; x_wconf 52' lang='lat' dir='ltr'><em>i</em></span> 
     </span>
     <span class='ocr_line' id='line_1_32' title="bbox 264 1538 1133 1579; baseline 0.005 -15"><span class='ocrx_word' id='word_1_320' title='bbox 264 1540 289 1564; x_wconf 89' lang='grc'><em>3.</em></span> <span class='ocrx_word' id='word_1_321' title='bbox 309 1538 340 1565; x_wconf 79' lang='lat' dir='ltr'><em>cs.</em></span> <span class='ocrx_word' id='word_1_322' title='bbox 367 1540 396 1566; x_wconf 89' lang='lat' dir='ltr'><em>sr.</em></span> <span class='ocrx_word' id='word_1_323' title='bbox 420 1541 462 1566; x_wconf 80' lang='lat'><em>26.</em></span> <span class='ocrx_word' id='word_1_324' title='bbox 487 1539 519 1566; x_wconf 84' lang='grc'><em>(16</em></span> <span class='ocrx_word' id='word_1_325' title='bbox 544 1540 616 1566; x_wconf 76' lang='lat' dir='ltr'><em>inoss&#39;.</em></span> <span class='ocrx_word' id='word_1_326' title='bbox 642 1545 745 1568; x_wconf 71' lang='lat' dir='ltr'><em>testam.</em></span> <span class='ocrx_word' id='word_1_327' title='bbox 769 1543 793 1568; x_wconf 91' lang='lat'><em>5.</em></span> <span class='ocrx_word' id='word_1_328' title='bbox 813 1543 838 1567; x_wconf 83' lang='lat'><em>2.</em></span> <span class='ocrx_word' id='word_1_329' title='bbox 875 1541 1005 1568; x_wconf 80' lang='lat' dir='ltr'>lniustuin</span> <span class='ocrx_word' id='word_1_330' title='bbox 1025 1542 1110 1568; x_wconf 67' lang='lat' dir='ltr'>tacere</span> <span class='ocrx_word' id='word_1_331' title='bbox 1132 1574 1133 1579; x_wconf 21' lang='grc'>1</span> 
     </span>
     <span class='ocr_line' id='line_1_33' title="bbox 264 1581 1133 1620; baseline 0.006 -14"><span class='ocrx_word' id='word_1_332' title='bbox 264 1585 449 1608; x_wconf 77' lang='lat' dir='ltr'>testamentum</span> <span class='ocrx_word' id='word_1_333' title='bbox 469 1584 565 1620; x_wconf 82' lang='lat' dir='ltr'>(patris</span> <span class='ocrx_word' id='word_1_334' title='bbox 585 1584 650 1616; x_wconf 88' lang='lat' dir='ltr'><em>sui.)</em></span> <span class='ocrx_word' id='word_1_335' title='bbox 670 1583 702 1610; x_wconf 84' lang='lat' dir='ltr'><em>fr.</em></span> <span class='ocrx_word' id='word_1_336' title='bbox 721 1585 745 1610; x_wconf 88' lang='lat'><em>3.</em></span> <span class='ocrx_word' id='word_1_337' title='bbox 765 1584 787 1618; x_wconf 97' lang='lat'><em>5.</em></span> <span class='ocrx_word' id='word_1_338' title='bbox 807 1586 831 1611; x_wconf 88' lang='grc'><em>3.</em></span> <span class='ocrx_word' id='word_1_339' title='bbox 851 1583 882 1610; x_wconf 86' lang='lat' dir='ltr'><em>sr.</em></span> <span class='ocrx_word' id='word_1_340' title='bbox 896 1586 920 1610; x_wconf 83' lang='lat'><em>6.</em></span> <span class='ocrx_word' id='word_1_341' title='bbox 941 1585 1001 1618; x_wconf 90' lang='lat'><em>5.1.</em></span> <span class='ocrx_word' id='word_1_342' title='bbox 1021 1584 1055 1611; x_wconf 86' lang='grc'><em>(16</em></span> <span class='ocrx_word' id='word_1_343' title='bbox 1073 1586 1110 1611; x_wconf 87' lang='grc'><em>10-</em></span> <span class='ocrx_word' id='word_1_344' title='bbox 1132 1581 1133 1610; x_wconf 64' lang='lat' dir='ltr'>l</span> 
     </span>
     <span class='ocr_line' id='line_1_34' title="bbox 265 1625 519 1661; baseline 0.008 -11"><span class='ocrx_word' id='word_1_345' title='bbox 265 1625 324 1650; x_wconf 81' lang='lat' dir='ltr'><em>iust.</em></span> <span class='ocrx_word' id='word_1_346' title='bbox 345 1628 413 1661; x_wconf 87' lang='lat' dir='ltr'><em>rupt.</em></span> <span class='ocrx_word' id='word_1_347' title='bbox 433 1626 475 1651; x_wconf 85' lang='lat'><em>28.</em></span> <span class='ocrx_word' id='word_1_348' title='bbox 495 1627 519 1652; x_wconf 88' lang='lat'><em>3.</em></span> 
     </span>
    </p>

    <p class='ocr_par' dir='ltr' id='par_1_5' title="bbox 299 1667 712 1695">
     <span class='ocr_line' id='line_1_35' title="bbox 299 1667 712 1695; baseline 0.005 -2"><span class='ocrx_word' id='word_1_349' title='bbox 299 1668 477 1694; x_wconf 79' lang='lat' dir='ltr'>Inlaesus</span> <span class='ocrx_word' id='word_1_350' title='bbox 497 1673 547 1695; x_wconf 82' lang='lat' dir='ltr'><em>etc.</em></span> <span class='ocrx_word' id='word_1_351' title='bbox 567 1667 608 1695; x_wconf 85' lang='lat' dir='ltr'><em>Cf.</em></span> <span class='ocrx_word' id='word_1_352' title='bbox 628 1679 651 1694; x_wconf 75' lang='lat' dir='ltr'><em>v.</em></span> <span class='ocrx_word' id='word_1_353' title='bbox 673 1668 712 1695; x_wconf 81' lang='lat'><em>111.</em></span> 
     </span>
    </p>

    <p class='ocr_par' dir='ltr' id='par_1_6' title="bbox 264 1710 1110 1828">
     <span class='ocr_line' id='line_1_36' title="bbox 299 1710 1110 1747; baseline 0.004 -11"><span class='ocrx_word' id='word_1_354' title='bbox 299 1710 470 1736; x_wconf 78' lang='lat' dir='ltr'><em>Innasci.</em></span> <span class='ocrx_word' id='word_1_355' title='bbox 493 1711 599 1738; x_wconf 79' lang='lat' dir='ltr'><em>Oriri.</em></span> <span class='ocrx_word' id='word_1_356' title='bbox 624 1711 666 1738; x_wconf 88' lang='grc' dir='ltr'><em>ΠΙ.</em></span> <span class='ocrx_word' id='word_1_357' title='bbox 682 1713 748 1739; x_wconf 73' lang='lat' dir='ltr'><em>Cn.</em></span> <span class='ocrx_word' id='word_1_358' title='bbox 770 1712 851 1747; x_wconf 79' lang='lat' dir='ltr'>Quod</span> <span class='ocrx_word' id='word_1_359' title='bbox 871 1712 920 1744; x_wconf 90' lang='lat' dir='ltr'><em>(sc.</em></span> <span class='ocrx_word' id='word_1_360' title='bbox 940 1712 1045 1744; x_wconf 78' lang='lat' dir='ltr'>vitium)</span> <span class='ocrx_word' id='word_1_361' title='bbox 1064 1713 1110 1739; x_wconf 87' lang='lat' dir='ltr'>mi-</span> 
     </span>
     <span class='ocr_line' id='line_1_37' title="bbox 264 1752 1109 1793; baseline 0.005 -15"><span class='ocrx_word' id='word_1_362' title='bbox 264 1753 381 1779; x_wconf 87' lang='lat' dir='ltr'>serrimis</span> <span class='ocrx_word' id='word_1_363' title='bbox 405 1753 498 1778; x_wconf 88' lang='lat' dir='ltr'>animis</span> <span class='ocrx_word' id='word_1_364' title='bbox 522 1752 675 1779; x_wconf 80' lang='lat' dir='ltr'>huiusmodi</span> <span class='ocrx_word' id='word_1_365' title='bbox 698 1754 814 1781; x_wconf 86' lang='lat' dir='ltr'>iudicum</span> <span class='ocrx_word' id='word_1_366' title='bbox 838 1756 940 1782; x_wconf 76' lang='lat' dir='ltr'>innasci</span> <span class='ocrx_word' id='word_1_367' title='bbox 964 1761 1063 1793; x_wconf 84' lang='lat' dir='ltr'><em>potest.</em></span> <span class='ocrx_word' id='word_1_368' title='bbox 1088 1766 1109 1782; x_wconf 90' lang='grc'><em>6.</em></span> 
     </span>
     <span class='ocr_line' id='line_1_38' title="bbox 266 1795 630 1828; baseline 0.003 -7"><span class='ocrx_word' id='word_1_369' title='bbox 266 1797 304 1821; x_wconf 93' lang='lat'><em>13.</em></span> <span class='ocrx_word' id='word_1_370' title='bbox 325 1795 346 1828; x_wconf 90' lang='lat'><em>5.</em></span> <span class='ocrx_word' id='word_1_371' title='bbox 367 1796 391 1822; x_wconf 83' lang='lat'><em>8.</em></span> <span class='ocrx_word' id='word_1_372' title='bbox 412 1795 444 1822; x_wconf 90' lang='lat' dir='ltr'><em>de</em></span> <span class='ocrx_word' id='word_1_373' title='bbox 463 1795 542 1822; x_wconf 77' lang='lat' dir='ltr'><em>indic.</em></span> <span class='ocrx_word' id='word_1_374' title='bbox 562 1798 586 1822; x_wconf 87' lang='lat'><em>3.</em></span> <span class='ocrx_word' id='word_1_375' title='bbox 608 1798 630 1822; x_wconf 96' lang='lat'><em>1.</em></span> 
     </span>
    </p>

    <p class='ocr_par' dir='ltr' id='par_1_7' title="bbox 264 1838 1132 2165">
     <span class='ocr_line' id='line_1_39' title="bbox 300 1838 1107 1874; baseline 0.005 -10"><span class='ocrx_word' id='word_1_376' title='bbox 300 1840 475 1865; x_wconf 69' lang='lat' dir='ltr'><em>Innatus.</em></span> <span class='ocrx_word' id='word_1_377' title='bbox 501 1838 623 1873; x_wconf 89' lang='lat' dir='ltr'><em>(Partic.)</em></span> <span class='ocrx_word' id='word_1_378' title='bbox 648 1840 678 1873; x_wconf 72' lang='lat'><em>§-</em></span> <span class='ocrx_word' id='word_1_379' title='bbox 700 1840 735 1865; x_wconf 91' lang='lat' dir='ltr'><em>l.</em></span> <span class='ocrx_word' id='word_1_380' title='bbox 765 1840 953 1874; x_wconf 78' lang='lat' dir='ltr'>Ingenitus,</span> <span class='ocrx_word' id='word_1_381' title='bbox 973 1839 1107 1872; x_wconf 56' lang='lat' dir='ltr'><em>hattus.</em></span> 
     </span>
     <span class='ocr_line' id='line_1_40' title="bbox 265 1880 1108 1918; baseline 0.005 -11"><span class='ocrx_word' id='word_1_382' title='bbox 265 1880 307 1907; x_wconf 88' lang='lat' dir='ltr'><em>III.</em></span> <span class='ocrx_word' id='word_1_383' title='bbox 323 1882 388 1908; x_wconf 73' lang='lat' dir='ltr'><em>Cn.</em></span> <span class='ocrx_word' id='word_1_384' title='bbox 414 1882 489 1916; x_wconf 77' lang='lat' dir='ltr'>Quos</span> <span class='ocrx_word' id='word_1_385' title='bbox 510 1883 585 1918; x_wconf 75' lang='lat' dir='ltr'>erigit</span> <span class='ocrx_word' id='word_1_386' title='bbox 609 1882 641 1909; x_wconf 92' lang='lat' dir='ltr'><em>ad</em></span> <span class='ocrx_word' id='word_1_387' title='bbox 666 1882 785 1908; x_wconf 86' lang='lat' dir='ltr'>militiam</span> <span class='ocrx_word' id='word_1_388' title='bbox 809 1883 896 1908; x_wconf 86' lang='lat' dir='ltr'>innata</span> <span class='ocrx_word' id='word_1_389' title='bbox 920 1882 1037 1910; x_wconf 83' lang='lat' dir='ltr'><em>libertas.</em></span> <span class='ocrx_word' id='word_1_390' title='bbox 1059 1883 1108 1911; x_wconf 93' lang='lat' dir='ltr'><em>Th.</em></span> 
     </span>
     <span class='ocr_line' id='line_1_41' title="bbox 265 1923 1132 1953; baseline 0.006 -4"><span class='ocrx_word' id='word_1_391' title='bbox 265 1923 296 1950; x_wconf 78' lang='lat' dir='ltr'><em>C.</em></span> <span class='ocrx_word' id='word_1_392' title='bbox 317 1923 370 1950; x_wconf 72' lang='lat' dir='ltr'><em>Vll.</em></span> <span class='ocrx_word' id='word_1_393' title='bbox 392 1926 430 1950; x_wconf 76' lang='lat'><em>113.</em></span> <span class='ocrx_word' id='word_1_394' title='bbox 452 1935 473 1951; x_wconf 93' lang='grc'><em>6.</em></span> <span class='ocrx_word' id='word_1_395' title='bbox 497 1927 534 1951; x_wconf 87' lang='lat'><em>17.</em></span> <span class='ocrx_word' id='word_1_396' title='bbox 555 1925 587 1951; x_wconf 88' lang='grc'><em>(16</em></span> <span class='ocrx_word' id='word_1_397' title='bbox 608 1927 684 1952; x_wconf 88' lang='lat' dir='ltr'><em>tiron.</em></span> <span class='ocrx_word' id='word_1_398' title='bbox 727 1924 856 1952; x_wconf 81' lang='lat' dir='ltr'>Lenitatis</span> <span class='ocrx_word' id='word_1_399' title='bbox 880 1936 1010 1953; x_wconf 79' lang='lat' dir='ltr'>memores</span> <span class='ocrx_word' id='word_1_400' title='bbox 1031 1927 1109 1953; x_wconf 88' lang='lat' dir='ltr'>nobis</span> <span class='ocrx_word' id='word_1_401' title='bbox 1131 1934 1132 1937; x_wconf 70' lang='lat'>¹</span> 
     </span>
     <span class='ocr_line' id='line_1_42' title="bbox 264 1966 1108 2003; baseline 0.004 -11"><span class='ocrx_word' id='word_1_402' title='bbox 264 1967 375 1993; x_wconf 87' lang='lat' dir='ltr'><em>innatae.</em></span> <span class='ocrx_word' id='word_1_403' title='bbox 396 1966 463 1994; x_wconf 73' lang='lat' dir='ltr'><em>Nov.</em></span> <span class='ocrx_word' id='word_1_404' title='bbox 484 1967 533 1994; x_wconf 84' lang='lat' dir='ltr'><em>Tb.</em></span> <span class='ocrx_word' id='word_1_405' title='bbox 554 1968 584 1994; x_wconf 92' lang='lat' dir='ltr'><em>ll.</em></span> <span class='ocrx_word' id='word_1_406' title='bbox 605 1968 638 1995; x_wconf 82' lang='lat' dir='ltr'><em>de</em></span> <span class='ocrx_word' id='word_1_407' title='bbox 657 1968 711 1995; x_wconf 85' lang='lat' dir='ltr'><em>tud.</em></span> <span class='ocrx_word' id='word_1_408' title='bbox 732 1968 751 1994; x_wconf 92' lang='lat' dir='ltr'><em>I.</em></span> <span class='ocrx_word' id='word_1_409' title='bbox 771 1970 794 1995; x_wconf 87' lang='lat' dir='ltr'><em>G.</em></span> <span class='ocrx_word' id='word_1_410' title='bbox 816 1979 837 1994; x_wconf 91' lang='lat' dir='ltr'><em>c.</em></span> <span class='ocrx_word' id='word_1_411' title='bbox 858 1970 880 1994; x_wconf 93' lang='lat' dir='ltr'><em>l.</em></span> <span class='ocrx_word' id='word_1_412' title='bbox 900 1969 921 2003; x_wconf 89' lang='lat'><em>5.</em></span> <span class='ocrx_word' id='word_1_413' title='bbox 942 1973 966 1995; x_wconf 71' lang='grc' dir='ltr'><em>ὅ.</em></span> <span class='ocrx_word' id='word_1_414' title='bbox 982 1986 1012 1990; x_wconf 88' lang='lat'>—</span> <span class='ocrx_word' id='word_1_415' title='bbox 1027 1970 1058 2003; x_wconf 62' lang='grc' dir='ltr'><em>ᾖ.</em></span> <span class='ocrx_word' id='word_1_416' title='bbox 1072 1971 1108 1996; x_wconf 73' lang='lat'><em>2.</em></span> 
     </span>
     <span class='ocr_line' id='line_1_43' title="bbox 264 2011 1108 2046; baseline 0.004 -11"><span class='ocrx_word' id='word_1_417' title='bbox 264 2011 467 2045; x_wconf 68' lang='lat' dir='ltr'>l’rognalns,</span> <span class='ocrx_word' id='word_1_418' title='bbox 487 2013 624 2038; x_wconf 72' lang='lat' dir='ltr'><em>Ennius.</em></span> <span class='ocrx_word' id='word_1_419' title='bbox 662 2011 680 2038; x_wconf 91' lang='lat' dir='ltr'><em>l.</em></span> <span class='ocrx_word' id='word_1_420' title='bbox 706 2013 766 2045; x_wconf 72' lang='lat' dir='ltr'><em>Sy.</em></span> <span class='ocrx_word' id='word_1_421' title='bbox 797 2011 889 2037; x_wconf 72' lang='lat' dir='ltr'><em>Natus.</em></span> <span class='ocrx_word' id='word_1_422' title='bbox 915 2011 946 2038; x_wconf 88' lang='lat' dir='ltr'><em>fr.</em></span> <span class='ocrx_word' id='word_1_423' title='bbox 965 2014 1006 2039; x_wconf 78' lang='lat'><em>65.</em></span> <span class='ocrx_word' id='word_1_424' title='bbox 1026 2013 1063 2046; x_wconf 90' lang='lat'><em>55.</em></span> <span class='ocrx_word' id='word_1_425' title='bbox 1083 2015 1108 2039; x_wconf 83' lang='lat'><em>2.</em></span> 
     </span>
     <span class='ocr_line' id='line_1_44' title="bbox 265 2052 1132 2088; baseline 0.006 -11"><span class='ocrx_word' id='word_1_426' title='bbox 265 2062 322 2088; x_wconf 84' lang='lat' dir='ltr'><em>sqq.</em></span> <span class='ocrx_word' id='word_1_427' title='bbox 344 2052 376 2078; x_wconf 71' lang='lat' dir='ltr'><em>(lv</em></span> <span class='ocrx_word' id='word_1_428' title='bbox 396 2053 425 2079; x_wconf 75' lang='lat' dir='ltr'><em>A.</em></span> <span class='ocrx_word' id='word_1_429' title='bbox 448 2053 478 2079; x_wconf 71' lang='grc' dir='ltr'><em>Ιί.</em></span> <span class='ocrx_word' id='word_1_430' title='bbox 498 2054 531 2080; x_wconf 92' lang='lat' dir='ltr'><em>D.</em></span> <span class='ocrx_word' id='word_1_431' title='bbox 551 2055 592 2080; x_wconf 82' lang='lat'><em>41.</em></span> <span class='ocrx_word' id='word_1_432' title='bbox 614 2056 636 2080; x_wconf 96' lang='lat' dir='ltr'><em>l.</em></span> <span class='ocrx_word' id='word_1_433' title='bbox 674 2054 716 2080; x_wconf 89' lang='lat' dir='ltr'><em>Ill.</em></span> <span class='ocrx_word' id='word_1_434' title='bbox 741 2056 807 2082; x_wconf 72' lang='lat' dir='ltr'><em>Cn.</em></span> <span class='ocrx_word' id='word_1_435' title='bbox 828 2054 940 2081; x_wconf 83' lang='lat' dir='ltr'>Fructus</span> <span class='ocrx_word' id='word_1_436' title='bbox 960 2055 1108 2087; x_wconf 75' lang='lat' dir='ltr'><em>domestici,</em></span> <span class='ocrx_word' id='word_1_437' title='bbox 1131 2063 1132 2084; x_wconf 54' lang='lat' dir='ltr'>t</span> 
     </span>
     <span class='ocr_line' id='line_1_45' title="bbox 265 2096 1109 2132; baseline 0.006 -12"><span class='ocrx_word' id='word_1_438' title='bbox 265 2096 320 2121; x_wconf 73' lang='lat' dir='ltr'>suis</span> <span class='ocrx_word' id='word_1_439' title='bbox 344 2096 562 2132; x_wconf 67' lang='lat' dir='ltr'>possessionibus</span> <span class='ocrx_word' id='word_1_440' title='bbox 586 2097 676 2123; x_wconf 88' lang='lat' dir='ltr'><em>innati.</em></span> <span class='ocrx_word' id='word_1_441' title='bbox 707 2097 756 2124; x_wconf 89' lang='lat' dir='ltr'><em>Th.</em></span> <span class='ocrx_word' id='word_1_442' title='bbox 778 2098 809 2124; x_wconf 85' lang='lat' dir='ltr'><em>C.</em></span> <span class='ocrx_word' id='word_1_443' title='bbox 829 2098 898 2125; x_wconf 79' lang='lat' dir='ltr'><em>XIII.</em></span> <span class='ocrx_word' id='word_1_444' title='bbox 926 2100 949 2125; x_wconf 89' lang='grc'><em>1.</em></span> <span class='ocrx_word' id='word_1_445' title='bbox 974 2109 995 2126; x_wconf 89' lang='lat' dir='ltr'><em>c.</em></span> <span class='ocrx_word' id='word_1_446' title='bbox 1016 2101 1056 2125; x_wconf 82' lang='lat'><em>12.</em></span> <span class='ocrx_word' id='word_1_447' title='bbox 1076 2098 1109 2125; x_wconf 83' lang='lat' dir='ltr'><em>de</em></span> 
     </span>
     <span class='ocr_line' id='line_1_46' title="bbox 265 2137 447 2165; baseline 0.005 -1"><span class='ocrx_word' id='word_1_448' title='bbox 265 2137 340 2164; x_wconf 79' lang='lat' dir='ltr'><em>lustr.</em></span> <span class='ocrx_word' id='word_1_449' title='bbox 361 2139 447 2165; x_wconf 71' lang='lat' dir='ltr'><em>collat.</em></span> 
     </span>
    </p>

    <p class='ocr_par' dir='ltr' id='par_1_8' title="bbox 265 2182 1132 2433">
     <span class='ocr_line' id='line_1_47' title="bbox 302 2182 1132 2217; baseline 0.002 -9"><span class='ocrx_word' id='word_1_450' title='bbox 302 2182 520 2210; x_wconf 75' lang='lat' dir='ltr'>lnnectere.</span> <span class='ocrx_word' id='word_1_451' title='bbox 558 2183 589 2216; x_wconf 79' lang='lat'><em>§-</em></span> <span class='ocrx_word' id='word_1_452' title='bbox 606 2184 641 2209; x_wconf 90' lang='lat'><em>1.</em></span> <span class='ocrx_word' id='word_1_453' title='bbox 673 2185 859 2217; x_wconf 78' lang='lat' dir='ltr'><em>Implicare.</em></span> <span class='ocrx_word' id='word_1_454' title='bbox 897 2183 940 2210; x_wconf 85' lang='lat'><em>111.</em></span> <span class='ocrx_word' id='word_1_455' title='bbox 959 2185 1026 2212; x_wconf 71' lang='lat' dir='ltr'><em>Cn.</em></span> <span class='ocrx_word' id='word_1_456' title='bbox 1045 2183 1110 2210; x_wconf 82' lang='lat' dir='ltr'>Liti-</span> <span class='ocrx_word' id='word_1_457' title='bbox 1130 2200 1132 2215; x_wconf 83' lang='grc'><em>.</em></span> 
     </span>
     <span class='ocr_line' id='line_1_48' title="bbox 265 2223 1132 2264; baseline 0.005 -15"><span class='ocrx_word' id='word_1_458' title='bbox 265 2223 315 2250; x_wconf 91' lang='lat' dir='ltr'><em>bus</em></span> <span class='ocrx_word' id='word_1_459' title='bbox 336 2225 445 2252; x_wconf 72' lang='lat' dir='ltr'><em>irretire.</em></span> <span class='ocrx_word' id='word_1_460' title='bbox 467 2230 492 2251; x_wconf 73' lang='lat' dir='ltr'><em>et</em></span> <span class='ocrx_word' id='word_1_461' title='bbox 512 2242 543 2245; x_wconf 98' lang='lat'><strong>—</strong></span> <span class='ocrx_word' id='word_1_462' title='bbox 564 2227 676 2261; x_wconf 70' lang='lat' dir='ltr'>negotiis</span> <span class='ocrx_word' id='word_1_463' title='bbox 701 2231 785 2252; x_wconf 69' lang='lat' dir='ltr'>tentet</span> <span class='ocrx_word' id='word_1_464' title='bbox 804 2228 945 2253; x_wconf 78' lang='lat' dir='ltr'><em>innectere.</em></span> <span class='ocrx_word' id='word_1_465' title='bbox 966 2238 986 2254; x_wconf 84' lang='lat' dir='ltr'><em>c.</em></span> <span class='ocrx_word' id='word_1_466' title='bbox 1006 2229 1048 2254; x_wconf 71' lang='lat'><em>25.</em></span> <span class='ocrx_word' id='word_1_467' title='bbox 1068 2237 1108 2264; x_wconf 84' lang='lat' dir='ltr'><em>pr.</em></span> <span class='ocrx_word' id='word_1_468' title='bbox 1131 2233 1132 2239; x_wconf 99' lang='lat'>¹</span> 
     </span>
     <span class='ocr_line' id='line_1_49' title="bbox 266 2266 1108 2304; baseline 0.004 -11"><span class='ocrx_word' id='word_1_469' title='bbox 266 2266 299 2293; x_wconf 78' lang='lat' dir='ltr'><em>tle</em></span> <span class='ocrx_word' id='word_1_470' title='bbox 318 2268 398 2304; x_wconf 79' lang='lat' dir='ltr'><em>episc.</em></span> <span class='ocrx_word' id='word_1_471' title='bbox 420 2272 444 2293; x_wconf 63' lang='lat' dir='ltr'><em>vt</em></span> <span class='ocrx_word' id='word_1_472' title='bbox 464 2268 524 2295; x_wconf 72' lang='lat' dir='ltr'><em>rlvr.</em></span> <span class='ocrx_word' id='word_1_473' title='bbox 549 2271 569 2295; x_wconf 92' lang='lat' dir='ltr'><em>l.</em></span> <span class='ocrx_word' id='word_1_474' title='bbox 589 2272 613 2295; x_wconf 89' lang='lat'><em>3.</em></span> <span class='ocrx_word' id='word_1_475' title='bbox 635 2269 666 2295; x_wconf 87' lang='lat' dir='ltr'><em>cl&#39;.</em></span> <span class='ocrx_word' id='word_1_476' title='bbox 692 2268 758 2295; x_wconf 67' lang='lat' dir='ltr'><em>¹Nov.</em></span> <span class='ocrx_word' id='word_1_477' title='bbox 779 2269 901 2296; x_wconf 79' lang='lat' dir='ltr'><em>Anthem.</em></span> <span class='ocrx_word' id='word_1_478' title='bbox 922 2269 954 2296; x_wconf 78' lang='grc'><em>(16</em></span> <span class='ocrx_word' id='word_1_479' title='bbox 973 2270 1034 2296; x_wconf 85' lang='grc'><strong>1)00.</strong></span> <span class='ocrx_word' id='word_1_480' title='bbox 1054 2281 1108 2296; x_wconf 79' lang='lat' dir='ltr'><em>vac.</em></span> 
     </span>
     <span class='ocr_line' id='line_1_50' title="bbox 266 2309 1110 2350; baseline 0.004 -14"><span class='ocrx_word' id='word_1_481' title='bbox 266 2309 309 2336; x_wconf 59' lang='lat' dir='ltr'><em>Vl.</em></span> <span class='ocrx_word' id='word_1_482' title='bbox 329 2312 353 2336; x_wconf 77' lang='grc'><em>’3.</em></span> <span class='ocrx_word' id='word_1_483' title='bbox 375 2320 395 2336; x_wconf 94' lang='lat' dir='ltr'><em>c.</em></span> <span class='ocrx_word' id='word_1_484' title='bbox 413 2311 434 2336; x_wconf 92' lang='lat'><em>1.</em></span> <span class='ocrx_word' id='word_1_485' title='bbox 449 2320 487 2346; x_wconf 85' lang='lat' dir='ltr'><em>pr.</em></span> <span class='ocrx_word' id='word_1_486' title='bbox 525 2312 578 2346; x_wconf 77' lang='lat' dir='ltr'><em>Qui</em></span> <span class='ocrx_word' id='word_1_487' title='bbox 599 2328 630 2332; x_wconf 89' lang='lat'><em>--</em></span> <span class='ocrx_word' id='word_1_488' title='bbox 651 2311 797 2339; x_wconf 76' lang='lat' dir='ltr'>venditioni</span> <span class='ocrx_word' id='word_1_489' title='bbox 816 2318 879 2350; x_wconf 81' lang='lat' dir='ltr'>post</span> <span class='ocrx_word' id='word_1_490' title='bbox 899 2312 981 2339; x_wconf 82' lang='lat' dir='ltr'>sactae</span> <span class='ocrx_word' id='word_1_491' title='bbox 1000 2323 1051 2339; x_wconf 85' lang='lat' dir='ltr'><em>non</em></span> <span class='ocrx_word' id='word_1_492' title='bbox 1068 2324 1110 2339; x_wconf 81' lang='lat' dir='ltr'><em>no-</em></span> 
     </span>
     <span class='ocr_line' id='line_1_51' title="bbox 265 2354 1109 2390; baseline 0.005 -12"><span class='ocrx_word' id='word_1_493' title='bbox 265 2354 337 2379; x_wconf 81' lang='lat' dir='ltr'>scius</span> <span class='ocrx_word' id='word_1_494' title='bbox 357 2354 507 2379; x_wconf 70' lang='lat' dir='ltr'><em>innectItur.</em></span> <span class='ocrx_word' id='word_1_495' title='bbox 534 2354 582 2381; x_wconf 88' lang='lat' dir='ltr'><em>Th.</em></span> <span class='ocrx_word' id='word_1_496' title='bbox 609 2355 640 2381; x_wconf 86' lang='lat' dir='ltr'><em>C.</em></span> <span class='ocrx_word' id='word_1_497' title='bbox 662 2354 704 2382; x_wconf 82' lang='lat' dir='ltr'><em>IV.</em></span> <span class='ocrx_word' id='word_1_498' title='bbox 724 2358 748 2382; x_wconf 71' lang='grc' dir='ltr'><em>ὅ.</em></span> <span class='ocrx_word' id='word_1_499' title='bbox 776 2366 796 2382; x_wconf 91' lang='lat' dir='ltr'><em>c.</em></span> <span class='ocrx_word' id='word_1_500' title='bbox 816 2358 840 2382; x_wconf 84' lang='lat'><em>6.</em></span> <span class='ocrx_word' id='word_1_501' title='bbox 865 2357 885 2390; x_wconf 91' lang='lat'><em>5.</em></span> <span class='ocrx_word' id='word_1_502' title='bbox 905 2358 930 2382; x_wconf 87' lang='lat'><em>3.</em></span> <span class='ocrx_word' id='word_1_503' title='bbox 951 2355 1056 2389; x_wconf 79' lang='lat' dir='ltr'><em>(ch.)</em></span> <span class='ocrx_word' id='word_1_504' title='bbox 1077 2356 1109 2382; x_wconf 81' lang='grc'><em>(16</em></span> 
     </span>
     <span class='ocr_line' id='line_1_52' title="bbox 266 2395 1132 2433; baseline 0.005 -12"><span class='ocrx_word' id='word_1_505' title='bbox 266 2395 368 2422; x_wconf 69' lang='lat' dir='ltr'>liberali</span> <span class='ocrx_word' id='word_1_506' title='bbox 389 2406 410 2422; x_wconf 84' lang='lat' dir='ltr'><em>e.</em></span> <span class='ocrx_word' id='word_1_507' title='bbox 431 2410 463 2413; x_wconf 89' lang='lat'><strong>—</strong></span> <span class='ocrx_word' id='word_1_508' title='bbox 492 2397 522 2429; x_wconf 82' lang='lat'><em>§.</em></span> <span class='ocrx_word' id='word_1_509' title='bbox 538 2398 572 2423; x_wconf 69' lang='lat'><em>2.</em></span> <span class='ocrx_word' id='word_1_510' title='bbox 593 2400 785 2432; x_wconf 65' lang='lat' dir='ltr'>Adplivare,</span> <span class='ocrx_word' id='word_1_511' title='bbox 805 2401 973 2425; x_wconf 69' lang='lat' dir='ltr'><em>Addit-ere.</em></span> <span class='ocrx_word' id='word_1_512' title='bbox 1012 2398 1030 2425; x_wconf 88' lang='grc'><em>1,</em></span> <span class='ocrx_word' id='word_1_513' title='bbox 1046 2401 1108 2433; x_wconf 63' lang='lat' dir='ltr'><em>Sy.</em></span> <span class='ocrx_word' id='word_1_514' title='bbox 1130 2407 1132 2432; x_wconf 57' lang='grc' dir='ltr'>ξ</span> 
     </span>
    </p>
   </div>
   <div class='ocr_carea' id='block_1_3' title="bbox 1130 1628 1134 2307">
    <p class='ocr_par' dir='ltr' id='par_1_9' title="bbox 1130 1628 1134 2307">
     <span class='ocr_line' id='line_1_53' title="bbox 1130 1628 1134 2307; baseline 0 0"><span class='ocrx_word' id='word_1_515' title='bbox 1130 1628 1134 2307; x_wconf 95' lang='lat' dir='ltr'><em> </em></span> 
     </span>
    </p>
   </div>
   <div class='ocr_carea' id='block_1_4' title="bbox 265 2438 1132 2861">
    <p class='ocr_par' dir='ltr' id='par_1_10' title="bbox 265 2438 1132 2640">
     <span class='ocr_line' id='line_1_54' title="bbox 266 2438 1107 2475; baseline 0.005 -11"><span class='ocrx_word' id='word_1_516' title='bbox 266 2439 423 2475; x_wconf 62' lang='lat' dir='ltr'><em>Adgrvgare.</em></span> <span class='ocrx_word' id='word_1_517' title='bbox 444 2438 485 2465; x_wconf 77' lang='lat' dir='ltr'><em>Cf.</em></span> <span class='ocrx_word' id='word_1_518' title='bbox 507 2439 530 2465; x_wconf 80' lang='lat' dir='ltr'><em>h.</em></span> <span class='ocrx_word' id='word_1_519' title='bbox 551 2449 574 2465; x_wconf 76' lang='lat' dir='ltr'><em>v.</em></span> <span class='ocrx_word' id='word_1_520' title='bbox 612 2439 732 2467; x_wconf 59' lang='lat' dir='ltr'><em>Nes-tere.</em></span> <span class='ocrx_word' id='word_1_521' title='bbox 753 2441 794 2468; x_wconf 73' lang='lat' dir='ltr'><em>Cf.</em></span> <span class='ocrx_word' id='word_1_522' title='bbox 815 2441 849 2468; x_wconf 87' lang='lat' dir='ltr'><em>ih.</em></span> <span class='ocrx_word' id='word_1_523' title='bbox 864 2442 991 2468; x_wconf 74' lang='lat' dir='ltr'><em>Inserere.</em></span> <span class='ocrx_word' id='word_1_524' title='bbox 1012 2441 1061 2467; x_wconf 88' lang='lat' dir='ltr'><em>Th.</em></span> <span class='ocrx_word' id='word_1_525' title='bbox 1077 2442 1107 2468; x_wconf 88' lang='lat' dir='ltr'><em>C.</em></span> 
     </span>
     <span class='ocr_line' id='line_1_55' title="bbox 266 2481 1107 2520; baseline 0.004 -12"><span class='ocrx_word' id='word_1_526' title='bbox 266 2481 295 2508; x_wconf 92' lang='lat' dir='ltr'><em>ll.</em></span> <span class='ocrx_word' id='word_1_527' title='bbox 316 2484 339 2508; x_wconf 86' lang='lat'><em>9.</em></span> <span class='ocrx_word' id='word_1_528' title='bbox 361 2493 382 2508; x_wconf 89' lang='lat' dir='ltr'><em>c.</em></span> <span class='ocrx_word' id='word_1_529' title='bbox 402 2484 426 2508; x_wconf 83' lang='lat'><em>2.</em></span> <span class='ocrx_word' id='word_1_530' title='bbox 447 2492 486 2518; x_wconf 79' lang='lat' dir='ltr'><em>sq.</em></span> <span class='ocrx_word' id='word_1_531' title='bbox 507 2481 612 2515; x_wconf 64' lang='lat' dir='ltr'><em>(wok.)</em></span> <span class='ocrx_word' id='word_1_532' title='bbox 633 2482 665 2508; x_wconf 66' lang='lat' dir='ltr'><em>du</em></span> <span class='ocrx_word' id='word_1_533' title='bbox 684 2489 751 2520; x_wconf 74' lang='lat' dir='ltr'><em>part.</em></span> <span class='ocrx_word' id='word_1_534' title='bbox 772 2489 798 2510; x_wconf 72' lang='lat' dir='ltr'><em>et</em></span> <span class='ocrx_word' id='word_1_535' title='bbox 816 2489 940 2511; x_wconf 84' lang='lat' dir='ltr'><em>transact.</em></span> <span class='ocrx_word' id='word_1_536' title='bbox 960 2484 1003 2510; x_wconf 65' lang='lat' dir='ltr'><em>Vl.</em></span> <span class='ocrx_word' id='word_1_537' title='bbox 1023 2486 1065 2511; x_wconf 74' lang='lat'><em>35.</em></span> <span class='ocrx_word' id='word_1_538' title='bbox 1086 2495 1107 2511; x_wconf 92' lang='lat' dir='ltr'><em>c.</em></span> 
     </span>
     <span class='ocr_line' id='line_1_56' title="bbox 265 2524 1131 2564; baseline 0.003 -14"><span class='ocrx_word' id='word_1_539' title='bbox 265 2527 289 2551; x_wconf 89' lang='lat'><em>3.</em></span> <span class='ocrx_word' id='word_1_540' title='bbox 310 2526 332 2558; x_wconf 93' lang='lat'><em>5.</em></span> <span class='ocrx_word' id='word_1_541' title='bbox 356 2527 375 2551; x_wconf 94' lang='grc'><em>1.</em></span> <span class='ocrx_word' id='word_1_542' title='bbox 397 2524 429 2551; x_wconf 75' lang='grc' dir='ltr'><em>(1(Ι</em></span> <span class='ocrx_word' id='word_1_543' title='bbox 449 2526 514 2562; x_wconf 83' lang='lat' dir='ltr'><em>priv.</em></span> <span class='ocrx_word' id='word_1_544' title='bbox 535 2534 587 2551; x_wconf 79' lang='lat' dir='ltr'><em>eor.</em></span> <span class='ocrx_word' id='word_1_545' title='bbox 609 2535 651 2561; x_wconf 87' lang='lat' dir='ltr'><em>qu.</em></span> <span class='ocrx_word' id='word_1_546' title='bbox 673 2526 697 2551; x_wconf 89' lang='lat' dir='ltr'><em>in</em></span> <span class='ocrx_word' id='word_1_547' title='bbox 718 2527 744 2552; x_wconf 83' lang='lat' dir='ltr'><em>S.</em></span> <span class='ocrx_word' id='word_1_548' title='bbox 765 2527 816 2564; x_wconf 78' lang='lat' dir='ltr'><em>pal.</em></span> <span class='ocrx_word' id='word_1_549' title='bbox 853 2527 896 2553; x_wconf 92' lang='lat' dir='ltr'><em>lll.</em></span> <span class='ocrx_word' id='word_1_550' title='bbox 916 2529 982 2555; x_wconf 76' lang='lat' dir='ltr'><em>Gn.</em></span> <span class='ocrx_word' id='word_1_551' title='bbox 1005 2526 1055 2553; x_wconf 40' lang='lat' dir='ltr'>‘bi</span> <span class='ocrx_word' id='word_1_552' title='bbox 1074 2542 1107 2546; x_wconf 95' lang='lat'>—</span> <span class='ocrx_word' id='word_1_553' title='bbox 1130 2552 1131 2559; x_wconf 60' lang='grc'>,</span> 
     </span>
     <span class='ocr_line' id='line_1_57' title="bbox 267 2562 1132 2607; baseline 0.003 -14"><span class='ocrx_word' id='word_1_554' title='bbox 267 2569 408 2593; x_wconf 70' lang='lat' dir='ltr'>transactio</span> <span class='ocrx_word' id='word_1_555' title='bbox 428 2569 526 2605; x_wconf 72' lang='lat' dir='ltr'>scripta</span> <span class='ocrx_word' id='word_1_556' title='bbox 547 2572 595 2596; x_wconf 79' lang='lat' dir='ltr'><em>est.</em></span> <span class='ocrx_word' id='word_1_557' title='bbox 616 2572 694 2604; x_wconf 75' lang='lat' dir='ltr'>atque</span> <span class='ocrx_word' id='word_1_558' title='bbox 714 2584 745 2588; x_wconf 78' lang='lat'><em>-—</em></span> <span class='ocrx_word' id='word_1_559' title='bbox 765 2570 975 2607; x_wconf 70' lang='lat' dir='ltr'>acceptilationis</span> <span class='ocrx_word' id='word_1_560' title='bbox 994 2570 1108 2597; x_wconf 76' lang='lat' dir='ltr'>vinculis</span> <span class='ocrx_word' id='word_1_561' title='bbox 1130 2562 1132 2597; x_wconf 71' lang='lat' dir='ltr'><em>i</em></span> 
     </span>
     <span class='ocr_line' id='line_1_58' title="bbox 267 2610 1024 2640; baseline 0.005 -5"><span class='ocrx_word' id='word_1_562' title='bbox 267 2610 375 2636; x_wconf 82' lang='lat' dir='ltr'>firmitas</span> <span class='ocrx_word' id='word_1_563' title='bbox 396 2612 459 2636; x_wconf 88' lang='lat' dir='ltr'>iuris</span> <span class='ocrx_word' id='word_1_564' title='bbox 479 2612 572 2637; x_wconf 76' lang='lat' dir='ltr'>innexa</span> <span class='ocrx_word' id='word_1_565' title='bbox 592 2615 640 2637; x_wconf 81' lang='lat' dir='ltr'><em>est.</em></span> <span class='ocrx_word' id='word_1_566' title='bbox 661 2620 682 2637; x_wconf 91' lang='lat' dir='ltr'><em>c.</em></span> <span class='ocrx_word' id='word_1_567' title='bbox 703 2612 743 2637; x_wconf 80' lang='lat'><em>40.</em></span> <span class='ocrx_word' id='word_1_568' title='bbox 764 2611 796 2637; x_wconf 82' lang='lat' dir='ltr'><em>de</em></span> <span class='ocrx_word' id='word_1_569' title='bbox 815 2618 937 2640; x_wconf 83' lang='lat' dir='ltr'><em>transact.</em></span> <span class='ocrx_word' id='word_1_570' title='bbox 956 2615 980 2639; x_wconf 81' lang='lat'><em>2.</em></span> <span class='ocrx_word' id='word_1_571' title='bbox 1000 2615 1024 2639; x_wconf 72' lang='lat'><em>4.</em></span> 
     </span>
    </p>

    <p class='ocr_par' dir='ltr' id='par_1_11' title="bbox 268 2654 1109 2775">
     <span class='ocr_line' id='line_1_59' title="bbox 306 2654 1109 2685; baseline 0.004 -6"><span class='ocrx_word' id='word_1_572' title='bbox 306 2654 438 2680; x_wconf 73' lang='lat' dir='ltr'><em>lnniti.</em></span> <span class='ocrx_word' id='word_1_573' title='bbox 478 2656 649 2685; x_wconf 51' lang='lat' dir='ltr'>asistere,</span> <span class='ocrx_word' id='word_1_574' title='bbox 674 2655 854 2681; x_wconf 68' lang='lat' dir='ltr'><em>Inlzaerere.</em></span> <span class='ocrx_word' id='word_1_575' title='bbox 893 2655 933 2681; x_wconf 87' lang='lat' dir='ltr'><em>Ill.</em></span> <span class='ocrx_word' id='word_1_576' title='bbox 955 2657 1020 2683; x_wconf 65' lang='lat'><em>(711.</em></span> <span class='ocrx_word' id='word_1_577' title='bbox 1044 2655 1109 2682; x_wconf 80' lang='lat' dir='ltr'>Nut-</span> 
     </span>
     <span class='ocr_line' id='line_1_60' title="bbox 268 2693 1107 2733; baseline 0.007 -13"><span class='ocrx_word' id='word_1_578' title='bbox 268 2693 309 2720; x_wconf 79' lang='lat' dir='ltr'>lus</span> <span class='ocrx_word' id='word_1_579' title='bbox 330 2694 370 2720; x_wconf 68' lang='lat' dir='ltr'><em>his</em></span> <span class='ocrx_word' id='word_1_580' title='bbox 391 2696 511 2723; x_wconf 78' lang='lat' dir='ltr'>indicatis</span> <span class='ocrx_word' id='word_1_581' title='bbox 537 2702 646 2723; x_wconf 68' lang='lat' dir='ltr'>conemr</span> <span class='ocrx_word' id='word_1_582' title='bbox 665 2697 754 2729; x_wconf 73' lang='lat' dir='ltr'>inniti,</span> <span class='ocrx_word' id='word_1_583' title='bbox 775 2707 840 2733; x_wconf 81' lang='lat' dir='ltr'>quae</span> <span class='ocrx_word' id='word_1_584' title='bbox 860 2702 907 2724; x_wconf 86' lang='lat' dir='ltr'><em>etc.</em></span> <span class='ocrx_word' id='word_1_585' title='bbox 928 2698 965 2724; x_wconf 84' lang='lat' dir='ltr'><em>lb.</em></span> <span class='ocrx_word' id='word_1_586' title='bbox 985 2698 1043 2726; x_wconf 78' lang='lat' dir='ltr'><em>XV.</em></span> <span class='ocrx_word' id='word_1_587' title='bbox 1066 2701 1107 2725; x_wconf 85' lang='lat'><em>14.</em></span> 
     </span>
     <span class='ocr_line' id='line_1_61' title="bbox 269 2737 719 2775; baseline 0.007 -12"><span class='ocrx_word' id='word_1_588' title='bbox 269 2747 289 2763; x_wconf 92' lang='lat' dir='ltr'><em>c.</em></span> <span class='ocrx_word' id='word_1_589' title='bbox 309 2740 333 2762; x_wconf 65' lang='grc' dir='ltr'><em>ὃ.</em></span> <span class='ocrx_word' id='word_1_590' title='bbox 354 2737 386 2763; x_wconf 58' lang='lat' dir='ltr'><em>«tv</em></span> <span class='ocrx_word' id='word_1_591' title='bbox 405 2739 497 2765; x_wconf 86' lang='lat' dir='ltr'><em>intirm.</em></span> <span class='ocrx_word' id='word_1_592' title='bbox 518 2739 542 2766; x_wconf 91' lang='lat' dir='ltr'><em>h.</em></span> <span class='ocrx_word' id='word_1_593' title='bbox 564 2750 606 2775; x_wconf 87' lang='lat' dir='ltr'><em>qu.</em></span> <span class='ocrx_word' id='word_1_594' title='bbox 627 2749 647 2765; x_wconf 90' lang='lat' dir='ltr'><em>s.</em></span> <span class='ocrx_word' id='word_1_595' title='bbox 670 2744 719 2775; x_wconf 71' lang='lat' dir='ltr'><em>tyr.</em></span> 
     </span>
    </p>

    <p class='ocr_par' dir='ltr' id='par_1_12' title="bbox 268 2781 1130 2861">
     <span class='ocr_line' id='line_1_62' title="bbox 304 2781 1107 2815; baseline 0.006 -10"><span class='ocrx_word' id='word_1_596' title='bbox 304 2781 505 2807; x_wconf 63' lang='lat' dir='ltr'><em>Innocens.</em></span> <span class='ocrx_word' id='word_1_597' title='bbox 543 2782 672 2814; x_wconf 71' lang='lat' dir='ltr'><em>(Adiect.)</em></span> <span class='ocrx_word' id='word_1_598' title='bbox 711 2783 742 2815; x_wconf 64' lang='grc' dir='ltr'><em>ξ.</em></span> <span class='ocrx_word' id='word_1_599' title='bbox 766 2783 800 2809; x_wconf 84' lang='lat' dir='ltr'><em>l.</em></span> <span class='ocrx_word' id='word_1_600' title='bbox 838 2784 1015 2815; x_wconf 74' lang='lat' dir='ltr'>Innocnns,</span> <span class='ocrx_word' id='word_1_601' title='bbox 1040 2787 1107 2811; x_wconf 73' lang='lat' dir='ltr'><em>Non</em></span> 
     </span>
     <span class='ocr_line' id='line_1_63' title="bbox 268 2823 1130 2861; baseline 0.006 -13"><span class='ocrx_word' id='word_1_602' title='bbox 268 2825 449 2849; x_wconf 79' lang='lat' dir='ltr'><em>damnosus.</em></span> <span class='ocrx_word' id='word_1_603' title='bbox 487 2823 505 2849; x_wconf 92' lang='lat' dir='ltr'><em>l.</em></span> <span class='ocrx_word' id='word_1_604' title='bbox 525 2826 586 2859; x_wconf 75' lang='lat' dir='ltr'><em>Sy.</em></span> <span class='ocrx_word' id='word_1_605' title='bbox 612 2825 737 2851; x_wconf 78' lang='lat' dir='ltr'>innoxius</span> <span class='ocrx_word' id='word_1_606' title='bbox 757 2825 868 2861; x_wconf 77' lang='lat' dir='ltr'><em>(ignis.)</em></span> <span class='ocrx_word' id='word_1_607' title='bbox 894 2824 923 2851; x_wconf 78' lang='lat' dir='ltr'><em>l&#39;r.</em></span> <span class='ocrx_word' id='word_1_608' title='bbox 943 2828 966 2852; x_wconf 89' lang='grc'><em>9.</em></span> <span class='ocrx_word' id='word_1_609' title='bbox 991 2826 1011 2859; x_wconf 88' lang='lat'><em>5.</em></span> <span class='ocrx_word' id='word_1_610' title='bbox 1031 2829 1054 2853; x_wconf 88' lang='lat'><em>3</em></span> <span class='ocrx_word' id='word_1_611' title='bbox 1076 2827 1105 2853; x_wconf 87' lang='lat' dir='ltr'><em>fr.</em></span> <span class='ocrx_word' id='word_1_612' title='bbox 1128 2825 1130 2861; x_wconf 60' lang='grc' dir='ltr'><em>ξ</em></span> 
     </span>
    </p>
   </div>
   <div class='ocr_carea' id='block_1_5' title="bbox 1130 1628 1135 2883">
    <p class='ocr_par' dir='ltr' id='par_1_13' title="bbox 1130 1628 1135 2883">
     <span class='ocr_line' id='line_1_64' title="bbox 1130 1628 1135 2883; baseline 0 0"><span class='ocrx_word' id='word_1_613' title='bbox 1130 1628 1135 2883; x_wconf 95' lang='lat' dir='ltr'><em> </em></span> 
     </span>
    </p>
   </div>
   <div class='ocr_carea' id='block_1_6' title="bbox 1016 168 1252 199">
    <p class='ocr_par' dir='ltr' id='par_1_14' title="bbox 1016 168 1252 199">
     <span class='ocr_line' id='line_1_65' title="bbox 1016 168 1252 199; baseline 0 -1"><span class='ocrx_word' id='word_1_614' title='bbox 1016 168 1076 198; x_wconf 76' lang='lat' dir='ltr'><em>INI</em></span> <span class='ocrx_word' id='word_1_615' title='bbox 1102 186 1140 192; x_wconf 96' lang='lat'>—</span> <span class='ocrx_word' id='word_1_616' title='bbox 1166 168 1252 199; x_wconf 69' lang='lat' dir='ltr'><em>INN.</em></span> 
     </span>
    </p>
   </div>
   <div class='ocr_carea' id='block_1_7' title="bbox 1135 237 2001 288">
    <p class='ocr_par' dir='ltr' id='par_1_15' title="bbox 1135 237 2001 288">
     <span class='ocr_line' id='line_1_66' title="bbox 1135 237 2001 288; baseline 0.005 -12"><span class='ocrx_word' id='word_1_617' title='bbox 1135 253 1137 270; x_wconf 64' lang='grc' dir='ltr'><em>ἲ</em></span> <span class='ocrx_word' id='word_1_618' title='bbox 1160 252 1200 277; x_wconf 96' lang='lat' dir='ltr'><em>ll.</em></span> <span class='ocrx_word' id='word_1_619' title='bbox 1226 249 1248 283; x_wconf 92' lang='lat'><em>5.</em></span> <span class='ocrx_word' id='word_1_620' title='bbox 1269 251 1292 276; x_wconf 89' lang='lat' dir='ltr'><em>l.</em></span> <span class='ocrx_word' id='word_1_621' title='bbox 1312 249 1391 276; x_wconf 79' lang='lat' dir='ltr'><em>locat.</em></span> <span class='ocrx_word' id='word_1_622' title='bbox 1418 251 1457 277; x_wconf 89' lang='lat'><em>19.</em></span> <span class='ocrx_word' id='word_1_623' title='bbox 1483 252 1507 278; x_wconf 91' lang='lat'><em>2.</em></span> <span class='ocrx_word' id='word_1_624' title='bbox 1540 237 1586 271; x_wconf 51' lang='lat'><em>-.</em></span> <span class='ocrx_word' id='word_1_625' title='bbox 1604 251 1634 284; x_wconf 65' lang='grc' dir='ltr'><em>ἓ.</em></span> <span class='ocrx_word' id='word_1_626' title='bbox 1655 253 1691 278; x_wconf 72' lang='lat'><em>2.</em></span> <span class='ocrx_word' id='word_1_627' title='bbox 1725 253 1851 287; x_wconf 77' lang='lat' dir='ltr'>Cnlpae</span> <span class='ocrx_word' id='word_1_628' title='bbox 1874 263 2001 288; x_wconf 66' lang='lat' dir='ltr'>expers,</span> 
     </span>
    </p>
   </div>
   <div class='ocr_carea' id='block_1_8' title="bbox 1156 293 2003 674">
    <p class='ocr_par' dir='ltr' id='par_1_16' title="bbox 1156 293 2003 674">
     <span class='ocr_line' id='line_1_67' title="bbox 1160 293 2001 329; baseline 0.005 -10"><span class='ocrx_word' id='word_1_629' title='bbox 1160 295 1305 320; x_wconf 73' lang='lat' dir='ltr'>Crimine</span> <span class='ocrx_word' id='word_1_630' title='bbox 1322 303 1445 321; x_wconf 74' lang='lat' dir='ltr'><em>carens.</em></span> <span class='ocrx_word' id='word_1_631' title='bbox 1482 293 1500 320; x_wconf 92' lang='lat' dir='ltr'><em>I.</em></span> <span class='ocrx_word' id='word_1_632' title='bbox 1527 295 1589 329; x_wconf 71' lang='lat' dir='ltr'><em>Sy.</em></span> <span class='ocrx_word' id='word_1_633' title='bbox 1609 293 1712 321; x_wconf 81' lang='lat' dir='ltr'><em>insons.</em></span> <span class='ocrx_word' id='word_1_634' title='bbox 1733 294 1783 321; x_wconf 89' lang='lat' dir='ltr'><em>Th.</em></span> <span class='ocrx_word' id='word_1_635' title='bbox 1804 295 1835 322; x_wconf 90' lang='lat' dir='ltr'><em>C.</em></span> <span class='ocrx_word' id='word_1_636' title='bbox 1854 295 1898 322; x_wconf 81' lang='lat' dir='ltr'><em>IX.</em></span> <span class='ocrx_word' id='word_1_637' title='bbox 1920 297 1959 323; x_wconf 83' lang='lat'><em>16.</em></span> <span class='ocrx_word' id='word_1_638' title='bbox 1980 306 2001 323; x_wconf 88' lang='lat' dir='ltr'><em>c.</em></span> 
     </span>
     <span class='ocr_line' id='line_1_68' title="bbox 1158 335 2001 376; baseline 0.006 -15"><span class='ocrx_word' id='word_1_639' title='bbox 1158 339 1182 362; x_wconf 78' lang='lat'><em>5.</em></span> <span class='ocrx_word' id='word_1_640' title='bbox 1202 335 1235 363; x_wconf 88' lang='grc'><em>(16</em></span> <span class='ocrx_word' id='word_1_641' title='bbox 1253 335 1363 362; x_wconf 68' lang='lat' dir='ltr'><em>malefic.</em></span> <span class='ocrx_word' id='word_1_642' title='bbox 1385 335 1416 362; x_wconf 91' lang='lat' dir='ltr'><em>II.</em></span> <span class='ocrx_word' id='word_1_643' title='bbox 1432 337 1499 370; x_wconf 75' lang='grc' dir='ltr'><em>ΟΡ.</em></span> <span class='ocrx_word' id='word_1_644' title='bbox 1523 336 1637 363; x_wconf 65' lang='lat' dir='ltr'><em>Nocens.</em></span> <span class='ocrx_word' id='word_1_645' title='bbox 1659 336 1688 363; x_wconf 85' lang='lat' dir='ltr'><em>sr.</em></span> <span class='ocrx_word' id='word_1_646' title='bbox 1709 339 1733 364; x_wconf 89' lang='lat'><em>5.</em></span> <span class='ocrx_word' id='word_1_647' title='bbox 1752 347 1791 374; x_wconf 86' lang='lat' dir='ltr'><em>pr.</em></span> <span class='ocrx_word' id='word_1_648' title='bbox 1812 337 1845 364; x_wconf 87' lang='lat' dir='ltr'><em>de</em></span> <span class='ocrx_word' id='word_1_649' title='bbox 1862 349 1939 376; x_wconf 79' lang='lat' dir='ltr'><em>poen.</em></span> <span class='ocrx_word' id='word_1_650' title='bbox 1959 340 2001 366; x_wconf 73' lang='lat'><em>48.</em></span> 
     </span>
     <span class='ocr_line' id='line_1_69' title="bbox 1160 378 2001 416; baseline 0.004 -11"><span class='ocrx_word' id='word_1_651' title='bbox 1160 381 1198 406; x_wconf 88' lang='lat'><em>19.</em></span> <span class='ocrx_word' id='word_1_652' title='bbox 1237 378 1278 405; x_wconf 92' lang='lat' dir='ltr'><em>De</em></span> <span class='ocrx_word' id='word_1_653' title='bbox 1298 380 1407 405; x_wconf 84' lang='lat' dir='ltr'>crimine</span> <span class='ocrx_word' id='word_1_654' title='bbox 1425 379 1546 416; x_wconf 78' lang='lat' dir='ltr'><em>probare.</em></span> <span class='ocrx_word' id='word_1_655' title='bbox 1567 395 1599 399; x_wconf 92' lang='lat'>—</span> <span class='ocrx_word' id='word_1_656' title='bbox 1619 379 1789 406; x_wconf 79' lang='lat' dir='ltr'>Innocentem</span> <span class='ocrx_word' id='word_1_657' title='bbox 1808 381 1955 408; x_wconf 76' lang='lat' dir='ltr'><em>ostendere.</em></span> <span class='ocrx_word' id='word_1_658' title='bbox 1970 382 2001 408; x_wconf 82' lang='lat' dir='ltr'><em>fr.</em></span> 
     </span>
     <span class='ocr_line' id='line_1_70' title="bbox 1156 421 2001 458; baseline 0.004 -10"><span class='ocrx_word' id='word_1_659' title='bbox 1156 423 1180 448; x_wconf 86' lang='lat'><em>3.</em></span> <span class='ocrx_word' id='word_1_660' title='bbox 1201 422 1266 456; x_wconf 83' lang='lat'><em>58.</em></span> <span class='ocrx_word' id='word_1_661' title='bbox 1287 421 1320 448; x_wconf 83' lang='lat' dir='ltr'><em>de</em></span> <span class='ocrx_word' id='word_1_662' title='bbox 1339 422 1400 448; x_wconf 92' lang='lat' dir='ltr'><em>bon.</em></span> <span class='ocrx_word' id='word_1_663' title='bbox 1421 431 1474 448; x_wconf 88' lang='lat' dir='ltr'><em>eor.</em></span> <span class='ocrx_word' id='word_1_664' title='bbox 1499 432 1542 458; x_wconf 89' lang='lat' dir='ltr'><em>qu.</em></span> <span class='ocrx_word' id='word_1_665' title='bbox 1566 427 1627 449; x_wconf 87' lang='lat' dir='ltr'>ante</span> <span class='ocrx_word' id='word_1_666' title='bbox 1651 428 1719 449; x_wconf 79' lang='lat' dir='ltr'><em>sent.</em></span> <span class='ocrx_word' id='word_1_667' title='bbox 1742 424 1784 449; x_wconf 70' lang='lat'><em>48.</em></span> <span class='ocrx_word' id='word_1_668' title='bbox 1803 425 1846 450; x_wconf 81' lang='lat'><em>21.</em></span> <span class='ocrx_word' id='word_1_669' title='bbox 1870 423 1902 450; x_wconf 79' lang='lat' dir='ltr'><em>cs.</em></span> <span class='ocrx_word' id='word_1_670' title='bbox 1927 423 1957 451; x_wconf 80' lang='lat' dir='ltr'><em>fr.</em></span> <span class='ocrx_word' id='word_1_671' title='bbox 1976 426 2001 451; x_wconf 81' lang='grc'><em>8.</em></span> 
     </span>
     <span class='ocr_line' id='line_1_71' title="bbox 1157 464 2002 504; baseline 0.004 -13"><span class='ocrx_word' id='word_1_672' title='bbox 1157 464 1190 491; x_wconf 83' lang='lat' dir='ltr'><em>de</em></span> <span class='ocrx_word' id='word_1_673' title='bbox 1210 464 1320 491; x_wconf 84' lang='lat' dir='ltr'><em>calumn.</em></span> <span class='ocrx_word' id='word_1_674' title='bbox 1333 467 1357 492; x_wconf 80' lang='lat'><em>3.</em></span> <span class='ocrx_word' id='word_1_675' title='bbox 1372 466 1395 491; x_wconf 82' lang='lat'><em>6.</em></span> <span class='ocrx_word' id='word_1_676' title='bbox 1415 464 1459 491; x_wconf 85' lang='lat' dir='ltr'><em>III.</em></span> <span class='ocrx_word' id='word_1_677' title='bbox 1471 466 1538 492; x_wconf 76' lang='lat' dir='ltr'><em>Cn.</em></span> <span class='ocrx_word' id='word_1_678' title='bbox 1556 465 1654 492; x_wconf 79' lang='lat' dir='ltr'>Favere</span> <span class='ocrx_word' id='word_1_679' title='bbox 1668 466 1858 499; x_wconf 73' lang='lat' dir='ltr'>miserioribus,</span> <span class='ocrx_word' id='word_1_680' title='bbox 1880 471 1906 493; x_wconf 88' lang='lat' dir='ltr'><em>et</em></span> <span class='ocrx_word' id='word_1_681' title='bbox 1919 477 2002 504; x_wconf 82' lang='lat' dir='ltr'>prope</span> 
     </span>
     <span class='ocr_line' id='line_1_72' title="bbox 1157 507 2003 546; baseline 0.004 -13"><span class='ocrx_word' id='word_1_682' title='bbox 1157 508 1312 534; x_wconf 85' lang='lat' dir='ltr'>innocentes</span> <span class='ocrx_word' id='word_1_683' title='bbox 1332 507 1434 540; x_wconf 68' lang='lat' dir='ltr'><em>dicere.</em></span> <span class='ocrx_word' id='word_1_684' title='bbox 1455 518 1523 544; x_wconf 87' lang='lat' dir='ltr'>quos</span> <span class='ocrx_word' id='word_1_685' title='bbox 1542 508 1663 535; x_wconf 81' lang='lat' dir='ltr'>absolute</span> <span class='ocrx_word' id='word_1_686' title='bbox 1682 514 1808 535; x_wconf 73' lang='lat' dir='ltr'><em>nocentes</em></span> <span class='ocrx_word' id='word_1_687' title='bbox 1827 511 2003 546; x_wconf 77' lang='lat' dir='ltr'>pronunciare</span> 
     </span>
     <span class='ocr_line' id='line_1_73' title="bbox 1158 550 2003 588; baseline 0.004 -12"><span class='ocrx_word' id='word_1_688' title='bbox 1158 560 1210 576; x_wconf 90' lang='lat' dir='ltr'><em>non</em></span> <span class='ocrx_word' id='word_1_689' title='bbox 1229 560 1381 588; x_wconf 83' lang='lat' dir='ltr'><em>possumus.</em></span> <span class='ocrx_word' id='word_1_690' title='bbox 1407 550 1480 578; x_wconf 73' lang='lat' dir='ltr'><em>Paul.</em></span> <span class='ocrx_word' id='word_1_691' title='bbox 1500 550 1544 577; x_wconf 84' lang='lat' dir='ltr'><em>IV.</em></span> <span class='ocrx_word' id='word_1_692' title='bbox 1566 553 1604 578; x_wconf 89' lang='lat'><em>12.</em></span> <span class='ocrx_word' id='word_1_693' title='bbox 1629 552 1650 586; x_wconf 90' lang='lat'><em>5.</em></span> <span class='ocrx_word' id='word_1_694' title='bbox 1670 553 1693 578; x_wconf 88' lang='lat'><em>5.</em></span> <span class='ocrx_word' id='word_1_695' title='bbox 1714 562 1734 578; x_wconf 88' lang='lat' dir='ltr'><em>a.</em></span> <span class='ocrx_word' id='word_1_696' title='bbox 1779 551 1833 587; x_wconf 77' lang='lat' dir='ltr'><em>Qui</em></span> <span class='ocrx_word' id='word_1_697' title='bbox 1852 553 1878 578; x_wconf 92' lang='lat' dir='ltr'><em>in</em></span> <span class='ocrx_word' id='word_1_698' title='bbox 1898 562 2003 579; x_wconf 81' lang='lat' dir='ltr'>accusa-</span> 
     </span>
     <span class='ocr_line' id='line_1_74' title="bbox 1158 594 2003 631; baseline 0.004 -12"><span class='ocrx_word' id='word_1_699' title='bbox 1158 595 1255 620; x_wconf 89' lang='lat' dir='ltr'>tionem</span> <span class='ocrx_word' id='word_1_700' title='bbox 1274 595 1454 620; x_wconf 87' lang='lat' dir='ltr'>innocentium</span> <span class='ocrx_word' id='word_1_701' title='bbox 1474 595 1595 626; x_wconf 81' lang='lat' dir='ltr'>coierint,</span> <span class='ocrx_word' id='word_1_702' title='bbox 1613 596 1692 631; x_wconf 82' lang='lat' dir='ltr'>quive</span> <span class='ocrx_word' id='word_1_703' title='bbox 1712 594 1746 621; x_wconf 86' lang='lat' dir='ltr'><em>oh</em></span> <span class='ocrx_word' id='word_1_704' title='bbox 1765 595 1941 622; x_wconf 80' lang='lat' dir='ltr'>accusandum</span> <span class='ocrx_word' id='word_1_705' title='bbox 1959 594 2003 622; x_wconf 85' lang='lat' dir='ltr'><em>vel</em></span> 
     </span>
     <span class='ocr_line' id='line_1_75' title="bbox 1158 636 2003 674; baseline 0.002 -12"><span class='ocrx_word' id='word_1_706' title='bbox 1158 646 1210 662; x_wconf 91' lang='lat' dir='ltr'><em>non</em></span> <span class='ocrx_word' id='word_1_707' title='bbox 1230 636 1405 663; x_wconf 86' lang='lat' dir='ltr'>accusandum</span> <span class='ocrx_word' id='word_1_708' title='bbox 1419 651 1451 655; x_wconf 86' lang='lat'>—</span> <span class='ocrx_word' id='word_1_709' title='bbox 1465 638 1602 674; x_wconf 87' lang='lat' dir='ltr'>pecuniam</span> <span class='ocrx_word' id='word_1_710' title='bbox 1621 638 1780 674; x_wconf 82' lang='lat' dir='ltr'><em>acceperint.</em></span> <span class='ocrx_word' id='word_1_711' title='bbox 1800 638 1832 664; x_wconf 76' lang='lat' dir='ltr'><em>fr.</em></span> <span class='ocrx_word' id='word_1_712' title='bbox 1851 640 1875 664; x_wconf 89' lang='lat'><em>2.</em></span> <span class='ocrx_word' id='word_1_713' title='bbox 1896 637 1929 664; x_wconf 85' lang='lat' dir='ltr'><em>de</em></span> <span class='ocrx_word' id='word_1_714' title='bbox 1942 648 2003 664; x_wconf 91' lang='lat' dir='ltr'>con-</span> 
     </span>
    </p>
   </div>
   <div class='ocr_carea' id='block_1_9' title="bbox 1157 678 2002 714">
    <p class='ocr_par' dir='ltr' id='par_1_17' title="bbox 1157 678 2002 714">
     <span class='ocr_line' id='line_1_76' title="bbox 1157 678 2002 714; baseline 0.001 -8"><span class='ocrx_word' id='word_1_715' title='bbox 1157 689 1226 706; x_wconf 74' lang='grc'><strong>6055.</strong></span> <span class='ocrx_word' id='word_1_716' title='bbox 1246 681 1288 706; x_wconf 85' lang='lat'><em>47.</em></span> <span class='ocrx_word' id='word_1_717' title='bbox 1309 681 1348 706; x_wconf 82' lang='lat'><em>13.</em></span> <span class='ocrx_word' id='word_1_718' title='bbox 1369 678 1400 706; x_wconf 62' lang='lat' dir='ltr'><em>cl‘.</em></span> <span class='ocrx_word' id='word_1_719' title='bbox 1422 679 1451 706; x_wconf 80' lang='lat' dir='ltr'><em>fr.</em></span> <span class='ocrx_word' id='word_1_720' title='bbox 1474 682 1495 706; x_wconf 93' lang='lat' dir='ltr'><em>l.</em></span> <span class='ocrx_word' id='word_1_721' title='bbox 1521 680 1542 714; x_wconf 92' lang='lat'><em>5.</em></span> <span class='ocrx_word' id='word_1_722' title='bbox 1563 681 1586 706; x_wconf 96' lang='lat' dir='ltr'><em>l.</em></span> <span class='ocrx_word' id='word_1_723' title='bbox 1611 679 1644 706; x_wconf 89' lang='grc'><em>(16</em></span> <span class='ocrx_word' id='word_1_724' title='bbox 1666 679 1696 706; x_wconf 92' lang='lat' dir='ltr'><em>L.</em></span> <span class='ocrx_word' id='word_1_725' title='bbox 1717 680 1799 707; x_wconf 89' lang='lat' dir='ltr'><em>Corn.</em></span> <span class='ocrx_word' id='word_1_726' title='bbox 1824 680 1857 707; x_wconf 87' lang='lat' dir='ltr'><em>de</em></span> <span class='ocrx_word' id='word_1_727' title='bbox 1882 679 1940 707; x_wconf 73' lang='lat' dir='ltr'><em>fals.</em></span> <span class='ocrx_word' id='word_1_728' title='bbox 1959 681 2002 707; x_wconf 79' lang='lat'><em>48.</em></span> 
     </span>
    </p>
   </div>
   <div class='ocr_carea' id='block_1_10' title="bbox 1134 716 2001 759">
    <p class='ocr_par' dir='ltr' id='par_1_18' title="bbox 1134 716 2001 759">
     <span class='ocr_line' id='line_1_77' title="bbox 1134 716 2001 759; baseline 0.002 -11"><span class='ocrx_word' id='word_1_729' title='bbox 1134 716 1135 725; x_wconf 45' lang='lat'>¹</span> <span class='ocrx_word' id='word_1_730' title='bbox 1159 724 1197 749; x_wconf 89' lang='lat'><em>10.</em></span> <span class='ocrx_word' id='word_1_731' title='bbox 1218 721 1248 749; x_wconf 92' lang='lat' dir='ltr'><em>sr.</em></span> <span class='ocrx_word' id='word_1_732' title='bbox 1271 724 1292 749; x_wconf 88' lang='lat'><em>1.</em></span> <span class='ocrx_word' id='word_1_733' title='bbox 1312 732 1352 759; x_wconf 84' lang='lat' dir='ltr'><em>pr.</em></span> <span class='ocrx_word' id='word_1_734' title='bbox 1371 722 1402 748; x_wconf 87' lang='lat' dir='ltr'><em>sr.</em></span> <span class='ocrx_word' id='word_1_735' title='bbox 1423 724 1447 748; x_wconf 87' lang='lat'><em>3.</em></span> <span class='ocrx_word' id='word_1_736' title='bbox 1467 723 1489 756; x_wconf 89' lang='lat'><em>5.</em></span> <span class='ocrx_word' id='word_1_737' title='bbox 1510 724 1534 749; x_wconf 74' lang='lat'><em>4.</em></span> <span class='ocrx_word' id='word_1_738' title='bbox 1560 722 1592 749; x_wconf 82' lang='lat' dir='ltr'><em>ad</em></span> <span class='ocrx_word' id='word_1_739' title='bbox 1611 722 1640 749; x_wconf 88' lang='lat' dir='ltr'><em>L.</em></span> <span class='ocrx_word' id='word_1_740' title='bbox 1661 723 1742 750; x_wconf 89' lang='lat' dir='ltr'><em>Corn.</em></span> <span class='ocrx_word' id='word_1_741' title='bbox 1767 723 1800 750; x_wconf 85' lang='lat' dir='ltr'><em>de</em></span> <span class='ocrx_word' id='word_1_742' title='bbox 1819 724 1896 750; x_wconf 79' lang='lat' dir='ltr'><em>sicar.</em></span> <span class='ocrx_word' id='word_1_743' title='bbox 1916 724 1956 750; x_wconf 82' lang='grc'><em>48.</em></span> <span class='ocrx_word' id='word_1_744' title='bbox 1977 724 2001 750; x_wconf 88' lang='grc'><em>8.</em></span> 
     </span>
    </p>
   </div>
   <div class='ocr_carea' id='block_1_11' title="bbox 1157 765 2003 847">
    <p class='ocr_par' dir='ltr' id='par_1_19' title="bbox 1157 765 2003 847">
     <span class='ocr_line' id='line_1_78' title="bbox 1157 765 2003 803; baseline 0.002 -12"><span class='ocrx_word' id='word_1_745' title='bbox 1157 765 1285 801; x_wconf 75' lang='lat' dir='ltr'>Quamvis</span> <span class='ocrx_word' id='word_1_746' title='bbox 1304 766 1459 791; x_wconf 83' lang='lat' dir='ltr'>innocentes</span> <span class='ocrx_word' id='word_1_747' title='bbox 1479 766 1646 792; x_wconf 77' lang='lat' dir='ltr'>inveniantur</span> <span class='ocrx_word' id='word_1_748' title='bbox 1661 776 1693 793; x_wconf 76' lang='lat' dir='ltr'><em>ex</em></span> <span class='ocrx_word' id='word_1_749' title='bbox 1712 777 1742 793; x_wconf 81' lang='lat' dir='ltr'><em>eo</em></span> <span class='ocrx_word' id='word_1_750' title='bbox 1757 767 1872 798; x_wconf 76' lang='lat' dir='ltr'>crimine,</span> <span class='ocrx_word' id='word_1_751' title='bbox 1892 771 2003 803; x_wconf 84' lang='lat' dir='ltr'>propter</span> 
     </span>
     <span class='ocr_line' id='line_1_79' title="bbox 1158 808 2002 847; baseline 0.002 -13"><span class='ocrx_word' id='word_1_752' title='bbox 1158 808 1228 845; x_wconf 87' lang='lat' dir='ltr'>quod</span> <span class='ocrx_word' id='word_1_753' title='bbox 1248 809 1355 845; x_wconf 78' lang='lat' dir='ltr'>impacti</span> <span class='ocrx_word' id='word_1_754' title='bbox 1379 813 1441 834; x_wconf 89' lang='lat' dir='ltr'>sunt</span> <span class='ocrx_word' id='word_1_755' title='bbox 1465 809 1492 834; x_wconf 92' lang='lat' dir='ltr'><em>in</em></span> <span class='ocrx_word' id='word_1_756' title='bbox 1513 819 1629 841; x_wconf 72' lang='lat' dir='ltr'>carcere,</span> <span class='ocrx_word' id='word_1_757' title='bbox 1656 810 1753 843; x_wconf 79' lang='lat' dir='ltr'>(tamen</span> <span class='ocrx_word' id='word_1_758' title='bbox 1774 809 1900 847; x_wconf 86' lang='lat' dir='ltr'>puniendi</span> <span class='ocrx_word' id='word_1_759' title='bbox 1918 809 2002 843; x_wconf 91' lang='lat' dir='ltr'><em>sunt.)</em></span> 
     </span>
    </p>
   </div>
   <div class='ocr_carea' id='block_1_12' title="bbox 1134 850 2003 889">
    <p class='ocr_par' dir='ltr' id='par_1_20' title="bbox 1134 850 2003 889">
     <span class='ocr_line' id='line_1_80' title="bbox 1134 850 2003 889; baseline 0.002 -12"><span class='ocrx_word' id='word_1_760' title='bbox 1134 851 1135 886; x_wconf 37' lang='grc' dir='ltr'>ζ</span> <span class='ocrx_word' id='word_1_761' title='bbox 1157 851 1187 877; x_wconf 80' lang='lat' dir='ltr'><em>sr.</em></span> <span class='ocrx_word' id='word_1_762' title='bbox 1210 852 1248 878; x_wconf 92' lang='lat' dir='ltr'><em>l3.</em></span> <span class='ocrx_word' id='word_1_763' title='bbox 1269 850 1302 877; x_wconf 87' lang='grc'><em>(16</em></span> <span class='ocrx_word' id='word_1_764' title='bbox 1322 855 1388 877; x_wconf 87' lang='lat' dir='ltr'><em>cust.</em></span> <span class='ocrx_word' id='word_1_765' title='bbox 1409 856 1435 877; x_wconf 86' lang='lat' dir='ltr'><em>et</em></span> <span class='ocrx_word' id='word_1_766' title='bbox 1454 851 1541 877; x_wconf 84' lang='lat' dir='ltr'><em>exhib.</em></span> <span class='ocrx_word' id='word_1_767' title='bbox 1562 854 1603 878; x_wconf 74' lang='lat'><em>48.</em></span> <span class='ocrx_word' id='word_1_768' title='bbox 1623 853 1648 878; x_wconf 89' lang='lat'><em>3.</em></span> <span class='ocrx_word' id='word_1_769' title='bbox 1669 852 1700 879; x_wconf 79' lang='lat' dir='ltr'><em>cf.</em></span> <span class='ocrx_word' id='word_1_770' title='bbox 1721 862 1742 879; x_wconf 92' lang='lat' dir='ltr'><em>c.</em></span> <span class='ocrx_word' id='word_1_771' title='bbox 1761 855 1786 879; x_wconf 90' lang='lat'><em>2.</em></span> <span class='ocrx_word' id='word_1_772' title='bbox 1806 852 1838 879; x_wconf 89' lang='lat' dir='ltr'><em>de</em></span> <span class='ocrx_word' id='word_1_773' title='bbox 1858 852 1882 879; x_wconf 91' lang='lat' dir='ltr'><em>h.</em></span> <span class='ocrx_word' id='word_1_774' title='bbox 1903 862 1946 889; x_wconf 85' lang='lat' dir='ltr'><em>qu.</em></span> <span class='ocrx_word' id='word_1_775' title='bbox 1966 852 2003 879; x_wconf 88' lang='lat' dir='ltr'><em>la-</em></span> 
     </span>
    </p>
   </div>
   <div class='ocr_carea' id='block_1_13' title="bbox 1157 895 2002 974">
    <p class='ocr_par' dir='ltr' id='par_1_21' title="bbox 1157 895 2002 974">
     <span class='ocr_line' id='line_1_81' title="bbox 1157 895 2002 929; baseline 0.004 -9"><span class='ocrx_word' id='word_1_776' title='bbox 1157 900 1225 920; x_wconf 88' lang='lat' dir='ltr'><em>tron.</em></span> <span class='ocrx_word' id='word_1_777' title='bbox 1245 896 1268 920; x_wconf 95' lang='lat'><em>9.</em></span> <span class='ocrx_word' id='word_1_778' title='bbox 1290 895 1332 920; x_wconf 84' lang='grc'><em>39.</em></span> <span class='ocrx_word' id='word_1_779' title='bbox 1354 910 1384 914; x_wconf 90' lang='lat'><em>-—</em></span> <span class='ocrx_word' id='word_1_780' title='bbox 1405 895 1436 928; x_wconf 83' lang='lat'><em>§.</em></span> <span class='ocrx_word' id='word_1_781' title='bbox 1459 895 1496 920; x_wconf 77' lang='lat'><em>³.</em></span> <span class='ocrx_word' id='word_1_782' title='bbox 1521 896 1666 929; x_wconf 83' lang='lat' dir='ltr'>Integer,</span> <span class='ocrx_word' id='word_1_783' title='bbox 1687 897 1859 922; x_wconf 73' lang='lat' dir='ltr'><em>Honestns.</em></span> <span class='ocrx_word' id='word_1_784' title='bbox 1879 895 1922 922; x_wconf 89' lang='lat'><em>111.</em></span> <span class='ocrx_word' id='word_1_785' title='bbox 1935 897 2002 924; x_wconf 75' lang='lat' dir='ltr'><em>Cn.</em></span> 
     </span>
     <span class='ocr_line' id='line_1_82' title="bbox 1157 937 2001 974; baseline 0.002 -11"><span class='ocrx_word' id='word_1_786' title='bbox 1157 938 1225 963; x_wconf 89' lang='lat' dir='ltr'>Boni</span> <span class='ocrx_word' id='word_1_787' title='bbox 1245 942 1271 963; x_wconf 85' lang='lat' dir='ltr'><em>et</em></span> <span class='ocrx_word' id='word_1_788' title='bbox 1290 938 1439 963; x_wconf 88' lang='lat' dir='ltr'>innocentis</span> <span class='ocrx_word' id='word_1_789' title='bbox 1458 938 1507 963; x_wconf 91' lang='lat' dir='ltr'>viri</span> <span class='ocrx_word' id='word_1_790' title='bbox 1527 937 1616 963; x_wconf 82' lang='lat' dir='ltr'>ol&#39;licio</span> <span class='ocrx_word' id='word_1_791' title='bbox 1637 938 1743 974; x_wconf 81' lang='lat' dir='ltr'><em>(fungi.)</em></span> <span class='ocrx_word' id='word_1_792' title='bbox 1763 938 1793 965; x_wconf 76' lang='lat' dir='ltr'><em>fr.</em></span> <span class='ocrx_word' id='word_1_793' title='bbox 1813 940 1836 965; x_wconf 86' lang='grc'><em>4.</em></span> <span class='ocrx_word' id='word_1_794' title='bbox 1857 939 1878 973; x_wconf 91' lang='lat'><em>5.</em></span> <span class='ocrx_word' id='word_1_795' title='bbox 1899 941 1921 965; x_wconf 96' lang='lat' dir='ltr'><em>l.</em></span> <span class='ocrx_word' id='word_1_796' title='bbox 1942 938 2001 966; x_wconf 78' lang='lat' dir='ltr'><em>sam.</em></span> 
     </span>
    </p>
   </div>
   <div class='ocr_carea' id='block_1_14' title="bbox 1134 979 2001 1018">
    <p class='ocr_par' dir='ltr' id='par_1_22' title="bbox 1134 979 2001 1018">
     <span class='ocr_line' id='line_1_83' title="bbox 1134 979 2001 1018; baseline 0.002 -12"><span class='ocrx_word' id='word_1_797' title='bbox 1134 1010 1135 1015; x_wconf 22' lang='lat'>¹</span> <span class='ocrx_word' id='word_1_798' title='bbox 1158 981 1250 1007; x_wconf 78' lang='lat' dir='ltr'><em>ercisc.</em></span> <span class='ocrx_word' id='word_1_799' title='bbox 1271 981 1311 1006; x_wconf 92' lang='lat'><em>10.</em></span> <span class='ocrx_word' id='word_1_800' title='bbox 1331 982 1355 1006; x_wconf 88' lang='lat'><em>2.</em></span> <span class='ocrx_word' id='word_1_801' title='bbox 1376 979 1408 1006; x_wconf 75' lang='lat' dir='ltr'><em>cf.</em></span> <span class='ocrx_word' id='word_1_802' title='bbox 1428 990 1449 1006; x_wconf 93' lang='lat' dir='ltr'><em>c.</em></span> <span class='ocrx_word' id='word_1_803' title='bbox 1469 982 1492 1006; x_wconf 81' lang='lat'><em>2.</em></span> <span class='ocrx_word' id='word_1_804' title='bbox 1513 979 1546 1006; x_wconf 87' lang='lat' dir='ltr'><em>de</em></span> <span class='ocrx_word' id='word_1_805' title='bbox 1565 980 1633 1007; x_wconf 76' lang='lat' dir='ltr'><em>alim.</em></span> <span class='ocrx_word' id='word_1_806' title='bbox 1655 991 1717 1018; x_wconf 80' lang='lat' dir='ltr'><em>pup.</em></span> <span class='ocrx_word' id='word_1_807' title='bbox 1736 984 1760 1008; x_wconf 89' lang='lat'><em>5.</em></span> <span class='ocrx_word' id='word_1_808' title='bbox 1774 984 1815 1008; x_wconf 84' lang='lat'><em>50.</em></span> <span class='ocrx_word' id='word_1_809' title='bbox 1836 981 1886 1008; x_wconf 91' lang='lat' dir='ltr'><em>Th.</em></span> <span class='ocrx_word' id='word_1_810' title='bbox 1901 982 1932 1009; x_wconf 92' lang='lat' dir='ltr'><em>C.</em></span> <span class='ocrx_word' id='word_1_811' title='bbox 1943 981 2001 1008; x_wconf 81' lang='lat' dir='ltr'><em>XII.</em></span> 
     </span>
    </p>
   </div>
   <div class='ocr_carea' id='block_1_15' title="bbox 1157 1022 2003 1231">
    <p class='ocr_par' dir='ltr' id='par_1_23' title="bbox 1157 1022 2003 1179">
     <span class='ocr_line' id='line_1_84' title="bbox 1159 1022 2003 1060; baseline 0.001 -10"><span class='ocrx_word' id='word_1_812' title='bbox 1159 1026 1180 1050; x_wconf 94' lang='lat' dir='ltr'><em>l.</em></span> <span class='ocrx_word' id='word_1_813' title='bbox 1201 1033 1222 1050; x_wconf 84' lang='lat' dir='ltr'><em>c.</em></span> <span class='ocrx_word' id='word_1_814' title='bbox 1236 1024 1278 1049; x_wconf 90' lang='lat'><em>49.</em></span> <span class='ocrx_word' id='word_1_815' title='bbox 1298 1033 1339 1060; x_wconf 86' lang='lat' dir='ltr'><em>pr.</em></span> <span class='ocrx_word' id='word_1_816' title='bbox 1359 1022 1392 1049; x_wconf 81' lang='lat' dir='ltr'><em>de</em></span> <span class='ocrx_word' id='word_1_817' title='bbox 1411 1022 1544 1049; x_wconf 88' lang='lat' dir='ltr'><em>decurion.</em></span> <span class='ocrx_word' id='word_1_818' title='bbox 1582 1023 1774 1050; x_wconf 81' lang='lat' dir='ltr'>lnnoceutioris</span> <span class='ocrx_word' id='word_1_819' title='bbox 1795 1029 1902 1051; x_wconf 85' lang='lat' dir='ltr'>naturae</span> <span class='ocrx_word' id='word_1_820' title='bbox 1920 1024 2003 1051; x_wconf 88' lang='lat' dir='ltr'>homi-</span> 
     </span>
     <span class='ocr_line' id='line_1_85' title="bbox 1158 1065 2002 1094; baseline 0.001 -1"><span class='ocrx_word' id='word_1_821' title='bbox 1158 1077 1213 1093; x_wconf 86' lang='lat' dir='ltr'><em>nes.</em></span> <span class='ocrx_word' id='word_1_822' title='bbox 1234 1066 1304 1093; x_wconf 86' lang='lat' dir='ltr'><em>Colt.</em></span> <span class='ocrx_word' id='word_1_823' title='bbox 1324 1065 1377 1092; x_wconf 91' lang='lat' dir='ltr'><em>LL.</em></span> <span class='ocrx_word' id='word_1_824' title='bbox 1398 1065 1457 1092; x_wconf 85' lang='lat' dir='ltr'><em>XV.</em></span> <span class='ocrx_word' id='word_1_825' title='bbox 1476 1066 1501 1091; x_wconf 87' lang='lat'><em>3.</em></span> <span class='ocrx_word' id='word_1_826' title='bbox 1542 1065 1678 1093; x_wconf 82' lang='lat' dir='ltr'>Innocenti</span> <span class='ocrx_word' id='word_1_827' title='bbox 1699 1067 1828 1094; x_wconf 86' lang='lat' dir='ltr'>industria</span> <span class='ocrx_word' id='word_1_828' title='bbox 1847 1067 1949 1094; x_wconf 78' lang='lat' dir='ltr'>fructus</span> <span class='ocrx_word' id='word_1_829' title='bbox 1969 1083 2002 1088; x_wconf 93' lang='lat'>—</span> 
     </span>
     <span class='ocr_line' id='line_1_86' title="bbox 1157 1108 2003 1146; baseline 0.001 -10"><span class='ocrx_word' id='word_1_830' title='bbox 1157 1111 1262 1136; x_wconf 86' lang='lat' dir='ltr'>innatos</span> <span class='ocrx_word' id='word_1_831' title='bbox 1282 1108 1439 1146; x_wconf 84' lang='lat' dir='ltr'>simpliciter</span> <span class='ocrx_word' id='word_1_832' title='bbox 1457 1108 1581 1135; x_wconf 76' lang='lat' dir='ltr'><em>vendere.</em></span> <span class='ocrx_word' id='word_1_833' title='bbox 1606 1109 1657 1136; x_wconf 83' lang='lat' dir='ltr'><em>Th.</em></span> <span class='ocrx_word' id='word_1_834' title='bbox 1677 1108 1708 1136; x_wconf 92' lang='lat' dir='ltr'><em>C.</em></span> <span class='ocrx_word' id='word_1_835' title='bbox 1728 1110 1797 1137; x_wconf 72' lang='lat' dir='ltr'><em>XIII.</em></span> <span class='ocrx_word' id='word_1_836' title='bbox 1818 1112 1842 1136; x_wconf 91' lang='lat' dir='ltr'><em>l.</em></span> <span class='ocrx_word' id='word_1_837' title='bbox 1866 1121 1887 1137; x_wconf 91' lang='lat' dir='ltr'><em>c.</em></span> <span class='ocrx_word' id='word_1_838' title='bbox 1909 1112 1949 1137; x_wconf 90' lang='lat'><em>12.</em></span> <span class='ocrx_word' id='word_1_839' title='bbox 1969 1110 2003 1137; x_wconf 84' lang='lat' dir='ltr'><em>de</em></span> 
     </span>
     <span class='ocr_line' id='line_1_87' title="bbox 1157 1152 1342 1179; baseline -0.005 0"><span class='ocrx_word' id='word_1_840' title='bbox 1157 1152 1233 1179; x_wconf 88' lang='lat' dir='ltr'><em>lustr.</em></span> <span class='ocrx_word' id='word_1_841' title='bbox 1254 1152 1342 1179; x_wconf 78' lang='lat' dir='ltr'><em>collat.</em></span> 
     </span>
    </p>

    <p class='ocr_par' dir='ltr' id='par_1_24' title="bbox 1192 1194 2002 1231">
     <span class='ocr_line' id='line_1_88' title="bbox 1192 1194 2002 1231; baseline 0.002 -9"><span class='ocrx_word' id='word_1_842' title='bbox 1192 1196 1440 1223; x_wconf 70' lang='lat' dir='ltr'><em>Innocenter.</em></span> <span class='ocrx_word' id='word_1_843' title='bbox 1479 1194 1593 1227; x_wconf 79' lang='lat' dir='ltr'><em>(Advb.)</em></span> <span class='ocrx_word' id='word_1_844' title='bbox 1631 1196 1706 1222; x_wconf 81' lang='lat' dir='ltr'>Sine</span> <span class='ocrx_word' id='word_1_845' title='bbox 1725 1198 1844 1222; x_wconf 76' lang='lat' dir='ltr'><em>damno.</em></span> <span class='ocrx_word' id='word_1_846' title='bbox 1881 1196 1912 1223; x_wconf 87' lang='lat' dir='ltr'><em>II.</em></span> <span class='ocrx_word' id='word_1_847' title='bbox 1933 1198 2002 1231; x_wconf 74' lang='lat'><em>⁰1».</em></span> 
     </span>
    </p>
   </div>
   <div class='ocr_carea' id='block_1_16' title="bbox 1133 1226 2001 1275">
    <p class='ocr_par' dir='ltr' id='par_1_25' title="bbox 1133 1226 2001 1275">
     <span class='ocr_line' id='line_1_89' title="bbox 1133 1226 2001 1275; baseline 0 -10"><span class='ocrx_word' id='word_1_848' title='bbox 1133 1226 1135 1271; x_wconf 67' lang='lat' dir='ltr'>l</span> <span class='ocrx_word' id='word_1_849' title='bbox 1156 1238 1291 1265; x_wconf 73' lang='lat' dir='ltr'>Nocenter</span> <span class='ocrx_word' id='word_1_850' title='bbox 1310 1239 1448 1271; x_wconf 80' lang='lat' dir='ltr'>(exercere</span> <span class='ocrx_word' id='word_1_851' title='bbox 1466 1236 1682 1275; x_wconf 80' lang='lat' dir='ltr'><em>haruspicinam.)</em></span> <span class='ocrx_word' id='word_1_852' title='bbox 1710 1238 1748 1265; x_wconf 86' lang='lat' dir='ltr'><em>lb.</em></span> <span class='ocrx_word' id='word_1_853' title='bbox 1767 1238 1812 1265; x_wconf 75' lang='lat' dir='ltr'><em>lx.</em></span> <span class='ocrx_word' id='word_1_854' title='bbox 1833 1240 1874 1265; x_wconf 87' lang='grc'><em>16.</em></span> <span class='ocrx_word' id='word_1_855' title='bbox 1894 1248 1915 1265; x_wconf 91' lang='lat' dir='ltr'><em>c.</em></span> <span class='ocrx_word' id='word_1_856' title='bbox 1934 1240 1960 1265; x_wconf 93' lang='lat'><em>3.</em></span> <span class='ocrx_word' id='word_1_857' title='bbox 1979 1249 2001 1266; x_wconf 94' lang='lat' dir='ltr'><em>c.</em></span> 
     </span>
    </p>
   </div>
   <div class='ocr_carea' id='block_1_17' title="bbox 1155 1281 2002 1447">
    <p class='ocr_par' dir='ltr' id='par_1_26' title="bbox 1155 1281 1364 1308">
     <span class='ocr_line' id='line_1_90' title="bbox 1155 1281 1364 1308; baseline -0.005 0"><span class='ocrx_word' id='word_1_858' title='bbox 1155 1283 1179 1308; x_wconf 89' lang='lat'><em>9.</em></span> <span class='ocrx_word' id='word_1_859' title='bbox 1201 1281 1233 1308; x_wconf 84' lang='lat' dir='ltr'><em>de</em></span> <span class='ocrx_word' id='word_1_860' title='bbox 1252 1281 1364 1308; x_wconf 75' lang='lat' dir='ltr'><em>malefic.</em></span> 
     </span>
    </p>

    <p class='ocr_par' dir='ltr' id='par_1_27' title="bbox 1155 1324 2002 1447">
     <span class='ocr_line' id='line_1_91' title="bbox 1192 1324 2001 1358; baseline 0 -7"><span class='ocrx_word' id='word_1_861' title='bbox 1192 1324 1436 1352; x_wconf 74' lang='lat' dir='ltr'>Innocentia.</span> <span class='ocrx_word' id='word_1_862' title='bbox 1475 1325 1506 1357; x_wconf 75' lang='lat'><em>§-</em></span> <span class='ocrx_word' id='word_1_863' title='bbox 1526 1326 1562 1351; x_wconf 85' lang='grc'><em>1.</em></span> <span class='ocrx_word' id='word_1_864' title='bbox 1601 1325 1740 1358; x_wconf 77' lang='lat' dir='ltr'>Culpae,</span> <span class='ocrx_word' id='word_1_865' title='bbox 1760 1327 1810 1351; x_wconf 77' lang='lat' dir='ltr'><em>vel</em></span> <span class='ocrx_word' id='word_1_866' title='bbox 1831 1326 2001 1357; x_wconf 73' lang='lat' dir='ltr'>criminis,</span> 
     </span>
     <span class='ocr_line' id='line_1_92' title="bbox 1156 1366 2002 1402; baseline -0.001 -8"><span class='ocrx_word' id='word_1_867' title='bbox 1156 1369 1315 1394; x_wconf 74' lang='lat' dir='ltr'><em>absentia.</em></span> <span class='ocrx_word' id='word_1_868' title='bbox 1339 1367 1370 1394; x_wconf 89' lang='lat' dir='ltr'><em>II.</em></span> <span class='ocrx_word' id='word_1_869' title='bbox 1392 1369 1460 1402; x_wconf 71' lang='lat'><em>011.</em></span> <span class='ocrx_word' id='word_1_870' title='bbox 1480 1366 1588 1393; x_wconf 75' lang='lat' dir='ltr'>Nocens</span> <span class='ocrx_word' id='word_1_871' title='bbox 1607 1366 1699 1394; x_wconf 79' lang='lat' dir='ltr'><em>videri.</em></span> <span class='ocrx_word' id='word_1_872' title='bbox 1718 1383 1751 1386; x_wconf 97' lang='lat'><strong>—</strong></span> <span class='ocrx_word' id='word_1_873' title='bbox 1770 1366 1908 1394; x_wconf 84' lang='lat' dir='ltr'>Rationem</span> <span class='ocrx_word' id='word_1_874' title='bbox 1928 1368 2002 1394; x_wconf 88' lang='lat' dir='ltr'>inno-</span> 
     </span>
     <span class='ocr_line' id='line_1_93' title="bbox 1155 1410 2000 1447; baseline 0.001 -11"><span class='ocrx_word' id='word_1_875' title='bbox 1155 1411 1256 1436; x_wconf 83' lang='lat' dir='ltr'>centiae</span> <span class='ocrx_word' id='word_1_876' title='bbox 1275 1415 1405 1442; x_wconf 79' lang='lat' dir='ltr'>constare,</span> <span class='ocrx_word' id='word_1_877' title='bbox 1426 1421 1450 1437; x_wconf 89' lang='lat' dir='ltr'><em>v.</em></span> <span class='ocrx_word' id='word_1_878' title='bbox 1470 1410 1650 1436; x_wconf 82' lang='lat' dir='ltr'>Innocentiam</span> <span class='ocrx_word' id='word_1_879' title='bbox 1670 1420 1742 1436; x_wconf 86' lang='lat' dir='ltr'>suam</span> <span class='ocrx_word' id='word_1_880' title='bbox 1755 1420 1874 1447; x_wconf 79' lang='lat' dir='ltr'><em>purgare.</em></span> <span class='ocrx_word' id='word_1_881' title='bbox 1894 1410 1924 1437; x_wconf 82' lang='lat' dir='ltr'><em>fr.</em></span> <span class='ocrx_word' id='word_1_882' title='bbox 1941 1411 1963 1437; x_wconf 92' lang='lat' dir='ltr'><em>l.</em></span> <span class='ocrx_word' id='word_1_883' title='bbox 1977 1410 2000 1444; x_wconf 89' lang='lat'><em>5.</em></span> 
     </span>
    </p>
   </div>
   <div class='ocr_carea' id='block_1_18' title="bbox 1132 1452 2002 1489">
    <p class='ocr_par' dir='ltr' id='par_1_28' title="bbox 1132 1452 2002 1489">
     <span class='ocr_line' id='line_1_94' title="bbox 1132 1452 2002 1489; baseline 0.001 -10"><span class='ocrx_word' id='word_1_884' title='bbox 1132 1457 1133 1466; x_wconf 99' lang='lat'>¹</span> <span class='ocrx_word' id='word_1_885' title='bbox 1154 1455 1196 1479; x_wconf 83' lang='lat'><em>27.</em></span> <span class='ocrx_word' id='word_1_886' title='bbox 1217 1452 1250 1479; x_wconf 78' lang='grc'><em>(16</em></span> <span class='ocrx_word' id='word_1_887' title='bbox 1270 1455 1416 1489; x_wconf 78' lang='lat' dir='ltr'><em>quaestion.</em></span> <span class='ocrx_word' id='word_1_888' title='bbox 1441 1455 1482 1480; x_wconf 83' lang='lat'><em>48.</em></span> <span class='ocrx_word' id='word_1_889' title='bbox 1510 1454 1551 1479; x_wconf 82' lang='lat'><em>18.</em></span> <span class='ocrx_word' id='word_1_890' title='bbox 1580 1453 1630 1479; x_wconf 91' lang='lat' dir='ltr'><em>Th.</em></span> <span class='ocrx_word' id='word_1_891' title='bbox 1656 1452 1686 1480; x_wconf 90' lang='lat' dir='ltr'><em>C.</em></span> <span class='ocrx_word' id='word_1_892' title='bbox 1706 1452 1751 1479; x_wconf 84' lang='lat' dir='ltr'><em>IX.</em></span> <span class='ocrx_word' id='word_1_893' title='bbox 1773 1455 1794 1479; x_wconf 96' lang='lat' dir='ltr'><em>l.</em></span> <span class='ocrx_word' id='word_1_894' title='bbox 1820 1463 1841 1481; x_wconf 92' lang='lat' dir='ltr'><em>c.</em></span> <span class='ocrx_word' id='word_1_895' title='bbox 1860 1455 1885 1480; x_wconf 80' lang='lat'><em>2.</em></span> <span class='ocrx_word' id='word_1_896' title='bbox 1909 1453 1942 1480; x_wconf 86' lang='lat' dir='ltr'><em>de</em></span> <span class='ocrx_word' id='word_1_897' title='bbox 1961 1463 2002 1480; x_wconf 85' lang='lat' dir='ltr'><em>ac-</em></span> 
     </span>
    </p>
   </div>
   <div class='ocr_carea' id='block_1_19' title="bbox 1153 1496 2003 2209">
    <p class='ocr_par' dir='ltr' id='par_1_29' title="bbox 1153 1496 2003 2209">
     <span class='ocr_line' id='line_1_95' title="bbox 1156 1496 2003 1530; baseline 0 -8"><span class='ocrx_word' id='word_1_898' title='bbox 1156 1506 1210 1523; x_wconf 92' lang='lat' dir='ltr'><em>cus.</em></span> <span class='ocrx_word' id='word_1_899' title='bbox 1231 1501 1256 1522; x_wconf 88' lang='lat' dir='ltr'><em>et</em></span> <span class='ocrx_word' id='word_1_900' title='bbox 1275 1497 1354 1523; x_wconf 91' lang='lat' dir='ltr'><em>inscr.</em></span> <span class='ocrx_word' id='word_1_901' title='bbox 1392 1496 1435 1523; x_wconf 90' lang='lat' dir='ltr'><em>Ill.</em></span> <span class='ocrx_word' id='word_1_902' title='bbox 1459 1498 1526 1524; x_wconf 73' lang='lat' dir='ltr'><em>Cn.</em></span> <span class='ocrx_word' id='word_1_903' title='bbox 1550 1496 1670 1522; x_wconf 88' lang='lat' dir='ltr'>Alterum</span> <span class='ocrx_word' id='word_1_904' title='bbox 1690 1499 1745 1530; x_wconf 90' lang='lat' dir='ltr'><em>(sc.</em></span> <span class='ocrx_word' id='word_1_905' title='bbox 1767 1496 1908 1526; x_wconf 79' lang='lat' dir='ltr'>infantem)</span> <span class='ocrx_word' id='word_1_906' title='bbox 1927 1497 2003 1523; x_wconf 88' lang='lat' dir='ltr'>inno-</span> 
     </span>
     <span class='ocr_line' id='line_1_96' title="bbox 1156 1538 2001 1572; baseline -0.001 -6"><span class='ocrx_word' id='word_1_907' title='bbox 1156 1541 1240 1566; x_wconf 89' lang='lat' dir='ltr'>centia</span> <span class='ocrx_word' id='word_1_908' title='bbox 1259 1539 1365 1566; x_wconf 87' lang='lat' dir='ltr'>consilii</span> <span class='ocrx_word' id='word_1_909' title='bbox 1384 1544 1481 1569; x_wconf 79' lang='lat' dir='ltr'><em>tuetur.</em></span> <span class='ocrx_word' id='word_1_910' title='bbox 1501 1538 1612 1565; x_wconf 77' lang='lat' dir='ltr'>alterum</span> <span class='ocrx_word' id='word_1_911' title='bbox 1633 1541 1686 1571; x_wconf 89' lang='lat' dir='ltr'><em>(sc.</em></span> <span class='ocrx_word' id='word_1_912' title='bbox 1707 1538 1852 1572; x_wconf 85' lang='lat' dir='ltr'>furiosum)</span> <span class='ocrx_word' id='word_1_913' title='bbox 1872 1539 1918 1565; x_wconf 87' lang='lat' dir='ltr'>sati</span> <span class='ocrx_word' id='word_1_914' title='bbox 1937 1538 2001 1565; x_wconf 86' lang='lat' dir='ltr'>infe·</span> 
     </span>
     <span class='ocr_line' id='line_1_97' title="bbox 1155 1581 2003 1609; baseline -0.001 0"><span class='ocrx_word' id='word_1_915' title='bbox 1155 1582 1240 1609; x_wconf 85' lang='lat' dir='ltr'>licitas</span> <span class='ocrx_word' id='word_1_916' title='bbox 1261 1587 1378 1609; x_wconf 73' lang='lat' dir='ltr'><em>excusat.</em></span> <span class='ocrx_word' id='word_1_917' title='bbox 1399 1582 1429 1609; x_wconf 84' lang='lat' dir='ltr'><em>fr.</em></span> <span class='ocrx_word' id='word_1_918' title='bbox 1451 1584 1490 1608; x_wconf 87' lang='lat'><em>12.</em></span> <span class='ocrx_word' id='word_1_919' title='bbox 1511 1581 1544 1608; x_wconf 84' lang='lat' dir='ltr'><em>ad</em></span> <span class='ocrx_word' id='word_1_920' title='bbox 1562 1581 1593 1608; x_wconf 90' lang='lat' dir='ltr'><em>L.</em></span> <span class='ocrx_word' id='word_1_921' title='bbox 1613 1581 1694 1608; x_wconf 86' lang='lat' dir='ltr'><em>Corn.</em></span> <span class='ocrx_word' id='word_1_922' title='bbox 1715 1582 1747 1608; x_wconf 87' lang='grc'><em>(16</em></span> <span class='ocrx_word' id='word_1_923' title='bbox 1766 1582 1841 1608; x_wconf 82' lang='lat' dir='ltr'><em>sicar.</em></span> <span class='ocrx_word' id='word_1_924' title='bbox 1855 1583 1897 1608; x_wconf 82' lang='lat'><em>48.</em></span> <span class='ocrx_word' id='word_1_925' title='bbox 1911 1583 1935 1608; x_wconf 86' lang='lat'><em>8.</em></span> <span class='ocrx_word' id='word_1_926' title='bbox 1964 1581 2003 1608; x_wconf 77' lang='lat' dir='ltr'><em>Vt</em></span> 
     </span>
     <span class='ocr_line' id='line_1_98' title="bbox 1155 1624 2002 1658; baseline 0 -7"><span class='ocrx_word' id='word_1_927' title='bbox 1155 1635 1248 1652; x_wconf 86' lang='lat' dir='ltr'>servus</span> <span class='ocrx_word' id='word_1_928' title='bbox 1268 1625 1358 1651; x_wconf 87' lang='lat' dir='ltr'>salvus</span> <span class='ocrx_word' id='word_1_929' title='bbox 1377 1626 1421 1657; x_wconf 83' lang='lat' dir='ltr'>sit,</span> <span class='ocrx_word' id='word_1_930' title='bbox 1441 1624 1483 1651; x_wconf 81' lang='lat' dir='ltr'><em>vel</em></span> <span class='ocrx_word' id='word_1_931' title='bbox 1505 1626 1683 1655; x_wconf 76' lang='lat' dir='ltr'>innocentiae.</span> <span class='ocrx_word' id='word_1_932' title='bbox 1704 1624 1748 1658; x_wconf 92' lang='lat' dir='ltr'><em>[al.</em></span> <span class='ocrx_word' id='word_1_933' title='bbox 1768 1625 1938 1658; x_wconf 56' lang='lat' dir='ltr'>innocentim]</span> <span class='ocrx_word' id='word_1_934' title='bbox 1957 1624 2002 1651; x_wconf 78' lang='lat' dir='ltr'><em>vel</em></span> 
     </span>
     <span class='ocr_line' id='line_1_99' title="bbox 1155 1667 2002 1705; baseline 0 -11"><span class='ocrx_word' id='word_1_935' title='bbox 1155 1668 1296 1705; x_wconf 86' lang='lat' dir='ltr'><em>supplicio.</em></span> <span class='ocrx_word' id='word_1_936' title='bbox 1316 1668 1346 1695; x_wconf 85' lang='lat' dir='ltr'><em>sr.</em></span> <span class='ocrx_word' id='word_1_937' title='bbox 1363 1670 1385 1695; x_wconf 88' lang='lat'><em>7.</em></span> <span class='ocrx_word' id='word_1_938' title='bbox 1405 1668 1438 1694; x_wconf 85' lang='lat' dir='ltr'><em>de</em></span> <span class='ocrx_word' id='word_1_939' title='bbox 1452 1669 1597 1704; x_wconf 79' lang='lat' dir='ltr'><em>quaestion.</em></span> <span class='ocrx_word' id='word_1_940' title='bbox 1612 1669 1653 1694; x_wconf 70' lang='lat'><em>48.</em></span> <span class='ocrx_word' id='word_1_941' title='bbox 1670 1668 1709 1694; x_wconf 87' lang='lat'><em>18.</em></span> <span class='ocrx_word' id='word_1_942' title='bbox 1746 1667 1783 1694; x_wconf 82' lang='lat' dir='ltr'><em>Vt</em></span> <span class='ocrx_word' id='word_1_943' title='bbox 1801 1678 1852 1694; x_wconf 88' lang='lat' dir='ltr'><em>non</em></span> <span class='ocrx_word' id='word_1_944' title='bbox 1873 1667 2002 1694; x_wconf 76' lang='lat' dir='ltr'>relatione</span> 
     </span>
     <span class='ocr_line' id='line_1_100' title="bbox 1155 1710 2003 1748; baseline 0 -11"><span class='ocrx_word' id='word_1_945' title='bbox 1155 1712 1306 1742; x_wconf 79' lang='lat' dir='ltr'>criminum,</span> <span class='ocrx_word' id='word_1_946' title='bbox 1331 1711 1378 1737; x_wconf 84' lang='lat' dir='ltr'><em>sed</em></span> <span class='ocrx_word' id='word_1_947' title='bbox 1402 1711 1551 1737; x_wconf 74' lang='lat' dir='ltr'>innocentia</span> <span class='ocrx_word' id='word_1_948' title='bbox 1575 1721 1637 1737; x_wconf 72' lang='lat' dir='ltr'>reus</span> <span class='ocrx_word' id='word_1_949' title='bbox 1656 1715 1789 1748; x_wconf 77' lang='lat' dir='ltr'><em>purgetur.</em></span> <span class='ocrx_word' id='word_1_950' title='bbox 1813 1710 1844 1737; x_wconf 87' lang='lat' dir='ltr'><em>sr.</em></span> <span class='ocrx_word' id='word_1_951' title='bbox 1864 1713 1888 1737; x_wconf 88' lang='lat'><em>5.</em></span> <span class='ocrx_word' id='word_1_952' title='bbox 1908 1720 1947 1748; x_wconf 88' lang='lat' dir='ltr'><em>pr.</em></span> <span class='ocrx_word' id='word_1_953' title='bbox 1968 1710 2003 1737; x_wconf 84' lang='grc'><em>(16</em></span> 
     </span>
     <span class='ocr_line' id='line_1_101' title="bbox 1155 1753 2000 1792; baseline 0 -12"><span class='ocrx_word' id='word_1_954' title='bbox 1155 1755 1217 1792; x_wconf 78' lang='lat' dir='ltr'><em>pub.</em></span> <span class='ocrx_word' id='word_1_955' title='bbox 1238 1754 1316 1780; x_wconf 86' lang='lat' dir='ltr'><em>indic.</em></span> <span class='ocrx_word' id='word_1_956' title='bbox 1336 1755 1378 1780; x_wconf 80' lang='lat'><em>48.</em></span> <span class='ocrx_word' id='word_1_957' title='bbox 1400 1755 1422 1780; x_wconf 93' lang='lat'><em>1.</em></span> <span class='ocrx_word' id='word_1_958' title='bbox 1470 1754 1598 1789; x_wconf 80' lang='lat' dir='ltr'>Quemvis</span> <span class='ocrx_word' id='word_1_959' title='bbox 1622 1753 1702 1779; x_wconf 77' lang='lat' dir='ltr'>verba</span> <span class='ocrx_word' id='word_1_960' title='bbox 1725 1763 1773 1790; x_wconf 87' lang='lat' dir='ltr'><em>pro</em></span> <span class='ocrx_word' id='word_1_961' title='bbox 1799 1764 1828 1780; x_wconf 84' lang='lat' dir='ltr'><em>eo</em></span> <span class='ocrx_word' id='word_1_962' title='bbox 1853 1753 2000 1785; x_wconf 83' lang='lat' dir='ltr'>facientem,</span> 
     </span>
     <span class='ocr_line' id='line_1_102' title="bbox 1155 1796 2000 1833; baseline 0 -10"><span class='ocrx_word' id='word_1_963' title='bbox 1155 1802 1181 1823; x_wconf 78' lang='lat' dir='ltr'><em>et</em></span> <span class='ocrx_word' id='word_1_964' title='bbox 1200 1798 1376 1823; x_wconf 84' lang='lat' dir='ltr'>innocentiam</span> <span class='ocrx_word' id='word_1_965' title='bbox 1396 1802 1574 1828; x_wconf 79' lang='lat' dir='ltr'>excusantem,</span> <span class='ocrx_word' id='word_1_966' title='bbox 1594 1796 1691 1830; x_wconf 84' lang='lat' dir='ltr'>(audiri</span> <span class='ocrx_word' id='word_1_967' title='bbox 1704 1807 1815 1833; x_wconf 82' lang='lat' dir='ltr'>aequum</span> <span class='ocrx_word' id='word_1_968' title='bbox 1829 1797 1893 1829; x_wconf 81' lang='lat' dir='ltr'><em>est.)</em></span> <span class='ocrx_word' id='word_1_969' title='bbox 1912 1796 1943 1823; x_wconf 84' lang='lat' dir='ltr'><em>fr.</em></span> <span class='ocrx_word' id='word_1_970' title='bbox 1957 1798 2000 1824; x_wconf 84' lang='lat'><em>33.</em></span> 
     </span>
     <span class='ocr_line' id='line_1_103' title="bbox 1155 1838 2003 1877; baseline 0.001 -12"><span class='ocrx_word' id='word_1_971' title='bbox 1155 1840 1175 1873; x_wconf 88' lang='lat'><em>5.</em></span> <span class='ocrx_word' id='word_1_972' title='bbox 1195 1842 1220 1865; x_wconf 85' lang='lat'><em>2.</em></span> <span class='ocrx_word' id='word_1_973' title='bbox 1241 1839 1273 1866; x_wconf 88' lang='lat' dir='ltr'><em>de</em></span> <span class='ocrx_word' id='word_1_974' title='bbox 1293 1850 1399 1877; x_wconf 86' lang='lat' dir='ltr'><em>procur.</em></span> <span class='ocrx_word' id='word_1_975' title='bbox 1423 1842 1447 1866; x_wconf 88' lang='lat'><em>3.</em></span> <span class='ocrx_word' id='word_1_976' title='bbox 1471 1842 1496 1866; x_wconf 91' lang='lat'><em>3.</em></span> <span class='ocrx_word' id='word_1_977' title='bbox 1534 1840 1631 1871; x_wconf 81' lang='lat' dir='ltr'><em>Cuius.</em></span> <span class='ocrx_word' id='word_1_978' title='bbox 1656 1844 1718 1876; x_wconf 85' lang='lat' dir='ltr'>post</span> <span class='ocrx_word' id='word_1_979' title='bbox 1737 1839 1942 1871; x_wconf 85' lang='lat' dir='ltr'>damnationem,</span> <span class='ocrx_word' id='word_1_980' title='bbox 1967 1838 2003 1866; x_wconf 77' lang='lat' dir='ltr'><em>de</em></span> 
     </span>
     <span class='ocr_line' id='line_1_104' title="bbox 1154 1882 1998 1919; baseline 0 -11"><span class='ocrx_word' id='word_1_981' title='bbox 1154 1883 1303 1909; x_wconf 85' lang='lat' dir='ltr'>innocentia</span> <span class='ocrx_word' id='word_1_982' title='bbox 1323 1884 1496 1911; x_wconf 72' lang='lat' dir='ltr'>constitisset.</span> <span class='ocrx_word' id='word_1_983' title='bbox 1521 1882 1551 1910; x_wconf 88' lang='lat' dir='ltr'><em>sr.</em></span> <span class='ocrx_word' id='word_1_984' title='bbox 1573 1885 1595 1910; x_wconf 97' lang='lat' dir='ltr'><em>l.</em></span> <span class='ocrx_word' id='word_1_985' title='bbox 1626 1883 1642 1908; x_wconf 80' lang='grc'><em>“.</em></span> <span class='ocrx_word' id='word_1_986' title='bbox 1667 1884 1708 1909; x_wconf 86' lang='lat'><em>27.</em></span> <span class='ocrx_word' id='word_1_987' title='bbox 1733 1882 1765 1909; x_wconf 80' lang='lat' dir='ltr'><em>de</em></span> <span class='ocrx_word' id='word_1_988' title='bbox 1791 1883 1936 1919; x_wconf 87' lang='lat' dir='ltr'><em>quaestion.</em></span> <span class='ocrx_word' id='word_1_989' title='bbox 1955 1882 1998 1908; x_wconf 74' lang='lat'><em>48.</em></span> 
     </span>
     <span class='ocr_line' id='line_1_105' title="bbox 1156 1923 1998 1961; baseline -0.001 -10"><span class='ocrx_word' id='word_1_990' title='bbox 1156 1927 1195 1951; x_wconf 70' lang='grc'><em>18.</em></span> <span class='ocrx_word' id='word_1_991' title='bbox 1221 1942 1252 1946; x_wconf 86' lang='grc'><strong>-</strong></span> <span class='ocrx_word' id='word_1_992' title='bbox 1277 1926 1308 1959; x_wconf 73' lang='lat'><em>§-</em></span> <span class='ocrx_word' id='word_1_993' title='bbox 1328 1927 1364 1952; x_wconf 61' lang='grc' dir='ltr'><em>ἓ.</em></span> <span class='ocrx_word' id='word_1_994' title='bbox 1388 1928 1588 1961; x_wconf 75' lang='lat' dir='ltr'>Integritns,</span> <span class='ocrx_word' id='word_1_995' title='bbox 1614 1928 1841 1953; x_wconf 75' lang='lat' dir='ltr'><em>Abstinentia.</em></span> <span class='ocrx_word' id='word_1_996' title='bbox 1878 1923 1909 1950; x_wconf 85' lang='lat'><em>11.</em></span> <span class='ocrx_word' id='word_1_997' title='bbox 1930 1925 1998 1958; x_wconf 70' lang='grc' dir='ltr'><em>ΟΡ.</em></span> 
     </span>
     <span class='ocr_line' id='line_1_106' title="bbox 1154 1967 1998 2004; baseline 0 -10"><span class='ocrx_word' id='word_1_998' title='bbox 1154 1969 1279 1994; x_wconf 79' lang='lat' dir='ltr'><em>Avaritia.</em></span> <span class='ocrx_word' id='word_1_999' title='bbox 1306 1968 1336 1995; x_wconf 82' lang='lat' dir='ltr'><em>t&#39;r.</em></span> <span class='ocrx_word' id='word_1_1000' title='bbox 1362 1971 1384 1995; x_wconf 94' lang='lat' dir='ltr'><em>l.</em></span> <span class='ocrx_word' id='word_1_1001' title='bbox 1409 1968 1442 1995; x_wconf 84' lang='lat' dir='ltr'><em>(Ie</em></span> <span class='ocrx_word' id='word_1_1002' title='bbox 1466 1968 1560 1995; x_wconf 84' lang='lat' dir='ltr'><em>interd.</em></span> <span class='ocrx_word' id='word_1_1003' title='bbox 1586 1973 1611 1995; x_wconf 86' lang='lat' dir='ltr'><em>et</em></span> <span class='ocrx_word' id='word_1_1004' title='bbox 1630 1968 1709 2004; x_wconf 79' lang='lat' dir='ltr'><em>releg.</em></span> <span class='ocrx_word' id='word_1_1005' title='bbox 1729 1969 1771 1995; x_wconf 78' lang='lat'><em>48.</em></span> <span class='ocrx_word' id='word_1_1006' title='bbox 1790 1970 1832 1994; x_wconf 81' lang='lat'><em>22.</em></span> <span class='ocrx_word' id='word_1_1007' title='bbox 1868 1967 1912 1994; x_wconf 85' lang='lat'><em>111.</em></span> <span class='ocrx_word' id='word_1_1008' title='bbox 1931 1968 1998 1995; x_wconf 72' lang='lat' dir='ltr'><em>Gn·</em></span> 
     </span>
     <span class='ocr_line' id='line_1_107' title="bbox 1153 2009 1998 2048; baseline -0.001 -11"><span class='ocrx_word' id='word_1_1009' title='bbox 1153 2011 1308 2048; x_wconf 81' lang='lat' dir='ltr'>Explorare,</span> <span class='ocrx_word' id='word_1_1010' title='bbox 1328 2027 1360 2031; x_wconf 91' lang='grc'><em>--</em></span> <span class='ocrx_word' id='word_1_1011' title='bbox 1381 2013 1456 2038; x_wconf 87' lang='lat' dir='ltr'>cuius</span> <span class='ocrx_word' id='word_1_1012' title='bbox 1476 2011 1548 2043; x_wconf 69' lang='lat' dir='ltr'>fidei,</span> <span class='ocrx_word' id='word_1_1013' title='bbox 1568 2012 1642 2037; x_wconf 89' lang='lat' dir='ltr'>cuius</span> <span class='ocrx_word' id='word_1_1014' title='bbox 1663 2011 1828 2037; x_wconf 82' lang='lat' dir='ltr'>innocentiae</span> <span class='ocrx_word' id='word_1_1015' title='bbox 1847 2011 1908 2036; x_wconf 86' lang='lat' dir='ltr'><em>sint.</em></span> <span class='ocrx_word' id='word_1_1016' title='bbox 1928 2009 1958 2036; x_wconf 83' lang='lat' dir='ltr'><em>fr.</em></span> <span class='ocrx_word' id='word_1_1017' title='bbox 1974 2011 1998 2037; x_wconf 91' lang='lat'><em>7.</em></span> 
     </span>
     <span class='ocr_line' id='line_1_108' title="bbox 1154 2053 1997 2091; baseline -0.002 -11"><span class='ocrx_word' id='word_1_1018' title='bbox 1154 2055 1175 2088; x_wconf 89' lang='lat'><em>5.</em></span> <span class='ocrx_word' id='word_1_1019' title='bbox 1196 2056 1219 2080; x_wconf 94' lang='lat'><em>4.</em></span> <span class='ocrx_word' id='word_1_1020' title='bbox 1240 2059 1309 2080; x_wconf 86' lang='lat' dir='ltr'><em>naut.</em></span> <span class='ocrx_word' id='word_1_1021' title='bbox 1330 2065 1405 2091; x_wconf 87' lang='lat' dir='ltr'><em>caup.</em></span> <span class='ocrx_word' id='word_1_1022' title='bbox 1425 2056 1448 2081; x_wconf 88' lang='lat'><em>4.</em></span> <span class='ocrx_word' id='word_1_1023' title='bbox 1468 2056 1493 2081; x_wconf 82' lang='lat'><em>9.</em></span> <span class='ocrx_word' id='word_1_1024' title='bbox 1538 2055 1591 2089; x_wconf 75' lang='lat' dir='ltr'><em>Qui</em></span> <span class='ocrx_word' id='word_1_1025' title='bbox 1611 2054 1711 2085; x_wconf 70' lang='lat' dir='ltr'><em>melior.</em></span> <span class='ocrx_word' id='word_1_1026' title='bbox 1731 2053 1881 2080; x_wconf 87' lang='lat' dir='ltr'>innocentia</span> <span class='ocrx_word' id='word_1_1027' title='bbox 1900 2053 1997 2090; x_wconf 85' lang='lat' dir='ltr'>potior,</span> 
     </span>
     <span class='ocr_line' id='line_1_109' title="bbox 1154 2095 1996 2133; baseline -0.001 -10"><span class='ocrx_word' id='word_1_1028' title='bbox 1154 2096 1250 2123; x_wconf 79' lang='lat' dir='ltr'>litteris</span> <span class='ocrx_word' id='word_1_1029' title='bbox 1270 2096 1413 2133; x_wconf 82' lang='lat' dir='ltr'>pollentior</span> <span class='ocrx_word' id='word_1_1030' title='bbox 1437 2101 1485 2123; x_wconf 87' lang='lat' dir='ltr'><em>etc.</em></span> <span class='ocrx_word' id='word_1_1031' title='bbox 1512 2095 1561 2122; x_wconf 88' lang='lat' dir='ltr'><em>Th.</em></span> <span class='ocrx_word' id='word_1_1032' title='bbox 1583 2096 1613 2122; x_wconf 89' lang='lat' dir='ltr'><em>C.</em></span> <span class='ocrx_word' id='word_1_1033' title='bbox 1634 2096 1666 2122; x_wconf 79' lang='lat' dir='ltr'><em>X.</em></span> <span class='ocrx_word' id='word_1_1034' title='bbox 1693 2098 1732 2122; x_wconf 81' lang='lat'><em>15.</em></span> <span class='ocrx_word' id='word_1_1035' title='bbox 1757 2105 1778 2121; x_wconf 92' lang='lat' dir='ltr'><em>c.</em></span> <span class='ocrx_word' id='word_1_1036' title='bbox 1804 2097 1828 2121; x_wconf 91' lang='lat'><em>2.</em></span> <span class='ocrx_word' id='word_1_1037' title='bbox 1853 2095 1886 2121; x_wconf 84' lang='lat' dir='ltr'><em>de</em></span> <span class='ocrx_word' id='word_1_1038' title='bbox 1904 2095 1996 2122; x_wconf 81' lang='lat' dir='ltr'><em>advoc.</em></span> 
     </span>
     <span class='ocr_line' id='line_1_110' title="bbox 1154 2138 1997 2175; baseline -0.002 -9"><span class='ocrx_word' id='word_1_1039' title='bbox 1154 2140 1220 2166; x_wconf 84' lang='lat' dir='ltr'><em>fisci.</em></span> <span class='ocrx_word' id='word_1_1040' title='bbox 1258 2139 1410 2165; x_wconf 71' lang='lat' dir='ltr'>Innocentio</span> <span class='ocrx_word' id='word_1_1041' title='bbox 1430 2138 1571 2165; x_wconf 83' lang='lat' dir='ltr'>iudicantis</span> <span class='ocrx_word' id='word_1_1042' title='bbox 1595 2143 1673 2175; x_wconf 84' lang='lat' dir='ltr'>atque</span> <span class='ocrx_word' id='word_1_1043' title='bbox 1693 2139 1818 2175; x_wconf 79' lang='lat' dir='ltr'><em>aequitas.</em></span> <span class='ocrx_word' id='word_1_1044' title='bbox 1851 2138 1888 2164; x_wconf 90' lang='lat' dir='ltr'><em>lb.</em></span> <span class='ocrx_word' id='word_1_1045' title='bbox 1908 2138 1952 2165; x_wconf 80' lang='lat' dir='ltr'><em>lx.</em></span> <span class='ocrx_word' id='word_1_1046' title='bbox 1974 2140 1997 2164; x_wconf 93' lang='lat'><em>1.</em></span> 
     </span>
     <span class='ocr_line' id='line_1_111' title="bbox 1154 2181 1378 2209; baseline -0.004 0"><span class='ocrx_word' id='word_1_1047' title='bbox 1154 2192 1175 2209; x_wconf 91' lang='lat' dir='ltr'><em>c.</em></span> <span class='ocrx_word' id='word_1_1048' title='bbox 1195 2183 1219 2208; x_wconf 79' lang='lat'><em>6.</em></span> <span class='ocrx_word' id='word_1_1049' title='bbox 1240 2181 1273 2208; x_wconf 87' lang='grc'><em>(16</em></span> <span class='ocrx_word' id='word_1_1050' title='bbox 1292 2192 1378 2208; x_wconf 86' lang='lat' dir='ltr'><em>accus.</em></span> 
     </span>
    </p>
   </div>
   <div class='ocr_carea' id='block_1_20' title="bbox 1189 2223 1995 2258">
    <p class='ocr_par' dir='ltr' id='par_1_30' title="bbox 1189 2223 1995 2258">
     <span class='ocr_line' id='line_1_112' title="bbox 1189 2223 1995 2258; baseline -0.001 -6"><span class='ocrx_word' id='word_1_1051' title='bbox 1189 2226 1396 2252; x_wconf 78' lang='lat' dir='ltr'><em>Innocuus.</em></span> <span class='ocrx_word' id='word_1_1052' title='bbox 1433 2223 1562 2257; x_wconf 76' lang='lat' dir='ltr'><em>(Adiect.)</em></span> <span class='ocrx_word' id='word_1_1053' title='bbox 1598 2225 1629 2258; x_wconf 82' lang='lat'><em>§.</em></span> <span class='ocrx_word' id='word_1_1054' title='bbox 1650 2226 1684 2251; x_wconf 87' lang='lat'><em>1.</em></span> <span class='ocrx_word' id='word_1_1055' title='bbox 1722 2225 1789 2250; x_wconf 77' lang='lat' dir='ltr'><em>Non</em></span> <span class='ocrx_word' id='word_1_1056' title='bbox 1815 2226 1995 2251; x_wconf 78' lang='lat' dir='ltr'><em>damnosus.</em></span> 
     </span>
    </p>
   </div>
   <div class='ocr_carea' id='block_1_21' title="bbox 1131 2266 1997 2346">
    <p class='ocr_par' dir='ltr' id='par_1_31' title="bbox 1131 2266 1997 2346">
     <span class='ocr_line' id='line_1_113' title="bbox 1131 2266 1996 2304; baseline -0.001 -10"><span class='ocrx_word' id='word_1_1057' title='bbox 1131 2270 1132 2274; x_wconf 75' lang='grc'>’</span> <span class='ocrx_word' id='word_1_1058' title='bbox 1153 2267 1196 2294; x_wconf 87' lang='grc'><strong>111.</strong></span> <span class='ocrx_word' id='word_1_1059' title='bbox 1217 2269 1283 2295; x_wconf 66' lang='lat' dir='ltr'><em>On.</em></span> <span class='ocrx_word' id='word_1_1060' title='bbox 1303 2267 1486 2304; x_wconf 73' lang='lat' dir='ltr'>pigrescentes</span> <span class='ocrx_word' id='word_1_1061' title='bbox 1511 2272 1582 2293; x_wconf 90' lang='lat' dir='ltr'>artus</span> <span class='ocrx_word' id='word_1_1062' title='bbox 1605 2268 1719 2293; x_wconf 89' lang='lat' dir='ltr'>innocuo</span> <span class='ocrx_word' id='word_1_1063' title='bbox 1744 2266 1823 2293; x_wconf 80' lang='lat' dir='ltr'>titillo</span> <span class='ocrx_word' id='word_1_1064' title='bbox 1848 2266 1996 2293; x_wconf 84' lang='lat' dir='ltr'><em>admonere.</em></span> 
     </span>
     <span class='ocr_line' id='line_1_114' title="bbox 1131 2309 1997 2346; baseline -0.001 -9"><span class='ocrx_word' id='word_1_1065' title='bbox 1131 2312 1132 2317; x_wconf 57' lang='lat'>¹</span> <span class='ocrx_word' id='word_1_1066' title='bbox 1155 2311 1204 2337; x_wconf 89' lang='lat' dir='ltr'><em>Th.</em></span> <span class='ocrx_word' id='word_1_1067' title='bbox 1225 2311 1256 2338; x_wconf 84' lang='lat' dir='ltr'><em>C.</em></span> <span class='ocrx_word' id='word_1_1068' title='bbox 1277 2311 1343 2337; x_wconf 69' lang='lat' dir='ltr'><em>vttl.</em></span> <span class='ocrx_word' id='word_1_1069' title='bbox 1363 2313 1387 2338; x_wconf 84' lang='lat'><em>5.</em></span> <span class='ocrx_word' id='word_1_1070' title='bbox 1407 2321 1428 2337; x_wconf 92' lang='lat' dir='ltr'><em>c.</em></span> <span class='ocrx_word' id='word_1_1071' title='bbox 1448 2312 1472 2338; x_wconf 79' lang='lat'><em>2.</em></span> <span class='ocrx_word' id='word_1_1072' title='bbox 1493 2309 1525 2336; x_wconf 85' lang='lat' dir='ltr'><em>de</em></span> <span class='ocrx_word' id='word_1_1073' title='bbox 1545 2319 1622 2336; x_wconf 87' lang='lat' dir='ltr'>cursu</span> <span class='ocrx_word' id='word_1_1074' title='bbox 1642 2309 1705 2346; x_wconf 80' lang='lat' dir='ltr'><em>pub.</em></span> <span class='ocrx_word' id='word_1_1075' title='bbox 1730 2325 1760 2328; x_wconf 92' lang='lat'><em>-</em></span> <span class='ocrx_word' id='word_1_1076' title='bbox 1787 2310 1817 2343; x_wconf 71' lang='lat'><em>§-</em></span> <span class='ocrx_word' id='word_1_1077' title='bbox 1839 2311 1874 2337; x_wconf 74' lang='lat'><em>2.</em></span> <span class='ocrx_word' id='word_1_1078' title='bbox 1900 2312 1997 2337; x_wconf 83' lang='lat' dir='ltr'>Inuo—</span> 
     </span>
    </p>
   </div>
   <div class='ocr_carea' id='block_1_22' title="bbox 1153 2352 1997 2472">
    <p class='ocr_par' dir='ltr' id='par_1_32' title="bbox 1153 2352 1997 2472">
     <span class='ocr_line' id='line_1_115' title="bbox 1153 2352 1995 2389; baseline 0 -9"><span class='ocrx_word' id='word_1_1079' title='bbox 1153 2364 1230 2380; x_wconf 68' lang='lat' dir='ltr'><em>cens.</em></span> <span class='ocrx_word' id='word_1_1080' title='bbox 1272 2354 1315 2380; x_wconf 91' lang='lat' dir='ltr'><em>Ill.</em></span> <span class='ocrx_word' id='word_1_1081' title='bbox 1345 2355 1410 2382; x_wconf 65' lang='lat'><em>(711.</em></span> <span class='ocrx_word' id='word_1_1082' title='bbox 1442 2353 1582 2379; x_wconf 81' lang='lat' dir='ltr'>Innocuam</span> <span class='ocrx_word' id='word_1_1083' title='bbox 1606 2353 1788 2389; x_wconf 72' lang='lat' dir='ltr'>posteritatem</span> <span class='ocrx_word' id='word_1_1084' title='bbox 1814 2352 1894 2379; x_wconf 88' lang='lat' dir='ltr'>nullis</span> <span class='ocrx_word' id='word_1_1085' title='bbox 1917 2352 1995 2380; x_wconf 79' lang='lat' dir='ltr'>adlici</span> 
     </span>
     <span class='ocr_line' id='line_1_116' title="bbox 1154 2394 1806 2434; baseline -0.003 -11"><span class='ocrx_word' id='word_1_1086' title='bbox 1154 2398 1256 2423; x_wconf 85' lang='lat' dir='ltr'>iniuriis</span> <span class='ocrx_word' id='word_1_1087' title='bbox 1275 2399 1397 2434; x_wconf 83' lang='lat' dir='ltr'><em>patimur.</em></span> <span class='ocrx_word' id='word_1_1088' title='bbox 1418 2406 1439 2423; x_wconf 92' lang='lat' dir='ltr'><em>c.</em></span> <span class='ocrx_word' id='word_1_1089' title='bbox 1462 2397 1499 2421; x_wconf 83' lang='lat'><em>10.</em></span> <span class='ocrx_word' id='word_1_1090' title='bbox 1520 2394 1553 2421; x_wconf 74' lang='lat' dir='ltr'><em>(lo</em></span> <span class='ocrx_word' id='word_1_1091' title='bbox 1572 2406 1623 2421; x_wconf 72' lang='lat' dir='ltr'><em>sve.</em></span> <span class='ocrx_word' id='word_1_1092' title='bbox 1644 2400 1717 2432; x_wconf 84' lang='lat' dir='ltr'><em>nupt.</em></span> <span class='ocrx_word' id='word_1_1093' title='bbox 1738 2398 1761 2421; x_wconf 89' lang='lat'><em>5.</em></span> <span class='ocrx_word' id='word_1_1094' title='bbox 1782 2398 1806 2422; x_wconf 89' lang='lat'><em>9.</em></span> 
     </span>
     <span class='ocr_line' id='line_1_117' title="bbox 1189 2438 1997 2472; baseline -0.005 -5"><span class='ocrx_word' id='word_1_1095' title='bbox 1189 2441 1414 2467; x_wconf 72' lang='lat' dir='ltr'><em>Innodatus.</em></span> <span class='ocrx_word' id='word_1_1096' title='bbox 1442 2438 1570 2472; x_wconf 85' lang='lat' dir='ltr'><em>(Partic.)</em></span> <span class='ocrx_word' id='word_1_1097' title='bbox 1597 2440 1824 2469; x_wconf 74' lang='lat' dir='ltr'>constrictus,</span> <span class='ocrx_word' id='word_1_1098' title='bbox 1845 2439 1997 2472; x_wconf 77' lang='lat' dir='ltr'>Compre-</span> 
     </span>
    </p>
   </div>
   <div class='ocr_carea' id='block_1_23' title="bbox 1130 2479 1994 2511">
    <p class='ocr_par' dir='ltr' id='par_1_33' title="bbox 1130 2479 1994 2511">
     <span class='ocr_line' id='line_1_118' title="bbox 1130 2479 1994 2511; baseline -0.006 -1"><span class='ocrx_word' id='word_1_1099' title='bbox 1130 2493 1131 2501; x_wconf 65' lang='lat'>¹</span> <span class='ocrx_word' id='word_1_1100' title='bbox 1153 2485 1278 2510; x_wconf 72' lang='lat' dir='ltr'><em>Izensns.</em></span> <span class='ocrx_word' id='word_1_1101' title='bbox 1316 2482 1359 2509; x_wconf 93' lang='lat'><em>111.</em></span> <span class='ocrx_word' id='word_1_1102' title='bbox 1384 2484 1450 2510; x_wconf 76' lang='lat' dir='ltr'><em>Gn.</em></span> <span class='ocrx_word' id='word_1_1103' title='bbox 1471 2480 1662 2507; x_wconf 68' lang='lat' dir='ltr'>l-&#39;uurtiunibus</span> <span class='ocrx_word' id='word_1_1104' title='bbox 1682 2480 1824 2511; x_wconf 80' lang='lat' dir='ltr'>involutus,</span> <span class='ocrx_word' id='word_1_1105' title='bbox 1844 2485 1870 2506; x_wconf 86' lang='lat' dir='ltr'><em>et</em></span> <span class='ocrx_word' id='word_1_1106' title='bbox 1883 2479 1994 2506; x_wconf 82' lang='lat' dir='ltr'>nexibus</span> 
     </span>
    </p>
   </div>
   <div class='ocr_carea' id='block_1_24' title="bbox 1151 2523 1993 2862">
    <p class='ocr_par' dir='ltr' id='par_1_34' title="bbox 1153 2523 1993 2690">
     <span class='ocr_line' id='line_1_119' title="bbox 1153 2523 1993 2563; baseline -0.006 -10"><span class='ocrx_word' id='word_1_1107' title='bbox 1153 2525 1320 2563; x_wconf 84' lang='lat' dir='ltr'>municipalis</span> <span class='ocrx_word' id='word_1_1108' title='bbox 1339 2524 1439 2552; x_wconf 84' lang='lat' dir='ltr'>ordinis</span> <span class='ocrx_word' id='word_1_1109' title='bbox 1458 2523 1607 2550; x_wconf 85' lang='lat' dir='ltr'><em>innodatus.</em></span> <span class='ocrx_word' id='word_1_1110' title='bbox 1632 2523 1681 2550; x_wconf 85' lang='lat' dir='ltr'><em>Th.</em></span> <span class='ocrx_word' id='word_1_1111' title='bbox 1706 2523 1737 2550; x_wconf 88' lang='lat' dir='ltr'><em>C.</em></span> <span class='ocrx_word' id='word_1_1112' title='bbox 1763 2523 1820 2549; x_wconf 78' lang='grc' dir='ltr'><em>ΧΗ.</em></span> <span class='ocrx_word' id='word_1_1113' title='bbox 1846 2524 1866 2550; x_wconf 97' lang='lat' dir='ltr'><em>l.</em></span> <span class='ocrx_word' id='word_1_1114' title='bbox 1892 2533 1914 2549; x_wconf 86' lang='lat' dir='ltr'><em>c.</em></span> <span class='ocrx_word' id='word_1_1115' title='bbox 1935 2524 1993 2549; x_wconf 68' lang='lat'><em>180.</em></span> 
     </span>
     <span class='ocr_line' id='line_1_120' title="bbox 1154 2565 1993 2603; baseline -0.006 -7"><span class='ocrx_word' id='word_1_1116' title='bbox 1154 2569 1186 2595; x_wconf 83' lang='lat' dir='ltr'><em>de</em></span> <span class='ocrx_word' id='word_1_1117' title='bbox 1205 2569 1339 2595; x_wconf 80' lang='lat' dir='ltr'><em>decurion.</em></span> <span class='ocrx_word' id='word_1_1118' title='bbox 1377 2569 1451 2603; x_wconf 75' lang='lat' dir='ltr'>Quae</span> <span class='ocrx_word' id='word_1_1119' title='bbox 1471 2566 1556 2593; x_wconf 77' lang='lat' dir='ltr'>adhue</span> <span class='ocrx_word' id='word_1_1120' title='bbox 1580 2566 1664 2602; x_wconf 70' lang='lat' dir='ltr'>legum</span> <span class='ocrx_word' id='word_1_1121' title='bbox 1684 2566 1784 2603; x_wconf 86' lang='lat' dir='ltr'>laqueis</span> <span class='ocrx_word' id='word_1_1122' title='bbox 1806 2576 1857 2592; x_wconf 88' lang='lat' dir='ltr'><em>non</em></span> <span class='ocrx_word' id='word_1_1123' title='bbox 1877 2570 1938 2592; x_wconf 88' lang='lat' dir='ltr'>sunt</span> <span class='ocrx_word' id='word_1_1124' title='bbox 1956 2565 1993 2591; x_wconf 90' lang='lat' dir='ltr'><em>in-</em></span> 
     </span>
     <span class='ocr_line' id='line_1_121' title="bbox 1154 2608 1991 2644; baseline -0.006 -6"><span class='ocrx_word' id='word_1_1125' title='bbox 1154 2611 1256 2638; x_wconf 82' lang='lat' dir='ltr'><em>nodata.</em></span> <span class='ocrx_word' id='word_1_1126' title='bbox 1277 2621 1297 2638; x_wconf 88' lang='lat' dir='ltr'><em>c.</em></span> <span class='ocrx_word' id='word_1_1127' title='bbox 1317 2614 1341 2637; x_wconf 85' lang='lat'><em>2.</em></span> <span class='ocrx_word' id='word_1_1128' title='bbox 1361 2611 1382 2644; x_wconf 92' lang='lat'><em>5.</em></span> <span class='ocrx_word' id='word_1_1129' title='bbox 1405 2612 1444 2636; x_wconf 70' lang='grc'><em>18.</em></span> <span class='ocrx_word' id='word_1_1130' title='bbox 1465 2610 1497 2636; x_wconf 74' lang='lat' dir='ltr'><em>do</em></span> <span class='ocrx_word' id='word_1_1131' title='bbox 1517 2614 1567 2636; x_wconf 63' lang='lat' dir='ltr'><em>vet.</em></span> <span class='ocrx_word' id='word_1_1132' title='bbox 1587 2610 1643 2635; x_wconf 79' lang='lat' dir='ltr'>iure</span> <span class='ocrx_word' id='word_1_1133' title='bbox 1662 2609 1746 2636; x_wconf 87' lang='lat' dir='ltr'><em>enucl.</em></span> <span class='ocrx_word' id='word_1_1134' title='bbox 1768 2611 1790 2636; x_wconf 95' lang='lat'><em>1.</em></span> <span class='ocrx_word' id='word_1_1135' title='bbox 1811 2611 1852 2636; x_wconf 76' lang='lat'><em>17.</em></span> <span class='ocrx_word' id='word_1_1136' title='bbox 1872 2608 1903 2635; x_wconf 84' lang='lat' dir='ltr'><em>cf.</em></span> <span class='ocrx_word' id='word_1_1137' title='bbox 1918 2617 1938 2634; x_wconf 90' lang='lat' dir='ltr'><em>c.</em></span> <span class='ocrx_word' id='word_1_1138' title='bbox 1951 2608 1991 2633; x_wconf 78' lang='lat'><em>14.</em></span> 
     </span>
     <span class='ocr_line' id='line_1_122' title="bbox 1153 2654 1528 2690; baseline -0.005 -9"><span class='ocrx_word' id='word_1_1139' title='bbox 1153 2656 1174 2689; x_wconf 92' lang='lat'><em>5.</em></span> <span class='ocrx_word' id='word_1_1140' title='bbox 1199 2657 1218 2681; x_wconf 94' lang='grc'><em>1.</em></span> <span class='ocrx_word' id='word_1_1141' title='bbox 1239 2654 1271 2680; x_wconf 85' lang='grc'><em>(16</em></span> <span class='ocrx_word' id='word_1_1142' title='bbox 1290 2663 1423 2690; x_wconf 83' lang='lat' dir='ltr'><em>compens.</em></span> <span class='ocrx_word' id='word_1_1143' title='bbox 1444 2654 1466 2679; x_wconf 87' lang='lat'><em>4.</em></span> <span class='ocrx_word' id='word_1_1144' title='bbox 1487 2654 1528 2679; x_wconf 82' lang='lat'><em>31.</em></span> 
     </span>
    </p>

    <p class='ocr_par' dir='ltr' id='par_1_35' title="bbox 1151 2692 1991 2862">
     <span class='ocr_line' id='line_1_123' title="bbox 1188 2692 1990 2731; baseline -0.007 -7"><span class='ocrx_word' id='word_1_1145' title='bbox 1188 2698 1450 2724; x_wconf 56' lang='lat' dir='ltr'>Innotesrere.</span> <span class='ocrx_word' id='word_1_1146' title='bbox 1486 2696 1516 2729; x_wconf 71' lang='lat'><em>§-</em></span> <span class='ocrx_word' id='word_1_1147' title='bbox 1542 2697 1576 2722; x_wconf 90' lang='grc'><em>1.</em></span> <span class='ocrx_word' id='word_1_1148' title='bbox 1621 2696 1737 2722; x_wconf 67' lang='lat' dir='ltr'>Notum</span> <span class='ocrx_word' id='word_1_1149' title='bbox 1755 2696 1849 2731; x_wconf 78' lang='lat' dir='ltr'><em>fieri.</em></span> <span class='ocrx_word' id='word_1_1150' title='bbox 1889 2692 1908 2718; x_wconf 87' lang='grc' dir='ltr'><em>Ι.</em></span> <span class='ocrx_word' id='word_1_1151' title='bbox 1927 2692 1990 2725; x_wconf 77' lang='lat' dir='ltr'><em>Sy.</em></span> 
     </span>
     <span class='ocr_line' id='line_1_124' title="bbox 1152 2735 1991 2766; baseline -0.006 0"><span class='ocrx_word' id='word_1_1152' title='bbox 1152 2739 1283 2766; x_wconf 72' lang='lat' dir='ltr'><em>Patelieri.</em></span> <span class='ocrx_word' id='word_1_1153' title='bbox 1308 2739 1338 2765; x_wconf 87' lang='lat' dir='ltr'><em>l&#39;r.</em></span> <span class='ocrx_word' id='word_1_1154' title='bbox 1361 2741 1402 2765; x_wconf 84' lang='lat'><em>23.</em></span> <span class='ocrx_word' id='word_1_1155' title='bbox 1428 2738 1461 2765; x_wconf 85' lang='lat' dir='ltr'><em>de</em></span> <span class='ocrx_word' id='word_1_1156' title='bbox 1486 2739 1554 2765; x_wconf 81' lang='lat' dir='ltr'><em>S.C.</em></span> <span class='ocrx_word' id='word_1_1157' title='bbox 1575 2738 1656 2764; x_wconf 87' lang='lat' dir='ltr'><em>Silan.</em></span> <span class='ocrx_word' id='word_1_1158' title='bbox 1681 2740 1722 2764; x_wconf 82' lang='lat'><em>29.</em></span> <span class='ocrx_word' id='word_1_1159' title='bbox 1742 2740 1765 2764; x_wconf 88' lang='lat'><em>5.</em></span> <span class='ocrx_word' id='word_1_1160' title='bbox 1802 2736 1844 2763; x_wconf 83' lang='lat'><em>111.</em></span> <span class='ocrx_word' id='word_1_1161' title='bbox 1865 2736 1931 2762; x_wconf 76' lang='lat' dir='ltr'><em>Cn.</em></span> <span class='ocrx_word' id='word_1_1162' title='bbox 1950 2735 1991 2761; x_wconf 86' lang='lat' dir='ltr'><em>Ex</em></span> 
     </span>
     <span class='ocr_line' id='line_1_125' title="bbox 1153 2777 1988 2819; baseline -0.007 -11"><span class='ocrx_word' id='word_1_1163' title='bbox 1153 2793 1204 2818; x_wconf 87' lang='lat' dir='ltr'><em>quo</em></span> <span class='ocrx_word' id='word_1_1164' title='bbox 1223 2781 1330 2819; x_wconf 81' lang='lat' dir='ltr'>publice</span> <span class='ocrx_word' id='word_1_1165' title='bbox 1350 2783 1473 2813; x_wconf 85' lang='lat' dir='ltr'>innotuit,</span> <span class='ocrx_word' id='word_1_1166' title='bbox 1493 2781 1535 2808; x_wconf 74' lang='lat' dir='ltr'><em>vel</em></span> <span class='ocrx_word' id='word_1_1167' title='bbox 1555 2781 1650 2808; x_wconf 85' lang='lat' dir='ltr'><em>edicto.</em></span> <span class='ocrx_word' id='word_1_1168' title='bbox 1670 2780 1711 2807; x_wconf 78' lang='lat' dir='ltr'><em>vel</em></span> <span class='ocrx_word' id='word_1_1169' title='bbox 1732 2780 1827 2807; x_wconf 79' lang='lat' dir='ltr'>litteris</span> <span class='ocrx_word' id='word_1_1170' title='bbox 1847 2782 1895 2803; x_wconf 87' lang='lat' dir='ltr'><em>etc.</em></span> <span class='ocrx_word' id='word_1_1171' title='bbox 1916 2777 1946 2803; x_wconf 82' lang='lat' dir='ltr'><em>l&#39;r.</em></span> <span class='ocrx_word' id='word_1_1172' title='bbox 1965 2779 1988 2803; x_wconf 88' lang='lat'><em>4.</em></span> 
     </span>
     <span class='ocr_line' id='line_1_126' title="bbox 1151 2819 1990 2862; baseline -0.007 -11"><span class='ocrx_word' id='word_1_1173' title='bbox 1151 2835 1189 2862; x_wconf 85' lang='lat' dir='ltr'><em>pr.</em></span> <span class='ocrx_word' id='word_1_1174' title='bbox 1213 2825 1283 2858; x_wconf 87' lang='lat'><em>5.1.</em></span> <span class='ocrx_word' id='word_1_1175' title='bbox 1309 2824 1340 2851; x_wconf 83' lang='lat' dir='ltr'><em>cs.</em></span> <span class='ocrx_word' id='word_1_1176' title='bbox 1366 2824 1395 2851; x_wconf 79' lang='lat' dir='ltr'><em>sr.</em></span> <span class='ocrx_word' id='word_1_1177' title='bbox 1424 2827 1445 2850; x_wconf 96' lang='lat' dir='ltr'><em>l.</em></span> <span class='ocrx_word' id='word_1_1178' title='bbox 1470 2824 1491 2858; x_wconf 89' lang='lat'><em>5.</em></span> <span class='ocrx_word' id='word_1_1179' title='bbox 1511 2827 1535 2850; x_wconf 89' lang='lat'><em>2.</em></span> <span class='ocrx_word' id='word_1_1180' title='bbox 1560 2824 1592 2850; x_wconf 82' lang='lat' dir='ltr'><em>de</em></span> <span class='ocrx_word' id='word_1_1181' title='bbox 1616 2824 1712 2860; x_wconf 66' lang='lat' dir='ltr'><em>requir.</em></span> <span class='ocrx_word' id='word_1_1182' title='bbox 1736 2823 1795 2849; x_wconf 77' lang='lat' dir='ltr'><em>reis.</em></span> <span class='ocrx_word' id='word_1_1183' title='bbox 1814 2822 1855 2846; x_wconf 74' lang='lat'><em>48.</em></span> <span class='ocrx_word' id='word_1_1184' title='bbox 1878 2822 1915 2846; x_wconf 91' lang='lat'><em>17.</em></span> <span class='ocrx_word' id='word_1_1185' title='bbox 1953 2819 1990 2846; x_wconf 81' lang='lat' dir='ltr'><em>Vt:</em></span> 
     </span>
    </p>
   </div>
  </div>
 </body>
</html>
