2197 3121
906 164 993 194 ADL
1017 181 1060 187 —
1082 164 1188 195 ADM.
1872 169 1913 199 27

184 251 340 287 rescriptum
360 259 373 275 a
387 248 509 285 Principe
528 246 592 274 falsa
606 245 770 283 adlegatione
782 244 927 272 elicuerint.
952 245 1025 272 Paul.
1046 247 1048 255 ¹
1103 246 1399 274 Adminiculum.
1437 247 1467 280 §.
1480 247 1514 273 l.
1544 249 1769 280 Praesidium,
1789 250 1911 276 Firma-

184 293 202 319 l.
225 295 264 319 12.
284 293 306 326 5.
325 294 349 319 6.
387 291 551 318 Praefectum
570 289 615 316 ΥΡ.
640 306 673 309 -
697 289 769 316 adire
793 298 846 315 non
864 288 1025 325 proliiberiS.
1047 286 1049 297 ¹
1070 296 1213 316 mentum.
1251 288 1270 315 I.
1295 291 1356 323 Sy.
1388 289 1524 316 Auxilium
1543 289 1771 327 (adpellationis).
1801 302 1822 317 c.
1842 294 1865 318 7.
1890 303 1911 318 c,

185 337 229 372 qui
250 336 362 372 partium
386 333 596 370 adlegationibus
621 332 799 366 exa[minatis]
820 332 943 369 petitioni
967 336 1027 357 tuae
1048 348 1049 370 1
1072 335 1111 358 10.
1132 342 1153 359 c.
1174 334 1214 359 16.
1235 331 1267 358 de
1286 342 1345 369 app.
1366 338 1390 359 et
1410 333 1522 359 consult.
1547 335 1570 360 7.
1588 335 1630 360 62.
1665 333 1815 360 Auctoritas
1835 336 1912 367 (iuris

184 377 329 405 secundum
357 378 421 404 iuris
450 375 601 413 providebit
629 377 763 402 iustitiam.
804 374 889 401 Vatic.
918 374 940 408 5.
965 376 1025 401 273.
1048 376 1049 390 ¹
1071 375 1179 409 civilis).
1205 374 1235 401 fr.
1248 376 1290 401 39.
1305 375 1343 408 55.
1357 377 1381 402 6.
1396 378 1419 402 9.
1440 376 1471 402 de
1491 376 1557 402 adm.
1578 381 1603 402 et
1616 386 1670 413 per.
1691 379 1733 403 26.
1748 379 1770 403 7.
1799 377 1829 404 11,
1845 380 1912 412 Op.

184 421 277 457 Neque
296 421 395 458 passim
414 420 555 456 impunitas
575 419 613 444 eis
633 435 665 438 —
685 417 852 445 concedenda
872 422 921 447 est.
941 427 1027 453 neque
1048 417 1050 429 ¹
1072 418 1237 450 Substantia,
1258 434 1291 437 —
1311 418 1476 445 Adminicula
1497 420 1635 453 (emtionis
1656 420 1731 453 etc.).
1760 420 1790 446 fr.
1811 423 1852 447 72.
1872 431 1911 458 pr.

184 462 387 491 transmittenda
406 462 534 498 adlegatio
555 461 698 488 dicentium
718 466 765 487 etc.
796 460 826 487 fr.
847 462 870 486 1.
890 460 912 494 5.
932 462 973 487 26.
995 459 1027 486 de
1048 458 1050 466 ¹
1072 461 1104 488 de
1124 467 1206 488 contr.
1227 466 1286 487 emt.
1309 463 1348 487 18.
1370 463 1391 487 l.
1412 461 1444 488 el’.
1464 462 1494 488 sr.
1515 464 1536 488 l.
1557 463 1617 496 5.1.
1638 463 1660 488 si
1674 463 1756 489 usust'.
1776 468 1828 500 pet.
1849 466 1872 490 7.
1887 466 1911 490 6.

185 508 332 544 quaestion.
357 508 399 532 48.
420 507 460 531 18.
485 520 518 524 -—
541 504 572 538 ᾖ.
592 505 627 531 2.
657 506 705 536 ld,
726 506 808 538 quod
823 505 1028 539 professione
1071 504 1113 531 III.
1134 506 1199 533 Cn.
1224 504 1338 541 Sponte.
1363 505 1426 530 citra
1450 505 1514 530 iuris
1534 505 1732 533 adminiculum.
1753 507 1836 539 (inire
1856 507 1911 533 offi-

180 552 279 586 facta
301 551 470 583 prolatum
497 553 550 574 eat.
587 546 606 573 1.
627 548 688 581 Sy.
716 546 893 583 Rescriptum.
925 545 975 572 Th.
996 545 1027 572 C.
1049 568 1050 587 ¹
1072 548 1166 581 cium).
1200 547 1230 574 fr.
1249 549 1291 574 39.
1317 547 1338 580 5.
1358 549 1382 574 9.
1412 547 1444 573 de
1464 547 1529 574 adm.
1550 553 1573 574 et
1594 559 1649 585 per.
1673 550 1715 575 26.
1736 551 1759 575 7.
1797 549 1912 576 Donatio

184 591 256 618 XH.
276 593 300 618 5.
321 601 342 617 c.
356 592 398 617 37.
419 590 451 617 de
470 590 568 616 haeret.
588 605 620 609 —
640 589 670 622 ἓ.
691 590 728 616 3.
750 590 868 615 Munus
887 591 1028 615 adlecta·
1049 593 1050 602 ¹
1072 601 1124 617 non
1143 590 1243 627 indiget
1261 590 1346 616 alieno
1366 589 1532 617 adminiculo.
1553 591 1599 617 sed
1618 593 1673 618 suis
1692 592 1793 619 viribus
1813 593 1912 619 nititur.

185 645 260 661 rum.
302 634 344 660 III.
369 635 435 661 Gn.
471 632 577 659 Officiis
605 631 778 668 adlegationis
804 632 940 658 inservire.
969 630 1027 657 XII.

185 678 210 704 6.
231 688 252 703 c.
274 678 314 703 11.
335 676 367 703 de
388 680 536 712 susceptor.

221 721 421 754 Adlegere.
460 720 624 754 Collegio‚
654 719 701 744 rel
727 719 876 752 corpori,
900 719 1028 744 adscri-

185 765 254 789 bere
277 764 426 797 aliquem.
468 761 486 788 Ι.
513 762 574 795 Sy.
606 759 754 787 Adsumere
779 761 823 793 (in
847 759 979 796 collegiis,
1003 770 1028 786 v.

187 804 370 842 corporibus).
403 804 433 831 sr.
454 807 477 831 5.
498 804 535 837 55.
556 805 579 830 7.
600 805 640 829 12.
660 813 700 839 sq.
726 802 758 829 de
781 803 837 829 iure.
857 804 962 829 immun.
986 804 1028 829 50.
1050 803 1051 806 ’

186 849 210 874 6.
247 847 376 884 Recipere
396 847 428 874 ad
448 846 684 880 (decurionatum).
721 845 782 872 Adl.
802 846 829 872 in
848 845 987 879 (ordinem.
1007 855 1028 872 s.
1050 850 1052 874 }

187 891 311 924 curiam).
341 890 371 916 sr.
390 892 414 916 3.
434 890 456 923 5.
475 892 500 916 2.
520 889 551 915 sr.
572 891 612 915 13.
632 899 672 926 pr.
692 905 725 908 —
745 889 767 923 5.
781 890 805 915 3.
827 888 859 915 de
879 888 967 915 decur.
987 891 1028 915 50.

185 935 210 960 2.
230 933 261 960 sr.
281 935 305 960 6.
326 943 365 970 pr.
386 932 418 958 de
436 942 505 958 mun.
526 936 551 958 et
570 931 632 958 hon.
651 934 694 959 50.
713 934 737 959 4.

222 977 426 1004 Adlevare.
468 977 505 1002 In
535 977 637 1001 altum
661 977 785 1002 tollere.
827 974 857 1001 II.
878 976 946 1009 Op.
978 974 1030 1001 De-

186 1021 300 1056 primere
321 1018 450 1052 (rivum).
480 1017 510 1044 fr.
531 1019 571 1044 ll.
591 1028 630 1055 pr.
651 1028 743 1045 comm.
764 1018 853 1055 praed.
874 1020 898 1045 8.
917 1020 941 1044 4.

222 1061 412 1095 Adligare.
450 1060 481 1094 ᾖ.
495 1062 529 1088 1.
558 1062 694 1096 Ligure.
715 1063 900 1096 Adplicare.
931 1061 948 1087 1.
967 1062 1028 1095 Sy.

186 1105 324 1131 Insinuare
343 1105 443 1136 (actis).
472 1114 493 1129 c.
506 1105 548 1130 31.
568 1113 608 1140 sq.
634 1104 666 1131 de
685 1104 773 1131 donat.
797 1106 821 1132 8.
841 1106 883 1131 54.
919 1103 950 1130 II.
963 1105 1029 1137 ⁰1.)-

187 1147 308 1183 Adligata
328 1163 360 1166 —
381 1146 473 1173 Soluta
492 1147 655 1181 (animalia).
681 1147 711 1174 fr.
730 1150 772 1174 40.
792 1158 832 1184 sq.
852 1147 885 1174 de
903 1146 969 1173 Aed.
989 1146 1030 1172 ed.

185 1192 228 1217 21.
250 1192 271 1216 1.
310 1189 352 1216 III.
368 1190 433 1217 Cn.
457 1189 486 1215 Si
505 1189 649 1217 machinam
669 1191 783 1227 adligare
803 1192 862 1227 quis
882 1190 1030 1228 prohibeat.
1052 1185 1053 1197 ¹

187 1233 218 1260 fr.
239 1235 261 1259 1.
282 1233 304 1267 5.
318 1236 342 1260 ὅ.
363 1232 394 1259 de
413 1237 489 1259 mort.
511 1232 586 1259 infer.
607 1235 647 1260 ll.
661 1235 684 1260 S.
715 1235 768 1270 Qui
788 1235 822 1260 ita
842 1233 947 1270 adligati
961 1238 1030 1265 sunt,
1052 1248 1054 1266 ;

188 1281 215 1303 ut
236 1277 294 1303 sine
313 1275 443 1302 dedecore
462 1277 488 1302 in
507 1276 614 1313 publico
634 1287 726 1314 parere
746 1287 798 1303 non
811 1278 924 1314 possint.
944 1276 975 1303 l‘r.
990 1278 1029 1302 10.
1052 1272 1054 1287 ¹

188 1330 221 1346 ex
241 1329 283 1356 qu.
305 1329 326 1345 c.
346 1319 405 1345 mai.
424 1321 448 1345 4.
463 1320 487 1345 6.
507 1334 540 1338 ——
564 1319 594 1352 §.
609 1321 645 1346 2.
666 1322 856 1354 Implicare,
883 1321 1030 1347 Obstrin-

184 1373 267 1398 gere.
305 1361 324 1388 Ι.
345 1363 406 1396 Sy.
435 1361 580 1397 Adstringi.
617 1362 678 1389 Adl.
698 1373 727 1389 se
747 1362 920 1396 (hereditati).
944 1361 974 1388 fr.
989 1363 1030 1389 78.

188 1405 221 1432 de
240 1405 272 1431 Λ.
287 1415 312 1431 v.
327 1404 360 1431 O.
374 1404 405 1431 Η.
425 1406 466 1431 29.
480 1407 504 1431 2.
533 1404 638 1437 Teneri,
656 1405 775 1442 Adligari
789 1405 1032 1444 (praescriptione).

188 1447 238 1475 Th.
259 1447 290 1475 C.
312 1447 356 1474 11⁷.
380 1449 404 1475 8.
427 1458 447 1474 c.
467 1449 491 1474 6.
516 1448 555 1482 55.
581 1450 603 1474 1.
628 1458 668 1485 sq.
688 1449 802 1483 (ch.)
831 1449 863 1475 de
886 1448 988 1475 liberali
1010 1458 1031 1474 c.
1053 1458 1054 1469 1

187 1491 218 1518 II.
240 1492 307 1525 Op.
336 1490 447 1517 Solvere
465 1490 510 1523 (ab
526 1491 707 1528 obligatione).
728 1491 757 1519 fr.
774 1494 830 1519 123.
851 1492 884 1519 de
896 1491 928 1518 Y.
943 1491 970 1518 S.
990 1493 1031 1518 50.

189 1535 230 1561 16.
273 1533 316 1560 III.
343 1534 409 1562 Gn.
442 1532 557 1570 Legibus
582 1534 722 1571 adligatum
745 1546 774 1562 se
798 1535 946 1572 Principem
973 1544 1033 1572 pro-

188 1578 267 1604 fiteri.
293 1587 314 1604 c.
333 1579 357 1603 4.
384 1576 417 1603 (le
435 1575 488 1603 LL.
509 1579 531 1603 1.
553 1579 592 1604 14.
630 1577 690 1604 Non
715 1580 806 1615 utique
825 1578 857 1605 ad
877 1588 953 1604 unam
973 1588 1033 1615 pro-

189 1620 304 1646 bationis
333 1620 448 1657 speciem
477 1621 652 1656 coguitionem
680 1621 789 1658 adligari
817 1621 922 1648 debere.
958 1620 988 1647 l'r.
1007 1623 1032 1648 3.

188 1663 211 1697 5.
230 1665 254 1689 2.
276 1662 307 1689 de
326 1662 415 1689 testib.
435 1665 476 1689 22.
497 1666 520 1690 5.

224 1707 403 1733 Adluere·
453 1707 484 1739 §·
508 1708 543 1734 1.
581 1708 818 1740 Circumluere,
849 1709 954 1735 Vadas
978 1709 1033 1734 ad-

187 1751 315 1783 pellere.
357 1748 399 1774 III.
421 1750 485 1776 Gn.
519 1749 685 1783 Provinciae,
715 1761 780 1787 quae
798 1752 862 1777 mari
882 1750 1031 1776 adluuntur.

191 1791 242 1818 Th.
263 1790 294 1817 C.
314 1791 346 1818 X.
368 1793 407 1818 19.
428 1802 449 1817 c.
469 1793 493 1817 9.
514 1791 546 1818 de
564 1793 662 1820 metall.
682 1798 707 1819 et
726 1794 852 1820 metallar.
880 1809 913 1813 --
944 1794 975 1827 ξ.
996 1795 1031 1820 2·

190 1836 402 1861 Adlurionern
421 1836 575 1870 efficere,
597 1838 770 1871 Adgerere.
807 1836 848 1862 llI.
869 1837 935 1864 Gn.
963 1835 1032 1862 Cum

191 1876 326 1914 paullatim
346 1876 486 1903 colluendo
506 1877 592 1904 locum
612 1881 769 1905 eminentem
783 1889 862 1916 supra
876 1878 979 1905 alveum
998 1878 1033 1905 fe-

191 1921 225 1946 cit
247 1920 296 1952 (sc.
317 1919 421 1952 amnis),
442 1924 467 1945 ct
487 1930 546 1947 enm
565 1920 695 1948 adluendo
715 1923 794 1949 auxit.
819 1921 850 1948 fr.
863 1923 905 1949 30.
919 1922 941 1956 5.
955 1924 979 1948 2.
1000 1921 1032 1948 de

191 1963 223 1989 A.
243 1962 274 1989 R.
295 1962 329 1989 D.
349 1964 390 1988 41.
412 1963 434 1988 1.

226 2005 400 2034 Adluvio.

190 2058 349 2083 aquarum
378 2050 512 2084 effecta.

191 2140 264 2161 tutus
285 2139 332 2161 est.
361 2134 391 2161 l‘r.
413 2136 452 2160 14.
472 2145 511 2171 pr.
537 2135 664 2171 Quemad.
684 2137 774 2163 servit.
794 2140 818 2164 ὅ.
838 2140 862 2165 6.
888 2138 920 2165 cf.
940 2138 970 2165 fr.
989 2141 1031 2166 30.

191 2179 214 2212 5.
233 2179 257 2204 3.
284 2177 315 2204 fr.
335 2179 376 2204 38.
402 2177 434 2203 de
452 2178 484 2204 A.
504 2177 535 2204 R.
555 2178 589 2205 D.
608 2181 650 2206 41.
671 2181 693 2206 1.
732 2180 806 2216 Quae
826 2181 966 2209 adluvione
985 2183 1032 2209 1111-
1053 2182 1055 2198 ¹

192 2221 292 2247 minum
310 2225 399 2246 nostra
419 2220 493 2247 fiunt.
524 2221 554 2248 fr.
573 2224 598 2249 2.
622 2233 671 2260 pro
695 2233 751 2250 suo.
776 2226 817 2250 41.
839 2227 878 2251 10.
915 2225 944 2252 In
964 2228 1032 2263 agris

194 2262 312 2290 limitatis
332 2265 372 2290 ius
392 2263 541 2291 adluvionis
561 2265 648 2292 locum
670 2276 723 2293 non
748 2266 853 2294 habere.
883 2268 913 2295 fr.
935 2270 974 2296 16.
1000 2270 1031 2297 cf.

194 2306 224 2332 sr.
239 2307 269 2332 12
287 2316 333 2343 .pr.
353 2306 386 2333 de
404 2307 436 2333 A.
447 2306 478 2334 R.
492 2308 526 2334 D.
539 2310 581 2335 41.
596 2311 619 2336 1.
639 2325 672 2328 —
694 2309 725 2343 ξ.
741 2311 775 2337 2.
796 2312 1032 2340 lucrementum

193 2351 271 2384 agri
289 2351 408 2382 latens,
433 2353 517 2385 quod
539 2362 697 2386 aquarum
722 2356 961 2382 mutationibus
985 2358 1033 2383 de-

193 2394 303 2418 bemus.
345 2392 388 2419 111.
413 2394 478 2421 Cn.
515 2393 544 2421 Si
568 2395 708 2422 adluvione
731 2395 867 2433 paullatim
892 2400 1033 2426 accesserit

194 2434 275 2461 fundo
296 2439 349 2460 tuo.
380 2435 410 2462 fr.
429 2438 453 2462 3.
478 2437 499 2470 5.
518 2439 543 2463 2.
569 2437 601 2464 de
621 2449 686 2475 aqna
706 2444 778 2475 quot.
797 2441 839 2466 43.
852 2442 893 2467 20.
923 2442 954 2468 cl'.
975 2442 1032 2470 Gai.
1054 2443 1055 2447 ¹

195 2476 225 2503 Π.
246 2479 286 2503 70.
316 2477 346 2504 fr.
367 2479 390 2504 7.
409 2479 474 2512 5.1.
501 2480 533 2506 de
552 2480 584 2507 A.
603 2481 635 2508 R.
655 2482 689 2508 D.
713 2484 754 2509 41.
776 2484 798 2509 1.
841 2483 870 2509 Si
894 2484 1033 2512 adluvione

195 2524 286 2546 auctus
306 2525 376 2546 esset
396 2530 468 2557 ager,
493 2523 534 2549 vel
559 2525 636 2551 etiam
659 2525 760 2552 insulae
779 2531 862 2553 natae.
886 2526 916 2554 fr.
937 2529 977 2555 16.
1002 2529 1033 2555 de

196 2562 271 2599 legat.
290 2562 332 2589 111.
353 2564 430 2597 (32.)

235 2606 433 2633 Admetiri.
487 2611 536 2634 Ad
575 2620 752 2638 mensuram
799 2615 929 2640 tradere
964 2625 1032 2642 rem.

196 2648 214 2675 1.
235 2650 296 2683 Sy.
331 2648 425 2676 Metiri.
460 2649 577 2679 Gai.l]1.
601 2655 642 2680 90.
667 2654 697 2680 fr.
716 2656 758 2681 35.
783 2656 805 2689 5.
825 2658 848 2682 5.
878 2656 908 2683 fr.
927 2659 969 2684 40.
994 2668 1033 2695 pr.
1055 2669 1056 2678 1

196 2692 218 2725 5.
237 2693 262 2718 2.
284 2691 316 2718 de
336 2697 418 2719 contr.
439 2699 498 2720 emt.
520 2696 560 2722 18.
579 2698 602 2722 1.
639 2697 682 2723 IH.
697 2699 764 2725 Cn.
792 2698 821 2725 Si
840 2709 888 2736 per
907 2710 965 2727 eum
984 2706 1035 2727 ste-

197 2736 265 2766 terit.
286 2736 425 2771 quominus
444 2747 511 2774 opus
525 2737 693 2775 adprobetnr.
713 2740 754 2767 vel
768 2741 930 2769 admetiatur.
950 2743 980 2770 fr.
990 2745 1033 2770 36.
1055 2739 1056 2748 ¹

197 2777 283 2804 locati.
304 2779 343 2804 19.
363 2780 387 2804 2.
419 2778 448 2806 Si
467 2780 598 2809 admensa.
618 2782 740 2819 adpensa,
759 2784 958 2812 adnumeratave
971 2787 1032 2813 sint.

197 2819 226 2847 fr.
246 2823 288 2848 35.
308 2822 330 2855 5.
351 2824 374 2848 5.
395 2822 428 2849 de
447 2829 530 2851 contr.
551 2829 609 2851 emt.
632 2827 671 2852 18.
692 2828 713 2852 1.

444 2005 474 2038 ξ.
494 2007 529 2032 1.
559 2007 704 2034 Mutatio
724 2010 788 2034 soli
807 2010 981 2043 quaelibet.
1001 2010 1055 2035 vi¹

559 2048 600 2075 ΙΠ.
626 2050 691 2078 Cn.
724 2050 753 2076 Si
777 2050 851 2078 locus
876 2067 908 2071 —
933 2053 1032 2089 impetu
1054 2071 1055 2075 ,

191 2092 307 2118 fluminis
327 2096 470 2128 occupatus
490 2097 573 2124 esset,
598 2097 623 2118 et
642 2109 675 2112 —
695 2093 835 2121 adluvione
854 2094 932 2121 facta.
957 2096 1032 2122 resti·
1053 2089 1055 2096 Ι

1073 644 1094 660 c.
1114 636 1138 659 2.
1164 633 1196 659 de
1216 633 1288 660 inoff.
1308 633 1395 659 donat.
1420 635 1445 660 3.
1464 635 1506 659 29.
1544 633 1584 659 Ne
1603 634 1684 661 ullum
1703 645 1735 661 ex
1754 640 1912 661 testamento

1073 677 1189 703 admittat
1210 677 1289 703 iudex
1309 676 1440 702 libertatis
1465 676 1658 703 adminiculum.
1688 677 1718 704 fr.
1739 680 1762 704 7.
1786 678 1808 712 5.
1828 681 1852 705 2.
1881 679 1912 705 de

1073 719 1161 746 hered.
1182 725 1234 757 pet.
1254 722 1277 745 5.
1291 720 1316 745 3.
1348 719 1502 746 Contrariac
1521 719 1664 746 voluntatis
1685 721 1841 748 adminiculo
1861 722 1913 749 dis-

1050 758 1051 799 ¹
1073 762 1151 789 solvi.
1177 774 1197 789 c.
1214 765 1236 789 1.
1257 763 1308 798 Qu.
1329 762 1370 789 lic.
1393 762 1424 788 ab
1444 767 1504 789 emt.
1524 765 1548 789 4.
1562 765 1604 789 45.
1624 779 1657 783 -—-
1676 765 1707 797 §0
1722 766 1757 790 2.
1777 767 1912 792 Susten-

1050 815 1051 843 ᾖ
1073 808 1168 842 latio.
1213 805 1254 831 III.
1276 807 1341 833 (711.
1370 805 1483 832 Sextans
1507 806 1531 831 ei
1555 805 1587 832 ad
1609 807 1678 832 vitae
1697 807 1816 833 adflictae
1835 807 1913 834 admi-

1074 847 1161 874 nicula
1180 853 1336 874 reservetur.
1375 848 1424 875 Th.
1445 848 1475 875 C.
1495 848 1540 875 IX.
1558 851 1600 875 42.
1626 860 1647 876 c.
1667 853 1691 876 8.
1711 850 1733 883 5.
1752 852 1776 876 2.
1801 850 1834 877 de
1852 851 1913 877 bon.

1073 901 1175 929 proscr.
1216 890 1322 917 Nullam
1345 902 1456 928 prorsus
1481 893 1626 919 exactionis
1649 898 1750 930 partem
1774 892 1805 919 ad
1824 893 1913 930 palati-

1051 928 1052 959 }
1074 945 1135 961 num
1159 933 1275 960 officimn
1299 936 1444 971 pertinere.
1473 945 1521 961 nec
1549 945 1662 971 unquam
1689 935 1730 962 his
1759 936 1913 963 adminicula

1050 962 1052 992 ¹
1074 976 1231 1015 praebenda.
1268 976 1305 1002 lb.
1326 976 1343 1003 1.
1366 979 1404 1003 10.
1430 988 1451 1003 c.
1471 980 1494 1004 ὅ.
1519 977 1632 1011 (Wek.)
1662 978 1694 1004 de
1717 979 1761 1005 off.
1786 979 1861 1006 Com.
1885 980 1913 1007 S.

1051 1023 1052 1050 ἕ
1075 1020 1153 1057 largg.
1167 1036 1199 1040 —-
1219 1021 1250 1054 §.
1261 1020 1298 1046 3.
1319 1022 1459 1047 Persona
1478 1023 1608 1053 iuvans,
1628 1023 1778 1048 Adiutor.
1797 1022 1913 1050 mvn.

1051 1080 1053 1105 L
1075 1065 1150 1099 Quae
1170 1064 1224 1096 (sc.
1244 1064 1379 1095 annonae)
1398 1064 1529 1090 universis
1549 1064 1657 1092 officiis.
1680 1069 1758 1101 atque
1778 1064 1805 1091 S.
1825 1065 1914 1102 palatii

1052 1136 1053 1140 Ἰ
1075 1107 1240 1135 ministeriis,
1261 1111 1285 1132 et
1305 1107 1332 1132 S.
1352 1107 1466 1134 scriniis.
1486 1108 1648 1143 caeterisque
1667 1113 1818 1134 cunctarum
1837 1108 1914 1135 admi-

1052 1178 1053 1184 *
1075 1149 1170 1176 niculis
1190 1149 1344 1185 dignitatum
1363 1149 1484 1176 adsolent
1503 1149 1625 1186 delegari.
1654 1150 1691 1177 lb.
1712 1150 1767 1177 ΥΠ.
1787 1152 1810 1177 4.
1831 1162 1852 1178 c.
1871 1153 1913 1178 35.

1052 1198 1053 1211 ¹
1076 1192 1108 1218 de
1127 1202 1196 1228 erog.
1216 1192 1270 1218 mil.
1291 1202 1348 1218 ann.

1110 1235 1392 1262 Administrans
1416 1234 1554 1267 (partio).
1592 1237 1692 1262 Rebus
1714 1239 1783 1270 pub.
1800 1248 1913 1272 geren-

1075 1281 1124 1305 dis
1146 1280 1346 1314 praefectus.
1384 1277 1402 1304 I.
1419 1280 1481 1312 Sy.
1509 1278 1723 1305 Administrator.
1752 1279 1801 1306 Th.
1822 1280 1853 1307 C.
1873 1281 1914 1307 111.

1075 1323 1099 1348 6.
1120 1332 1142 1348 c.
1158 1323 1180 1348 1.
1201 1323 1223 1347 si
1242 1322 1361 1358 provinc.
1381 1320 1454 1347 Rect.
1475 1320 1542 1347 VIII.
1555 1323 1594 1348 15.
1614 1332 1635 1348 c.
1649 1325 1673 1348 5.
1688 1332 1727 1359 pr.
1742 1323 1763 1356 5.
1780 1324 1802 1349 1.
1827 1323 1859 1349 ‹le
1883 1325 1915 1350 iis

1077 1375 1119 1402 qu.
1140 1364 1234 1391 admin.
1266 1363 1356 1390 Iudex.
1381 1366 1457 1390 c.10.
1478 1364 1511 1390 de
1530 1364 1581 1390 div.
1597 1364 1640 1391 off.
1661 1366 1701 1391 12.
1715 1366 1756 1391 [30.
1793 1365 1834 1392 ΙΙΙ.
1850 1367 1915 1394 Cn.

1075 1408 1228 1439 Adnotatio‚
1249 1418 1307 1434 cum
1320 1407 1517 1444 subscriptione
1530 1407 1776 1440 administrantium.
1790 1409 1838 1435 sub
1854 1419 1916 1446 quo-

1076 1461 1132 1477 rum
1151 1450 1333 1477 iurisdictione
1353 1451 1510 1477 consistunt.
1535 1461 1556 1477 c.
1572 1452 1611 1477 10.
1632 1450 1664 1477 de
1683 1451 1735 1478 div.
1756 1452 1799 1478 off.
1820 1454 1859 1478 12.
1874 1454 1915 1479 60.

1076 1494 1286 1526 Administmns,
1315 1494 1425 1530 eiusque
1455 1493 1535 1519 officii
1559 1503 1691 1530 proceres.
1729 1494 1779 1521 Th.
1804 1494 1835 1522 C.
1860 1495 1915 1522 HI.

1076 1539 1100 1564 8.
1120 1548 1142 1564 c.
1162 1539 1203 1563 10.
1223 1536 1255 1563 (lc
1274 1541 1362 1563 metat.
1399 1536 1647 1563 Administrantium
1672 1538 1738 1564 socii
1763 1543 1841 1574 atque
1860 1548 1915 1575 par-

1078 1582 1180 1618 ticipes.
1210 1580 1247 1606 Ib.
1263 1579 1330 1606 Ylll.
1352 1581 1392 1605 15.
1413 1590 1434 1605 c.
1453 1581 1477 1605 5.
1497 1590 1536 1616 pr.
1551 1580 1572 1613 5.
1594 1582 1616 1606 l.
1637 1579 1669 1606 de
1689 1581 1721 1606 iis
1741 1591 1783 1617 qu.
1803 1581 1898 1608 admin.

1054 1627 1055 1640 ¹
1111 1623 1402 1652 Administrare·
1449 1623 1480 1656 ξ.
1505 1624 1540 1650 l.
1574 1624 1787 1656 stlinistrare,
1812 1626 1915 1651 Exhi-

1076 1670 1151 1694 bere.
1194 1666 1236 1693 111.
1259 1667 1324 1694 Cn.
1359 1665 1427 1692 Cum
1450 1667 1518 1692 inter
1543 1671 1658 1693 caeteras
1682 1666 1791 1692 sceleris
1811 1677 1914 1700 causas,

1054 1736 1055 1744 ἵ
1077 1727 1109 1730 -
1129 1720 1194 1747 quas
1217 1709 1256 1735 illi
1281 1714 1372 1735 natura
1396 1708 1607 1739 administrabat..
1633 1710 1710 1735 etiam
1735 1719 1778 1736 aes
1803 1710 1916 1736 alienum

1053 1778 1055 1781 .
1077 1754 1249 1781 adhibuisset.
1276 1752 1306 1778 fr.
1322 1754 1344 1778 1.
1364 1762 1403 1789 pr.
1424 1751 1456 1778 de
1475 1751 1502 1777 S.
1524 1750 1555 1778 C.
1575 1751 1640 1778 Mac.
1661 1754 1701 1778 14.
1715 1754 1739 1779 6.
1776 1753 1851 1785 Eum,
1871 1754 1916 1789 qui

1053 1806 1054 1810 ¹
1076 1798 1189 1833 legatum
1208 1796 1368 1833 perceperit.
1388 1804 1440 1820 non
1460 1799 1530 1820 recte
1550 1794 1582 1820 de
1595 1795 1745 1821 inofficioso
1759 1800 1915 1822 testamento

1053 1856 1054 1866 t
1077 1840 1219 1870 dicturum.
1240 1839 1291 1864 uisi
1309 1837 1336 1864 id
1355 1842 1439 1864 totum
1459 1837 1502 1863 alii
1521 1837 1721 1864 administravit.
1750 1837 1780 1864 fr.
1796 1840 1835 1865 10.
1855 1838 1877 1872 5.
1893 1840 1915 1864 1.

1053 1892 1054 1919 ¹
1077 1883 1109 1909 de.
1132 1882 1205 1909 inoff.
1230 1886 1290 1907 test.
1313 1883 1338 1907 5.
1357 1882 1382 1907 2.
1414 1880 1446 1907 cs.
1472 1891 1493 1907 c.
1513 1882 1537 1907 3.
1562 1880 1595 1906 ad
1617 1880 1647 1907 L.
1672 1880 1742 1907 Falc.
1766 1883 1790 1907 6.
1813 1883 1855 1908 50.
1884 1898 1915 1901 —

1053 1920 1107 1960 ¹§.
1132 1927 1168 1952 2.
1205 1927 1264 1952 Res
1289 1925 1443 1958 publicas
1472 1926 1644 1950 moderari.
1692 1926 1823 1951 Muneri
1846 1927 1915 1959 pub.

1053 1978 1233 2004 ›praees-se.
1279 1966 1298 1993 I.
1319 1968 1381 2001 Sy.
1413 1967 1499 2003 Agere
1519 1967 1644 2003 (remp)
1677 1966 1708 1993 fr.
1727 1969 1769 1993 35.
1794 1967 1816 2001 5.
1835 1971 1859 1993 ὅ.
1885 1978 1916 1994 ex

1053 2008 1055 2045 1
1077 2023 1120 2050 qu.
1140 2022 1162 2038 c.
1181 2012 1240 2038 mai.
1259 2012 1283 2037 4.
1303 2011 1327 2036 6.
1365 2008 1463 2036 Gerere
1482 2009 1643 2043 (officium).
1674 2009 1704 2036 fr.
1724 2011 1766 2036 38.
1786 2021 1825 2047 pr.
1851 2011 1872 2044 5.
1891 2012 1915 2037 2.

1077 2056 1107 2082 l'r.
1128 2057 1169 2081 57.
1189 2065 1229 2092 pr.
1249 2053 1281 2080 de
1300 2053 1331 2080 R.
1346 2052 1377 2079 N.
1396 2054 1438 2079 23.
1452 2055 1476 2079 2.
1513 2052 1556 2079 llI.
1573 2054 1639 2080 Cn.
1662 2052 1812 2089 Legionem,
1832 2063 1855 2080 v.
1869 2053 1916 2080 Le-

1054 2122 1055 2129 ,
1076 2101 1167 2136 giones
1195 2108 1253 2125 cum
1277 2097 1332 2123 suis
1357 2096 1476 2124 auxiliis.
1506 2096 1537 2122 ab
1566 2095 1725 2133 Imperatore
1749 2098 1914 2128 commissas,

1077 2142 1171 2169 admin.
1191 2141 1221 2168 sr.
1241 2143 1265 2167 2,
1285 2140 1345 2174 5.1.
1366 2139 1398 2165 de
1417 2139 1442 2165 h.
1463 2149 1504 2175 qu.
1525 2144 1579 2166 not.
1599 2139 1644 2166 inf.
1663 2142 1688 2166 3.
1707 2142 1732 2166 2.
1768 2139 1914 2171 Provincia.

1077 2196 1154 2223 quam
1178 2185 1238 2221 quis
1262 2183 1435 2210 administrat.
1466 2182 1496 2209 l'r.
1515 2184 1557 2209 38.
1582 2183 1647 2216 5.1.
1677 2183 1709 2209 de
1727 2182 1758 2209 R.
1779 2182 1810 2209 N.
1830 2184 1871 2209 23.
1890 2184 1914 2208 2.

1053 2241 1055 2258 ¹.
1077 2229 1126 2255 Th.
1148 2228 1180 2255 C.
1194 2228 1238 2254 lX.
1257 2229 1298 2254 30.
1320 2237 1341 2252 c.
1358 2228 1379 2252 l.
1409 2225 1489 2261 Quib.
1504 2235 1593 2262 equor.
1608 2236 1646 2252 uS.
1683 2225 1849 2262 Magistratus
1862 2235 1914 2251 mu-

1076 2271 1218 2309 nicipales,
1237 2280 1295 2297 cum
1315 2279 1394 2296 unum
1413 2270 1590 2305 magistratum
1609 2268 1799 2295 administrent.
1824 2268 1853 2294 fr.
1872 2270 1913 2294 25.

1077 2314 1109 2341 ad
1128 2315 1223 2341 munic.
1243 2316 1284 2340 50.
1305 2315 1328 2339 l.
1356 2312 1387 2339 fr.
1408 2314 1430 2338 1.
1454 2312 1476 2345 5.
1498 2313 1537 2338 17.
1562 2312 1594 2338 de
1612 2322 1677 2349 mag.
1698 2322 1805 2338 conven.
1828 2313 1869 2338 27.
1889 2312 1913 2338 8.

1078 2358 1132 2393 Qui
1155 2357 1224 2383 bona
1242 2357 1307 2393 reip.
1331 2357 1387 2382 iure
1411 2355 1582 2381 administrat.
1616 2355 1646 2381 fr.
1668 2357 1707 2381 ll.
1727 2365 1765 2391 pr.
1789 2354 1821 2380 de
1844 2355 1913 2391 pign.

1077 2402 1118 2426 20.
1144 2401 1167 2426 1.
1208 2399 1251 2426 Ad
1274 2409 1355 2436 remp.
1381 2398 1612 2425 administrandam
1636 2398 1744 2424 admitti.
1779 2396 1810 2423 fr.
1833 2399 1857 2423 8.
1882 2397 1914 2423 de

1077 2454 1147 2470 mun.
1172 2448 1198 2469 et
1216 2442 1277 2468 hon.
1301 2444 1343 2469 50.
1363 2444 1387 2468 4.
1429 2442 1457 2469 Si
1483 2443 1542 2478 quis
1567 2457 1599 2461 -—
1625 2440 1773 2477 improbum
1800 2439 1913 2467 iudicem

1077 2487 1193 2524 potuerit
1213 2485 1371 2522 adprobare.
1396 2486 1419 2511 is
1442 2484 1485 2511 vel
1505 2484 1702 2511 administrante
1722 2493 1766 2515 eo,
1791 2483 1832 2509 vel
1851 2489 1913 2521 post

1078 2529 1331 2556 administrationem
1350 2528 1498 2565 depositam
1517 2533 1565 2554 etc.
1603 2526 1651 2553 Th.
1672 2525 1702 2552 C.
1722 2525 1766 2552 IX.
1785 2528 1827 2553 27.
1847 2537 1868 2553 c.
1888 2529 1912 2553 6.

1079 2572 1110 2599 ad
1129 2571 1158 2599 L.
1178 2571 1226 2598 Iul.
1246 2576 1328 2609 repet.
1348 2587 1381 2591 —-
1401 2572 1431 2605 ἕ.
1452 2573 1488 2598 3.
1518 2572 1617 2598 Rebus
1634 2571 1842 2603 privatorum
1858 2580 1912 2605 ge-

1078 2617 1189 2642 rendis
1209 2625 1331 2641 vacare.
1368 2614 1387 2641 I.
1408 2616 1469 2649 Sy.
1497 2613 1621 2640 Tractare
1640 2612 1715 2646 (rem.
1734 2622 1758 2639 v.
1776 2614 1912 2646 rationes).

1079 2658 1108 2684 fr.
1128 2660 1170 2684 20.
1195 2658 1261 2691 5.1.
1291 2657 1323 2684 de
1342 2657 1443 2684 liberat.
1463 2657 1511 2692 leg.
1534 2658 1576 2682 34.
1594 2657 1618 2682 3.
1647 2655 1678 2682 fr.
1697 2658 1738 2682 21.
1758 2666 1797 2693 pr.
1821 2656 1851 2682 fr.
1870 2657 1912 2683 26.

1078 2700 1110 2727 de
1129 2700 1245 2727 statulib.
1265 2702 1306 2727 40.
1320 2703 1343 2727 7.
1381 2700 1478 2727 Get-ere
1498 2699 1626 2731 (tutelam,
1644 2709 1669 2725 v.
1683 2700 1807 2735 negotia).
1826 2699 1856 2726 fr.
1872 2701 1912 2725 17.

1078 2754 1117 2781 pr.
1138 2743 1170 2770 de
1189 2743 1276 2781 adopt.
1298 2746 1320 2770 1.
1335 2746 1358 2770 7.
1378 2743 1408 2770 fr.
1422 2745 1445 2769 6.
1460 2743 1537 2776 512.
1557 2742 1587 2769 sr.
1601 2743 1624 2769 8.
1638 2753 1678 2780 pr.
1693 2743 1715 2776 5.
1728 2745 1752 2769 3.
1772 2742 1802 2769 fr.
1823 2744 1862 2768 17.
1881 2742 1910 2768 fr.

1079 2788 1119 2813 19.
1133 2787 1155 2820 5.
1169 2789 1193 2813 5.
1208 2786 1238 2813 fr.
1253 2789 1294 2814 29.
1314 2786 1345 2813 fr.
1358 2788 1399 2813 34.
1420 2786 1452 2812 de
1466 2784 1497 2811 N.
1512 2785 1543 2812 G.
1562 2788 1586 2812 3.
1606 2788 1629 2812 5.
1658 2786 1796 2812 Exercere.
1816 2784 1911 2811 Facere

1078 2830 1281 2866 (argentariam).
1301 2829 1331 2856 fr.
1351 2830 1374 2855 4.
1394 2829 1416 2863 5.
1431 2831 1455 2855 5.
1475 2828 1507 2855 de
1526 2829 1636 2856 edendo.
1655 2831 1733 2856 213.
1754 2829 1784 2855 l'r.
1799 2830 1838 2854 19.
1852 2828 1873 2861 5.
1887 2828 1909 2853 1.

1427 2872 1469 2898 4.
