2197 3121
1029 178 1118 210 AMI.

211 263 446 292 intervenientibus
465 278 498 282 —-
516 262 681 300 processisse
700 259 946 295 (transactionem).
966 269 988 287 c.
1007 261 1048 286 35.

212 307 245 334 de
263 312 386 334 transact.
405 308 429 333 2.
442 307 466 332 4.
493 304 672 337 Consortium,
692 303 763 340 quod
776 305 894 340 ipsorum
908 312 1049 335 consensu,

211 354 290 386 atque
308 351 449 375 amicorum
467 348 519 375 fide
538 348 663 374 firmatur.
698 346 747 373 Th.
768 345 798 373 C.
818 345 861 372 III.
886 347 909 372 7.
930 356 951 372 c.
970 347 995 372 3.
1017 345 1050 372 de

211 397 284 429 nupt.
323 392 457 424 Vindicta,
481 396 525 417 aut
549 400 643 422 censu,
668 395 711 416 aut
734 391 802 416 inter
825 389 936 421 amicos,
961 399 1049 414 manu-

210 437 322 462 mittere.
356 435 412 461 Gai.
431 434 449 461 L
470 435 511 460 44.
531 433 562 460 cl'.
581 435 623 460 41.
652 433 735 459 Vatic.
756 433 777 466 3.
796 434 856 459 26l.
892 447 925 451 -
958 432 989 465 §-
1011 433 1048 458 3.

210 480 357 505 Honoris
381 480 515 509 titulus,
546 486 633 511 quein
657 478 845 510 Imperator
868 476 1050 510 magistra-

210 523 298 548 tibus
320 522 513 552 maioribus,
541 522 588 546 vel
616 521 703 545 alias
725 520 893 552 dignitate
921 518 1049 551 conspi-

210 566 295 595 cuis,
324 565 472 599 largitas
498 569 552 589 est.
600 562 642 588 111.
668 563 733 589 Gn.
761 560 871 591 Parens,
897 561 1049 595 amicusque

210 611 308 633 noster.
329 606 394 639 (Prf.
414 605 466 636 Pr..
485 615 510 631 v.
529 604 582 631 Prf.
604 604 671 637 Vin).
700 603 749 630 Th.
770 602 802 630 C.
821 602 866 629 XI.
888 604 910 629 l.
931 613 952 629 c.
973 604 996 629 6.
1017 602 1050 628 de

210 659 269 675 ann.
289 653 315 675 et.
333 649 393 675 trib.
422 648 515 675 Const.
529 647 661 674 Valentia.
675 646 708 673 ad
728 647 937 673 constitutionar.
957 644 1048 678 (Wek.

210 702 235 729 p.
255 692 292 725 8.)
329 691 439 718 Praeses
458 691 500 717 Pr.
522 696 570 717 etc.
590 691 687 716 amicus
707 694 805 715 noster.
834 688 918 715 Vatic.
939 689 975 722 33.
989 690 1048 714 271.

209 736 268 761 273.
288 744 329 770 sq.
352 733 384 760 fr.
405 736 427 761 l.
447 735 468 768 3.
488 735 512 760 3.
538 733 570 760 tle
589 743 647 770 app.
669 737 694 758 et
712 732 784 758 relat.
809 733 849 758 49.
872 733 893 757 1.
937 730 1004 758 Cum
1024 736 1049 757 ct

209 779 269 815 ipso
288 777 436 809 Maeciano,
455 781 481 803 ct
500 776 558 802 aliis
578 776 666 802 amicis
686 776 799 807 nostris,
819 775 987 811 iurisperhis,
1007 773 1049 800 ad-

209 820 301 847 hibitis
324 820 429 858 plenius
456 824 634 845 tractaremus.
668 817 699 846 fr.
720 819 760 844 17.
784 828 824 855 pr.
849 817 882 844 de
907 818 962 844 iure
980 822 1047 854 patr.

208 865 250 890 37.
271 865 312 889 14.
348 863 461 890 Iudices.
481 862 598 889 comites.
617 861 700 893 amici,
720 860 762 887 vel
781 860 891 898 palatini
909 861 967 886 mei.
997 859 1048 886 Th.

209 906 240 933 C.
260 906 306 932 IX.
327 907 349 932 1.
370 916 390 931 c.
410 907 434 931 4.
455 905 486 931 de
505 909 617 930 accusat.
647 919 679 923 -
710 904 740 936 ἐ.
762 906 801 930 4.
830 905 981 934 Foedere,
1002 905 1049 929 vel

208 951 378 980 amicitia,
398 950 529 974 iunctus
550 949 686 981 (populo
707 948 765 976 lt).
788 946 830 973 IH.
845 947 911 974 Gn.
931 945 1049 971 Factum-

208 1002 241 1018 ve
260 991 322 1018 dolo
342 991 410 1018 malo
429 991 503 1017 cuius
523 989 626 1021 dicitur,
647 1005 679 1009 »-
699 994 728 1016 ut
747 999 779 1016 ex
798 990 887 1015 amicis
909 989 999 1015 hostes
1019 988 1047 1015 P.

208 1034 240 1061 R.
260 1035 331 1061 siant.
358 1033 388 1060 sr.
408 1034 432 1059 4.
451 1042 490 1069 pr.
516 1032 548 1058 ad
571 1031 600 1058 L.
621 1032 668 1058 Iul.
688 1033 746 1059 mai.
770 1033 812 1058 48.
832 1034 856 1058 4.
893 1031 923 1058 Si
941 1033 968 1058 in
988 1032 1049 1058 civi-

208 1082 288 1104 tatem
306 1077 404 1103 sociam
422 1076 576 1107 amicamve,
595 1080 639 1101 aut
657 1074 690 1101 ad
708 1085 795 1111 regem
813 1076 914 1101 socium
932 1074 975 1101 vel
988 1075 1049 1101 ami-

209 1131 267 1147 cum
286 1120 394 1146 venerit.
419 1118 450 1145 fr.
472 1120 511 1145 19.
532 1118 553 1152 3.
571 1119 596 1144 3.
621 1117 653 1144 cs.
673 1117 703 1145 fr.
723 1119 746 1144 5.
766 1119 831 1152 3.1.
856 1117 889 1144 de
907 1119 1002 1155 captiv.
1022 1122 1049 1144 et

208 1162 288 1200 postl.
308 1164 349 1188 49.
370 1163 410 1188 15.
438 1161 536 1193 Liberi⁷
556 1161 640 1191 amici,
660 1161 778 1196 sociique
797 1160 890 1198 populi
908 1160 940 1188 R.
960 1166 1046 1187 sunto.

208 1204 250 1232 Fr.
270 1204 404 1242 plebisciti
424 1204 456 1230 de
476 1203 658 1230 Ther-mensib.
678 1203 696 1230 I.
718 1205 757 1230 10.

242 1248 408 1274 Amicus.
438 1247 566 1280 (Adiect.)
592 1247 622 1279 ξ.
637 1247 672 1273 l·
701 1248 957 1274 Familiaritate
975 1258 1048 1274 con-

206 1292 351 1317 iunctus.
392 1289 435 1316 III.
461 1291 526 1317 Cn.
559 1289 743 1315 Amicissimos
763 1294 788 1316 et
807 1289 977 1316 fidelissimos
1002 1290 1048 1324 (li-

207 1333 278 1359 beris
299 1337 399 1359 tutores
419 1332 536 1369 eligere).
557 1332 587 1359 fr.
607 1333 648 1359 36.
668 1342 708 1369 pr.
729 1332 761 1358 de
781 1343 869 1359 exous
890 1338 937 1359 tut.
961 1335 1002 1359 27.
1025 1335 1046 1359 l.

207 1376 261 1412 Qui
282 1375 354 1402 dedit
374 1385 401 1401 ea
421 1386 481 1412 spe.
502 1375 573 1412 quod
592 1391 624 1395 -
644 1376 817 1407 existimaret,
837 1376 880 1402 vel
899 1377 1047 1403 amiciorem

206 1419 259 1445 sibi
278 1428 337 1445 esse
357 1428 415 1444 eum
434 1418 556 1444 futurum.
576 1418 606 1445 fr.
626 1421 650 1446 3.
670 1420 691 1453 3.
713 1420 735 1445 7.
756 1418 788 1445 (le
808 1419 883 1445 cond.
905 1430 974 1445 caus.
995 1418 1045 1445 dat.

208 1463 248 1488 12.
268 1463 292 1488 4.
312 1477 345 1481 —
364 1461 395 1494 §.
416 1462 451 1487 2.
471 1463 664 1494 Benevolus,
686 1465 817 1489 Gratus.
855 1461 897 1488 III.
910 1463 975 1489 Cn.
996 1461 1047 1487 Cui
1068 1464 1070 1472 ⁴

1068 1506 1069 1509 ’
1091 1506 1115 1530 2.
1152 1503 1181 1529 In
1200 1503 1257 1539 lego
1276 1503 1383 1540 Aquilia
1402 1503 1524 1531 damnum
1543 1507 1742 1542 consequimur.
1767 1512 1793 1534 et
1812 1509 1933 1535 amisisse

206 1506 330 1532 amicum.
351 1505 391 1530 cui
415 1503 541 1530 familiare
561 1509 601 1530 est.
619 1505 723 1542 placere.
742 1505 916 1542 principibus.
952 1504 1046 1531 Const.

206 1546 257 1574 Th.
277 1546 308 1572 11.
333 1546 364 1572 de
389 1545 438 1572 Th.
460 1546 490 1573 C.
516 1552 582 1573 auct.
607 1548 628 1582 3.
649 1551 672 1575 8.
693 1548 788 1581 (va.
808 1558 833 1585 p.
854 1547 910 1580 11.)
948 1547 1047 1573 Volun-

206 1594 246 1616 tas
265 1589 461 1616 misericordiae
480 1591 568 1617 amica.
598 1589 647 1616 Th.
663 1589 693 1617 C.
708 1589 740 1616 V.
759 1592 781 1617 7.
802 1601 823 1617 c.
837 1592 861 1617 2.
882 1590 914 1616 de
933 1592 1046 1628 exposit.

206 1632 321 1669 Legibus
345 1633 426 1658 amica
451 1632 649 1669 (simplicitas).
687 1634 708 1668 3.
728 1635 753 1660 3.
791 1633 809 1660 1.
834 1633 867 1660 de
895 1633 965 1670 legit.
990 1644 1045 1670 agn.

207 1684 277 1702 succ.
299 1677 323 1701 3.
343 1677 367 1701 2.

242 1718 434 1745 Amineus.
461 1718 589 1753 (Adiect.)
618 1721 665 1746 Ad
682 1721 860 1752 Amineam,
880 1721 1046 1755 regionem

209 1763 423 1795 Campaniae,
445 1763 620 1795 pertinens.
654 1761 695 1788 111.
712 1764 776 1790 (711.
796 1762 893 1789 Vinum
912 1763 1047 1799 ampliora-

208 1805 287 1835 rium,
308 1805 448 1835 amineum,
468 1812 601 1839 graecum,
621 1809 646 1830 et:
665 1804 751 1831 dulcia
771 1807 864 1832 omnia.
885 1805 915 1832 fr.
932 1808 970 1832 lb'.
985 1807 1006 1840 3.
1020 1809 1045 1832 2.

207 1847 240 1873 de
259 1847 337 1873 tritic.
357 1847 426 1872 vino.
446 1848 487 1872 33.
507 1848 530 1872 6.

242 1888 414 1916 Alnissio.
452 1889 481 1921 §-
503 1890 536 1915 1.
565 1891 742 1922 Interitas,
765 1897 828 1916 tant
853 1893 902 1917 rei
924 1893 1046 1925 ipsius,

207 1937 272 1958 tum
299 1933 519 1965 possessionis
550 1934 735 1964 dumtaxat,
769 1935 815 1959 vel
845 1935 930 1960 iaris
958 1936 1047 1961 circa

206 1976 305 2001 illam.
343 1973 385 1999 111.
406 1975 471 2001 011.
500 1973 550 2000 Per
568 1976 739 2001 constitutum
759 1975 791 2001 ad
805 1977 971 2003 amissionem
986 1982 1047 2004 tem-

206 2027 256 2054 pus
276 2016 325 2049 (uti
346 2016 395 2042 alia
414 2017 500 2053 aqua).
521 2017 551 2044 fr.
572 2019 612 2043 10.
632 2018 653 2051 3.
676 2019 697 2044 l.
728 2018 854 2053 Queuiad.
875 2021 964 2046 servit.
984 2021 1007 2046 8.
1022 2022 1045 2047 6.

206 2058 355 2086 Periculum
374 2061 537 2092 amissionis,
557 2070 586 2086 ac
605 2060 735 2087 fortunam
754 2061 834 2087 futuri
855 2061 940 2088 damni
961 2064 999 2096 (in
1018 2074 1046 2089 se

206 2103 386 2139 suscepisse).
411 2113 432 2129 c.
454 2105 476 2129 l.
497 2103 529 2129 de
548 2103 676 2130 commod.
696 2105 720 2130 4.
740 2106 782 2130 23.
819 2104 875 2131 Nec
894 2105 978 2131 oberit
998 2106 1046 2133 tibi

207 2147 314 2172 amissio
338 2146 579 2172 instrumentorum.
609 2157 629 2173 c.
650 2148 672 2173 1.
698 2156 718 2172 c.
739 2148 763 2173 8.
792 2147 824 2173 (lc
847 2147 900 2174 fide
924 2149 1043 2176 instrum.

207 2189 231 2214 4.
250 2190 292 2215 21.
312 2204 345 2208 —-
364 2189 394 2221 ἓ.
409 2189 444 2215 2.
463 2191 624 2216 Privatio.
653 2189 671 2215 1,
684 2190 745 2223 Sy.
765 2189 937 2227 Prosci-iptio,
957 2191 1047 2218 Publi-

209 2232 275 2257 catio
294 2231 457 2265 (bonorum).
487 2231 536 2258 Th.
558 2231 588 2258 C.
609 2231 653 2258 VI.
671 2233 712 2258 30.
736 2242 758 2258 c.
784 2234 822 2258 16.
843 2243 882 2269 sq.
908 2234 940 2260 (lc
964 2234 1045 2262 Palat.

208 2273 236 2299 S.
257 2273 334 2310 largg.
359 2274 414 2300 WI.
441 2276 481 2300 12.
507 2277 571 2301 c.>1.
599 2274 631 2301 (le
651 2280 784 2301 commeat.
826 2276 868 2302 lH.
894 2278 959 2304 Gn.
996 2278 1046 2305 Vel

208 2326 294 2347 mors,
317 2316 360 2343 vel
384 2318 497 2343 civitatis
522 2319 636 2344 amissio.
680 2317 817 2347 Civitatis.
844 2319 888 2346 vel
916 2320 1046 2347 libertatis

209 2369 256 2385 am.
286 2358 316 2385 sr.
335 2361 360 2386 2.
378 2369 419 2396 pr.
438 2359 471 2386 dc
488 2370 565 2396 poen.
585 2363 626 2387 48.
648 2362 687 2387 19.
708 2360 738 2387 fr.
757 2363 781 2388 2.
801 2372 840 2398 pr.
860 2362 890 2389 fr.
910 2365 933 2390 5.
953 2374 992 2400 pr.
1014 2364 1047 2390 de

209 2412 264 2439 cap.
284 2402 345 2428 min.
364 2404 388 2428 4.
407 2405 431 2428 5.
468 2402 578 2429 Ordinis
599 2405 740 2430 amissione
758 2406 854 2441 puniri.
883 2405 955 2433 Paul.
976 2406 1007 2433 V.
1021 2409 1044 2434 4.

208 2445 231 2478 3.
252 2446 292 2471 11.
330 2444 506 2472 Amissionem
528 2446 649 2479 militiae,
672 2448 946 2485 proscriptionemque
969 2452 1047 2487 patri-

208 2488 290 2513 monii
309 2488 447 2514 sustinere.
477 2499 498 2515 c.
519 2491 559 2515 11.
578 2489 600 2523 3.
622 2491 644 2516 1.
668 2489 701 2516 de
720 2489 792 2516 feriis
815 2492 839 2517 3.
860 2493 900 2517 12.
937 2492 1046 2520 Animae

209 2530 376 2556 amissionem
395 2530 516 2566 irrogare.
544 2532 565 2566 3.
586 2534 626 2559 11.
652 2532 683 2559 cs.
704 2533 725 2567 3.
745 2535 769 2559 3.
789 2533 808 2560 1.
833 2533 865 2561 de
884 2535 946 2572 pub.
966 2536 1045 2563 iudic.

208 2573 232 2597 4.
254 2573 294 2598 18.

245 2615 384 2642 Amita.
421 2617 535 2643 Patris
563 2628 663 2645 soror.
700 2619 719 2645 Ι.
744 2620 805 2654 Sy.
837 2620 924 2646 Amita
947 2631 1045 2657 magna.

209 2657 261 2684 Avi
280 2659 382 2694 paterni
407 2668 491 2685 soror.
525 2658 595 2687 Paul.
614 2661 658 2688 IV.
680 2664 719 2688 11.
744 2663 765 2696 3.
786 2664 809 2690 4.
846 2664 933 2689 Amita
956 2666 1044 2691 maior.

209 2699 304 2726 Proavi
329 2710 412 2727 soror.
444 2702 475 2728 fr.
497 2704 536 2728 10.
561 2703 582 2735 3.
604 2704 643 2729 16.
673 2704 705 2730 de
728 2705 798 2740 grad.
819 2711 845 2731 et
864 2706 914 2732 ads.
937 2708 978 2733 33.
1004 2710 1044 2734 10.

209 2742 297 2769 Amita
316 2744 434 2770 maxima.
462 2744 547 2771 Abavi
560 2754 643 2771 soror.
663 2746 693 2773 fr.
708 2749 748 2774 lo.
763 2749 783 2781 3.
799 2750 838 2775 17.
858 2749 892 2775 ib.
920 2749 963 2776 111.
979 2751 1045 2777 Cn.

209 2784 301 2812 Tertio
315 2785 395 2822 gradu
409 2788 528 2813 veniunt:
549 2804 581 2807 ——
600 2787 695 2821 fratris,
715 2792 866 2828 sororisque
879 2792 959 2823 lilius,
978 2793 1045 2824 filia.

210 2833 328 2865 patruus,
348 2829 439 2861 amit-'13
457 2845 489 2849 —
510 2831 663 2863 avunculus,
678 2838 822 2862 matertera.
851 2835 922 2862 Paul.
937 2835 971 2863 ib.
985 2837 1006 2870 3.
1020 2838 1044 2862 3.

1893 178 1936 208 63

1094 260 1125 287 fr.
1146 261 1186 286 10.
1205 260 1290 294 §.14.
1310 259 1326 286 l.
1346 259 1363 286 1.
1381 260 1423 286 38.
1444 261 1484 286 10.
1521 257 1576 285 Nec
1595 268 1708 291 socrum,
1728 269 1776 286 nec
1795 269 1888 286 nurum
1902 275 1934 279 —-

1094 313 1203 330 uxorem
1221 302 1317 329 ducere
1336 302 1405 333 licet,
1425 303 1494 329 sicut
1513 312 1560 329 ncc
1574 303 1685 333 amitam,
1705 307 1748 328 aut
1761 308 1933 330 materteram.

1094 345 1166 372 Paul.
1186 345 1217 372 11.
1238 347 1278 372 19.
1297 346 1319 379 3.
1339 347 1363 372 5.
1400 345 1514 383 Propior
1539 345 1663 377 sobrino,
1688 346 1797 383 propior
1817 346 1933 378 sobrina,

1093 390 1137 415 isti
1157 393 1219 415 sunt
1236 389 1323 425 patrui
1342 389 1438 424 magni.
1464 389 1556 415 amitae
1579 398 1686 425 magnae
1710 403 1743 408 —
1762 388 1847 421 filius,
1871 388 1933 415 filia.

1094 432 1126 458 fr.
1149 433 1171 458 1.
1191 432 1214 466 3.
1234 433 1257 458 7.
1276 430 1293 457 l.
1313 430 1330 457 l.
1349 432 1391 457 33.
1411 432 1451 457 10.

1128 474 1328 501 Amitinus.
1359 473 1496 507 (Adiect.)
1532 476 1583 501 Ex
1607 476 1711 502 amita
1735 476 1934 501 descendens.

1093 516 1111 543 1.
1137 518 1197 551 Sy.
1226 516 1329 543 Amitae
1348 517 1433 547 filius,
1453 516 1514 543 filia.
1552 517 1619 552 Qui.
1639 528 1738 554 quaeve
1758 528 1790 544 ex
1809 517 1890 543 fratre
1908 522 1935 543 et

1093 570 1184 586 sorore
1202 564 1388 596 propagantur.
1424 559 1569 591 Amitinus,
1595 561 1707 587 amitina.
1736 560 1808 587 Paul.
1827 559 1872 586 IV.
1893 561 1933 586 11.

1093 603 1114 636 3.
1136 604 1175 628 ll.
1196 602 1226 628 fr.
1248 604 1270 628 1.
1290 603 1312 636 3.
1332 603 1356 628 (3.
1376 602 1393 628 l.
1413 601 1430 628 l.
1449 604 1490 628 38.
1512 604 1551 628 10.
1589 602 1630 629 111.
1651 604 1717 630 οη.
1737 604 1839 639 Quarto
1853 603 1935 639 gradu

1093 646 1212 671 veniunt:
1233 660 1265 664 -
1285 646 1420 677 amitinus,
1440 646 1558 674 amitina.
1581 662 1614 666 —
1633 648 1749 683 itemque
1768 646 1928 673 consobrini.

1093 687 1165 714 Paul.
1185 687 1219 714 ib.
1239 688 1261 721 3.
1280 689 1304 714 4.
1324 688 1354 714 fr.
1376 690 1416 714 10.
1436 688 1519 722 §.15.
1540 688 1557 715 l.
1578 688 1594 716 1.
1614 691 1655 715 38.
1676 692 1717 716 10.

1127 732 1325 758 Amittere.
1363 731 1393 764 §.
1414 732 1448 757 1.
1486 733 1636 764 Perdere,
1656 734 1799 760 Privari.
1836 732 1855 759 1.
1871 733 1934 766 Sy.

1092 772 1203 805 Perimi,
1224 773 1378 810 Corrumpi,
1399 773 1479 800 Tolli.
1508 774 1564 801 Gai.
1585 774 1603 801 I.
1624 776 1681 801 128.
1704 777 1760 802 153.
1782 777 1840 802 163.
1871 774 1932 812 le.

1092 816 1213 843 XXYIH.
1233 818 1257 843 9.
1294 816 1421 849 Perdere.
1442 816 1538 844 Perire..
1567 817 1597 844 fr.
1619 819 1641 844 7.
1661 829 1701 855 pr.
1722 818 1754 845 de.
1774 818 1884 845 calendo.
1908 819 1933 843 2.

1094 861 1133 885 13.
1162 859 1192 886 fr.
1214 861 1236 885 l.
1261 860 1298 893 33.
1318 861 1342 886 4.
1363 870 1403 896 sq.
1432 859 1465 886 de
1490 859 1523 886 Ο.
1550 865 1576 886 et
1595 860 1626 886 A.
1653 862 1693 887 44.
1721 863 1744 888 7.
1785 861 1934 897 Exstingui,

1092 901 1266 933 Intercidcre,
1286 902 1386 928 Amitti.
1418 902 1491 929 Paul.
1512 902 1530 928 1.
1552 904 1592 929 17.
1612 903 1649 937 33.
1671 905 1694 930 1.
1713 914 1753 940 sq.
1774 903 1804 930 fr.
1824 906 1847 930 3.
1868 905 1890 938 3.
1908 905 1933 930 3.

1093 946 1145 980 Qu.
1165 945 1233 971 mod.
1254 945 1336 971 ususl'.
1357 947 1379 971 7.
1394 946 1418 971 4.
1456 945 1544 972 Adimi
1564 946 1666 979 (bona).
1698 946 1803 973 multari
1821 947 1933 980 (bonis).

1092 987 1164 1014 Paul.
1185 987 1216 1014 V.
1237 990 1279 1014 22.
1299 988 1337 1021 33.
1356 989 1381 1013 2.
1400 997 1440 1024 sq.
1464 987 1497 1014 V.
1515 990 1557 1015 23.
1577 989 1599 1023 3.
1619 990 1643 1016 4.
1679 989 1805 1016 Ablatum
1824 989 1933 1022 (alteri).

1092 1031 1234 1057 Amissum.
1253 1030 1284 1056 fr.
1303 1032 1344 1057 20.
1365 1040 1398 1057 ex
1417 1040 1460 1066 qu.
1480 1041 1501 1057 c.
1521 1033 1579 1058 mai.
1599 1033 1622 1058 4.
1642 1033 1666 1058 6.
1703 1032 1733 1059 Π.
1755 1035 1822 1067 Op.
1851 1032 1935 1059 Suum

1093 1074 1178 1100 facere
1197 1074 1288 1107 (usu).
1313 1089 1347 1092 —
1372 1073 1430 1099 Am.
1453 1074 1522 1107 (nou
1542 1074 1667 1109 utendo).
1698 1075 1729 1102 sr.
1750 1078 1772 1102 1.
1793 1075 1815 1109 3.
1837 1077 1858 1102 1.
1879 1075 1896 1102 l.
1916 1075 1933 1102 l.

1091 1118 1116 1142 4.
1135 1117 1159 1143 6.
1195 1116 1340 1152 Integrum‚
1364 1127 1388 1143 v.
1409 1116 1530 1149 Salvum,
1555 1128 1621 1144 esse.
1649 1134 1681 1137 —
1705 1118 1805 1145 Amitti.
1837 1118 1894 1145 Gai.
1914 1118 1932 1145 I.

1093 1161 1150 1186 181.
1170 1169 1211 1196 sq.
1239 1159 1301 1196 le.
1320 1159 1364 1186 XI.
1386 1161 1425 1186 12.
1451 1169 1490 1196 sq.
1511 1159 1541 1186 fr.
1563 1161 1586 1186 6.
1611 1160 1644 1186 de
1664 1166 1733 1187 naut.
1754 1162 1821 1188 foen.
1846 1164 1888 1188 22.
1906 1164 1933 1189 2.

1092 1202 1248 1239 Adquirere.
1269 1202 1299 1228 t'r.
1320 1204 1359 1229 15.
1380 1203 1401 1236 3.
1423 1204 1445 1228 7.
1466 1202 1498 1228 de
1518 1202 1585 1229 usuf.
1606 1205 1629 1229 7.
1650 1205 1673 1230 1.
1693 1204 1723 1230 fr.
1740 1206 1796 1231 153.
1817 1205 1849 1232 (le
1867 1205 1898 1232 R.
1913 1205 1934 1232 1.

1091 1248 1133 1272 50.
1154 1247 1195 1272 17.
1233 1245 1413 1278 Conservare,
1437 1245 1570 1272 Retinere.
1600 1246 1656 1273 Gai.
1681 1247 1699 1273 1.
1721 1249 1779 1275 161.
1807 1247 1867 1286 le.
1886 1248 1931 1275 XI.

1093 1291 1132 1315 12.
1161 1288 1192 1315 sr.
1216 1290 1258 1314 41.
1287 1287 1319 1314 (1(-
1342 1287 1395 1314 LL.
1420 1290 1443 1314 1.
1467 1290 1492 1314 3.
1527 1288 1557 1315 fr.
1578 1291 1618 1316 18.
1648 1290 1680 1316 de
1704 1290 1732 1317 S.
1757 1290 1784 1317 P.
1809 1291 1840 1318 R.
1864 1293 1888 1318 8.
1907 1294 1932 1318 3.

1091 1332 1133 1358 111.
1155 1333 1220 1359 Gn.
1248 1331 1386 1363 Alienare,
1407 1336 1451 1357 aut
1470 1333 1598 1365 amittere,
1618 1333 1694 1366 (rem,
1714 1333 1756 1360 vel
1775 1335 1816 1360 ius
1835 1336 1931 1369 suuni).

1091 1374 1121 1401 fr.
1141 1376 1183 1401 41.
1204 1374 1221 1401 l.
1247 1376 1269 1400 1.
1289 1375 1315 1401 3.
1350 1373 1513 1411 Repudiare,
1537 1375 1580 1402 vel
1604 1386 1651 1402 am.
1676 1376 1828 1411 (usu111fr.).
1857 1378 1887 1405 fr.
1909 1380 1931 1404 1.

1091 1418 1112 1451 3.
1134 1419 1156 1444 1.
1177 1417 1210 1443 (le
1228 1416 1295 1443 usus.
1316 1427 1382 1444 acer.
1403 1419 1426 1444 7.
1446 1419 1470 1444 2.
1507 1417 1636 1445 Incidisse
1655 1420 1682 1446 in
1705 1420 1802 1457 legem,
1828 1427 1853 1448 et
1872 1423 1934 1448 ami-

1092 1462 1161 1487 sisse
1181 1461 1234 1494 (ius
1254 1460 1368 1493 crediti).
1392 1460 1423 1487 fr.
1444 1454 1484 1487 12.
1504 1461 1526 1495 3.
1546 1464 1570 1488 2.
1591 1462 1621 1488 sr.
1643 1464 1682 1490 13.
1713 1464 1764 1499 Qu.
1784 1469 1845 1491 met.
1866 1476 1888 1492 c.
1907 1467 1931 1491 4.

1092 1546 1208 1573 dicemur
1227 1551 1275 1572 etc.
1296 1546 1326 1573 fr.
1345 1548 1387 1573 33.
1406 1556 1445 1583 pr.
1466 1547 1498 1573 ad
1517 1547 1546 1574 L.
1565 1547 1634 1584 Aqu.
1655 1551 1678 1575 9.
1692 1552 1716 1576 ⁴2.
1737 1550 1768 1577 cf.
1788 1550 1819 1577 fr.
1834 1553 1857 1578 4.
1872 1552 1893 1585 3.
1907 1553 1931 1578 9.

1091 1591 1116 1616 vi
1136 1590 1197 1615 bon.
1217 1594 1283 1626 rapt..
1303 1591 1344 1615 47.
1365 1592 1389 1616 8.
1427 1591 1480 1625 Qui
1500 1591 1604 1617 amissis
1623 1592 1710 1625 bonis,
1731 1598 1756 1619 et
1775 1595 1881 1621 civitate
1894 1605 1932 1621 re-

1091 1633 1152 1659 licta
1181 1632 1268 1659 nudus
1293 1632 1403 1659 exsulat.
1432 1633 1462 1659 l'r.
1484 1635 1506 1659 7.
1532 1634 1553 1666 3.
1572 1636 1596 1660 3.
1622 1634 1654 1661 de
1673 1641 1729 1673 c'ap.
1749 1638 1839 1663 minut.
1863 1638 1887 1663 4.
1907 1639 1930 1663 5.

1091 1676 1120 1703 Si
1139 1677 1198 1712 quis
1218 1680 1402 1702 testamentum
1421 1675 1520 1708 fecerit,
1540 1676 1635 1704 deinde
1653 1680 1769 1705 amiserit
1782 1681 1932 1707 testamenti

1091 1720 1238 1746 factionem.
1270 1718 1300 1745 l'r.
1326 1720 1348 1744 l.
1373 1718 1394 1752 3.
1415 1720 1439 1745 9.
1464 1719 1496 1745 de
1519 1720 1550 1746 B.
1571 1720 1599 1747 P.
1624 1731 1644 1747 s.
1664 1726 1682 1747 t.
1706 1723 1748 1748 37.
1773 1724 1813 1749 11.
1850 1723 1933 1750 Abdi-

1092 1762 1174 1789 cando
1194 1772 1230 1793 se.
1251 1772 1298 1788 am.
1319 1762 1489 1798 (imperium).
1510 1762 1540 1788 fr.
1559 1766 1600 1790 20.
1622 1764 1654 1790 do
1674 1764 1717 1790 off.
1737 1764 1824 1792 Praes.
1845 1768 1869 1792 l.
1890 1768 1930 1794 18.

1091 1805 1283 1842 licpudiatione
1303 1814 1349 1830 am.
1371 1804 1585 1839 (hereditatem).
1615 1806 1644 1833 sr.
1666 1809 1706 1833 13.
1725 1818 1764 1844 pr.
1785 1808 1817 1835 fr.
1837 1811 1877 1836 17.
1898 1810 1932 1836 de

1091 1848 1122 1874 A.
1142 1858 1167 1873 v.
1187 1847 1220 1873 Ο.
1240 1846 1271 1873 ll.
1297 1848 1338 1873 29.
1358 1848 1382 1873 2.
1426 1847 1558 1885 Tempore
1577 1859 1624 1875 am.
1645 1849 1748 1883 (litem,
1772 1861 1796 1878 v.
1821 1853 1930 1879 usumfr.

1092 1891 1166 1923 eto).
1198 1889 1227 1915 fr.
1246 1891 1288 1915 30.
1309 1890 1330 1923 3.
1353 1891 1374 1916 l.
1401 1889 1433 1916 ad
1451 1890 1481 1917 L.
1501 1891 1570 1928 Aqu.
1595 1894 1619 1919 9.
1639 1895 1662 1919 2.
1692 1892 1723 1919 sr.
1743 1896 1766 1920 5.
1792 1894 1824 1921 dc
1848 1896 1929 1922 ususr.

1091 1935 1114 1960 7.
1136 1935 1157 1959 l.
1186 1932 1273 1959 Poena
1293 1932 1378 1965 adlici,
1399 1938 1427 1960 ut
1446 1933 1488 1960 vel
1508 1935 1639 1961 civitatem
1653 1937 1760 1967 amittat,
1780 1937 1823 1964 vel
1837 1948 1930 1965 servus

1091 1986 1191 2013 poenae
1216 1975 1351 2002 efficiatur.
1380 1976 1410 2003 sr.
1430 1979 1454 2003 7.
1480 1977 1512 2003 (le
1535 1977 1560 2004 h.
1581 1988 1622 2014 qu.
1647 1980 1695 2005 sui.
1722 1981 1743 2006 1.
1763 1981 1787 2006 6.
1816 1981 1847 2007 cf.
1868 1981 1928 2019 le.

1090 2018 1135 2045 XI.
1155 2020 1195 2045 11.
1216 2028 1255 2054 sq.
1276 2035 1307 2038 —
1327 2020 1358 2053 §.
1379 2021 1413 2046 2.
1444 2021 1683 2055 Derelinqaere
1702 2033 1777 2055 rem,
1797 2025 1928 2052 Posses-

1090 2064 1178 2089 sione
1205 2063 1300 2088 illius
1327 2065 1484 2090 excidere.
1521 2063 1539 2090 Ι.
1559 2065 1621 2098 Sy.
1654 2064 1770 2098 Mittere,
1789 2067 1930 2095 Diinittere

1090 2104 1280 2138 (custodiam).
1306 2104 1336 2131 fr.
1358 2107 1397 2132 12.
1416 2116 1456 2142 pr.
1475 2106 1506 2132 fr.
1527 2108 1567 2133 14.
1587 2117 1626 2144 pr.
1646 2108 1683 2142 33.
1703 2110 1727 2134 2.
1747 2119 1786 2146 5([.
1811 2110 1844 2137 de
1863 2116 1928 2138 cust.

1091 2153 1116 2174 et
1135 2147 1193 2174 exli.
1212 2149 1253 2174 48.
1273 2149 1296 2174 3.
1324 2148 1443 2180 Interii-e.
1462 2148 1610 2176 Pel-emtum
1623 2151 1714 2178 videri.
1745 2152 1838 2180 Amitti
1857 2156 1928 2191 (pos-

1090 2191 1256 2223 sessionem).
1276 2190 1307 2217 fr.
1321 2192 1363 2217 44.
1377 2201 1416 2228 pr.
1430 2191 1452 2225 3.
1466 2193 1490 2218 2.
1511 2192 1542 2218 de
1555 2193 1587 2219 A.
1601 2192 1631 2220 R.
1648 2194 1681 2220 D.
1701 2196 1741 2222 41.
1758 2198 1779 2223 1.
1808 2197 1850 2223 ΠΙ.
1862 2200 1927 2225 Gn-

1091 2235 1176 2269 Quam
1195 2235 1244 2266 (sc.
1257 2233 1429 2270 diligentiam)
1450 2236 1473 2261 si
1485 2237 1654 2272 praestiterit,
1675 2243 1700 2264 ct
1718 2238 1805 2275 aliquo
1819 2240 1927 2267 fortuito

1091 2286 1152 2302 casu
1171 2287 1225 2303 rein
1245 2277 1368 2303 amiserit.
1397 2278 1418 2311 3.
1433 2278 1456 2303 4.
1478 2278 1509 2304 ct'.
1529 2279 1550 2313 3.
1565 2281 1589 2306 2.
1609 2280 1627 2306 I.
1649 2282 1699 2316 Qu.
1714 2282 1782 2308 mod.
1803 2293 1830 2308 r«-
1844 2288 1925 2310 contr.

1089 2321 1113 2346 3.
1134 2321 1174 2345 14.
1212 2319 1317 2354 Quodsi
1336 2325 1379 2346 aut
1398 2320 1465 2347 male.
1484 2325 1667 2355 consumserit,
1686 2330 1730 2351 aut
1749 2325 1817 2351 furto
1836 2327 1926 2352 amise-

1090 2363 1131 2388 rit.
1160 2362 1181 2396 3.
1200 2364 1226 2388 2.
1251 2362 1270 2388 I.
1291 2363 1342 2397 Qu.
1363 2362 1439 2390 alien.
1458 2363 1500 2391 lic.
1520 2367 1544 2392 2.
1564 2368 1588 2392 ὅ.
1608 2366 1639 2392 cs.
1660 2366 1716 2394 Gai.
1736 2368 1776 2394 111.
1796 2370 1854 2394 205.
1882 2368 1926 2395 Ius

1090 2406 1201 2431 amissae
1229 2406 1267 2431 rei
1294 2406 1460 2442 recipiendae
1487 2407 1518 2433 ab
1548 2413 1680 2435 extraneo.
1711 2410 1741 2435 t'r.
1762 2412 1801 2436 19.
1826 2421 1865 2447 pr.
1894 2411 1926 2438 de

1090 2448 1184 2485 captiv.
1204 2448 1245 2474 49.
1266 2449 1306 2474 15.
1343 2448 1372 2474 Iu
1391 2448 1462 2475 bello
1481 2461 1543 2483 am..
1562 2451 1605 2478 vel
1623 2452 1735 2478 alienare
1754 2452 1866 2487 (arma).
1894 2454 1925 2481 fr.

1089 2492 1113 2518 3.
1133 2491 1155 2524 3.
1176 2491 1216 2516 13.
1236 2490 1269 2516 de
1287 2490 1318 2517 R.
1338 2490 1371 2517 M.
1391 2493 1432 2518 49.
1448 2494 1487 2519 16.
1525 2493 1593 2521 Cum
1612 2495 1644 2521 de
1663 2495 1801 2522 amittenda
1820 2507 1926 2533 posses-

1090 2535 1164 2560 sione
1183 2538 1329 2570 quaeratur.
1353 2534 1384 2560 fr.
1403 2536 1444 2561 44.
1465 2537 1486 2570 3.
1505 2538 1530 2564 2.
1550 2537 1581 2563 de
1600 2538 1631 2563 A.
1650 2547 1675 2563 v.
1694 2537 1725 2563 A.
1745 2537 1774 2564 Ρ.
1793 2540 1834 2566 41.
1853 2542 1877 2566 2.
1893 2556 1924 2560 --

1090 2577 1120 2610 §.
1146 2578 1183 2603 3.
1221 2578 1354 2608 Amitti,
1382 2587 1443 2614 pro:
1482 2581 1599 2611 Morte,
1630 2583 1679 2606 vel
1707 2584 1924 2616 captivitate,

1089 2621 1247 2646 subtrahi.
1285 2619 1304 2645 1.
1319 2621 1380 2654 Sy.
1408 2621 1511 2659 Abripi.
1530 2623 1653 2648 Interimi.
1679 2622 1708 2649 fr.
1724 2625 1764 2650 13.
1784 2624 1817 2651 de
1835 2636 1923 2652 exous.

1088 2664 1130 2688 27.
1151 2664 1174 2688 1.
1210 2661 1284 2688 Mori.
1312 2662 1341 2690 fr.
1356 2665 1413 2691 132.
1432 2676 1472 2702 pr.
1493 2665 1524 2691 ‹le
1544 2664 1574 2691 V.
1594 2664 1621 2691 S.
1641 2667 1682 2691 50.
1703 2668 1742 2693 16.
1779 2667 1927 2695 Mortalitas

1090 2705 1275 2738 (liberorum).
1320 2706 1420 2733 Amissi
1454 2707 1572 2739 (liberi).
1608 2707 1693 2735 Vatic.
1726 2711 1763 2744 33.
1787 2713 1828 2737 sti.
1852 2713 1884 2737 87
1902 2722 1922 2737 a.

1090 2748 1131 2774 ΙΠ.
1152 2749 1217 2776 Cn.
1247 2749 1323 2776 Pater
1343 2751 1514 2787 emancipavit
1532 2750 1623 2783 filium.
1643 2758 1766 2790 nepotem
1785 2756 1878 2781 amisit.
1899 2760 1922 2780 et

1090 2792 1305 2828 superstite'tilio
1325 2793 1446 2819 decessit.
1475 2793 1505 2819 fr.
1526 2795 1566 2820 78.
1586 2795 1607 2828 3.
1629 2797 1669 2822 10.
1689 2796 1721 2822 ad
1741 2796 1768 2823 S.
1788 2797 1818 2823 C.
1843 2797 1921 2823 Tra—b.

1088 2836 1129 2862 36.
1151 2837 1174 2861 1.
1211 2835 1299 2869 Bello,
1325 2847 1345 2863 s.
1366 2836 1415 2862 Per
1434 2846 1537 2864 causam
1556 2837 1632 2871 belli,
1656 2849 1680 2865 v.
1699 2839 1728 2866 In
1748 2841 1814 2868 acie.
1835 2842 1922 2866 amissi
