2197 3121
280 170 323 201 20

282 251 419 279 Sententia
438 250 522 277 adfici.
548 249 578 276 fr.
594 251 633 276 10.
649 250 670 283 5.
687 251 726 275 ll.
747 248 779 275 (1(-
793 257 869 286 poen.
884 248 925 274 48.
941 248 981 274 19.
1009 245 1120 273 Plumbo

282 294 367 321 adfici.
394 304 414 320 c.
430 295 453 319 1.
474 293 506 319 dn·
519 292 544 319 b.
559 303 602 329 qu.
617 298 670 329 pot.
685 302 753 318 nom.
771 294 796 317 2.
813 293 852 317 15.
889 290 997 321 lactura.
1018 289 1121 315 Damno

283 342 332 364 etc.
353 336 404 363 ads.
440 335 469 362 fr.
489 338 530 362 28.
551 336 573 370 5.
595 337 634 361 12.
661 335 694 360 ib.
714 336 755 360 48.
777 335 816 360 19.
843 332 872 359 sr.
893 334 917 359 4.
943 332 973 359 sr.
996 334 1034 358 ll.
1056 332 1077 365 5.
1097 334 1121 358 2.

283 380 316 406 ad
338 379 365 406 S.
386 379 416 406 C.
437 378 483 405 Tr.
501 380 543 405 36.
566 380 587 404 1.
617 393 648 397 —-
675 378 706 411 §0
727 378 762 403 2.
791 378 988 407 Procurare,
1008 375 1122 401 Parti-

282 425 384 457 cipem
398 424 521 458 fat-ere.
560 421 600 447 ΙΙΙ.
617 421 682 447 Cn·
710 418 797 446 Lucro
811 418 925 445 adfice-r«—
939 417 1121 451 (institutum).

284 465 313 492 t'r.
337 467 375 491 14.
395 475 434 501 pr.
465 464 497 490 d«-
517 464 590 498 legat.
611 467 706 499 praest.
730 464 771 488 37.
791 464 814 488 5.
858 461 977 488 Praemio
996 461 1061 486 iuris
1080 459 1123 486 ad-

282 509 334 535 tici.
367 519 388 534 c.
412 509 433 533 1.
454 517 502 544 pro
523 516 574 542 quo
595 516 615 531 r.
635 515 704 532 serv.
724 507 746 531 7.
768 507 808 531 1³5.

318 551 507 584 Adfigere.
537 550 700 584 [refiget-e,
721 550 910 582 Adplicare.
948 546 967 573 l.
983 547 1043 581 Sy.
1065 545 1123 572 Suf-

283 594 363 630 figere
383 592 494 626 (cruci).
524 590 555 617 cs.
577 590 601 617 h.
621 601 645 617 v.
682 591 836 628 Adpourre.
857 590 994 627 linponere
1013 589 1122 622 (titulos

282 636 390 669 fundo).
421 634 487 661 Nov.
507 632 565 660 Val.
587 633 628 660 111.
649 633 681 660 de
700 634 790 660 tribut.
811 634 867 660 fise.
883 633 912 659 ll.
929 634 968 659 19.
989 643 1010 658 e.
1025 634 1048 658 1.
1062 633 1083 666 5.
1098 633 1121 658 6.

283 679 325 706 Ill.
347 680 411 707 sn.
443 677 471 703 ln
490 676 712 713 frequentioribus
732 678 864 703 civitatum
884 676 950 702 locis
969 675 1122 711 adfigendus

284 721 436 756 (libellus).
467 719 517 746 Th.
540 719 570 746 C.
589 719 634 747 XI.
654 722 678 746 8.
698 730 719 746 c.
739 721 763 746 3.
787 719 820 746 de
839 723 1002 756 superexact.
1039 717 1124 744 Posti—

283 765 334 791 bus
353 763 480 790 d‹·bitoris
501 762 613 798 adfigere
633 762 780 796 (edictum).
800 762 836 788 lb.
852 762 882 788 Π.
895 763 936 788 27.
952 772 973 788 c.
989 763 1012 788 1.
1024 762 1045 795 5.
1057 762 1080 788 (3.
1100 762 1123 787 si

285 811 346 833 cert.
366 811 447 844 petat.
476 806 521 832 IX.
541 808 583 832 42.
609 816 630 831 c.
653 807 693 832 ll.
718 805 750 831 de
773 806 833 832 bon.
858 815 960 842 proscr.
1001 804 1123 831 Patibulo

284 850 370 886 adfigi.
402 849 439 876 lb.
460 849 504 875 IX.
525 851 548 875 5.
570 858 590 874 c.
613 850 635 874 l.
655 848 721 882 51.
746 848 778 875 ad
799 848 828 875 L.
848 848 896 875 Iul.
915 849 973 875 mai.

318 893 520 920 Adfiliatus
558 890 697 925 (Partim).
743 893 938 926 Adoptatus.
985 890 1028 917 III.
1058 891 1124 918 011.

284 936 455 973 Adoptivum.
476 936 491 961 i.
507 945 527 960 r.
547 935 628 969 gestis
648 939 707 960 ante
721 935 818 961 curiam
831 935 983 961 adfiliatum.
1013 933 1123 970 Intorpr.

284 979 316 1005 ad
332 979 381 1006 Th.
396 979 427 1005 C.
442 978 473 1005 V.
494 979 516 1004 l.
537 988 558 1003 c.
577 980 601 1003 2.
627 977 659 1004 de
678 977 747 1014 legit.
768 977 877 1004 heredit.
902 977 973 1015 Epit.
987 976 1051 1003 lust.
1066 976 1125 1003 Gaii

284 1022 303 1048 l.
323 1023 346 1048 4.
367 1022 389 1056 5
410 1024 432 1048 1.

318 1065 534 1098 Adfingere.
572 1065 743 1099 Fingeudo
767 1065 958 1091 conciliare.
995 1062 1038 1089 III.
1059 1063 1125 1090 Cn·

285 1107 389 1134 falsam
409 1106 487 1133 fidem
511 1106 590 1133 rebus
615 1117 667 1133 non
691 1108 773 1143 gestis
797 1106 847 1133 adr.
882 1106 931 1133 Th.
953 1106 984 1133 C.
1004 1106 1035 1132 II.
1054 1107 1078 1132 4.
1103 1116 1125 1132 c.

283 1153 308 1176 2.
329 1150 361 1176 dc
380 1150 490 1177 ‹lc-nunc.
511 1160 535 1176 v.
556 1150 617 1176 edit.
639 1159 719 1176 rcscr.

319 1194 466 1220 Adfinis
493 1192 641 1226 (Adit-ch).
687 1194 880 1225 Proximus,
913 1193 1125 1219 Coniunctus.

285 1236 327 1263 III.
348 1237 414 1264 Gn·
452 1236 633 1273 Quoscunque
652 1236 744 1273 culpae
767 1235 844 1262 huius
863 1235 963 1262 adfines
983 1235 1126 1273 deprehen-

285 1279 364 1306 deris.
396 1279 433 1305 lb.
453 1278 523 1306 XVI.
543 1281 567 1305 5.
588 1289 608 1305 e.
628 1280 669 1306 29.
690 1279 723 1306 de
741 1279 838 1306 haeret.

320 1322 466 1350 Adfinis
494 1322 630 1355 (Subst.).
666 1322 697 1356 §.
718 1323 752 1348 l.
789 1323 964 1358 Canfinis,
990 1323 1126 1348 Conter-

286 1367 398 1392 minus.
434 1364 477 1391 III.
493 1366 558 1392 (711.
586 1364 844 1391 Dennonstrationem
864 1365 988 1392 adfinium
1008 1364 1051 1398 [al.
1067 1374 1127 1390 con-

286 1408 388 1441 finitun]
409 1417 492 1434 novos
506 1408 572 1434 fines
586 1409 653 1434 inter
667 1408 762 1434 fundos
781 1409 949 1435 constituere.
973 1407 1004 1434 fr.
1020 1409 1060 1434 12.
1080 1407 1125 1434 fin.

285 1451 394 1487 regnnd.
416 1453 455 1477 10.
476 1452 499 1477 1.
529 1467 560 1470 —
589 1451 620 1485 §.
641 1452 675 1478 θ.
702 1452 875 1487 Cognatas
895 1453 1036 1479 alterius
1055 1461 1127 1478 con-

287 1496 390 1529 iugis,
424 1496 638 1521 matrimonio
665 1500 838 1521 contracto
869 1495 1126 1522 necessitudinis

287 1538 358 1563 iure
376 1539 477 1564 alteri
495 1539 631 1571 coniugi
649 1540 834 1571 copulatus.
870 1537 913 1564 ΠΙ.
934 1539 999 1566 Gn.
1027 1536 1126 1569 Liberi,

287 1585 424 1617 parentes,
444 1580 550 1612 fratres,
570 1579 684 1612 adfines,
704 1579 799 1607 liberti.
830 1580 860 1607 fr.
880 1582 922 1607 35.
942 1591 981 1618 pr.
1002 1580 1035 1607 de
1054 1590 1126 1618 proc.

286 1625 310 1649 3.
335 1625 359 1650 3.
398 1623 522 1660 Cognati,
551 1623 594 1650 vel
625 1623 725 1649 adfines
754 1624 891 1660 utriusque
914 1623 1126 1650 necessitudinis.

288 1665 371 1693 Vatic.
392 1666 447 1693 Frr.
472 1667 509 1700 55
530 1668 587 1692 155.
607 1668 666 1693 2l4.
687 1676 745 1702 sqq.
782 1665 854 1693 Paul.
880 1665 912 1693 V.
933 1667 972 1693 12.
997 1667 1018 1701 5.
1039 1669 1063 1693 2.
1094 1666 1126 1693 V.

288 1711 329 1736 15.
349 1710 371 1743 5.
385 1712 409 1736 2.
435 1709 464 1735 fr.
479 1712 502 1735 5.
522 1710 544 1743 5.
562 1711 583 1736 l.
611 1710 662 1745 Qu.
685 1719 716 1735 cx
730 1719 751 1735 c.
771 1710 797 1735 in
816 1719 889 1746 poss.
908 1711 949 1736 42.
969 1711 994 1736 4.
1031 1708 1128 1736 Neces-

288 1753 349 1778 sarii
370 1757 395 1778 et
413 1752 521 1779 adfines.
546 1752 576 1779 fr.
598 1754 619 1779 l.
640 1753 661 1786 5.
681 1754 722 1778 23.
743 1752 776 1778 de
794 1757 886 1779 ventre
904 1753 930 1778 in
949 1762 1022 1790 poss.
1040 1754 1082 1779 37.
1102 1754 1125 1779 9.

287 1795 423 1821 Adfinium
447 1806 588 1833 personav,
619 1800 647 1822 ut
670 1796 819 1833 privignus,
847 1796 978 1833 privigna,
1002 1806 1126 1827 noverca,

289 1839 411 1867 vitricus.
433 1848 507 1864 socer
527 1843 575 1864 etc.
605 1838 688 1865 Yatic.
708 1839 730 1872 5.
749 1840 809 1865 302.
829 1854 861 1858 —-
881 1839 911 1872 §.
932 1840 969 1865 3.
988 1840 1128 1872 Propin-

289 1891 386 1916 quus,
426 1882 647 1908 Necessarius.
691 1881 709 1907 1.
735 1882 797 1916 Sy.
834 1881 966 1907 Parentes.
1008 1881 1127 1907 Adfines.

289 1923 339 1950 Th.
356 1924 386 1951 C.
402 1924 442 1950 lll.
456 1926 480 1950 5.
503 1934 524 1950 r.
539 1925 562 1950 4.
583 1934 603 1950 e.
618 1925 642 1950 b'.
662 1924 698 1958 55.
712 1926 736 1950 3.
751 1934 792 1960 sq.
812 1924 844 1950 de
863 1924 979 1961 sponsal.
1007 1924 1049 1950 111.
1063 1925 1128 1952 011.

288 1967 412 1994 Evocatis
433 1966 571 1997 adfinibus,
591 1971 668 2002 atquo
688 1968 777 1993 amicis
797 1968 900 1999 tutoris,
922 1967 1028 1993 Praetor
1042 1983 1074 1987 —
1087 1967 1129 1993 de-

291 2015 386 2037 cerm-t.
417 2009 446 2036 sr.
467 2011 491 2036 (j.
517 2010 561 2035 ubi
586 2020 647 2046 pup.
672 2010 746 2036 educ.
774 2011 816 2036 27.
836 2012 859 2036 2.
897 2010 968 2036 Patri
992 2014 1036 2036 aut
1054 2011 1129 2036 man-i

290 2053 405 2090 puellae.
425 2058 468 2079 aut
488 2054 582 2083 tutori,
607 2052 646 2079 vel
666 2054 792 2085 curatori,
816 2058 859 2079 aut.
882 2052 990 2079 cuilibet
1013 2053 1068 2078 eius
1088 2052 1130 2078 ad-

290 2097 345 2127 fini.
365 2106 416 2122 non
437 2096 512 2122 licoat
531 2111 563 2114 —
584 2095 691 2121 ‹munh-m
711 2095 753 2122 alii
773 2097 799 2122 in
813 2097 1006 2122 matrimonium
1018 2095 1128 2122 tradere.

291 2138 341 2166 Tb.
362 2139 393 2166 C.
414 2139 455 2165 lll.
476 2141 499 2165 5.
520 2148 541 2165 c.
562 2140 585 2165 4.
606 2138 639 2165 dv
658 2138 774 2176 sponsal.

326 2182 525 2209 Adfinitns.
563 2182 593 2215 §.
618 2183 652 2208 l.
685 2184 902 2214 Coniunctis),
931 2192 1011 2216 quae
1044 2183 1130 2207 inter

291 2227 460 2260 coniugem
488 2231 518 2251 et
546 2227 689 2251 nitet-iux
717 2227 870 2259 coniugis
898 2231 1056 2259 cognatos
1083 2225 1130 2250 iu·

291 2270 439 2295 tercedit.
476 2267 493 2293 l.
510 2268 570 2301 Sy.
600 2267 776 2302 Cognationes
795 2278 843 2304 prr
862 2269 966 2304 nuptias
985 2266 1130 2304 copulatae.

292 2311 322 2338 fr.
337 2312 361 2337 4.
380 2311 401 2345 5.
415 2312 439 2337 3.
459 2309 491 2336 (1(-
511 2310 580 2343 grad.
601 2315 626 2336 et
640 2309 717 2336 adfiu.
740 2311 782 2336 38.
799 2312 840 2336 lo.
875 2310 1041 2347 Nuptiarum.
1059 2309 1131 2336 Adfi-

293 2355 381 2380 nitatis
403 2354 476 2386 (ius).
509 2352 598 2378 Iulian.
620 2363 659 2389 cp.
681 2362 740 2378 nov.
761 2362 782 2378 c.
798 2355 855 2379 lll.
875 2354 896 2387 5.
911 2355 970 2380 411.
1007 2353 1049 2379 Ill.
1065 2354 1131 2380 Cn.

294 2397 458 2432 Cognationc
477 2395 643 2422 adfinitatvve
668 2396 794 2432 (propius
814 2406 970 2432 quemquam
989 2406 1079 2422 eorum
1096 2401 1132 2421 at-

295 2441 418 2475 tinget-v).
455 2438 484 2465 sr.
503 2440 527 2465 5.
548 2448 586 2475 pr.
611 2437 642 2463 dt·
662 2439 738 2464 iniur.
770 2440 811 2464 47.
833 2441 872 2465 10.
909 2438 1007 2475 Aliquo
1026 2438 1131 2465 vinculo

295 2482 506 2513 necessitudinis.
526 2481 566 2508 vel
587 2481 737 2509 adfinitatis.
757 2481 858 2518 pupillo
879 2482 1042 2508 coniunctus.
1062 2481 1092 2508 sr.
1107 2483 1131 2508 9.

294 2525 327 2551 dr
346 2535 417 2561 susp.
438 2530 483 2551 tut.
503 2526 545 2551 26.
567 2526 605 2551 10.
638 2523 763 2560 Nuptiae,
782 2534 830 2560 per
848 2534 912 2560 quas
933 2523 991 2550 talis
1011 2524 1131 2550 adfinitas

295 2569 412 2604 quat-sita
437 2573 483 2593 νεῖ.
519 2568 575 2594 Gai.
596 2567 613 2594 I.
638 2568 679 2593 623.
704 2566 733 2592 fr.
753 2568 776 2592 4.
802 2567 840 2600 5'5.
858 2568 882 2592 3.
902 2568 925 2592 7.
955 2566 988 2593 de
1011 2566 1081 2603 grad.
1107 2571 1133 2593 et

295 2610 346 2637 ads.
369 2612 411 2636 38.
428 2612 466 2636 1⁰.
494 2609 658 2641 Praescntos,
676 2625 709 2629 -
728 2619 752 2635 v.
773 2610 847 2644 Quat:
868 2609 999 2645 qnondam
1018 2609 1131 2638 suerunt.

296 2653 483 2687 (adfinitatvs).
512 2652 541 2679 fr.
561 2654 583 2679 3.
611 2654 633 2687 5.
657 2654 677 2679 Ι.
706 2652 739 2679 de
758 2651 854 2688 postul.
883 2653 951 2678 3.1.
983 2668 1015 2671 -—
1045 2653 1077 2685 ἕ.
1097 2653 1132 2678 2.

296 2698 442 2723 Pietatis
464 2697 626 2722 vinculum
645 2698 733 2722 inter
752 2697 840 2729 ipsos
859 2696 1012 2729 coniuges
1031 2697 1134 2721 inter-

296 2750 326 2765 ce
335 2742 414 2764 deus.
452 2738 493 2764 lll.
508 2739 573 2765 Cn.
606 2738 684 2773 Quod
705 2748 802 2775 sponsa
821 2747 920 2774 sponso
940 2737 1010 2763 dotis
1029 2738 1133 2763 nomino

297 2782 411 2808 dederit.
441 2781 523 2807 ‹lom—«z
549 2786 649 2806 manc-at
673 2783 741 2807 inter
765 2790 810 2807 eos
835 2779 963 2806 adfinitaS.
998 2779 1027 2805 fr.
1052 2782 1076 2805 8.
1101 2779 1134 2805 de.

299 2824 373 2851 rond.
394 2835 414 2850 (τ.
436 2824 485 2850 dat.
510 2825 546 2849 12.
568 2825 590 2850 -Ι,
621 2823 651 2850 cs.
675 2824 755 2850 tatic.
781 2824 802 2858 5.
821 2825 880 2850 302.

919 2824 992 2858 Qua«-
1011 2832 1133 2859 sponsae.
1156 2828 1157 2836 ¹

1098 163 1195 195 ΑΒΓ.

1166 245 1310 272 adfinitatis
1341 243 1533 271 contrahendae
1564 254 1654 275 causa,
1690 254 1703 270 a
1734 244 1835 270 minore
1866 244 2004 272 donantur.

1166 288 1243 325 Grcg.
1265 288 1296 315 C.
1317 287 1348 314 Il.
1370 289 1392 313 l.
1427 286 1476 313 Th.
1498 287 1530 314 C.
1550 287 1568 314 Ι.
1587 289 1613 313 2.
1637 297 1658 313 c.
1680 289 1702 313 l.
1732 286 1765 313 de
1789 286 1840 314 div.
1859 298 1939 315 rescr.
1972 288 2004 315 cf.

1166 328 1197 358 fr.
1216 333 1258 358 38.
1283 331 1305 365 5.
1327 333 1350 357 l.
1375 330 1407 356 d«-
1426 340 1497 356 usur.
1521 333 1562 356 22.
1583 332 1606 357 l.
1643 346 1675 349 —
1712 330 1743 363 §-
1764 331 1801 356 ³,
1834 332 2005 366 Cognatio.

1166 374 1210 401 lll.
1231 375 1296 402 (7η.
1334 373 1391 399 Nisi
1411 374 1445 399 ita
1465 373 1620 399 coniunctus
1640 377 1681 399 est
1699 373 1841 400 adfinitate.
1861 378 1889 399 ut
1907 374 2006 400 invitus

1167 419 1193 444 in
1220 427 1293 443 reum
1322 417 1500 442 testimonium
1527 415 1613 442 dicere
1643 426 1695 442 non
1724 417 1818 453 possit.
1852 416 1883 442 fr.
1906 417 1947 442 39.
1973 416 2006 442 de

1167 461 1243 486 iniur.
1268 461 1310 486 47.
1332 461 1371 486 10.
1413 458 1441 484 ln
1465 458 1506 484 his
1525 457 1582 485 Yll.
1601 459 1724 495 gradibus
1748 460 1833 485 onmia
1852 459 2006 496 propinqui-

1166 508 1247 529 tatum
1267 503 1370 528 nomina
1390 502 1570 531 continentur,
1589 502 1656 528 ultra
1676 512 1742 538 quos
1763 512 1811 528 nce
1830 502 1950 528 adfinitas
1970 503 2007 528 in-

1166 546 1250 571 veniri
1269 550 1319 571 etc.
1351 545 1447 581 lnterp.
1472 544 1504 570 ad
1523 544 1595 570 Paul.
1615 544 1658 571 IV.
1680 547 1720 571 ll.
1741 545 1763 579 5.
1784 548 1807 571 8.
1845 560 1877 564 ——
1914 545 1945 577 §0
1966 546 2006 571 ⁴·

1167 590 1285 615 Coetus
1304 590 1530 622 adgnatorum.
1567 586 1654 622 LSy.
1674 587 1826 625 Propinqui.
1853 586 1902 614 Th.
1917 587 1948 614 C.
1963 587 2006 614 ΠΙ.

1168 633 1191 658 7.
1212 641 1232 657 c.
1255 633 1276 657 l.
1297 641 1337 668 pr.
1362 631 1384 664 5.
1406 632 1427 656 l.
1448 629 1480 656 de
1499 635 1572 667 nupt..
1593 630 1638 656 IX.
1658 632 1699 657 40.
1720 642 1741 657 c.
1763 633 1803 657 1⁸.
1824 630 1856 657 (1(-
1876 640 1952 667 poen.

1201 675 1390 701 Adfinitus
1414 673 1543 707 (Partio).
1573 674 1757 709 Definitum
1785 673 1826 700 III.
1849 675 1914 701 Gn.
1937 672 2008 700 Haec

1167 718 1320 744 constitutio
1340 716 1475 743 adfinitum
1495 716 1538 749 [al.
1559 716 1591 742 ad
1610 715 1750 750 inlinitum]
1770 716 1876 743 modum
1895 715 2006 743 excedit.

1167 760 1198 787 sr.
1220 762 1260 787 17.
1280 770 1319 797 pr.
1340 759 1372 786 de
1392 769 1462 786 usur.
1482 761 1524 785 22.
1546 760 1568 785 l.

1202 803 1429 830 Adfirmare.
1466 802 1497 836 §.
1512 803 1545 828 l.
1566 803 1780 835 Aelaeverare,
1800 804 1956 836 Recipere
1975 802 2009 828 in

1167 856 1208 872 re.
1244 845 1262 871 l.
1284 846 1346 879 Sy.
1383 844 1519 881 Adlegarr.
1552 844 1657 871 Dicere.
1689 844 1721 871 cs.
1745 845 1788 871 hh.
1812 855 1854 872 vv.
1893 843 2009 870 Adseve-

1168 899 1233 915 rare.
1258 888 1288 914 t'r.
1310 889 1349 914 17.
1370 889 1392 922 5.
1410 890 1452 915 20.
1482 888 1514 914 de
1534 887 1599 914 Aed.
1625 887 1664 914 vd.
1684 889 1726 914 21.
1747 890 1770 914 1.
1811 887 1854 914 Ill.
1873 888 1935 915 cn.
1970 886 2008 918 Si,

1169 941 1236 968 quae
1259 930 1396 962 adfirmas,
1421 941 1482 957 vcra
1508 935 1577 957 sunt.
1614 930 1699 957 Yatic.
1718 931 1740 964 5.
1759 932 1819 957 266.
1839 941 1860 957 a.
1896 930 1925 956 Si
1945 929 2009 966 quid

1169 973 1290 1000 venditor
1309 973 1342 1000 de
1359 975 1489 1011 mancipio
1513 973 1698 1003 adfirnnwerit,
1717 973 1796 1009 idque
1820 982 1873 999 non
1897 973 1931 999 ita
1950 982 2010 999 osse

1170 1022 1253 1043 emtor
1273 1021 1403 1053 queratur.
1432 1016 1463 1043 fr.
1478 1019 1518 1043 18.
1532 1027 1570 1053 pr.
1585 1016 1602 1042 l.
1616 1016 1633 1043 l.
1652 1018 1694 1042 21.
1710 1018 1732 1042 l.
1761 1015 1919 1052 Decipiendi
1933 1026 2009 1043 causa

1170 1060 1315 1087 adfirmare.
1343 1059 1374 1086 sr.
1396 1060 1436 1086 18.
1455 1060 1477 1093 5
1497 1061 1521 1086 3.
1541 1059 1574 1085 de
1593 1059 1617 1085 d.
1637 1069 1669 1085 m.
1690 1060 1712 1085 4.
1726 1060 1751 1085 3.
1771 1075 1804 1078 —
1822 1059 1854 1092 §.
1874 1060 1908 1085 Β.
1929 1061 2009 1086 Pro-

1173 1105 1262 1135 bare,
1290 1105 1506 1137 Adgnoscere.
1543 1102 1561 1128 I.
1581 1102 1639 1136 Sy.
1675 1101 1799 1128 Probare.
1836 1101 2009 1128 Confirmat-e.

1170 1146 1256 1173 Fatvri
1281 1146 1467 1183 (scripturam,
1488 1156 1512 1171 v.
1532 1145 1663 1178 manum).
1701 1144 1750 1171 Th.
1771 1144 1802 1170 C.
1822 1144 1852 1170 Il.
1877 1145 1919 1170 27.
1944 1154 1965 1170 c.
1987 1145 2009 1170 1.

1170 1190 1251 1223 551.
1270 1191 1295 1215 2.
1315 1190 1339 1215 4.
1360 1189 1382 1214 si
1402 1193 1464 1215 cert.
1484 1193 1564 1225 petat.

1204 1231 1441 1259 Adfirmatio.
1477 1232 1703 1258 Adseveraeio.
1734 1230 1751 1256 Ι.
1772 1231 1834 1264 Sy.
1860 1229 2009 1265 Adlegatio.

1169 1275 1351 1301 Adsevoratio.
1377 1285 1398 1301 c.
1420 1275 1459 1300 14.
1485 1274 1517 1300 de
1535 1273 1638 1311 probat.
1657 1274 1681 1299 4.
1703 1274 1743 1299 19.
1763 1283 1784 1299 c.
1805 1275 1829 1299 5.
1855 1272 1887 1299 de.
1906 1272 2011 1299 liberali

1170 1328 1192 1345 c.
1213 1320 1235 1345 7.
1259 1319 1298 1345 16.
1337 1317 1378 1344 ΠΙ.
1401 1318 1466 1345 Gn.
1495 1316 1563 1343 Cum
1582 1327 1610 1343 se
1629 1315 1790 1353 pati-enisam.
1811 1315 1923 1348 diceret,
1944 1316 2011 1342 eius-

1170 1371 1221 1398 que
1231 1361 1405 1387 adfirmationi
1418 1360 1563 1387 credidisse
1576 1364 1601 1386 te
1613 1360 1681 1386 iusta
1694 1360 1794 1385 ratione
1805 1358 1914 1385 edocere
1924 1363 2010 1395 potes.

1171 1415 1192 1431 c.
1214 1406 1236 1431 1.
1261 1403 1294 1430 ad
1318 1403 1345 1430 S.
1369 1403 1399 1430 C.
1420 1403 1485 1431 Mac.
1511 1404 1534 1429 4.
1553 1405 1595 1429 2⁸.
1625 1401 1656 1429 cf.
1683 1401 1713 1428 sr.
1733 1403 1758 1428 5.
1782 1402 1804 1435 5.
1825 1402 1848 1428 6.
1873 1401 1906 1428 de.
1924 1401 1956 1428 R.
1976 1400 2010 1428 Μ.

1171 1449 1212 1474 49.
1233 1448 1273 1474 16.
1317 1446 1377 1473 Non
1401 1447 1426 1473 in
1450 1446 1507 1473 sola
1530 1445 1710 1472 adfirmatione
1732 1446 1839 1471 testium
1863 1445 2013 1471 consistunt

1171 1490 1220 1524 (sc.
1240 1490 1437 1527 probationes).
1467 1489 1498 1516 fr.
1515 1490 1557 1515 29.
1577 1498 1616 1526 pr.
1638 1488 1670 1514 de
1689 1487 1791 1525 probat.
1810 1486 1852 1514 22.
1871 1488 1897 1513 3.

1205 1534 1449 1560 Amin-mator.
1498 1533 1560 1565 Qui
1585 1532 1776 1558 testimonio
1803 1540 1858 1557 suo
1881 1532 2012 1557 adseve-

1171 1583 1240 1608 rat,
1261 1576 1388 1610 (idoneos
1410 1585 1469 1601 esse
1488 1574 1616 1608 tutores).
1658 1573 1701 1600 111.
1723 1574 1790 1601 Cn.
1816 1572 1915 1600 Eadem
1935 1582 2013 1600 causa

1171 1619 1275 1645 videtur
1299 1619 1506 1650 adso-matorum,
1536 1618 1581 1654 qni
1609 1616 1712 1643 scilicet
1735 1626 1793 1643 cum
1818 1615 1929 1642 idoneos
1953 1625 2013 1642 esse

1170 1667 1273 1688 tutores
1301 1662 1508 1693 adfirmaverim,
1543 1660 1729 1686 fideiussorum
1757 1660 1842 1685 vicem
1871 1659 2012 1685 sustinent.

1171 1705 1202 1732 fr.
1222 1707 1247 1731 4.
1267 1706 1289 1739 5.
1309 1707 1333 1731 3.
1354 1705 1386 1731 de
1405 1704 1522 1731 suh-iuss.
1544 1708 1570 1729 et
1589 1712 1657 1729 nom.
1677 1703 1718 1728 27.
1740 1703 1763 1728 7.
1800 1701 1849 1728 Hic
1868 1702 1936 1728 enim
1957 1702 2011 1735 (sc.

1171 1747 1323 1781 mandator)
1342 1747 1415 1774 volut
1433 1747 1584 1773 adfirmator
1603 1745 1651 1771 suit
1670 1749 1696 1770 et
1714 1754 1820 1776 suasor,
1845 1749 1873 1771 ut
1892 1754 1950 1771 cum
1967 1745 2014 1771 mi-

1172 1801 1235 1817 nore
1255 1791 1460 1817 c‹mtralwretnr.
1489 1790 1520 1816 fr.
1542 1791 1582 1815 13.
1602 1798 1641 1825 pr.
1662 1787 1694 1814 de
1713 1788 1806 1813 minor.
1828 1789 1853 1813 4.
1872 1788 1897 1814 4.

1207 1834 1362 1860 Adfixus
1377 1833 1506 1867 (Pamin).
1536 1833 1567 1866 ξ.
1581 1833 1616 1858 1.
1645 1832 1798 1866 lusi-rus,
1817 1832 2012 1857 Adiunctum.

1172 1877 1190 1903 l.
1206 1878 1268 1911 Sy.
1289 1876 1446 1903 (johar-rere.
1483 1875 1609 1902 Adfixam
1629 1883 1696 1900 esse.
1716 1872 1746 1899 fr.
1757 1874 1817 1899 245.
1830 1883 1869 1910 pr.
1891 1872 1923 1899 de
1937 1872 1967 1898 V.
1983 1871 2011 1899 S.

1172 1922 1214 1946 50.
1235 1922 1275 1947 16.
1312 1919 1420 1946 Infixus.
1452 1918 1481 1945 fr.
1495 1921 1537 1945 21.
1558 1917 1591 1944 de
1609 1917 1684 1943 instr.
1704 1915 1753 1952 leg.
1772 1917 1815 1942 33.
1829 1917 1851 1942 7.
1887 1914 1932 1941 HI.
1946 1916 2013 1942 οη.

1174 1964 1249 1998 Quae
1267 1963 1302 1989 ita
1321 1962 1415 1991 adfixa.
1435 1963 1503 1988 itave
1522 1959 1684 1987 inaedificata
1703 1962 1772 1985 sunt.
1793 1962 1821 1984 ut
1838 1962 1927 1995 partes
1945 1956 2014 1984 aedi-

1173 2006 1293 2032 ficiorum
1313 2014 1371 2031 esse
1390 2004 1535 2031 vid-eantur.
1565 2002 1596 2029 sr.
1614 2003 1656 2027 21.
1676 2000 1693 2027 l.
1712 2002 1753 2027 33.
1774 2002 1797 2027 7.
1835 2000 1952 2027 Tabulae
1971 2000 2014 2027 ad-

1175 2049 1241 2074 fixae
1261 2052 1286 2073 et
1305 2047 1449 2084 parietibus
1474 2046 1618 2073 adiunctae.
1647 2043 1678 2070 sr.
1697 2045 1738 2070 41.
1765 2044 1849 2078 513.
1873 2043 1905 2070 de
1924 2043 1972 2080 leg.
1993 2042 2012 2069 1.

1175 2090 1253 2124 (30.)
1283 2090 1314 2117 cf.
1339 2090 1369 2117 sr.
1390 2092 1449 2116 245.
1471 2100 1509 2127 pr.
1535 2089 1567 2115 de
1591 2087 1622 2114 V.
1644 2087 1671 2113 S.
1691 2089 1733 2113 50.
1754 2089 1795 2113 16.
1836 2086 2014 2113 Adhaerentia

1174 2133 1303 2162 membro.
1323 2133 1365 2159 vel
1385 2133 1470 2159 adfixa
1490 2132 1631 2165 (armaria).
1653 2130 1682 2156 t'r.
1703 2131 1744 2155 52.
1764 2130 1787 2163 5.
1808 2131 1830 2156 7.
1851 2129 1883 2156 de
1902 2128 1950 2165 leg.
1970 2128 2012 2155 111.

1174 2177 1246 2209 (32.)
1284 2176 1312 2203 Si
1333 2186 1417 2213 nvqno
1436 2175 1603 2213 adplmnbata
1622 2173 1683 2204 fust,
1703 2182 1788 2209 neque
1807 2172 1892 2199 adfixa
1912 2172 2014 2205 (monu-

1175 2224 1277 2251 mento,
1301 2230 1337 2246 sc.
1358 2219 1469 2252 statua).
1504 2218 1534 2245 sr.
1553 2219 1579 2243 2.
1599 2216 1631 2243 de
1650 2215 1749 2253 sepulc.
1770 2215 1831 2242 viol.
1851 2216 1893 2241 47.
1914 2216 1955 2240 12.
1981 2229 2013 2234 —-

1175 2262 1205 2295 §0
1226 2263 1261 2289 2.
1293 2264 1500 2296 Adscriptus,
1529 2261 1688 2287 Addit-tus
1713 2264 1877 2293 perpetuo.
1914 2257 1932 2284 1.
1952 2258 2015 2291 Sy.

1176 2304 1300 2335 luditum.
1326 2304 1463 2336 Adfixum,
1495 2313 1561 2329 csse.
1603 2301 1725 2329 Adtineri
1755 2300 1921 2335 (censibus).
1963 2299 2013 2326 Th.

1176 2348 1207 2374 C.
1228 2347 1283 2374 VH.
1306 2349 1345 2374 13.
1372 2358 1393 2374 c.
1413 2348 1436 2373 6.
1462 2347 1483 2381 5.
1507 2348 1528 2372 l.
1554 2356 1575 2371 c.
1596 2347 1618 2371 7.
1643 2345 1709 2378 513.
1735 2344 1767 2370 de
1787 2345 1863 2370 tirou.
1893 2342 1950 2369 VII.
1970 2344 2012 2368 20.

1176 2401 1197 2417 c.
1211 2392 1234 2416 4.
1247 2401 1285 2427 pr.
1306 2390 1339 2417 de
1352 2395 1466 2417 vett-ran.
1503 2388 1545 2415 111.
1561 2389 1627 2415 Cn.
1657 2387 1692 2413 U
1711 2386 1789 2413 iidem
1808 2387 1864 2412 iure
1882 2389 2012 2423 perpetuo

1177 2433 1292 2464 idoneis.
1313 2433 1399 2459 adfixa
1418 2432 1607 2469 praestatione,
1628 2430 1770 2457 tradantur.
1801 2429 1839 2456 lb.
1858 2428 1928 2456 XIV.
1947 2429 1971 2454 3.
1991 2438 2012 2454 c.

1178 2478 1217 2503 19.
1238 2476 1270 2504 de
1289 2478 1351 2513 pist.
1371 2480 1398 2502 et
1416 2474 1498 2501 catab.

1216 2521 1435 2547 Admetum.
1473 2518 1646 2550 Proxequt',
1670 2517 1851 2542 Lac-essere.
1887 2512 1930 2539 III.
1948 2514 2014 2541 Cn.

1176 2565 1212 2592 Vt
1231 2580 1264 2584 —
1282 2563 1388 2589 minime
1406 2559 1607 2587 necessitatibus
1621 2563 1788 2590 terrerentur,
1808 2562 1885 2593 atque
1899 2555 2013 2582 adfiicta-

1176 2613 1266 2635 rentur
1285 2606 1395 2632 iniuriis.
1428 2604 1464 2630 lb.
1483 2604 1517 2629 X.
1537 2604 1561 2636 4,
1582 2613 1602 2628 r.
1622 2604 1646 2628 2.
1667 2601 1700 2628 de
1719 2606 1798 2627 actor.
1818 2609 1922 2636 procur.

1210 2647 1440 2677 Adflictafio.
1478 2648 1606 2673 lllatio.
1649 2644 1691 2671 lll.
1712 2646 1776 2671 (ln.
1810 2642 1865 2668 Fre
1884 2640 2014 2679 adpellan-

1177 2699 1216 2720 tcs
1236 2693 1388 2719 iniuriarum
1402 2689 1579 2715 adllirtation(¹
1593 2687 1732 2714 dvterritos
1752 2702 1785 2705 —
1803 2685 1942 2722 expellant.
1977 2683 2012 2709 lb.

1178 2736 1222 2763 XJ.
1242 2737 1283 2761 31).
1304 2745 1324 2760 r.
1344 2736 1385 2759 22.
1407 2732 1439 2759 d«-
1458 2742 1515 2768 app.
1538 2735 1563 2757 vt
1582 2741 1657 2767 pomi.

1212 2777 1394 2805 Admotus
1415 2774 1548 2808 (Panic).
1586 2775 1617 2807 ἕ.
1638 2774 1671 2799 l.
1703 2773 1838 2804 Tactus,
1862 2771 2013 2803 Implici-

1176 2828 1242 2853 tus,
1269 2822 1449 2853 Correptus.
1492 2817 1532 2843 lll.
1553 2818 1619 2845 Cn.
1651 2816 1705 2851 Qui
1725 2816 1831 2841 crimine
1851 2812 1946 2839 suerint
1965 2822 2014 2838 ma-
