<?xml version="1.0" encoding="UTF-8"?>
<!DOCTYPE html PUBLIC "-//W3C//DTD XHTML 1.0 Transitional//EN"
    "http://www.w3.org/TR/xhtml1/DTD/xhtml1-transitional.dtd">
<html xmlns="http://www.w3.org/1999/xhtml" xml:lang="en" lang="en">
 <head>
  <title>
</title>
<meta http-equiv="Content-Type" content="text/html;charset=utf-8" />
  <meta name='ocr-system' content='tesseract 3.04.00' />
  <meta name='ocr-capabilities' content='ocr_page ocr_carea ocr_par ocr_line ocrx_word'/>
</head>
<body>
  <div class='ocr_page' id='page_1' title='image "./manualelatinitat00dirk_0276.png"; bbox 0 0 2197 3121; ppageno 0'>
   <div class='ocr_carea' id='block_1_1' title="bbox 252 172 316 203">
    <p class='ocr_par' dir='ltr' id='par_1_1' title="bbox 252 172 316 203">
     <span class='ocr_line' id='line_1_1' title="bbox 252 172 316 203; baseline 0 0"><span class='ocrx_word' id='word_1_1' title='bbox 252 172 316 203; x_wconf 81' lang='lat'>262</span> 
     </span>
    </p>
   </div>
   <div class='ocr_carea' id='block_1_2' title="bbox 253 252 1122 1063">
    <p class='ocr_par' dir='ltr' id='par_1_2' title="bbox 253 252 1122 1063">
     <span class='ocr_line' id='line_1_2' title="bbox 253 252 1119 291; baseline -0.003 -11"><span class='ocrx_word' id='word_1_2' title='bbox 253 255 383 291; x_wconf 75' lang='lat' dir='ltr'>gationem</span> <span class='ocrx_word' id='word_1_3' title='bbox 413 255 469 280; x_wconf 86' lang='lat' dir='ltr'>iure</span> <span class='ocrx_word' id='word_1_4' title='bbox 497 252 676 290; x_wconf 69' lang='lat' dir='ltr'>stipulationis</span> <span class='ocrx_word' id='word_1_5' title='bbox 704 252 887 288; x_wconf 82' lang='lat' dir='ltr'>interpositam</span> <span class='ocrx_word' id='word_1_6' title='bbox 919 252 1011 287; x_wconf 70' lang='lat' dir='ltr'>(agere</span> <span class='ocrx_word' id='word_1_7' title='bbox 1039 261 1091 277; x_wconf 92' lang='lat' dir='ltr'>non</span> <span class='ocrx_word' id='word_1_8' title='bbox 1118 283 1119 288; x_wconf 21' lang='grc'>1</span> 
     </span>
     <span class='ocr_line' id='line_1_3' title="bbox 254 294 1094 335; baseline -0.002 -12"><span class='ocrx_word' id='word_1_9' title='bbox 254 298 361 335; x_wconf 84' lang='lat' dir='ltr'>posse).</span> <span class='ocrx_word' id='word_1_10' title='bbox 394 297 424 323; x_wconf 85' lang='lat' dir='ltr'>sr.</span> <span class='ocrx_word' id='word_1_11' title='bbox 443 299 486 323; x_wconf 85' lang='grc'>20.</span> <span class='ocrx_word' id='word_1_12' title='bbox 511 296 543 323; x_wconf 85' lang='lat' dir='ltr'>de</span> <span class='ocrx_word' id='word_1_13' title='bbox 567 297 592 322; x_wconf 90' lang='lat' dir='ltr'>in</span> <span class='ocrx_word' id='word_1_14' title='bbox 617 295 685 321; x_wconf 85' lang='lat' dir='ltr'>diem</span> <span class='ocrx_word' id='word_1_15' title='bbox 705 294 801 321; x_wconf 67' lang='lat' dir='ltr'>addici.</span> <span class='ocrx_word' id='word_1_16' title='bbox 828 296 867 321; x_wconf 75' lang='lat'>18.</span> <span class='ocrx_word' id='word_1_17' title='bbox 886 296 910 321; x_wconf 83' lang='grc'>2.</span> <span class='ocrx_word' id='word_1_18' title='bbox 943 311 975 314; x_wconf 90' lang='grc'><strong>-</strong></span> <span class='ocrx_word' id='word_1_19' title='bbox 1007 295 1038 328; x_wconf 67' lang='lat'>§0</span> <span class='ocrx_word' id='word_1_20' title='bbox 1057 296 1094 321; x_wconf 66' lang='lat'>2.</span> 
     </span>
     <span class='ocr_line' id='line_1_4' title="bbox 255 334 1119 375; baseline -0.003 -8"><span class='ocrx_word' id='word_1_21' title='bbox 255 342 447 375; x_wconf 70' lang='lat' dir='ltr'><em>Descriptio</em></span> <span class='ocrx_word' id='word_1_22' title='bbox 472 340 668 373; x_wconf 73' lang='lat' dir='ltr'>Imperialis</span> <span class='ocrx_word' id='word_1_23' title='bbox 695 340 894 365; x_wconf 74' lang='lat' dir='ltr'>tributorum</span> <span class='ocrx_word' id='word_1_24' title='bbox 921 348 937 364; x_wconf 82' lang='lat' dir='ltr'>a</span> <span class='ocrx_word' id='word_1_25' title='bbox 960 339 1095 372; x_wconf 72' lang='lat' dir='ltr'>provin·</span> <span class='ocrx_word' id='word_1_26' title='bbox 1118 334 1119 357; x_wconf 57' lang='grc' dir='ltr'><strong>ἶ</strong></span> 
     </span>
     <span class='ocr_line' id='line_1_5' title="bbox 253 372 1119 417; baseline -0.003 -7"><span class='ocrx_word' id='word_1_27' title='bbox 253 385 395 411; x_wconf 72' lang='lat' dir='ltr'>cialibus</span> <span class='ocrx_word' id='word_1_28' title='bbox 412 383 695 417; x_wconf 68' lang='lat' dir='ltr'><em>praestantiorum.</em></span> <span class='ocrx_word' id='word_1_29' title='bbox 725 380 743 407; x_wconf 94' lang='lat' dir='ltr'>I.</span> <span class='ocrx_word' id='word_1_30' title='bbox 760 382 822 415; x_wconf 71' lang='lat' dir='ltr'>Sy.</span> <span class='ocrx_word' id='word_1_31' title='bbox 849 380 1024 416; x_wconf 75' lang='lat' dir='ltr'>Delegatoria.</span> <span class='ocrx_word' id='word_1_32' title='bbox 1046 379 1096 407; x_wconf 87' lang='lat' dir='ltr'>Th.</span> <span class='ocrx_word' id='word_1_33' title='bbox 1118 372 1119 381; x_wconf 17' lang='grc' dir='ltr'>ἵ</span> 
     </span>
     <span class='ocr_line' id='line_1_6' title="bbox 255 411 1119 461; baseline -0.003 -8"><span class='ocrx_word' id='word_1_34' title='bbox 255 426 287 453; x_wconf 88' lang='lat' dir='ltr'>C.</span> <span class='ocrx_word' id='word_1_35' title='bbox 306 425 362 452; x_wconf 52' lang='lat' dir='ltr'>VII.</span> <span class='ocrx_word' id='word_1_36' title='bbox 382 427 405 451; x_wconf 74' lang='lat'>4.</span> <span class='ocrx_word' id='word_1_37' title='bbox 426 435 447 451; x_wconf 92' lang='lat' dir='ltr'>c.</span> <span class='ocrx_word' id='word_1_38' title='bbox 461 427 501 451; x_wconf 85' lang='lat'>22.</span> <span class='ocrx_word' id='word_1_39' title='bbox 522 434 562 461; x_wconf 85' lang='lat' dir='ltr'>pr.</span> <span class='ocrx_word' id='word_1_40' title='bbox 581 424 603 457; x_wconf 88' lang='lat'>5.</span> <span class='ocrx_word' id='word_1_41' title='bbox 620 425 642 450; x_wconf 96' lang='lat' dir='ltr'>l.</span> <span class='ocrx_word' id='word_1_42' title='bbox 663 423 695 450; x_wconf 87' lang='lat' dir='ltr'>de</span> <span class='ocrx_word' id='word_1_43' title='bbox 715 434 784 460; x_wconf 75' lang='lat' dir='ltr'>erog.</span> <span class='ocrx_word' id='word_1_44' title='bbox 804 423 857 450; x_wconf 90' lang='lat' dir='ltr'>mil.</span> <span class='ocrx_word' id='word_1_45' title='bbox 876 433 970 449; x_wconf 84' lang='lat' dir='ltr'>annon.</span> <span class='ocrx_word' id='word_1_46' title='bbox 989 422 1034 449; x_wconf 79' lang='lat' dir='ltr'>XI.</span> <span class='ocrx_word' id='word_1_47' title='bbox 1054 425 1095 450; x_wconf 85' lang='lat'>16.</span> <span class='ocrx_word' id='word_1_48' title='bbox 1118 411 1119 445; x_wconf 64' lang='lat' dir='ltr'>l</span> 
     </span>
     <span class='ocr_line' id='line_1_7' title="bbox 256 465 1097 502; baseline -0.004 -7"><span class='ocrx_word' id='word_1_49' title='bbox 256 480 277 495; x_wconf 88' lang='lat' dir='ltr'>c.</span> <span class='ocrx_word' id='word_1_50' title='bbox 297 470 321 495; x_wconf 84' lang='lat'>8.</span> <span class='ocrx_word' id='word_1_51' title='bbox 342 468 374 495; x_wconf 81' lang='lat' dir='ltr'>de</span> <span class='ocrx_word' id='word_1_52' title='bbox 394 472 459 494; x_wconf 79' lang='lat' dir='ltr'>extr.</span> <span class='ocrx_word' id='word_1_53' title='bbox 480 477 500 493; x_wconf 85' lang='lat' dir='ltr'>s.</span> <span class='ocrx_word' id='word_1_54' title='bbox 521 466 592 493; x_wconf 84' lang='lat' dir='ltr'>sord.</span> <span class='ocrx_word' id='word_1_55' title='bbox 634 466 676 493; x_wconf 89' lang='lat'>111.</span> <span class='ocrx_word' id='word_1_56' title='bbox 696 468 762 495; x_wconf 70' lang='lat' dir='ltr'>Cn.</span> <span class='ocrx_word' id='word_1_57' title='bbox 791 467 866 502; x_wconf 81' lang='lat' dir='ltr'>Quae</span> <span class='ocrx_word' id='word_1_58' title='bbox 885 482 918 486; x_wconf 92' lang='lat'>—</span> <span class='ocrx_word' id='word_1_59' title='bbox 937 471 1026 492; x_wconf 88' lang='lat' dir='ltr'>nostra</span> <span class='ocrx_word' id='word_1_60' title='bbox 1047 465 1097 493; x_wconf 86' lang='lat' dir='ltr'>ele-</span> 
     </span>
     <span class='ocr_line' id='line_1_8' title="bbox 254 508 1119 544; baseline -0.005 -5"><span class='ocrx_word' id='word_1_61' title='bbox 254 513 350 539; x_wconf 79' lang='lat' dir='ltr'>mentia</span> <span class='ocrx_word' id='word_1_62' title='bbox 373 511 491 538; x_wconf 76' lang='lat' dir='ltr'>decernit</span> <span class='ocrx_word' id='word_1_63' title='bbox 514 508 662 541; x_wconf 76' lang='lat' dir='ltr'>inserenda⁷</span> <span class='ocrx_word' id='word_1_64' title='bbox 689 509 731 536; x_wconf 82' lang='lat' dir='ltr'>vel</span> <span class='ocrx_word' id='word_1_65' title='bbox 755 508 919 544; x_wconf 70' lang='lat' dir='ltr'>delegatione</span> <span class='ocrx_word' id='word_1_66' title='bbox 943 508 1097 535; x_wconf 79' lang='lat' dir='ltr'>solemniter</span> <span class='ocrx_word' id='word_1_67' title='bbox 1118 518 1119 524; x_wconf 66' lang='lat'>¹</span> 
     </span>
     <span class='ocr_line' id='line_1_9' title="bbox 255 551 1095 590; baseline -0.002 -10"><span class='ocrx_word' id='word_1_68' title='bbox 255 555 400 581; x_wconf 72' lang='lat' dir='ltr'>sanciente.</span> <span class='ocrx_word' id='word_1_69' title='bbox 424 553 466 579; x_wconf 79' lang='lat' dir='ltr'>vel</span> <span class='ocrx_word' id='word_1_70' title='bbox 486 552 608 590; x_wconf 81' lang='lat' dir='ltr'>epistolis</span> <span class='ocrx_word' id='word_1_71' title='bbox 628 552 856 589; x_wconf 74' lang='lat' dir='ltr'>praecedentibus.</span> <span class='ocrx_word' id='word_1_72' title='bbox 884 551 922 578; x_wconf 91' lang='lat' dir='ltr'>Ib.</span> <span class='ocrx_word' id='word_1_73' title='bbox 941 551 987 578; x_wconf 81' lang='lat' dir='ltr'>XI.</span> <span class='ocrx_word' id='word_1_74' title='bbox 1014 553 1053 578; x_wconf 93' lang='lat'>16.</span> <span class='ocrx_word' id='word_1_75' title='bbox 1074 563 1095 578; x_wconf 84' lang='lat' dir='ltr'>c.</span> 
     </span>
     <span class='ocr_line' id='line_1_10' title="bbox 255 593 1096 631; baseline -0.004 -7"><span class='ocrx_word' id='word_1_76' title='bbox 255 600 279 624; x_wconf 72' lang='grc'>8.</span> <span class='ocrx_word' id='word_1_77' title='bbox 299 597 316 623; x_wconf 96' lang='lat' dir='ltr'>l.</span> <span class='ocrx_word' id='word_1_78' title='bbox 342 597 373 623; x_wconf 81' lang='lat' dir='ltr'>et&#39;.</span> <span class='ocrx_word' id='word_1_79' title='bbox 393 596 438 623; x_wconf 72' lang='lat' dir='ltr'>xl.</span> <span class='ocrx_word' id='word_1_80' title='bbox 460 597 482 622; x_wconf 91' lang='lat' dir='ltr'>l.</span> <span class='ocrx_word' id='word_1_81' title='bbox 503 606 524 622; x_wconf 90' lang='lat' dir='ltr'>c.</span> <span class='ocrx_word' id='word_1_82' title='bbox 545 597 568 621; x_wconf 95' lang='lat' dir='ltr'>l.</span> <span class='ocrx_word' id='word_1_83' title='bbox 595 594 627 621; x_wconf 88' lang='lat' dir='ltr'>de</span> <span class='ocrx_word' id='word_1_84' title='bbox 646 605 704 621; x_wconf 82' lang='lat' dir='ltr'>ann.</span> <span class='ocrx_word' id='word_1_85' title='bbox 725 600 749 621; x_wconf 84' lang='lat' dir='ltr'>et</span> <span class='ocrx_word' id='word_1_86' title='bbox 769 594 830 621; x_wconf 87' lang='lat' dir='ltr'>trib.</span> <span class='ocrx_word' id='word_1_87' title='bbox 874 593 967 631; x_wconf 75' lang='lat' dir='ltr'>Neque</span> <span class='ocrx_word' id='word_1_88' title='bbox 986 594 1096 621; x_wconf 82' lang='lat' dir='ltr'>adiectis</span> 
     </span>
     <span class='ocr_line' id='line_1_11' title="bbox 255 637 1120 678; baseline -0.005 -11"><span class='ocrx_word' id='word_1_89' title='bbox 255 642 374 678; x_wconf 77' lang='lat' dir='ltr'>saepiuS.</span> <span class='ocrx_word' id='word_1_90' title='bbox 399 650 428 665; x_wconf 87' lang='lat' dir='ltr'>ac</span> <span class='ocrx_word' id='word_1_91' title='bbox 452 643 555 676; x_wconf 84' lang='lat' dir='ltr'>praeter</span> <span class='ocrx_word' id='word_1_92' title='bbox 578 639 691 675; x_wconf 78' lang='lat' dir='ltr'>priiuum</span> <span class='ocrx_word' id='word_1_93' title='bbox 717 637 888 673; x_wconf 68' lang='lat' dir='ltr'>delegationis</span> <span class='ocrx_word' id='word_1_94' title='bbox 907 647 1033 664; x_wconf 86' lang='lat' dir='ltr'>canonem</span> <span class='ocrx_word' id='word_1_95' title='bbox 1052 647 1098 675; x_wconf 86' lang='lat' dir='ltr'>po-</span> <span class='ocrx_word' id='word_1_96' title='bbox 1119 650 1120 656; x_wconf 55' lang='lat'>¹</span> 
     </span>
     <span class='ocr_line' id='line_1_12' title="bbox 255 680 1096 718; baseline -0.005 -8"><span class='ocrx_word' id='word_1_97' title='bbox 255 683 373 715; x_wconf 81' lang='lat' dir='ltr'>stulatiS,</span> <span class='ocrx_word' id='word_1_98' title='bbox 402 681 557 709; x_wconf 78' lang='lat' dir='ltr'>adliciantur</span> <span class='ocrx_word' id='word_1_99' title='bbox 580 681 728 718; x_wconf 85' lang='lat' dir='ltr'>impendiis.</span> <span class='ocrx_word' id='word_1_100' title='bbox 764 680 800 706; x_wconf 91' lang='lat' dir='ltr'>Ib.</span> <span class='ocrx_word' id='word_1_101' title='bbox 820 680 866 707; x_wconf 74' lang='lat' dir='ltr'>XI.</span> <span class='ocrx_word' id='word_1_102' title='bbox 887 681 928 707; x_wconf 84' lang='lat'>16.</span> <span class='ocrx_word' id='word_1_103' title='bbox 953 691 974 707; x_wconf 89' lang='lat' dir='ltr'>c.</span> <span class='ocrx_word' id='word_1_104' title='bbox 996 682 1035 707; x_wconf 86' lang='lat'>13.</span> <span class='ocrx_word' id='word_1_105' title='bbox 1065 680 1096 707; x_wconf 79' lang='lat' dir='ltr'>cs.</span> 
     </span>
     <span class='ocr_line' id='line_1_13' title="bbox 255 723 1098 761; baseline -0.005 -8"><span class='ocrx_word' id='word_1_106' title='bbox 255 727 300 754; x_wconf 84' lang='lat' dir='ltr'>XI.</span> <span class='ocrx_word' id='word_1_107' title='bbox 319 728 343 752; x_wconf 86' lang='lat'>5.</span> <span class='ocrx_word' id='word_1_108' title='bbox 363 736 385 752; x_wconf 89' lang='lat' dir='ltr'>c.</span> <span class='ocrx_word' id='word_1_109' title='bbox 404 727 429 752; x_wconf 83' lang='lat'>3.</span> <span class='ocrx_word' id='word_1_110' title='bbox 449 724 482 751; x_wconf 87' lang='lat' dir='ltr'>de</span> <span class='ocrx_word' id='word_1_111' title='bbox 500 724 636 751; x_wconf 79' lang='lat' dir='ltr'>indiction.</span> <span class='ocrx_word' id='word_1_112' title='bbox 675 723 755 759; x_wconf 80' lang='lat' dir='ltr'>Quod</span> <span class='ocrx_word' id='word_1_113' title='bbox 774 723 903 759; x_wconf 75' lang='lat' dir='ltr'>delegatio</span> <span class='ocrx_word' id='word_1_114' title='bbox 923 723 1098 761; x_wconf 83' lang='lat' dir='ltr'>superindicti</span> 
     </span>
     <span class='ocr_line' id='line_1_14' title="bbox 255 766 1099 804; baseline -0.006 -7"><span class='ocrx_word' id='word_1_115' title='bbox 255 770 360 797; x_wconf 77' lang='lat' dir='ltr'>nomine</span> <span class='ocrx_word' id='word_1_116' title='bbox 378 768 483 795; x_wconf 76' lang='lat' dir='ltr'>videtur</span> <span class='ocrx_word' id='word_1_117' title='bbox 506 767 639 804; x_wconf 77' lang='lat' dir='ltr'>amplexa,</span> <span class='ocrx_word' id='word_1_118' title='bbox 663 766 736 793; x_wconf 79' lang='lat' dir='ltr'>velut</span> <span class='ocrx_word' id='word_1_119' title='bbox 761 777 887 793; x_wconf 84' lang='lat' dir='ltr'>canonem</span> <span class='ocrx_word' id='word_1_120' title='bbox 911 771 1038 802; x_wconf 75' lang='lat' dir='ltr'>cogantur</span> <span class='ocrx_word' id='word_1_121' title='bbox 1062 767 1099 792; x_wconf 87' lang='lat' dir='ltr'>in-</span> 
     </span>
     <span class='ocr_line' id='line_1_15' title="bbox 255 808 1099 846; baseline -0.004 -7"><span class='ocrx_word' id='word_1_122' title='bbox 255 812 332 840; x_wconf 80' lang='lat' dir='ltr'>ferre.</span> <span class='ocrx_word' id='word_1_123' title='bbox 361 810 463 838; x_wconf 84' lang='lat' dir='ltr'>1b.Xl.</span> <span class='ocrx_word' id='word_1_124' title='bbox 482 812 505 837; x_wconf 87' lang='lat'>5.</span> <span class='ocrx_word' id='word_1_125' title='bbox 531 820 551 837; x_wconf 88' lang='lat' dir='ltr'>e.</span> <span class='ocrx_word' id='word_1_126' title='bbox 571 812 595 836; x_wconf 85' lang='grc'>2.</span> <span class='ocrx_word' id='word_1_127' title='bbox 636 808 791 836; x_wconf 79' lang='lat' dir='ltr'>particulari</span> <span class='ocrx_word' id='word_1_128' title='bbox 815 809 1009 846; x_wconf 78' lang='lat' dir='ltr'>delegatiouum</span> <span class='ocrx_word' id='word_1_129' title='bbox 1033 810 1099 836; x_wconf 86' lang='lat' dir='ltr'>noti-</span> 
     </span>
     <span class='ocr_line' id='line_1_16' title="bbox 255 852 1099 890; baseline -0.006 -7"><span class='ocrx_word' id='word_1_130' title='bbox 255 857 303 888; x_wconf 80' lang='lat' dir='ltr'>tia,</span> <span class='ocrx_word' id='word_1_131' title='bbox 323 860 383 882; x_wconf 86' lang='lat' dir='ltr'>aute</span> <span class='ocrx_word' id='word_1_132' title='bbox 401 854 554 881; x_wconf 85' lang='lat' dir='ltr'>indictionis</span> <span class='ocrx_word' id='word_1_133' title='bbox 573 852 710 879; x_wconf 80' lang='lat' dir='ltr'>exordium</span> <span class='ocrx_word' id='word_1_134' title='bbox 729 852 840 889; x_wconf 81' lang='lat' dir='ltr'>singulis</span> <span class='ocrx_word' id='word_1_135' title='bbox 860 854 1016 879; x_wconf 82' lang='lat' dir='ltr'>transmissa</span> <span class='ocrx_word' id='word_1_136' title='bbox 1039 863 1099 890; x_wconf 90' lang='lat' dir='ltr'>pro-</span> 
     </span>
     <span class='ocr_line' id='line_1_17' title="bbox 254 895 1122 933; baseline -0.005 -7"><span class='ocrx_word' id='word_1_137' title='bbox 254 900 358 926; x_wconf 69' lang='lat' dir='ltr'>vinciis.</span> <span class='ocrx_word' id='word_1_138' title='bbox 388 897 426 925; x_wconf 89' lang='lat' dir='ltr'>Ib.</span> <span class='ocrx_word' id='word_1_139' title='bbox 446 896 462 923; x_wconf 95' lang='lat' dir='ltr'>l.</span> <span class='ocrx_word' id='word_1_140' title='bbox 479 896 496 923; x_wconf 92' lang='lat' dir='ltr'>I.</span> <span class='ocrx_word' id='word_1_141' title='bbox 523 907 544 923; x_wconf 86' lang='lat' dir='ltr'>c.</span> <span class='ocrx_word' id='word_1_142' title='bbox 564 898 588 922; x_wconf 69' lang='lat'>4.</span> <span class='ocrx_word' id='word_1_143' title='bbox 619 895 651 922; x_wconf 89' lang='lat' dir='ltr'>cf.</span> <span class='ocrx_word' id='word_1_144' title='bbox 670 895 764 923; x_wconf 89' lang='lat' dir='ltr'>Iuliani</span> <span class='ocrx_word' id='word_1_145' title='bbox 783 896 845 933; x_wconf 84' lang='lat' dir='ltr'>epit.</span> <span class='ocrx_word' id='word_1_146' title='bbox 865 906 925 922; x_wconf 88' lang='lat' dir='ltr'>nov.</span> <span class='ocrx_word' id='word_1_147' title='bbox 951 906 972 923; x_wconf 91' lang='lat' dir='ltr'>c.</span> <span class='ocrx_word' id='word_1_148' title='bbox 994 898 1051 922; x_wconf 67' lang='grc'>124.</span> <span class='ocrx_word' id='word_1_149' title='bbox 1076 896 1097 930; x_wconf 93' lang='lat'>5.</span> <span class='ocrx_word' id='word_1_150' title='bbox 1120 908 1122 929; x_wconf 58' lang='grc' dir='ltr'>ς</span> 
     </span>
     <span class='ocr_line' id='line_1_18' title="bbox 255 940 1122 975; baseline -0.003 -7"><span class='ocrx_word' id='word_1_151' title='bbox 255 944 315 968; x_wconf 77' lang='grc'>541.</span> <span class='ocrx_word' id='word_1_152' title='bbox 347 958 379 962; x_wconf 95' lang='lat'>—</span> <span class='ocrx_word' id='word_1_153' title='bbox 411 941 442 974; x_wconf 57' lang='grc' dir='ltr'>ᾗ.</span> <span class='ocrx_word' id='word_1_154' title='bbox 469 941 506 966; x_wconf 83' lang='grc'>3.</span> <span class='ocrx_word' id='word_1_155' title='bbox 546 940 742 975; x_wconf 69' lang='lat' dir='ltr'>Delegaem,</span> <span class='ocrx_word' id='word_1_156' title='bbox 771 941 832 966; x_wconf 86' lang='lat' dir='ltr'>Per</span> <span class='ocrx_word' id='word_1_157' title='bbox 859 941 1097 974; x_wconf 75' lang='lat' dir='ltr'>delegationem</span> <span class='ocrx_word' id='word_1_158' title='bbox 1121 942 1122 945; x_wconf 78' lang='grc'>’</span> 
     </span>
     <span class='ocr_line' id='line_1_19' title="bbox 255 981 1100 1019; baseline -0.006 -7"><span class='ocrx_word' id='word_1_159' title='bbox 255 986 468 1013; x_wconf 69' lang='lat' dir='ltr'>constitutus.</span> <span class='ocrx_word' id='word_1_160' title='bbox 510 982 540 1009; x_wconf 83' lang='lat' dir='ltr'>II.</span> <span class='ocrx_word' id='word_1_161' title='bbox 563 984 630 1017; x_wconf 78' lang='lat' dir='ltr'>Op.</span> <span class='ocrx_word' id='word_1_162' title='bbox 658 982 804 1019; x_wconf 75' lang='lat' dir='ltr'>Delegans,</span> <span class='ocrx_word' id='word_1_163' title='bbox 829 991 850 1008; x_wconf 90' lang='lat' dir='ltr'>s.</span> <span class='ocrx_word' id='word_1_164' title='bbox 870 981 910 1014; x_wconf 84' lang='lat' dir='ltr'>Is,</span> <span class='ocrx_word' id='word_1_165' title='bbox 935 983 979 1019; x_wconf 86' lang='lat' dir='ltr'>qui</span> <span class='ocrx_word' id='word_1_166' title='bbox 999 982 1100 1018; x_wconf 78' lang='lat' dir='ltr'>delega-</span> 
     </span>
     <span class='ocr_line' id='line_1_20' title="bbox 256 1025 820 1063; baseline -0.007 -8"><span class='ocrx_word' id='word_1_167' title='bbox 256 1033 337 1055; x_wconf 74' lang='lat' dir='ltr'>verat.</span> <span class='ocrx_word' id='word_1_168' title='bbox 367 1037 388 1053; x_wconf 92' lang='lat' dir='ltr'>c.</span> <span class='ocrx_word' id='word_1_169' title='bbox 411 1029 432 1052; x_wconf 95' lang='lat' dir='ltr'>l.</span> <span class='ocrx_word' id='word_1_170' title='bbox 458 1025 511 1061; x_wconf 81' lang='lat' dir='ltr'>Qui</span> <span class='ocrx_word' id='word_1_171' title='bbox 531 1036 556 1063; x_wconf 92' lang='lat' dir='ltr'>p.</span> <span class='ocrx_word' id='word_1_172' title='bbox 576 1036 623 1052; x_wconf 84' lang='lat' dir='ltr'>sua</span> <span class='ocrx_word' id='word_1_173' title='bbox 642 1025 733 1052; x_wconf 86' lang='lat' dir='ltr'>iurisd.</span> <span class='ocrx_word' id='word_1_174' title='bbox 752 1026 776 1052; x_wconf 88' lang='lat'>3.</span> <span class='ocrx_word' id='word_1_175' title='bbox 796 1027 820 1051; x_wconf 70' lang='lat'>4.</span> 
     </span>
    </p>
   </div>
   <div class='ocr_carea' id='block_1_3' title="bbox 256 1078 1126 1586">
    <p class='ocr_par' dir='ltr' id='par_1_3' title="bbox 256 1078 1123 1283">
     <span class='ocr_line' id='line_1_21' title="bbox 291 1078 1123 1111; baseline -0.004 -6"><span class='ocrx_word' id='word_1_176' title='bbox 291 1078 509 1111; x_wconf 70' lang='lat' dir='ltr'>neu-gatar.</span> <span class='ocrx_word' id='word_1_177' title='bbox 549 1078 612 1110; x_wconf 81' lang='lat' dir='ltr'>Qui</span> <span class='ocrx_word' id='word_1_178' title='bbox 628 1078 877 1110; x_wconf 71' lang='lat' dir='ltr'>praestationes</span> <span class='ocrx_word' id='word_1_179' title='bbox 896 1078 1098 1103; x_wconf 76' lang='lat' dir='ltr'>collatorum</span> <span class='ocrx_word' id='word_1_180' title='bbox 1121 1096 1123 1101; x_wconf 85' lang='lat'>.</span> 
     </span>
     <span class='ocr_line' id='line_1_22' title="bbox 256 1118 1101 1156; baseline -0.004 -9"><span class='ocrx_word' id='word_1_181' title='bbox 256 1122 420 1148; x_wconf 74' lang='lat' dir='ltr'>describit.</span> <span class='ocrx_word' id='word_1_182' title='bbox 458 1119 501 1146; x_wconf 90' lang='lat' dir='ltr'>III.</span> <span class='ocrx_word' id='word_1_183' title='bbox 513 1121 579 1147; x_wconf 73' lang='lat' dir='ltr'>Gn.</span> <span class='ocrx_word' id='word_1_184' title='bbox 600 1120 713 1155; x_wconf 80' lang='lat' dir='ltr'>Quoties</span> <span class='ocrx_word' id='word_1_185' title='bbox 728 1118 906 1156; x_wconf 70' lang='lat' dir='ltr'>expeditionis</span> <span class='ocrx_word' id='word_1_186' title='bbox 921 1129 998 1145; x_wconf 85' lang='lat' dir='ltr'>causa</span> <span class='ocrx_word' id='word_1_187' title='bbox 1017 1123 1101 1144; x_wconf 84' lang='lat' dir='ltr'>trans-</span> 
     </span>
     <span class='ocr_line' id='line_1_23' title="bbox 257 1161 1100 1199; baseline -0.004 -9"><span class='ocrx_word' id='word_1_188' title='bbox 257 1165 310 1190; x_wconf 87' lang='lat' dir='ltr'>itus</span> <span class='ocrx_word' id='word_1_189' title='bbox 330 1163 443 1190; x_wconf 88' lang='lat' dir='ltr'>militum</span> <span class='ocrx_word' id='word_1_190' title='bbox 461 1163 520 1194; x_wconf 74' lang='lat' dir='ltr'>fiet,</span> <span class='ocrx_word' id='word_1_191' title='bbox 545 1166 650 1199; x_wconf 83' lang='lat' dir='ltr'>oportet</span> <span class='ocrx_word' id='word_1_192' title='bbox 675 1172 733 1188; x_wconf 88' lang='lat' dir='ltr'>cum</span> <span class='ocrx_word' id='word_1_193' title='bbox 759 1161 954 1197; x_wconf 72' lang='lat' dir='ltr'>delegatoribus</span> <span class='ocrx_word' id='word_1_194' title='bbox 979 1163 1035 1188; x_wconf 86' lang='lat' dir='ltr'>suis</span> <span class='ocrx_word' id='word_1_195' title='bbox 1055 1171 1100 1188; x_wconf 89' lang='lat' dir='ltr'>eos</span> 
     </span>
     <span class='ocr_line' id='line_1_24' title="bbox 257 1204 1101 1242; baseline -0.004 -8"><span class='ocrx_word' id='word_1_196' title='bbox 257 1206 414 1235; x_wconf 77' lang='lat' dir='ltr'>succedere,</span> <span class='ocrx_word' id='word_1_197' title='bbox 440 1207 485 1242; x_wconf 88' lang='lat' dir='ltr'>qui</span> <span class='ocrx_word' id='word_1_198' title='bbox 505 1210 606 1232; x_wconf 88' lang='lat' dir='ltr'>sumtus</span> <span class='ocrx_word' id='word_1_199' title='bbox 627 1215 716 1231; x_wconf 88' lang='lat' dir='ltr'>eorum</span> <span class='ocrx_word' id='word_1_200' title='bbox 734 1204 899 1242; x_wconf 76' lang='lat' dir='ltr'>provideant.</span> <span class='ocrx_word' id='word_1_201' title='bbox 927 1204 1020 1231; x_wconf 86' lang='lat' dir='ltr'>Iuliani</span> <span class='ocrx_word' id='word_1_202' title='bbox 1039 1206 1101 1242; x_wconf 86' lang='lat' dir='ltr'>epit.</span> 
     </span>
     <span class='ocr_line' id='line_1_25' title="bbox 257 1249 654 1283; baseline -0.008 -6"><span class='ocrx_word' id='word_1_203' title='bbox 257 1260 317 1277; x_wconf 80' lang='lat' dir='ltr'>nov.</span> <span class='ocrx_word' id='word_1_204' title='bbox 338 1259 359 1276; x_wconf 83' lang='lat' dir='ltr'>c.</span> <span class='ocrx_word' id='word_1_205' title='bbox 382 1250 439 1275; x_wconf 76' lang='lat'>123.</span> <span class='ocrx_word' id='word_1_206' title='bbox 459 1249 496 1283; x_wconf 59' lang='grc' dir='ltr'>ξς.</span> <span class='ocrx_word' id='word_1_207' title='bbox 517 1250 576 1274; x_wconf 77' lang='lat'>532.</span> <span class='ocrx_word' id='word_1_208' title='bbox 596 1250 654 1275; x_wconf 80' lang='lat'>5:37.</span> 
     </span>
    </p>

    <p class='ocr_par' dir='ltr' id='par_1_4' title="bbox 257 1299 1126 1586">
     <span class='ocr_line' id='line_1_26' title="bbox 292 1299 1102 1334; baseline -0.002 -6"><span class='ocrx_word' id='word_1_209' title='bbox 292 1299 549 1334; x_wconf 75' lang='lat' dir='ltr'>Delegatoria.</span> <span class='ocrx_word' id='word_1_210' title='bbox 587 1300 742 1332; x_wconf 77' lang='lat' dir='ltr'>Epistola</span> <span class='ocrx_word' id='word_1_211' title='bbox 767 1300 954 1333; x_wconf 71' lang='lat' dir='ltr'>Principis,</span> <span class='ocrx_word' id='word_1_212' title='bbox 978 1301 1102 1326; x_wconf 76' lang='lat' dir='ltr'>contri-</span> 
     </span>
     <span class='ocr_line' id='line_1_27' title="bbox 257 1342 1101 1377; baseline -0.002 -6"><span class='ocrx_word' id='word_1_213' title='bbox 257 1346 404 1371; x_wconf 78' lang='lat' dir='ltr'>butiones</span> <span class='ocrx_word' id='word_1_214' title='bbox 430 1344 618 1377; x_wconf 72' lang='lat' dir='ltr'>provinciis</span> <span class='ocrx_word' id='word_1_215' title='bbox 647 1344 822 1376; x_wconf 78' lang='lat' dir='ltr'>impositas</span> <span class='ocrx_word' id='word_1_216' title='bbox 851 1344 1039 1369; x_wconf 72' lang='lat' dir='ltr'>describens.</span> <span class='ocrx_word' id='word_1_217' title='bbox 1083 1342 1101 1369; x_wconf 93' lang='lat' dir='ltr'>I.</span> 
     </span>
     <span class='ocr_line' id='line_1_28' title="bbox 258 1383 1103 1422; baseline -0.002 -9"><span class='ocrx_word' id='word_1_218' title='bbox 258 1388 320 1422; x_wconf 77' lang='lat' dir='ltr'>Sy.</span> <span class='ocrx_word' id='word_1_219' title='bbox 356 1385 505 1422; x_wconf 80' lang='lat' dir='ltr'>Delegatio.</span> <span class='ocrx_word' id='word_1_220' title='bbox 533 1384 574 1411; x_wconf 75' lang='lat' dir='ltr'>CI&#39;.</span> <span class='ocrx_word' id='word_1_221' title='bbox 594 1384 619 1411; x_wconf 90' lang='lat' dir='ltr'>h.</span> <span class='ocrx_word' id='word_1_222' title='bbox 639 1395 663 1411; x_wconf 83' lang='lat' dir='ltr'>v.</span> <span class='ocrx_word' id='word_1_223' title='bbox 684 1385 706 1418; x_wconf 98' lang='lat'>5.</span> <span class='ocrx_word' id='word_1_224' title='bbox 719 1386 744 1410; x_wconf 87' lang='lat'>2.</span> <span class='ocrx_word' id='word_1_225' title='bbox 781 1383 823 1411; x_wconf 91' lang='lat' dir='ltr'>III.</span> <span class='ocrx_word' id='word_1_226' title='bbox 839 1386 905 1412; x_wconf 75' lang='grc' dir='ltr'>οη.</span> <span class='ocrx_word' id='word_1_227' title='bbox 934 1384 1103 1421; x_wconf 81' lang='lat' dir='ltr'>Qualeslibet</span> 
     </span>
     <span class='ocr_line' id='line_1_29' title="bbox 259 1427 1126 1467; baseline -0.001 -11"><span class='ocrx_word' id='word_1_228' title='bbox 259 1430 292 1457; x_wconf 88' lang='lat' dir='ltr'>ad</span> <span class='ocrx_word' id='word_1_229' title='bbox 320 1430 470 1467; x_wconf 81' lang='lat' dir='ltr'>provincias</span> <span class='ocrx_word' id='word_1_230' title='bbox 500 1427 673 1463; x_wconf 81' lang='lat' dir='ltr'>delegatorias</span> <span class='ocrx_word' id='word_1_231' title='bbox 701 1427 734 1453; x_wconf 84' lang='lat' dir='ltr'>de</span> <span class='ocrx_word' id='word_1_232' title='bbox 762 1429 910 1465; x_wconf 78' lang='lat' dir='ltr'>specierum</span> <span class='ocrx_word' id='word_1_233' title='bbox 937 1428 1126 1466; x_wconf 62' lang='lat' dir='ltr'>praebitione}</span> 
     </span>
     <span class='ocr_line' id='line_1_30' title="bbox 260 1469 1102 1511; baseline -0.002 -11"><span class='ocrx_word' id='word_1_234' title='bbox 260 1472 425 1511; x_wconf 77' lang='lat' dir='ltr'>pertulerint.</span> <span class='ocrx_word' id='word_1_235' title='bbox 459 1470 509 1498; x_wconf 90' lang='lat' dir='ltr'>Th.</span> <span class='ocrx_word' id='word_1_236' title='bbox 530 1470 561 1497; x_wconf 89' lang='lat' dir='ltr'>C.</span> <span class='ocrx_word' id='word_1_237' title='bbox 581 1469 637 1496; x_wconf 79' lang='lat' dir='ltr'>VII.</span> <span class='ocrx_word' id='word_1_238' title='bbox 657 1472 681 1496; x_wconf 75' lang='grc'>4.</span> <span class='ocrx_word' id='word_1_239' title='bbox 705 1481 727 1497; x_wconf 84' lang='lat' dir='ltr'>c.</span> <span class='ocrx_word' id='word_1_240' title='bbox 746 1472 788 1496; x_wconf 91' lang='lat'>22.</span> <span class='ocrx_word' id='word_1_241' title='bbox 812 1470 845 1497; x_wconf 87' lang='lat' dir='ltr'>de</span> <span class='ocrx_word' id='word_1_242' title='bbox 869 1480 938 1507; x_wconf 76' lang='lat' dir='ltr'>erog.</span> <span class='ocrx_word' id='word_1_243' title='bbox 963 1471 1017 1498; x_wconf 86' lang='lat' dir='ltr'>mil.</span> <span class='ocrx_word' id='word_1_244' title='bbox 1043 1482 1102 1498; x_wconf 87' lang='lat' dir='ltr'>ann.</span> 
     </span>
     <span class='ocr_line' id='line_1_31' title="bbox 260 1512 1104 1551; baseline -0.002 -8"><span class='ocrx_word' id='word_1_245' title='bbox 260 1515 292 1543; x_wconf 76' lang='lat' dir='ltr'>cf.</span> <span class='ocrx_word' id='word_1_246' title='bbox 311 1516 356 1542; x_wconf 82' lang='lat' dir='ltr'>XJ.</span> <span class='ocrx_word' id='word_1_247' title='bbox 378 1517 401 1541; x_wconf 87' lang='lat'>7.</span> <span class='ocrx_word' id='word_1_248' title='bbox 421 1525 442 1541; x_wconf 87' lang='lat' dir='ltr'>c.</span> <span class='ocrx_word' id='word_1_249' title='bbox 463 1515 504 1540; x_wconf 86' lang='lat'>16.</span> <span class='ocrx_word' id='word_1_250' title='bbox 525 1513 557 1540; x_wconf 83' lang='lat' dir='ltr'>de</span> <span class='ocrx_word' id='word_1_251' title='bbox 577 1514 705 1540; x_wconf 83' lang='lat' dir='ltr'>exaction.</span> <span class='ocrx_word' id='word_1_252' title='bbox 725 1512 800 1547; x_wconf 87' lang='lat' dir='ltr'>(lust.</span> <span class='ocrx_word' id='word_1_253' title='bbox 822 1513 852 1540; x_wconf 74' lang='lat' dir='ltr'>C.</span> <span class='ocrx_word' id='word_1_254' title='bbox 874 1524 895 1540; x_wconf 93' lang='lat' dir='ltr'>c.</span> <span class='ocrx_word' id='word_1_255' title='bbox 910 1515 932 1540; x_wconf 95' lang='lat'>7.</span> <span class='ocrx_word' id='word_1_256' title='bbox 948 1523 989 1551; x_wconf 87' lang='lat' dir='ltr'>pr.</span> <span class='ocrx_word' id='word_1_257' title='bbox 1008 1513 1041 1540; x_wconf 78' lang='lat' dir='ltr'>de</span> <span class='ocrx_word' id='word_1_258' title='bbox 1061 1524 1104 1541; x_wconf 81' lang='lat' dir='ltr'>ex-</span> 
     </span>
     <span class='ocr_line' id='line_1_32' title="bbox 259 1557 589 1586; baseline -0.012 0"><span class='ocrx_word' id='word_1_259' title='bbox 259 1564 339 1586; x_wconf 89' lang='lat' dir='ltr'>actor.</span> <span class='ocrx_word' id='word_1_260' title='bbox 360 1557 449 1585; x_wconf 88' lang='lat' dir='ltr'>tribut.</span> <span class='ocrx_word' id='word_1_261' title='bbox 470 1558 512 1583; x_wconf 90' lang='lat'>10.</span> <span class='ocrx_word' id='word_1_262' title='bbox 533 1557 589 1586; x_wconf 84' lang='lat'>19.)</span> 
     </span>
    </p>
   </div>
   <div class='ocr_carea' id='block_1_4' title="bbox 260 1605 1104 1688">
    <p class='ocr_par' dir='ltr' id='par_1_5' title="bbox 260 1605 1104 1688">
     <span class='ocr_line' id='line_1_33' title="bbox 294 1605 1104 1644; baseline -0.002 -8"><span class='ocrx_word' id='word_1_263' title='bbox 294 1609 533 1644; x_wconf 71' lang='lat' dir='ltr'>Delegatum.</span> <span class='ocrx_word' id='word_1_264' title='bbox 567 1605 694 1640; x_wconf 89' lang='lat' dir='ltr'>(Subst.)</span> <span class='ocrx_word' id='word_1_265' title='bbox 738 1608 924 1643; x_wconf 79' lang='lat' dir='ltr'>Delegatio.</span> <span class='ocrx_word' id='word_1_266' title='bbox 966 1607 1007 1633; x_wconf 87' lang='lat' dir='ltr'>IH.</span> <span class='ocrx_word' id='word_1_267' title='bbox 1037 1609 1104 1635; x_wconf 68' lang='lat' dir='ltr'>sn.</span> 
     </span>
     <span class='ocr_line' id='line_1_34' title="bbox 260 1649 1104 1688; baseline -0.002 -9"><span class='ocrx_word' id='word_1_268' title='bbox 260 1652 323 1679; x_wconf 83' lang='lat' dir='ltr'>Sive.</span> <span class='ocrx_word' id='word_1_269' title='bbox 343 1662 374 1679; x_wconf 74' lang='lat' dir='ltr'>ex</span> <span class='ocrx_word' id='word_1_270' title='bbox 394 1650 584 1688; x_wconf 80' lang='lat' dir='ltr'>adpellatione,</span> <span class='ocrx_word' id='word_1_271' title='bbox 609 1651 665 1676; x_wconf 83' lang='lat' dir='ltr'>sive</span> <span class='ocrx_word' id='word_1_272' title='bbox 685 1660 717 1676; x_wconf 81' lang='lat' dir='ltr'>ex</span> <span class='ocrx_word' id='word_1_273' title='bbox 737 1649 864 1686; x_wconf 74' lang='lat' dir='ltr'>delegato,</span> <span class='ocrx_word' id='word_1_274' title='bbox 884 1651 941 1676; x_wconf 80' lang='lat' dir='ltr'>sive</span> <span class='ocrx_word' id='word_1_275' title='bbox 961 1660 993 1676; x_wconf 80' lang='lat' dir='ltr'>ex</span> <span class='ocrx_word' id='word_1_276' title='bbox 1012 1650 1104 1677; x_wconf 79' lang='lat' dir='ltr'>ordine</span> 
     </span>
    </p>
   </div>
   <div class='ocr_carea' id='block_1_5' title="bbox 261 1692 1077 1731">
    <p class='ocr_par' dir='ltr' id='par_1_6' title="bbox 261 1692 1077 1731">
     <span class='ocr_line' id='line_1_35' title="bbox 261 1692 1077 1731; baseline -0.002 -9"><span class='ocrx_word' id='word_1_277' title='bbox 261 1695 444 1723; x_wconf 82' lang='lat' dir='ltr'>iudicaverint.</span> <span class='ocrx_word' id='word_1_278' title='bbox 474 1693 523 1720; x_wconf 86' lang='lat' dir='ltr'>Th.</span> <span class='ocrx_word' id='word_1_279' title='bbox 544 1692 575 1720; x_wconf 93' lang='lat' dir='ltr'>C.</span> <span class='ocrx_word' id='word_1_280' title='bbox 594 1692 639 1719; x_wconf 77' lang='lat' dir='ltr'>XI.</span> <span class='ocrx_word' id='word_1_281' title='bbox 659 1694 701 1719; x_wconf 87' lang='grc'>30.</span> <span class='ocrx_word' id='word_1_282' title='bbox 722 1703 744 1719; x_wconf 91' lang='lat' dir='ltr'>c.</span> <span class='ocrx_word' id='word_1_283' title='bbox 765 1694 804 1719; x_wconf 83' lang='lat'>16.</span> <span class='ocrx_word' id='word_1_284' title='bbox 826 1693 858 1720; x_wconf 86' lang='lat' dir='ltr'>de</span> <span class='ocrx_word' id='word_1_285' title='bbox 876 1704 936 1731; x_wconf 82' lang='lat' dir='ltr'>app.</span> <span class='ocrx_word' id='word_1_286' title='bbox 957 1698 981 1719; x_wconf 86' lang='lat' dir='ltr'>et</span> <span class='ocrx_word' id='word_1_287' title='bbox 1001 1704 1077 1731; x_wconf 89' lang='lat' dir='ltr'>poen.</span> 
     </span>
    </p>
   </div>
   <div class='ocr_carea' id='block_1_6' title="bbox 294 1745 1104 1779">
    <p class='ocr_par' dir='ltr' id='par_1_7' title="bbox 294 1745 1104 1779">
     <span class='ocr_line' id='line_1_36' title="bbox 294 1745 1104 1779; baseline -0.001 -6"><span class='ocrx_word' id='word_1_288' title='bbox 294 1747 447 1773; x_wconf 76' lang='lat' dir='ltr'>Detere-</span> <span class='ocrx_word' id='word_1_289' title='bbox 499 1745 530 1778; x_wconf 64' lang='grc' dir='ltr'>ξ.</span> <span class='ocrx_word' id='word_1_290' title='bbox 563 1745 597 1770; x_wconf 86' lang='lat' dir='ltr'>l·</span> <span class='ocrx_word' id='word_1_291' title='bbox 649 1745 861 1779; x_wconf 73' lang='lat' dir='ltr'>Abstergere,</span> <span class='ocrx_word' id='word_1_292' title='bbox 901 1745 1104 1778; x_wconf 78' lang='lat' dir='ltr'>Obliterare,</span> 
     </span>
    </p>
   </div>
   <div class='ocr_carea' id='block_1_7' title="bbox 263 1782 1129 2207">
    <p class='ocr_par' dir='ltr' id='par_1_8' title="bbox 263 1782 1129 2207">
     <span class='ocr_line' id='line_1_37' title="bbox 265 1782 1128 1825; baseline -0.003 -8"><span class='ocrx_word' id='word_1_293' title='bbox 265 1791 398 1818; x_wconf 82' lang='lat' dir='ltr'>Tollere.</span> <span class='ocrx_word' id='word_1_294' title='bbox 435 1787 478 1814; x_wconf 89' lang='grc' dir='ltr'>ΙΙΙ.</span> <span class='ocrx_word' id='word_1_295' title='bbox 498 1789 563 1815; x_wconf 76' lang='lat' dir='ltr'>Cn·</span> <span class='ocrx_word' id='word_1_296' title='bbox 583 1786 689 1818; x_wconf 69' lang='lat' dir='ltr'>Delere,</span> <span class='ocrx_word' id='word_1_297' title='bbox 708 1786 750 1813; x_wconf 84' lang='lat' dir='ltr'>vel</span> <span class='ocrx_word' id='word_1_298' title='bbox 770 1786 820 1813; x_wconf 87' lang='lat' dir='ltr'>alio</span> <span class='ocrx_word' id='word_1_299' title='bbox 840 1786 919 1813; x_wconf 85' lang='lat' dir='ltr'>modo</span> <span class='ocrx_word' id='word_1_300' title='bbox 935 1798 1104 1825; x_wconf 88' lang='lat' dir='ltr'>corrumpere</span> <span class='ocrx_word' id='word_1_301' title='bbox 1126 1782 1128 1815; x_wconf 81' lang='lat'>!</span> 
     </span>
     <span class='ocr_line' id='line_1_38' title="bbox 263 1826 1128 1866; baseline 0 -8"><span class='ocrx_word' id='word_1_302' title='bbox 263 1831 410 1866; x_wconf 80' lang='lat' dir='ltr'>(tabulas).</span> <span class='ocrx_word' id='word_1_303' title='bbox 444 1830 475 1857; x_wconf 72' lang='lat' dir='ltr'>rr.</span> <span class='ocrx_word' id='word_1_304' title='bbox 494 1832 538 1857; x_wconf 87' lang='lat'>35.</span> <span class='ocrx_word' id='word_1_305' title='bbox 562 1830 594 1857; x_wconf 67' lang='lat' dir='ltr'>de</span> <span class='ocrx_word' id='word_1_306' title='bbox 614 1829 638 1856; x_wconf 82' lang='lat' dir='ltr'>d.</span> <span class='ocrx_word' id='word_1_307' title='bbox 658 1840 690 1856; x_wconf 85' lang='lat' dir='ltr'>m.</span> <span class='ocrx_word' id='word_1_308' title='bbox 715 1832 739 1856; x_wconf 72' lang='lat'>4.</span> <span class='ocrx_word' id='word_1_309' title='bbox 758 1831 783 1856; x_wconf 85' lang='lat'>3.</span> <span class='ocrx_word' id='word_1_310' title='bbox 810 1829 842 1856; x_wconf 75' lang='lat' dir='ltr'>fr.</span> <span class='ocrx_word' id='word_1_311' title='bbox 864 1831 903 1857; x_wconf 83' lang='lat'>16.</span> <span class='ocrx_word' id='word_1_312' title='bbox 923 1831 944 1865; x_wconf 63' lang='grc' dir='ltr'>ξ.</span> <span class='ocrx_word' id='word_1_313' title='bbox 965 1833 988 1857; x_wconf 92' lang='lat'>5.</span> <span class='ocrx_word' id='word_1_314' title='bbox 1013 1830 1043 1857; x_wconf 70' lang='lat' dir='ltr'>fr.</span> <span class='ocrx_word' id='word_1_315' title='bbox 1065 1833 1104 1857; x_wconf 54' lang='grc' dir='ltr'>ιθ.</span> <span class='ocrx_word' id='word_1_316' title='bbox 1127 1826 1128 1859; x_wconf 60' lang='grc' dir='ltr'><strong>ἱ</strong></span> 
     </span>
     <span class='ocr_line' id='line_1_39' title="bbox 263 1872 1104 1913; baseline -0.002 -11"><span class='ocrx_word' id='word_1_317' title='bbox 263 1886 302 1913; x_wconf 90' lang='lat' dir='ltr'>pr.</span> <span class='ocrx_word' id='word_1_318' title='bbox 322 1874 380 1901; x_wconf 79' lang='lat' dir='ltr'>sam.</span> <span class='ocrx_word' id='word_1_319' title='bbox 400 1875 490 1900; x_wconf 85' lang='lat' dir='ltr'>ercisc.</span> <span class='ocrx_word' id='word_1_320' title='bbox 512 1876 552 1900; x_wconf 91' lang='lat'>10.</span> <span class='ocrx_word' id='word_1_321' title='bbox 571 1875 596 1899; x_wconf 88' lang='lat'>2.</span> <span class='ocrx_word' id='word_1_322' title='bbox 633 1872 687 1908; x_wconf 78' lang='lat' dir='ltr'>Qui</span> <span class='ocrx_word' id='word_1_323' title='bbox 705 1874 835 1903; x_wconf 76' lang='lat' dir='ltr'>rationes.</span> <span class='ocrx_word' id='word_1_324' title='bbox 856 1878 924 1905; x_wconf 77' lang='lat' dir='ltr'>acta,</span> <span class='ocrx_word' id='word_1_325' title='bbox 945 1873 1052 1900; x_wconf 82' lang='lat' dir='ltr'>libellos</span> <span class='ocrx_word' id='word_1_326' title='bbox 1071 1889 1104 1893; x_wconf 90' lang='lat'>—</span> 
     </span>
     <span class='ocr_line' id='line_1_40' title="bbox 263 1915 1104 1949; baseline -0.002 -4"><span class='ocrx_word' id='word_1_327' title='bbox 263 1919 351 1945; x_wconf 81' lang='lat' dir='ltr'>sciens</span> <span class='ocrx_word' id='word_1_328' title='bbox 370 1916 395 1944; x_wconf 89' lang='lat' dir='ltr'>d.</span> <span class='ocrx_word' id='word_1_329' title='bbox 415 1927 447 1943; x_wconf 89' lang='lat' dir='ltr'>m.</span> <span class='ocrx_word' id='word_1_330' title='bbox 467 1918 494 1943; x_wconf 91' lang='lat' dir='ltr'>in</span> <span class='ocrx_word' id='word_1_331' title='bbox 518 1915 635 1943; x_wconf 61' lang='lat' dir='ltr'>fraudem</span> <span class='ocrx_word' id='word_1_332' title='bbox 658 1915 768 1942; x_wconf 87' lang='lat' dir='ltr'>alicuius</span> <span class='ocrx_word' id='word_1_333' title='bbox 793 1916 933 1948; x_wconf 70' lang='lat' dir='ltr'>deleverit,</span> <span class='ocrx_word' id='word_1_334' title='bbox 957 1918 1104 1949; x_wconf 74' lang='lat' dir='ltr'>mutaverit.</span> 
     </span>
     <span class='ocr_line' id='line_1_41' title="bbox 264 1957 1104 1996; baseline -0.002 -8"><span class='ocrx_word' id='word_1_335' title='bbox 264 1961 419 1992; x_wconf 77' lang='lat' dir='ltr'>subiecerit,</span> <span class='ocrx_word' id='word_1_336' title='bbox 444 1959 640 1996; x_wconf 78' lang='lat' dir='ltr'>subscripserIt.</span> <span class='ocrx_word' id='word_1_337' title='bbox 676 1957 748 1985; x_wconf 91' lang='lat' dir='ltr'>Paul.</span> <span class='ocrx_word' id='word_1_338' title='bbox 768 1958 800 1985; x_wconf 75' lang='lat' dir='ltr'>V.</span> <span class='ocrx_word' id='word_1_339' title='bbox 824 1961 866 1985; x_wconf 83' lang='lat'>25.</span> <span class='ocrx_word' id='word_1_340' title='bbox 891 1960 912 1993; x_wconf 97' lang='lat'>5.</span> <span class='ocrx_word' id='word_1_341' title='bbox 933 1961 956 1986; x_wconf 84' lang='lat'>5.</span> <span class='ocrx_word' id='word_1_342' title='bbox 986 1959 1018 1986; x_wconf 82' lang='lat' dir='ltr'>cf.</span> <span class='ocrx_word' id='word_1_343' title='bbox 1038 1960 1060 1994; x_wconf 98' lang='lat'>5.</span> <span class='ocrx_word' id='word_1_344' title='bbox 1083 1961 1104 1986; x_wconf 97' lang='lat' dir='ltr'>l.</span> 
     </span>
     <span class='ocr_line' id='line_1_42' title="bbox 264 2001 1105 2038; baseline -0.002 -7"><span class='ocrx_word' id='word_1_345' title='bbox 264 2003 308 2031; x_wconf 84' lang='lat' dir='ltr'>IV.</span> <span class='ocrx_word' id='word_1_346' title='bbox 328 2005 351 2030; x_wconf 83' lang='grc'>7.</span> <span class='ocrx_word' id='word_1_347' title='bbox 371 2003 452 2037; x_wconf 79' lang='lat'>551.</span> <span class='ocrx_word' id='word_1_348' title='bbox 473 2012 512 2038; x_wconf 83' lang='lat' dir='ltr'>sq.</span> <span class='ocrx_word' id='word_1_349' title='bbox 537 2001 567 2028; x_wconf 80' lang='lat' dir='ltr'>fr.</span> <span class='ocrx_word' id='word_1_350' title='bbox 589 2003 628 2027; x_wconf 90' lang='grc'>11.</span> <span class='ocrx_word' id='word_1_351' title='bbox 648 2001 713 2035; x_wconf 89' lang='lat'>5.1.</span> <span class='ocrx_word' id='word_1_352' title='bbox 735 2001 768 2028; x_wconf 85' lang='lat' dir='ltr'>de</span> <span class='ocrx_word' id='word_1_353' title='bbox 787 2012 864 2028; x_wconf 80' lang='lat' dir='ltr'>servo</span> <span class='ocrx_word' id='word_1_354' title='bbox 884 2012 951 2028; x_wconf 88' lang='lat' dir='ltr'>corr.</span> <span class='ocrx_word' id='word_1_355' title='bbox 973 2003 1012 2028; x_wconf 96' lang='lat' dir='ltr'>ll.</span> <span class='ocrx_word' id='word_1_356' title='bbox 1030 2004 1054 2029; x_wconf 89' lang='lat'>3.</span> <span class='ocrx_word' id='word_1_357' title='bbox 1075 2002 1105 2029; x_wconf 82' lang='lat' dir='ltr'>fr.</span> 
     </span>
     <span class='ocr_line' id='line_1_43' title="bbox 263 2043 1106 2080; baseline -0.004 -6"><span class='ocrx_word' id='word_1_358' title='bbox 263 2051 288 2074; x_wconf 75' lang='lat'>2.</span> <span class='ocrx_word' id='word_1_359' title='bbox 309 2047 340 2074; x_wconf 89' lang='lat' dir='ltr'>de</span> <span class='ocrx_word' id='word_1_360' title='bbox 359 2046 389 2073; x_wconf 82' lang='lat' dir='ltr'>L.</span> <span class='ocrx_word' id='word_1_361' title='bbox 409 2044 490 2072; x_wconf 82' lang='lat' dir='ltr'>Corn.</span> <span class='ocrx_word' id='word_1_362' title='bbox 510 2044 542 2071; x_wconf 84' lang='lat' dir='ltr'>de</span> <span class='ocrx_word' id='word_1_363' title='bbox 562 2043 619 2070; x_wconf 84' lang='lat' dir='ltr'>sals.</span> <span class='ocrx_word' id='word_1_364' title='bbox 643 2046 685 2070; x_wconf 73' lang='lat'>48.</span> <span class='ocrx_word' id='word_1_365' title='bbox 708 2046 747 2071; x_wconf 92' lang='lat'>10.</span> <span class='ocrx_word' id='word_1_366' title='bbox 790 2044 870 2080; x_wconf 83' lang='lat' dir='ltr'>Quod</span> <span class='ocrx_word' id='word_1_367' title='bbox 895 2054 948 2071; x_wconf 94' lang='lat' dir='ltr'>uon</span> <span class='ocrx_word' id='word_1_368' title='bbox 967 2045 1041 2071; x_wconf 89' lang='lat' dir='ltr'>iussu</span> <span class='ocrx_word' id='word_1_369' title='bbox 1061 2045 1106 2071; x_wconf 83' lang='lat' dir='ltr'>do-</span> 
     </span>
     <span class='ocr_line' id='line_1_44' title="bbox 264 2086 1129 2125; baseline -0.002 -9"><span class='ocrx_word' id='word_1_370' title='bbox 264 2090 327 2117; x_wconf 85' lang='lat' dir='ltr'>mini</span> <span class='ocrx_word' id='word_1_371' title='bbox 346 2089 482 2125; x_wconf 79' lang='lat' dir='ltr'>scrIptum‚</span> <span class='ocrx_word' id='word_1_372' title='bbox 500 2087 645 2119; x_wconf 81' lang='lat' dir='ltr'>inductum,</span> <span class='ocrx_word' id='word_1_373' title='bbox 665 2087 815 2114; x_wconf 86' lang='lat' dir='ltr'>deletumve</span> <span class='ocrx_word' id='word_1_374' title='bbox 829 2091 877 2113; x_wconf 90' lang='lat' dir='ltr'>est.</span> <span class='ocrx_word' id='word_1_375' title='bbox 898 2086 1013 2125; x_wconf 83' lang='lat' dir='ltr'>sr.1.pr.</span> <span class='ocrx_word' id='word_1_376' title='bbox 1034 2087 1065 2114; x_wconf 74' lang='lat' dir='ltr'>de</span> <span class='ocrx_word' id='word_1_377' title='bbox 1081 2088 1104 2114; x_wconf 94' lang='lat' dir='ltr'>h.</span> <span class='ocrx_word' id='word_1_378' title='bbox 1128 2095 1129 2101; x_wconf 68' lang='lat'>¹</span> 
     </span>
     <span class='ocr_line' id='line_1_45' title="bbox 266 2129 1129 2169; baseline -0.001 -11"><span class='ocrx_word' id='word_1_379' title='bbox 266 2143 308 2169; x_wconf 90' lang='lat' dir='ltr'>qu.</span> <span class='ocrx_word' id='word_1_380' title='bbox 329 2133 354 2158; x_wconf 92' lang='lat' dir='ltr'>iu</span> <span class='ocrx_word' id='word_1_381' title='bbox 375 2136 476 2158; x_wconf 83' lang='lat' dir='ltr'>testam.</span> <span class='ocrx_word' id='word_1_382' title='bbox 495 2132 536 2157; x_wconf 79' lang='lat'>28.</span> <span class='ocrx_word' id='word_1_383' title='bbox 554 2132 578 2157; x_wconf 76' lang='lat'>4.</span> <span class='ocrx_word' id='word_1_384' title='bbox 615 2129 645 2156; x_wconf 89' lang='lat' dir='ltr'>Si</span> <span class='ocrx_word' id='word_1_385' title='bbox 664 2131 723 2167; x_wconf 86' lang='lat' dir='ltr'>quis</span> <span class='ocrx_word' id='word_1_386' title='bbox 743 2129 843 2166; x_wconf 80' lang='lat' dir='ltr'>aliquid</span> <span class='ocrx_word' id='word_1_387' title='bbox 862 2129 1005 2167; x_wconf 79' lang='lat' dir='ltr'>adscripsit</span> <span class='ocrx_word' id='word_1_388' title='bbox 1023 2131 1106 2164; x_wconf 88' lang='lat' dir='ltr'>(codi-</span> <span class='ocrx_word' id='word_1_389' title='bbox 1127 2133 1129 2137; x_wconf 82' lang='grc'>’</span> 
     </span>
     <span class='ocr_line' id='line_1_46' title="bbox 266 2172 1129 2207; baseline -0.005 -5"><span class='ocrx_word' id='word_1_390' title='bbox 266 2175 357 2207; x_wconf 78' lang='lat' dir='ltr'>cillis).</span> <span class='ocrx_word' id='word_1_391' title='bbox 376 2185 437 2201; x_wconf 81' lang='lat' dir='ltr'>mox</span> <span class='ocrx_word' id='word_1_392' title='bbox 456 2173 561 2200; x_wconf 78' lang='lat' dir='ltr'>delevit.</span> <span class='ocrx_word' id='word_1_393' title='bbox 582 2173 612 2200; x_wconf 83' lang='lat' dir='ltr'>sr.</span> <span class='ocrx_word' id='word_1_394' title='bbox 628 2175 650 2199; x_wconf 96' lang='lat' dir='ltr'>l.</span> <span class='ocrx_word' id='word_1_395' title='bbox 670 2173 691 2207; x_wconf 90' lang='lat'>5.</span> <span class='ocrx_word' id='word_1_396' title='bbox 706 2174 729 2199; x_wconf 88' lang='grc'>5.</span> <span class='ocrx_word' id='word_1_397' title='bbox 750 2173 785 2199; x_wconf 91' lang='lat' dir='ltr'>ib.</span> <span class='ocrx_word' id='word_1_398' title='bbox 801 2175 843 2199; x_wconf 76' lang='grc'>28.</span> <span class='ocrx_word' id='word_1_399' title='bbox 857 2175 881 2199; x_wconf 76' lang='grc'>4.</span> <span class='ocrx_word' id='word_1_400' title='bbox 919 2172 1010 2205; x_wconf 80' lang='lat' dir='ltr'>Heres,</span> <span class='ocrx_word' id='word_1_401' title='bbox 1031 2175 1104 2201; x_wconf 90' lang='lat' dir='ltr'>cuius</span> <span class='ocrx_word' id='word_1_402' title='bbox 1127 2184 1129 2198; x_wconf 85' lang='grc' dir='ltr'>ι</span> 
     </span>
    </p>
   </div>
   <div class='ocr_carea' id='block_1_8' title="bbox 1116 447 1135 2245">
    <p class='ocr_par' dir='ltr' id='par_1_9' title="bbox 1116 447 1135 2245">
     <span class='ocr_line' id='line_1_47' title="bbox 1116 447 1135 2245; baseline 0 0"><span class='ocrx_word' id='word_1_403' title='bbox 1116 447 1135 2245; x_wconf 95' lang='lat' dir='ltr'> </span> 
     </span>
    </p>
   </div>
   <div class='ocr_carea' id='block_1_9' title="bbox 266 2215 1133 2768">
    <p class='ocr_par' dir='ltr' id='par_1_10' title="bbox 266 2215 1133 2768">
     <span class='ocr_line' id='line_1_48' title="bbox 266 2215 1129 2253; baseline -0.001 -9"><span class='ocrx_word' id='word_1_404' title='bbox 266 2228 361 2245; x_wconf 83' lang='lat' dir='ltr'>nomen</span> <span class='ocrx_word' id='word_1_405' title='bbox 381 2216 530 2243; x_wconf 90' lang='lat' dir='ltr'>inconsulto</span> <span class='ocrx_word' id='word_1_406' title='bbox 550 2218 585 2243; x_wconf 88' lang='lat' dir='ltr'>ita</span> <span class='ocrx_word' id='word_1_407' title='bbox 604 2216 718 2243; x_wconf 79' lang='lat' dir='ltr'>deletum</span> <span class='ocrx_word' id='word_1_408' title='bbox 738 2217 786 2247; x_wconf 83' lang='lat' dir='ltr'>sit,</span> <span class='ocrx_word' id='word_1_409' title='bbox 812 2221 841 2242; x_wconf 89' lang='lat' dir='ltr'>ut</span> <span class='ocrx_word' id='word_1_410' title='bbox 859 2217 965 2253; x_wconf 82' lang='lat' dir='ltr'>penitus</span> <span class='ocrx_word' id='word_1_411' title='bbox 983 2216 1034 2253; x_wconf 83' lang='lat' dir='ltr'>legi</span> <span class='ocrx_word' id='word_1_412' title='bbox 1054 2227 1106 2243; x_wconf 88' lang='lat' dir='ltr'>non</span> <span class='ocrx_word' id='word_1_413' title='bbox 1128 2215 1129 2222; x_wconf 54' lang='lat'>¹</span> 
     </span>
     <span class='ocr_line' id='line_1_49' title="bbox 266 2259 1106 2299; baseline -0.001 -12"><span class='ocrx_word' id='word_1_414' title='bbox 266 2262 360 2299; x_wconf 87' lang='lat' dir='ltr'>possit.</span> <span class='ocrx_word' id='word_1_415' title='bbox 381 2260 411 2286; x_wconf 76' lang='lat' dir='ltr'>fr.</span> <span class='ocrx_word' id='word_1_416' title='bbox 425 2261 446 2285; x_wconf 92' lang='lat'>1.</span> <span class='ocrx_word' id='word_1_417' title='bbox 466 2260 488 2285; x_wconf 89' lang='lat' dir='ltr'>si</span> <span class='ocrx_word' id='word_1_418' title='bbox 508 2259 560 2286; x_wconf 88' lang='lat' dir='ltr'>tab.</span> <span class='ocrx_word' id='word_1_419' title='bbox 580 2264 681 2286; x_wconf 82' lang='lat' dir='ltr'>testam.</span> <span class='ocrx_word' id='word_1_420' title='bbox 702 2259 803 2285; x_wconf 86' lang='lat' dir='ltr'>exstab.</span> <span class='ocrx_word' id='word_1_421' title='bbox 827 2261 870 2285; x_wconf 88' lang='lat'>37.</span> <span class='ocrx_word' id='word_1_422' title='bbox 883 2262 907 2286; x_wconf 82' lang='lat'>2.</span> <span class='ocrx_word' id='word_1_423' title='bbox 928 2259 1011 2286; x_wconf 72' lang='lat' dir='ltr'>sr.42.</span> <span class='ocrx_word' id='word_1_424' title='bbox 1032 2260 1063 2286; x_wconf 82' lang='lat' dir='ltr'>ad</span> <span class='ocrx_word' id='word_1_425' title='bbox 1077 2260 1106 2286; x_wconf 93' lang='lat' dir='ltr'>L.</span> 
     </span>
     <span class='ocr_line' id='line_1_50' title="bbox 267 2298 1106 2341; baseline -0.002 -10"><span class='ocrx_word' id='word_1_426' title='bbox 267 2304 336 2341; x_wconf 78' lang='lat' dir='ltr'>Aqu.</span> <span class='ocrx_word' id='word_1_427' title='bbox 354 2305 413 2330; x_wconf 80' lang='lat'>9.2.</span> <span class='ocrx_word' id='word_1_428' title='bbox 434 2318 466 2322; x_wconf 95' lang='lat'>—</span> <span class='ocrx_word' id='word_1_429' title='bbox 485 2303 516 2335; x_wconf 63' lang='grc' dir='ltr'>ξ.</span> <span class='ocrx_word' id='word_1_430' title='bbox 531 2298 566 2329; x_wconf 67' lang='grc'>2.</span> <span class='ocrx_word' id='word_1_431' title='bbox 587 2304 754 2334; x_wconf 79' lang='lat' dir='ltr'>Evertere,</span> <span class='ocrx_word' id='word_1_432' title='bbox 775 2302 961 2329; x_wconf 75' lang='lat' dir='ltr'>Deseruere.</span> <span class='ocrx_word' id='word_1_433' title='bbox 981 2302 1023 2329; x_wconf 88' lang='lat' dir='ltr'>III.</span> <span class='ocrx_word' id='word_1_434' title='bbox 1040 2305 1106 2331; x_wconf 66' lang='lat'>011.</span> 
     </span>
     <span class='ocr_line' id='line_1_51' title="bbox 268 2344 1107 2382; baseline -0.004 -8"><span class='ocrx_word' id='word_1_435' title='bbox 268 2347 298 2374; x_wconf 92' lang='lat' dir='ltr'>Si</span> <span class='ocrx_word' id='word_1_436' title='bbox 317 2347 342 2373; x_wconf 78' lang='lat' dir='ltr'>vi</span> <span class='ocrx_word' id='word_1_437' title='bbox 362 2346 476 2373; x_wconf 82' lang='lat' dir='ltr'>fluminis</span> <span class='ocrx_word' id='word_1_438' title='bbox 496 2354 555 2380; x_wconf 69' lang='lat' dir='ltr'>ager</span> <span class='ocrx_word' id='word_1_439' title='bbox 580 2344 682 2371; x_wconf 75' lang='lat' dir='ltr'>deletus</span> <span class='ocrx_word' id='word_1_440' title='bbox 707 2345 750 2371; x_wconf 88' lang='lat' dir='ltr'>sit.</span> <span class='ocrx_word' id='word_1_441' title='bbox 778 2344 808 2371; x_wconf 78' lang='lat' dir='ltr'>fr.</span> <span class='ocrx_word' id='word_1_442' title='bbox 831 2347 870 2371; x_wconf 91' lang='grc'>11.</span> <span class='ocrx_word' id='word_1_443' title='bbox 895 2345 916 2379; x_wconf 97' lang='lat'>5.</span> <span class='ocrx_word' id='word_1_444' title='bbox 937 2347 960 2371; x_wconf 89' lang='grc'>6.</span> <span class='ocrx_word' id='word_1_445' title='bbox 990 2345 1022 2372; x_wconf 83' lang='lat' dir='ltr'>de</span> <span class='ocrx_word' id='word_1_446' title='bbox 1042 2356 1107 2382; x_wconf 81' lang='lat' dir='ltr'>aqua</span> 
     </span>
     <span class='ocr_line' id='line_1_52' title="bbox 268 2386 1131 2426; baseline -0.002 -10"><span class='ocrx_word' id='word_1_447' title='bbox 268 2395 295 2416; x_wconf 77' lang='lat' dir='ltr'>et</span> <span class='ocrx_word' id='word_1_448' title='bbox 313 2399 372 2426; x_wconf 80' lang='lat' dir='ltr'>aqu.</span> <span class='ocrx_word' id='word_1_449' title='bbox 390 2388 426 2426; x_wconf 86' lang='lat' dir='ltr'>pl.</span> <span class='ocrx_word' id='word_1_450' title='bbox 446 2388 487 2414; x_wconf 86' lang='lat'>39.</span> <span class='ocrx_word' id='word_1_451' title='bbox 501 2390 525 2413; x_wconf 76' lang='lat'>3.</span> <span class='ocrx_word' id='word_1_452' title='bbox 563 2387 615 2422; x_wconf 82' lang='lat' dir='ltr'>Qui</span> <span class='ocrx_word' id='word_1_453' title='bbox 635 2386 666 2413; x_wconf 86' lang='lat' dir='ltr'>ad</span> <span class='ocrx_word' id='word_1_454' title='bbox 686 2388 796 2424; x_wconf 79' lang='lat' dir='ltr'>patriam</span> <span class='ocrx_word' id='word_1_455' title='bbox 814 2387 960 2419; x_wconf 76' lang='lat' dir='ltr'>delendam,</span> <span class='ocrx_word' id='word_1_456' title='bbox 980 2393 1006 2414; x_wconf 86' lang='lat' dir='ltr'>et</span> <span class='ocrx_word' id='word_1_457' title='bbox 1019 2398 1109 2425; x_wconf 79' lang='lat' dir='ltr'>paren·</span> <span class='ocrx_word' id='word_1_458' title='bbox 1129 2399 1131 2409; x_wconf 37' lang='grc' dir='ltr'><strong>ἐ</strong></span> 
     </span>
     <span class='ocr_line' id='line_1_53' title="bbox 269 2426 1132 2467; baseline -0.001 -8"><span class='ocrx_word' id='word_1_459' title='bbox 269 2438 309 2459; x_wconf 82' lang='lat' dir='ltr'>tes</span> <span class='ocrx_word' id='word_1_460' title='bbox 329 2437 354 2458; x_wconf 82' lang='lat' dir='ltr'>et</span> <span class='ocrx_word' id='word_1_461' title='bbox 373 2431 472 2458; x_wconf 85' lang='lat' dir='ltr'>liberos</span> <span class='ocrx_word' id='word_1_462' title='bbox 497 2429 692 2456; x_wconf 77' lang='lat' dir='ltr'>interficiendos</span> <span class='ocrx_word' id='word_1_463' title='bbox 717 2432 825 2457; x_wconf 77' lang='lat' dir='ltr'>venerit.</span> <span class='ocrx_word' id='word_1_464' title='bbox 863 2430 893 2458; x_wconf 81' lang='lat' dir='ltr'>fr.</span> <span class='ocrx_word' id='word_1_465' title='bbox 912 2432 954 2457; x_wconf 76' lang='lat'>35.</span> <span class='ocrx_word' id='word_1_466' title='bbox 980 2430 1012 2457; x_wconf 88' lang='lat' dir='ltr'>de</span> <span class='ocrx_word' id='word_1_467' title='bbox 1036 2431 1108 2467; x_wconf 63' lang='lat' dir='ltr'>relig.</span> <span class='ocrx_word' id='word_1_468' title='bbox 1130 2426 1132 2435; x_wconf 34' lang='lat' dir='ltr'>l</span> 
     </span>
     <span class='ocr_line' id='line_1_54' title="bbox 272 2472 1132 2509; baseline 0 -8"><span class='ocrx_word' id='word_1_469' title='bbox 272 2476 311 2502; x_wconf 91' lang='lat' dir='ltr'>ll.</span> <span class='ocrx_word' id='word_1_470' title='bbox 332 2476 355 2501; x_wconf 91' lang='lat'>7.</span> <span class='ocrx_word' id='word_1_471' title='bbox 375 2490 407 2494; x_wconf 85' lang='lat'>-—</span> <span class='ocrx_word' id='word_1_472' title='bbox 426 2474 457 2508; x_wconf 65' lang='grc' dir='ltr'>ξ.</span> <span class='ocrx_word' id='word_1_473' title='bbox 472 2474 509 2499; x_wconf 77' lang='lat'>³.</span> <span class='ocrx_word' id='word_1_474' title='bbox 530 2474 676 2504; x_wconf 74' lang='lat' dir='ltr'>Abolere,</span> <span class='ocrx_word' id='word_1_475' title='bbox 696 2474 835 2509; x_wconf 80' lang='lat' dir='ltr'>Effectu</span> <span class='ocrx_word' id='word_1_476' title='bbox 855 2476 996 2508; x_wconf 77' lang='lat' dir='ltr'>privare.</span> <span class='ocrx_word' id='word_1_477' title='bbox 1018 2474 1035 2500; x_wconf 89' lang='lat' dir='ltr'>I.</span> <span class='ocrx_word' id='word_1_478' title='bbox 1048 2476 1109 2509; x_wconf 70' lang='lat' dir='ltr'>Sy.</span> <span class='ocrx_word' id='word_1_479' title='bbox 1131 2472 1132 2495; x_wconf 61' lang='lat' dir='ltr'>l</span> 
     </span>
     <span class='ocr_line' id='line_1_55' title="bbox 271 2508 1133 2552; baseline -0.001 -8"><span class='ocrx_word' id='word_1_480' title='bbox 271 2517 386 2544; x_wconf 69' lang='lat' dir='ltr'>Tolle-re.</span> <span class='ocrx_word' id='word_1_481' title='bbox 415 2516 506 2543; x_wconf 89' lang='lat' dir='ltr'>Iuliani</span> <span class='ocrx_word' id='word_1_482' title='bbox 525 2515 586 2552; x_wconf 81' lang='lat' dir='ltr'>epit.</span> <span class='ocrx_word' id='word_1_483' title='bbox 608 2524 667 2540; x_wconf 89' lang='lat' dir='ltr'>nov.</span> <span class='ocrx_word' id='word_1_484' title='bbox 687 2525 708 2540; x_wconf 90' lang='lat' dir='ltr'>c.</span> <span class='ocrx_word' id='word_1_485' title='bbox 723 2517 763 2542; x_wconf 83' lang='lat'>99.</span> <span class='ocrx_word' id='word_1_486' title='bbox 783 2516 805 2549; x_wconf 89' lang='lat'>5.</span> <span class='ocrx_word' id='word_1_487' title='bbox 819 2517 878 2542; x_wconf 84' lang='lat'>360.</span> <span class='ocrx_word' id='word_1_488' title='bbox 898 2526 919 2543; x_wconf 93' lang='lat' dir='ltr'>c.</span> <span class='ocrx_word' id='word_1_489' title='bbox 936 2518 993 2543; x_wconf 88' lang='grc'>103.</span> <span class='ocrx_word' id='word_1_490' title='bbox 1013 2517 1034 2550; x_wconf 92' lang='lat'>5.</span> <span class='ocrx_word' id='word_1_491' title='bbox 1050 2519 1108 2543; x_wconf 71' lang='lat'>3155.</span> <span class='ocrx_word' id='word_1_492' title='bbox 1131 2508 1133 2533; x_wconf 54' lang='lat' dir='ltr'>l</span> 
     </span>
     <span class='ocr_line' id='line_1_56' title="bbox 271 2556 1110 2596; baseline 0 -11"><span class='ocrx_word' id='word_1_493' title='bbox 271 2559 315 2585; x_wconf 91' lang='lat' dir='ltr'>III.</span> <span class='ocrx_word' id='word_1_494' title='bbox 338 2561 404 2587; x_wconf 79' lang='lat' dir='ltr'>Cn.</span> <span class='ocrx_word' id='word_1_495' title='bbox 437 2558 567 2585; x_wconf 85' lang='lat' dir='ltr'>Dediticia</span> <span class='ocrx_word' id='word_1_496' title='bbox 593 2556 708 2583; x_wconf 86' lang='lat' dir='ltr'>conditio</span> <span class='ocrx_word' id='word_1_497' title='bbox 732 2557 804 2584; x_wconf 89' lang='lat' dir='ltr'>nullo</span> <span class='ocrx_word' id='word_1_498' title='bbox 824 2558 902 2585; x_wconf 90' lang='lat' dir='ltr'>modo</span> <span class='ocrx_word' id='word_1_499' title='bbox 926 2560 951 2585; x_wconf 95' lang='lat' dir='ltr'>in</span> <span class='ocrx_word' id='word_1_500' title='bbox 975 2564 1110 2596; x_wconf 81' lang='lat' dir='ltr'>posterum</span> 
     </span>
     <span class='ocr_line' id='line_1_57' title="bbox 273 2599 1110 2639; baseline 0.001 -12"><span class='ocrx_word' id='word_1_501' title='bbox 273 2607 389 2628; x_wconf 83' lang='lat' dir='ltr'>nostram</span> <span class='ocrx_word' id='word_1_502' title='bbox 415 2611 495 2639; x_wconf 77' lang='lat' dir='ltr'>remp.</span> <span class='ocrx_word' id='word_1_503' title='bbox 515 2599 655 2627; x_wconf 82' lang='lat' dir='ltr'>molestare</span> <span class='ocrx_word' id='word_1_504' title='bbox 679 2600 853 2633; x_wconf 78' lang='lat' dir='ltr'>concedatur,</span> <span class='ocrx_word' id='word_1_505' title='bbox 876 2601 924 2628; x_wconf 86' lang='lat' dir='ltr'>sed</span> <span class='ocrx_word' id='word_1_506' title='bbox 947 2603 982 2628; x_wconf 75' lang='lat' dir='ltr'>sit</span> <span class='ocrx_word' id='word_1_507' title='bbox 1005 2603 1110 2639; x_wconf 80' lang='lat' dir='ltr'>penitus</span> 
     </span>
     <span class='ocr_line' id='line_1_58' title="bbox 273 2642 1111 2678; baseline -0.001 -8"><span class='ocrx_word' id='word_1_508' title='bbox 273 2643 366 2670; x_wconf 82' lang='lat' dir='ltr'>deleta.</span> <span class='ocrx_word' id='word_1_509' title='bbox 400 2654 421 2670; x_wconf 87' lang='lat' dir='ltr'>c.</span> <span class='ocrx_word' id='word_1_510' title='bbox 443 2646 465 2671; x_wconf 91' lang='lat'>1.</span> <span class='ocrx_word' id='word_1_511' title='bbox 490 2643 523 2670; x_wconf 86' lang='lat' dir='ltr'>de</span> <span class='ocrx_word' id='word_1_512' title='bbox 546 2642 652 2670; x_wconf 82' lang='lat' dir='ltr'>deditio.</span> <span class='ocrx_word' id='word_1_513' title='bbox 676 2642 762 2669; x_wconf 80' lang='lat' dir='ltr'>libert.</span> <span class='ocrx_word' id='word_1_514' title='bbox 787 2644 810 2669; x_wconf 84' lang='lat'>7.</span> <span class='ocrx_word' id='word_1_515' title='bbox 834 2645 858 2669; x_wconf 91' lang='lat'>5.</span> <span class='ocrx_word' id='word_1_516' title='bbox 895 2643 926 2670; x_wconf 77' lang='lat' dir='ltr'>cs.</span> <span class='ocrx_word' id='word_1_517' title='bbox 950 2645 972 2678; x_wconf 89' lang='lat'>5.</span> <span class='ocrx_word' id='word_1_518' title='bbox 994 2645 1053 2671; x_wconf 91' lang='lat'>1.1.</span> <span class='ocrx_word' id='word_1_519' title='bbox 1078 2644 1111 2671; x_wconf 76' lang='lat' dir='ltr'>de</span> 
     </span>
     <span class='ocr_line' id='line_1_59' title="bbox 274 2685 1111 2723; baseline 0.002 -11"><span class='ocrx_word' id='word_1_520' title='bbox 274 2696 344 2712; x_wconf 87' lang='lat' dir='ltr'>succ.</span> <span class='ocrx_word' id='word_1_521' title='bbox 365 2686 432 2712; x_wconf 86' lang='lat' dir='ltr'>subl.</span> <span class='ocrx_word' id='word_1_522' title='bbox 452 2688 476 2714; x_wconf 82' lang='lat'>3.</span> <span class='ocrx_word' id='word_1_523' title='bbox 496 2689 536 2713; x_wconf 82' lang='grc'>12.</span> <span class='ocrx_word' id='word_1_524' title='bbox 578 2685 629 2713; x_wconf 85' lang='lat' dir='ltr'>Est</span> <span class='ocrx_word' id='word_1_525' title='bbox 651 2695 699 2723; x_wconf 89' lang='lat' dir='ltr'>pro</span> <span class='ocrx_word' id='word_1_526' title='bbox 719 2695 771 2711; x_wconf 93' lang='lat' dir='ltr'>non</span> <span class='ocrx_word' id='word_1_527' title='bbox 791 2687 888 2722; x_wconf 82' lang='lat' dir='ltr'>scripta</span> <span class='ocrx_word' id='word_1_528' title='bbox 911 2687 964 2720; x_wconf 89' lang='lat' dir='ltr'>(sc.</span> <span class='ocrx_word' id='word_1_529' title='bbox 985 2689 1111 2714; x_wconf 85' lang='lat' dir='ltr'>constitu·</span> 
     </span>
     <span class='ocr_line' id='line_1_60' title="bbox 274 2729 1111 2768; baseline 0.002 -14"><span class='ocrx_word' id='word_1_530' title='bbox 274 2729 343 2760; x_wconf 83' lang='lat' dir='ltr'>tio).</span> <span class='ocrx_word' id='word_1_531' title='bbox 373 2729 432 2764; x_wconf 84' lang='lat' dir='ltr'>quia</span> <span class='ocrx_word' id='word_1_532' title='bbox 456 2729 486 2755; x_wconf 93' lang='lat' dir='ltr'>ab</span> <span class='ocrx_word' id='word_1_533' title='bbox 515 2729 600 2766; x_wconf 81' lang='lat' dir='ltr'>aliqua</span> <span class='ocrx_word' id='word_1_534' title='bbox 625 2729 771 2766; x_wconf 80' lang='lat' dir='ltr'>posteriore</span> <span class='ocrx_word' id='word_1_535' title='bbox 795 2729 983 2756; x_wconf 86' lang='lat' dir='ltr'>constitutione</span> <span class='ocrx_word' id='word_1_536' title='bbox 1006 2731 1111 2768; x_wconf 84' lang='lat' dir='ltr'>penitus</span> 
     </span>
    </p>
   </div>
   <div class='ocr_carea' id='block_1_10' title="bbox 275 2770 1112 2859">
    <p class='ocr_par' dir='ltr' id='par_1_11' title="bbox 275 2770 1112 2859">
     <span class='ocr_line' id='line_1_61' title="bbox 275 2770 798 2806; baseline -0.002 -9"><span class='ocrx_word' id='word_1_537' title='bbox 275 2770 360 2797; x_wconf 84' lang='lat' dir='ltr'>deleta</span> <span class='ocrx_word' id='word_1_538' title='bbox 380 2776 428 2796; x_wconf 77' lang='lat' dir='ltr'>est.</span> <span class='ocrx_word' id='word_1_539' title='bbox 456 2771 502 2797; x_wconf 91' lang='lat' dir='ltr'>Iul.</span> <span class='ocrx_word' id='word_1_540' title='bbox 522 2771 538 2798; x_wconf 95' lang='lat' dir='ltr'>l.</span> <span class='ocrx_word' id='word_1_541' title='bbox 559 2772 575 2798; x_wconf 94' lang='lat' dir='ltr'>l.</span> <span class='ocrx_word' id='word_1_542' title='bbox 596 2782 617 2798; x_wconf 86' lang='lat' dir='ltr'>c.</span> <span class='ocrx_word' id='word_1_543' title='bbox 637 2773 678 2799; x_wconf 85' lang='grc'>99.</span> <span class='ocrx_word' id='word_1_544' title='bbox 699 2772 721 2806; x_wconf 91' lang='lat'>5</span> <span class='ocrx_word' id='word_1_545' title='bbox 739 2772 798 2797; x_wconf 80' lang='lat'>360.</span> 
     </span>
     <span class='ocr_line' id='line_1_62' title="bbox 312 2824 1112 2859; baseline 0.001 -7"><span class='ocrx_word' id='word_1_546' title='bbox 312 2824 532 2852; x_wconf 71' lang='lat' dir='ltr'>Delessclufl·</span> <span class='ocrx_word' id='word_1_547' title='bbox 553 2826 684 2859; x_wconf 82' lang='lat' dir='ltr'>(Adiect.)</span> <span class='ocrx_word' id='word_1_548' title='bbox 704 2827 901 2859; x_wconf 81' lang='lat' dir='ltr'>Scripturae</span> <span class='ocrx_word' id='word_1_549' title='bbox 919 2827 1042 2853; x_wconf 80' lang='lat' dir='ltr'>deletae</span> <span class='ocrx_word' id='word_1_550' title='bbox 1061 2829 1112 2853; x_wconf 80' lang='lat' dir='ltr'>im-</span> 
     </span>
    </p>
   </div>
   <div class='ocr_carea' id='block_1_11' title="bbox 1074 169 1170 200">
    <p class='ocr_par' dir='ltr' id='par_1_12' title="bbox 1074 169 1170 200">
     <span class='ocr_line' id='line_1_63' title="bbox 1074 169 1170 200; baseline -0.01 -1"><span class='ocrx_word' id='word_1_551' title='bbox 1074 169 1170 200; x_wconf 91' lang='lat' dir='ltr'>DEL.</span> 
     </span>
    </p>
   </div>
   <div class='ocr_carea' id='block_1_12' title="bbox 1138 252 1983 546">
    <p class='ocr_par' dir='ltr' id='par_1_13' title="bbox 1138 252 1983 327">
     <span class='ocr_line' id='line_1_64' title="bbox 1138 252 1983 286; baseline 0.002 -8"><span class='ocrx_word' id='word_1_552' title='bbox 1138 254 1281 286; x_wconf 68' lang='lat' dir='ltr'>positas,</span> <span class='ocrx_word' id='word_1_553' title='bbox 1301 253 1548 286; x_wconf 65' lang='lat' dir='ltr'>Palimpseuus.</span> <span class='ocrx_word' id='word_1_554' title='bbox 1584 252 1615 279; x_wconf 87' lang='grc' dir='ltr'>Π.</span> <span class='ocrx_word' id='word_1_555' title='bbox 1637 254 1704 286; x_wconf 69' lang='lat'>01².</span> <span class='ocrx_word' id='word_1_556' title='bbox 1735 252 1820 285; x_wconf 70' lang='lat' dir='ltr'>Nova,</span> <span class='ocrx_word' id='word_1_557' title='bbox 1849 270 1881 274; x_wconf 97' lang='lat'><strong>—</strong></span> <span class='ocrx_word' id='word_1_558' title='bbox 1905 253 1983 281; x_wconf 84' lang='lat' dir='ltr'>Dele-</span> 
     </span>
     <span class='ocr_line' id='line_1_65' title="bbox 1140 294 1795 327; baseline 0.003 -7"><span class='ocrx_word' id='word_1_559' title='bbox 1140 296 1201 321; x_wconf 85' lang='lat' dir='ltr'>ticia</span> <span class='ocrx_word' id='word_1_560' title='bbox 1221 294 1343 327; x_wconf 85' lang='lat' dir='ltr'>(charta).</span> <span class='ocrx_word' id='word_1_561' title='bbox 1368 294 1398 321; x_wconf 83' lang='lat' dir='ltr'>sr.</span> <span class='ocrx_word' id='word_1_562' title='bbox 1417 297 1442 322; x_wconf 70' lang='grc'>4.</span> <span class='ocrx_word' id='word_1_563' title='bbox 1462 295 1494 322; x_wconf 83' lang='lat' dir='ltr'>de</span> <span class='ocrx_word' id='word_1_564' title='bbox 1513 296 1543 322; x_wconf 88' lang='lat' dir='ltr'>B.</span> <span class='ocrx_word' id='word_1_565' title='bbox 1564 295 1592 322; x_wconf 84' lang='lat' dir='ltr'>P.</span> <span class='ocrx_word' id='word_1_566' title='bbox 1613 305 1634 321; x_wconf 92' lang='lat' dir='ltr'>s.</span> <span class='ocrx_word' id='word_1_567' title='bbox 1655 300 1672 322; x_wconf 87' lang='lat' dir='ltr'>t.</span> <span class='ocrx_word' id='word_1_568' title='bbox 1692 297 1735 322; x_wconf 96' lang='lat'>37.</span> <span class='ocrx_word' id='word_1_569' title='bbox 1756 297 1795 322; x_wconf 92' lang='lat' dir='ltr'>ll.</span> 
     </span>
    </p>

    <p class='ocr_par' dir='ltr' id='par_1_14' title="bbox 1141 338 1983 414">
     <span class='ocr_line' id='line_1_66' title="bbox 1175 338 1983 374; baseline 0.002 -10"><span class='ocrx_word' id='word_1_570' title='bbox 1175 338 1338 364; x_wconf 68' lang='lat' dir='ltr'>lle-letio.</span> <span class='ocrx_word' id='word_1_571' title='bbox 1368 340 1577 371; x_wconf 72' lang='lat' dir='ltr'>Exutinctio,</span> <span class='ocrx_word' id='word_1_572' title='bbox 1594 340 1767 365; x_wconf 66' lang='lat' dir='ltr'>Rene-intio.</span> <span class='ocrx_word' id='word_1_573' title='bbox 1798 338 1816 365; x_wconf 88' lang='grc'>1.</span> <span class='ocrx_word' id='word_1_574' title='bbox 1831 340 1893 374; x_wconf 72' lang='lat' dir='ltr'>Sy.</span> <span class='ocrx_word' id='word_1_575' title='bbox 1913 339 1983 366; x_wconf 83' lang='lat' dir='ltr'>Abo-</span> 
     </span>
     <span class='ocr_line' id='line_1_67' title="bbox 1141 379 1456 414; baseline 0.003 -8"><span class='ocrx_word' id='word_1_576' title='bbox 1141 380 1207 407; x_wconf 84' lang='lat' dir='ltr'>litio.</span> <span class='ocrx_word' id='word_1_577' title='bbox 1240 379 1280 406; x_wconf 81' lang='lat' dir='ltr'>Cf.</span> <span class='ocrx_word' id='word_1_578' title='bbox 1301 380 1326 407; x_wconf 92' lang='lat' dir='ltr'>h.</span> <span class='ocrx_word' id='word_1_579' title='bbox 1346 390 1370 407; x_wconf 65' lang='lat' dir='ltr'>V.</span> <span class='ocrx_word' id='word_1_580' title='bbox 1391 380 1413 414; x_wconf 80' lang='lat'>5.</span> <span class='ocrx_word' id='word_1_581' title='bbox 1432 383 1456 407; x_wconf 83' lang='grc'>2.</span> 
     </span>
    </p>

    <p class='ocr_par' dir='ltr' id='par_1_15' title="bbox 1176 422 1618 462">
     <span class='ocr_line' id='line_1_68' title="bbox 1176 422 1618 462; baseline 0 -11"><span class='ocrx_word' id='word_1_582' title='bbox 1176 424 1335 451; x_wconf 71' lang='lat' dir='ltr'>Delfica.</span> <span class='ocrx_word' id='word_1_583' title='bbox 1373 422 1415 450; x_wconf 76' lang='lat' dir='ltr'>Cf.</span> <span class='ocrx_word' id='word_1_584' title='bbox 1435 433 1459 450; x_wconf 75' lang='lat' dir='ltr'>v,</span> <span class='ocrx_word' id='word_1_585' title='bbox 1478 423 1618 462; x_wconf 86' lang='lat' dir='ltr'>Delphica.</span> 
     </span>
    </p>

    <p class='ocr_par' dir='ltr' id='par_1_16' title="bbox 1142 465 1983 546">
     <span class='ocr_line' id='line_1_69' title="bbox 1176 465 1983 500; baseline 0 -7"><span class='ocrx_word' id='word_1_586' title='bbox 1176 467 1381 494; x_wconf 74' lang='lat' dir='ltr'>Delibatio.</span> <span class='ocrx_word' id='word_1_587' title='bbox 1429 468 1628 494; x_wconf 80' lang='lat' dir='ltr'>Deminntio.</span> <span class='ocrx_word' id='word_1_588' title='bbox 1678 466 1708 493; x_wconf 86' lang='grc'>11.</span> <span class='ocrx_word' id='word_1_589' title='bbox 1739 467 1806 500; x_wconf 75' lang='lat'>⁰1²·</span> <span class='ocrx_word' id='word_1_590' title='bbox 1843 465 1983 494; x_wconf 75' lang='lat' dir='ltr'>Illibntum.</span> 
     </span>
     <span class='ocr_line' id='line_1_70' title="bbox 1142 508 1983 546; baseline 0.001 -11"><span class='ocrx_word' id='word_1_591' title='bbox 1142 509 1171 535; x_wconf 76' lang='lat' dir='ltr'>fr.</span> <span class='ocrx_word' id='word_1_592' title='bbox 1191 511 1233 536; x_wconf 79' lang='lat'>20.</span> <span class='ocrx_word' id='word_1_593' title='bbox 1258 510 1324 544; x_wconf 76' lang='lat'>5.=5.</span> <span class='ocrx_word' id='word_1_594' title='bbox 1351 510 1409 536; x_wconf 77' lang='lat' dir='ltr'>sam.</span> <span class='ocrx_word' id='word_1_595' title='bbox 1430 510 1522 536; x_wconf 84' lang='lat' dir='ltr'>ercisc.</span> <span class='ocrx_word' id='word_1_596' title='bbox 1548 512 1588 537; x_wconf 88' lang='lat'>10.</span> <span class='ocrx_word' id='word_1_597' title='bbox 1607 513 1631 537; x_wconf 84' lang='grc'>2.</span> <span class='ocrx_word' id='word_1_598' title='bbox 1660 510 1690 536; x_wconf 85' lang='lat' dir='ltr'>fr.</span> <span class='ocrx_word' id='word_1_599' title='bbox 1711 511 1769 535; x_wconf 84' lang='lat'>116.</span> <span class='ocrx_word' id='word_1_600' title='bbox 1789 519 1829 546; x_wconf 83' lang='lat' dir='ltr'>pr.</span> <span class='ocrx_word' id='word_1_601' title='bbox 1855 508 1888 535; x_wconf 79' lang='lat' dir='ltr'>de</span> <span class='ocrx_word' id='word_1_602' title='bbox 1907 509 1983 546; x_wconf 81' lang='lat' dir='ltr'>legat.</span> 
     </span>
    </p>
   </div>
   <div class='ocr_carea' id='block_1_13' title="bbox 1118 551 1984 589">
    <p class='ocr_par' dir='ltr' id='par_1_17' title="bbox 1118 551 1984 589">
     <span class='ocr_line' id='line_1_71' title="bbox 1118 551 1984 589; baseline 0 -11"><span class='ocrx_word' id='word_1_603' title='bbox 1118 558 1119 564; x_wconf 69' lang='lat'>¹</span> <span class='ocrx_word' id='word_1_604' title='bbox 1141 552 1159 578; x_wconf 89' lang='lat'>1.</span> <span class='ocrx_word' id='word_1_605' title='bbox 1180 553 1255 586; x_wconf 84' lang='grc'>(30.)</span> <span class='ocrx_word' id='word_1_606' title='bbox 1302 552 1344 579; x_wconf 90' lang='lat' dir='ltr'>III.</span> <span class='ocrx_word' id='word_1_607' title='bbox 1369 554 1435 580; x_wconf 73' lang='lat' dir='ltr'>Cn.</span> <span class='ocrx_word' id='word_1_608' title='bbox 1462 551 1589 589; x_wconf 77' lang='lat' dir='ltr'>Legatum</span> <span class='ocrx_word' id='word_1_609' title='bbox 1612 557 1653 579; x_wconf 84' lang='lat' dir='ltr'>est</span> <span class='ocrx_word' id='word_1_610' title='bbox 1676 551 1803 579; x_wconf 77' lang='lat' dir='ltr'>delibatio</span> <span class='ocrx_word' id='word_1_611' title='bbox 1822 551 1984 579; x_wconf 85' lang='lat' dir='ltr'>hereditatis.</span> 
     </span>
    </p>
   </div>
   <div class='ocr_carea' id='block_1_14' title="bbox 1142 595 1985 718">
    <p class='ocr_par' dir='ltr' id='par_1_18' title="bbox 1142 595 1985 718">
     <span class='ocr_line' id='line_1_72' title="bbox 1142 595 1348 622; baseline 0 -1"><span class='ocrx_word' id='word_1_612' title='bbox 1142 595 1172 621; x_wconf 80' lang='lat' dir='ltr'>l&#39;r.</span> <span class='ocrx_word' id='word_1_613' title='bbox 1194 596 1251 621; x_wconf 89' lang='lat'>116.</span> <span class='ocrx_word' id='word_1_614' title='bbox 1298 606 1310 622; x_wconf 84' lang='grc'>·.</span> <span class='ocrx_word' id='word_1_615' title='bbox 1343 618 1348 621; x_wconf 95' lang='grc'>.</span> 
     </span>
     <span class='ocr_line' id='line_1_73' title="bbox 1176 595 1985 673; baseline -0.001 -8"><span class='ocrx_word' id='word_1_616' title='bbox 1176 595 1415 666; x_wconf 43' lang='lat' dir='ltr'>Religion-lare.</span> <span class='ocrx_word' id='word_1_617' title='bbox 1440 639 1471 673; x_wconf 59' lang='grc' dir='ltr'>ᾖ.</span> <span class='ocrx_word' id='word_1_618' title='bbox 1486 639 1520 665; x_wconf 82' lang='lat' dir='ltr'>l.</span> <span class='ocrx_word' id='word_1_619' title='bbox 1542 639 1713 673; x_wconf 65' lang='lat' dir='ltr'>Inquit-ere</span> <span class='ocrx_word' id='word_1_620' title='bbox 1730 644 1759 664; x_wconf 76' lang='lat' dir='ltr'>et</span> <span class='ocrx_word' id='word_1_621' title='bbox 1777 640 1985 672; x_wconf 78' lang='lat' dir='ltr'>perpendere.</span> 
     </span>
     <span class='ocr_line' id='line_1_74' title="bbox 1142 679 1985 718; baseline -0.001 -11"><span class='ocrx_word' id='word_1_622' title='bbox 1142 681 1185 707; x_wconf 93' lang='lat' dir='ltr'>III.</span> <span class='ocrx_word' id='word_1_623' title='bbox 1207 683 1272 709; x_wconf 77' lang='lat' dir='ltr'>Cn.</span> <span class='ocrx_word' id='word_1_624' title='bbox 1301 681 1452 717; x_wconf 76' lang='lat' dir='ltr'>Quaeritur.</span> <span class='ocrx_word' id='word_1_625' title='bbox 1472 697 1505 701; x_wconf 95' lang='lat'><em>-</em></span> <span class='ocrx_word' id='word_1_626' title='bbox 1529 681 1563 707; x_wconf 85' lang='lat' dir='ltr'>Et</span> <span class='ocrx_word' id='word_1_627' title='bbox 1583 680 1723 707; x_wconf 87' lang='lat' dir='ltr'>deliberari</span> <span class='ocrx_word' id='word_1_628' title='bbox 1742 685 1840 718; x_wconf 88' lang='lat' dir='ltr'>potest.</span> <span class='ocrx_word' id='word_1_629' title='bbox 1869 679 1899 706; x_wconf 87' lang='lat' dir='ltr'>sr.</span> <span class='ocrx_word' id='word_1_630' title='bbox 1918 681 1942 706; x_wconf 84' lang='lat'>6.</span> <span class='ocrx_word' id='word_1_631' title='bbox 1962 680 1985 714; x_wconf 88' lang='lat'>5.</span> 
     </span>
    </p>
   </div>
   <div class='ocr_carea' id='block_1_15' title="bbox 1119 722 1986 803">
    <p class='ocr_par' dir='ltr' id='par_1_19' title="bbox 1119 722 1986 803">
     <span class='ocr_line' id='line_1_75' title="bbox 1119 722 1985 762; baseline -0.002 -11"><span class='ocrx_word' id='word_1_632' title='bbox 1119 736 1120 762; x_wconf 43' lang='grc' dir='ltr'>ᾖ</span> <span class='ocrx_word' id='word_1_633' title='bbox 1142 727 1166 751; x_wconf 87' lang='lat'>5.</span> <span class='ocrx_word' id='word_1_634' title='bbox 1187 724 1219 751; x_wconf 88' lang='lat' dir='ltr'>ad</span> <span class='ocrx_word' id='word_1_635' title='bbox 1238 724 1266 750; x_wconf 90' lang='lat' dir='ltr'>S.</span> <span class='ocrx_word' id='word_1_636' title='bbox 1287 723 1318 751; x_wconf 90' lang='lat' dir='ltr'>C.</span> <span class='ocrx_word' id='word_1_637' title='bbox 1338 723 1417 751; x_wconf 89' lang='lat' dir='ltr'>Treb.</span> <span class='ocrx_word' id='word_1_638' title='bbox 1437 726 1479 751; x_wconf 79' lang='lat'>36.</span> <span class='ocrx_word' id='word_1_639' title='bbox 1501 726 1522 750; x_wconf 89' lang='lat'>1.</span> <span class='ocrx_word' id='word_1_640' title='bbox 1553 724 1585 750; x_wconf 75' lang='lat' dir='ltr'>cl&#39;.</span> <span class='ocrx_word' id='word_1_641' title='bbox 1605 724 1636 750; x_wconf 79' lang='lat' dir='ltr'>fr.</span> <span class='ocrx_word' id='word_1_642' title='bbox 1656 726 1680 750; x_wconf 95' lang='lat'>1.</span> <span class='ocrx_word' id='word_1_643' title='bbox 1705 724 1728 758; x_wconf 87' lang='lat'>5.</span> <span class='ocrx_word' id='word_1_644' title='bbox 1747 726 1771 750; x_wconf 85' lang='lat'>5.</span> <span class='ocrx_word' id='word_1_645' title='bbox 1792 723 1825 750; x_wconf 87' lang='lat' dir='ltr'>de</span> <span class='ocrx_word' id='word_1_646' title='bbox 1843 722 1942 760; x_wconf 87' lang='lat' dir='ltr'>postul.</span> <span class='ocrx_word' id='word_1_647' title='bbox 1960 724 1985 750; x_wconf 85' lang='lat'>3.</span> 
     </span>
     <span class='ocr_line' id='line_1_76' title="bbox 1120 765 1986 803; baseline -0.002 -10"><span class='ocrx_word' id='word_1_648' title='bbox 1120 793 1121 797; x_wconf 64' lang='grc'>,</span> <span class='ocrx_word' id='word_1_649' title='bbox 1145 769 1166 793; x_wconf 92' lang='grc'>1.</span> <span class='ocrx_word' id='word_1_650' title='bbox 1187 766 1217 794; x_wconf 86' lang='lat' dir='ltr'>sr.</span> <span class='ocrx_word' id='word_1_651' title='bbox 1236 768 1261 793; x_wconf 88' lang='grc'>2.</span> <span class='ocrx_word' id='word_1_652' title='bbox 1282 767 1314 793; x_wconf 84' lang='lat' dir='ltr'>de</span> <span class='ocrx_word' id='word_1_653' title='bbox 1333 768 1396 803; x_wconf 78' lang='lat' dir='ltr'>tign.</span> <span class='ocrx_word' id='word_1_654' title='bbox 1416 769 1496 794; x_wconf 88' lang='lat' dir='ltr'>iunct.</span> <span class='ocrx_word' id='word_1_655' title='bbox 1516 769 1558 794; x_wconf 71' lang='lat'>47.</span> <span class='ocrx_word' id='word_1_656' title='bbox 1577 770 1602 794; x_wconf 91' lang='lat'>3.</span> <span class='ocrx_word' id='word_1_657' title='bbox 1638 766 1795 794; x_wconf 82' lang='lat' dir='ltr'>Deliberare</span> <span class='ocrx_word' id='word_1_658' title='bbox 1815 766 1893 793; x_wconf 87' lang='lat' dir='ltr'>debet</span> <span class='ocrx_word' id='word_1_659' title='bbox 1911 765 1986 792; x_wconf 75' lang='lat' dir='ltr'>Prae-</span> 
     </span>
    </p>
   </div>
   <div class='ocr_carea' id='block_1_16' title="bbox 1143 809 1987 933">
    <p class='ocr_par' dir='ltr' id='par_1_20' title="bbox 1143 809 1987 933">
     <span class='ocr_line' id='line_1_77' title="bbox 1143 809 1986 847; baseline -0.002 -11"><span class='ocrx_word' id='word_1_660' title='bbox 1143 815 1197 838; x_wconf 86' lang='lat' dir='ltr'>tor.</span> <span class='ocrx_word' id='word_1_661' title='bbox 1219 820 1250 836; x_wconf 84' lang='lat' dir='ltr'>an</span> <span class='ocrx_word' id='word_1_662' title='bbox 1270 811 1293 836; x_wconf 87' lang='lat' dir='ltr'>ei</span> <span class='ocrx_word' id='word_1_663' title='bbox 1312 810 1447 837; x_wconf 85' lang='lat' dir='ltr'>subveniri</span> <span class='ocrx_word' id='word_1_664' title='bbox 1467 810 1569 837; x_wconf 79' lang='lat' dir='ltr'>debeat.</span> <span class='ocrx_word' id='word_1_665' title='bbox 1600 809 1630 836; x_wconf 81' lang='lat' dir='ltr'>fr.</span> <span class='ocrx_word' id='word_1_666' title='bbox 1649 811 1692 837; x_wconf 79' lang='lat'>⁶28.</span> <span class='ocrx_word' id='word_1_667' title='bbox 1710 819 1750 847; x_wconf 84' lang='lat' dir='ltr'>pr.</span> <span class='ocrx_word' id='word_1_668' title='bbox 1771 819 1803 836; x_wconf 81' lang='lat' dir='ltr'>ex</span> <span class='ocrx_word' id='word_1_669' title='bbox 1822 819 1866 845; x_wconf 85' lang='lat' dir='ltr'>qu.</span> <span class='ocrx_word' id='word_1_670' title='bbox 1886 818 1907 835; x_wconf 92' lang='lat' dir='ltr'>c.</span> <span class='ocrx_word' id='word_1_671' title='bbox 1927 809 1986 835; x_wconf 83' lang='lat' dir='ltr'>mai.</span> 
     </span>
     <span class='ocr_line' id='line_1_78' title="bbox 1143 850 1987 890; baseline -0.002 -11"><span class='ocrx_word' id='word_1_672' title='bbox 1143 855 1167 879; x_wconf 73' lang='lat'>4.</span> <span class='ocrx_word' id='word_1_673' title='bbox 1188 855 1211 879; x_wconf 88' lang='lat'>6.</span> <span class='ocrx_word' id='word_1_674' title='bbox 1250 852 1383 879; x_wconf 80' lang='lat' dir='ltr'>Interdum</span> <span class='ocrx_word' id='word_1_675' title='bbox 1402 852 1486 886; x_wconf 72' lang='lat' dir='ltr'>Iocus,</span> <span class='ocrx_word' id='word_1_676' title='bbox 1506 858 1610 890; x_wconf 88' lang='lat' dir='ltr'>tempus</span> <span class='ocrx_word' id='word_1_677' title='bbox 1629 863 1682 879; x_wconf 91' lang='lat' dir='ltr'>non</span> <span class='ocrx_word' id='word_1_678' title='bbox 1702 853 1801 890; x_wconf 84' lang='lat' dir='ltr'>patitur</span> <span class='ocrx_word' id='word_1_679' title='bbox 1818 850 1925 889; x_wconf 88' lang='lat' dir='ltr'>plenius</span> <span class='ocrx_word' id='word_1_680' title='bbox 1945 851 1987 877; x_wconf 88' lang='lat' dir='ltr'>de-</span> 
     </span>
     <span class='ocr_line' id='line_1_79' title="bbox 1144 895 1987 933; baseline -0.002 -11"><span class='ocrx_word' id='word_1_681' title='bbox 1144 895 1274 923; x_wconf 88' lang='lat' dir='ltr'>liberandi</span> <span class='ocrx_word' id='word_1_682' title='bbox 1294 895 1442 922; x_wconf 86' lang='lat' dir='ltr'>consilium.</span> <span class='ocrx_word' id='word_1_683' title='bbox 1467 896 1498 923; x_wconf 79' lang='lat' dir='ltr'>fr.</span> <span class='ocrx_word' id='word_1_684' title='bbox 1520 898 1541 923; x_wconf 97' lang='lat' dir='ltr'>l.</span> <span class='ocrx_word' id='word_1_685' title='bbox 1562 907 1601 933; x_wconf 91' lang='lat' dir='ltr'>pr.</span> <span class='ocrx_word' id='word_1_686' title='bbox 1621 896 1654 923; x_wconf 88' lang='lat' dir='ltr'>de</span> <span class='ocrx_word' id='word_1_687' title='bbox 1674 905 1759 922; x_wconf 71' lang='lat' dir='ltr'>exerc.</span> <span class='ocrx_word' id='word_1_688' title='bbox 1780 899 1828 921; x_wconf 86' lang='lat' dir='ltr'>act.</span> <span class='ocrx_word' id='word_1_689' title='bbox 1850 896 1890 921; x_wconf 76' lang='lat'>14.</span> <span class='ocrx_word' id='word_1_690' title='bbox 1911 896 1934 920; x_wconf 90' lang='lat'>1.</span> <span class='ocrx_word' id='word_1_691' title='bbox 1954 909 1987 913; x_wconf 91' lang='lat'>—</span> 
     </span>
    </p>
   </div>
   <div class='ocr_carea' id='block_1_17' title="bbox 1121 939 1988 979">
    <p class='ocr_par' dir='ltr' id='par_1_21' title="bbox 1121 939 1988 979">
     <span class='ocr_line' id='line_1_80' title="bbox 1121 939 1988 979; baseline -0.003 -13"><span class='ocrx_word' id='word_1_692' title='bbox 1121 976 1122 979; x_wconf 13' lang='grc' dir='ltr'><strong>Ἴ</strong></span> <span class='ocrx_word' id='word_1_693' title='bbox 1144 940 1176 973; x_wconf 82' lang='lat'>§.</span> <span class='ocrx_word' id='word_1_694' title='bbox 1197 941 1233 966; x_wconf 68' lang='grc'>2.</span> <span class='ocrx_word' id='word_1_695' title='bbox 1265 941 1479 965; x_wconf 68' lang='lat' dir='ltr'>Constituere</span> <span class='ocrx_word' id='word_1_696' title='bbox 1498 942 1586 974; x_wconf 81' lang='lat' dir='ltr'>apud</span> <span class='ocrx_word' id='word_1_697' title='bbox 1602 949 1645 971; x_wconf 70' lang='lat' dir='ltr'>se,</span> <span class='ocrx_word' id='word_1_698' title='bbox 1665 941 1699 966; x_wconf 80' lang='lat' dir='ltr'>de</span> <span class='ocrx_word' id='word_1_699' title='bbox 1717 940 1920 972; x_wconf 77' lang='lat' dir='ltr'>acceptando</span> <span class='ocrx_word' id='word_1_700' title='bbox 1939 939 1988 964; x_wconf 79' lang='lat' dir='ltr'>vel</span> 
     </span>
    </p>
   </div>
   <div class='ocr_carea' id='block_1_18' title="bbox 1144 979 1991 1231">
    <p class='ocr_par' dir='ltr' id='par_1_22' title="bbox 1144 979 1991 1231">
     <span class='ocr_line' id='line_1_81' title="bbox 1144 979 1986 1017; baseline -0.004 -8"><span class='ocrx_word' id='word_1_701' title='bbox 1144 984 1347 1017; x_wconf 78' lang='lat' dir='ltr'>repudiando</span> <span class='ocrx_word' id='word_1_702' title='bbox 1367 983 1437 1008; x_wconf 81' lang='lat' dir='ltr'>iure</span> <span class='ocrx_word' id='word_1_703' title='bbox 1453 984 1561 1009; x_wconf 80' lang='lat' dir='ltr'>delato</span> <span class='ocrx_word' id='word_1_704' title='bbox 1583 983 1790 1013; x_wconf 62' lang='lat' dir='ltr'>(succedendi</span> <span class='ocrx_word' id='word_1_705' title='bbox 1808 990 1841 1006; x_wconf 88' lang='lat' dir='ltr'>m.</span> <span class='ocrx_word' id='word_1_706' title='bbox 1860 983 1907 1010; x_wconf 87' lang='lat' dir='ltr'>c.).</span> <span class='ocrx_word' id='word_1_707' title='bbox 1943 979 1986 1006; x_wconf 88' lang='lat' dir='ltr'>III.</span> 
     </span>
     <span class='ocr_line' id='line_1_82' title="bbox 1146 1022 1988 1062; baseline -0.005 -9"><span class='ocrx_word' id='word_1_708' title='bbox 1146 1027 1212 1053; x_wconf 79' lang='lat' dir='ltr'>Gn.</span> <span class='ocrx_word' id='word_1_709' title='bbox 1241 1024 1271 1050; x_wconf 80' lang='lat' dir='ltr'>Si</span> <span class='ocrx_word' id='word_1_710' title='bbox 1291 1035 1323 1051; x_wconf 82' lang='lat' dir='ltr'>ex</span> <span class='ocrx_word' id='word_1_711' title='bbox 1346 1024 1467 1062; x_wconf 88' lang='lat' dir='ltr'>pluribus</span> <span class='ocrx_word' id='word_1_712' title='bbox 1492 1025 1597 1061; x_wconf 86' lang='lat' dir='ltr'>quidam</span> <span class='ocrx_word' id='word_1_713' title='bbox 1621 1024 1747 1056; x_wconf 81' lang='lat' dir='ltr'>adierint,</span> <span class='ocrx_word' id='word_1_714' title='bbox 1773 1022 1879 1060; x_wconf 86' lang='lat' dir='ltr'>quidam</span> <span class='ocrx_word' id='word_1_715' title='bbox 1903 1022 1988 1049; x_wconf 84' lang='lat' dir='ltr'>adhuc</span> 
     </span>
     <span class='ocr_line' id='line_1_83' title="bbox 1145 1065 1989 1105; baseline -0.005 -10"><span class='ocrx_word' id='word_1_716' title='bbox 1145 1068 1301 1095; x_wconf 77' lang='lat' dir='ltr'>deliberent.</span> <span class='ocrx_word' id='word_1_717' title='bbox 1327 1068 1358 1094; x_wconf 81' lang='lat' dir='ltr'>fr.</span> <span class='ocrx_word' id='word_1_718' title='bbox 1377 1069 1402 1094; x_wconf 87' lang='grc'>2.</span> <span class='ocrx_word' id='word_1_719' title='bbox 1422 1068 1445 1094; x_wconf 82' lang='lat' dir='ltr'>si</span> <span class='ocrx_word' id='word_1_720' title='bbox 1463 1077 1524 1105; x_wconf 88' lang='lat' dir='ltr'>pars</span> <span class='ocrx_word' id='word_1_721' title='bbox 1544 1067 1633 1095; x_wconf 84' lang='lat' dir='ltr'>hered.</span> <span class='ocrx_word' id='word_1_722' title='bbox 1652 1070 1676 1094; x_wconf 91' lang='lat'>5.</span> <span class='ocrx_word' id='word_1_723' title='bbox 1691 1069 1715 1094; x_wconf 74' lang='lat'>4.</span> <span class='ocrx_word' id='word_1_724' title='bbox 1752 1065 1925 1093; x_wconf 78' lang='lat' dir='ltr'>DeIIberandi</span> <span class='ocrx_word' id='word_1_725' title='bbox 1942 1075 1989 1103; x_wconf 85' lang='lat' dir='ltr'>po-</span> 
     </span>
     <span class='ocr_line' id='line_1_84' title="bbox 1145 1108 1989 1144; baseline -0.005 -6"><span class='ocrx_word' id='word_1_726' title='bbox 1145 1116 1229 1138; x_wconf 78' lang='lat' dir='ltr'>testas</span> <span class='ocrx_word' id='word_1_727' title='bbox 1249 1110 1308 1137; x_wconf 83' lang='lat' dir='ltr'>data</span> <span class='ocrx_word' id='word_1_728' title='bbox 1328 1115 1369 1137; x_wconf 91' lang='lat' dir='ltr'>est</span> <span class='ocrx_word' id='word_1_729' title='bbox 1388 1111 1533 1144; x_wconf 82' lang='lat' dir='ltr'>(extraneis</span> <span class='ocrx_word' id='word_1_730' title='bbox 1553 1111 1709 1142; x_wconf 88' lang='lat' dir='ltr'>heredibus)</span> <span class='ocrx_word' id='word_1_731' title='bbox 1728 1109 1761 1136; x_wconf 83' lang='lat' dir='ltr'>de</span> <span class='ocrx_word' id='word_1_732' title='bbox 1780 1108 1899 1135; x_wconf 85' lang='lat' dir='ltr'>adeunda</span> <span class='ocrx_word' id='word_1_733' title='bbox 1916 1108 1989 1135; x_wconf 86' lang='lat' dir='ltr'>here-</span> 
     </span>
     <span class='ocr_line' id='line_1_85' title="bbox 1146 1151 1989 1188; baseline -0.005 -7"><span class='ocrx_word' id='word_1_734' title='bbox 1146 1155 1241 1186; x_wconf 76' lang='lat' dir='ltr'>ditate.</span> <span class='ocrx_word' id='word_1_735' title='bbox 1268 1153 1310 1180; x_wconf 77' lang='lat' dir='ltr'>vel</span> <span class='ocrx_word' id='word_1_736' title='bbox 1329 1163 1382 1180; x_wconf 89' lang='lat' dir='ltr'>nou</span> <span class='ocrx_word' id='word_1_737' title='bbox 1402 1153 1529 1180; x_wconf 84' lang='lat' dir='ltr'>adeunda.</span> <span class='ocrx_word' id='word_1_738' title='bbox 1560 1154 1617 1181; x_wconf 87' lang='lat' dir='ltr'>Gai.</span> <span class='ocrx_word' id='word_1_739' title='bbox 1637 1153 1668 1180; x_wconf 90' lang='lat' dir='ltr'>II.</span> <span class='ocrx_word' id='word_1_740' title='bbox 1690 1154 1747 1179; x_wconf 82' lang='lat'>162.</span> <span class='ocrx_word' id='word_1_741' title='bbox 1767 1162 1807 1188; x_wconf 86' lang='lat' dir='ltr'>sq.</span> <span class='ocrx_word' id='word_1_742' title='bbox 1846 1151 1937 1178; x_wconf 86' lang='lat' dir='ltr'>Cretio</span> <span class='ocrx_word' id='word_1_743' title='bbox 1956 1167 1989 1170; x_wconf 97' lang='lat'><strong>—</strong></span> 
     </span>
     <span class='ocr_line' id='line_1_86' title="bbox 1146 1193 1991 1231; baseline -0.004 -8"><span class='ocrx_word' id='word_1_744' title='bbox 1146 1197 1223 1224; x_wconf 82' lang='lat' dir='ltr'>datur</span> <span class='ocrx_word' id='word_1_745' title='bbox 1241 1198 1364 1223; x_wconf 81' lang='lat' dir='ltr'>instituto</span> <span class='ocrx_word' id='word_1_746' title='bbox 1383 1196 1475 1224; x_wconf 87' lang='lat' dir='ltr'>heredi</span> <span class='ocrx_word' id='word_1_747' title='bbox 1488 1197 1520 1224; x_wconf 87' lang='lat' dir='ltr'>ad</span> <span class='ocrx_word' id='word_1_748' title='bbox 1534 1195 1741 1228; x_wconf 76' lang='lat' dir='ltr'>deliberandum,</span> <span class='ocrx_word' id='word_1_749' title='bbox 1759 1199 1848 1221; x_wconf 82' lang='lat' dir='ltr'>utrum</span> <span class='ocrx_word' id='word_1_750' title='bbox 1867 1193 1991 1231; x_wconf 83' lang='lat' dir='ltr'>expediat</span> 
     </span>
    </p>
   </div>
   <div class='ocr_carea' id='block_1_19' title="bbox 1123 1236 1988 1277">
    <p class='ocr_par' dir='ltr' id='par_1_23' title="bbox 1123 1236 1988 1277">
     <span class='ocr_line' id='line_1_87' title="bbox 1123 1236 1988 1277; baseline -0.006 -10"><span class='ocrx_word' id='word_1_751' title='bbox 1123 1264 1125 1273; x_wconf 75' lang='grc'>,</span> <span class='ocrx_word' id='word_1_752' title='bbox 1147 1242 1170 1267; x_wconf 85' lang='lat' dir='ltr'>ei</span> <span class='ocrx_word' id='word_1_753' title='bbox 1189 1240 1262 1267; x_wconf 88' lang='lat' dir='ltr'>adire</span> <span class='ocrx_word' id='word_1_754' title='bbox 1281 1239 1467 1273; x_wconf 78' lang='lat' dir='ltr'>hereditatem,</span> <span class='ocrx_word' id='word_1_755' title='bbox 1487 1250 1535 1266; x_wconf 88' lang='lat' dir='ltr'>nec</span> <span class='ocrx_word' id='word_1_756' title='bbox 1555 1250 1595 1266; x_wconf 88' lang='lat' dir='ltr'>ne.</span> <span class='ocrx_word' id='word_1_757' title='bbox 1624 1239 1686 1277; x_wconf 67' lang='lat' dir='ltr'>Wp.</span> <span class='ocrx_word' id='word_1_758' title='bbox 1705 1238 1789 1266; x_wconf 84' lang='lat' dir='ltr'>XXII.</span> <span class='ocrx_word' id='word_1_759' title='bbox 1808 1239 1851 1264; x_wconf 86' lang='grc'>27.</span> <span class='ocrx_word' id='word_1_760' title='bbox 1879 1237 1911 1263; x_wconf 82' lang='lat' dir='ltr'>cl&#39;.</span> <span class='ocrx_word' id='word_1_761' title='bbox 1932 1236 1988 1263; x_wconf 85' lang='lat' dir='ltr'>Gai.</span> 
     </span>
    </p>
   </div>
   <div class='ocr_carea' id='block_1_20' title="bbox 1147 1280 1990 1359">
    <p class='ocr_par' dir='ltr' id='par_1_24' title="bbox 1147 1280 1990 1359">
     <span class='ocr_line' id='line_1_88' title="bbox 1147 1280 1990 1319; baseline -0.005 -10"><span class='ocrx_word' id='word_1_762' title='bbox 1147 1283 1177 1310; x_wconf 94' lang='lat'>11.</span> <span class='ocrx_word' id='word_1_763' title='bbox 1199 1284 1256 1310; x_wconf 75' lang='lat'>164.</span> <span class='ocrx_word' id='word_1_764' title='bbox 1295 1283 1428 1319; x_wconf 83' lang='lat' dir='ltr'>Quamdiu</span> <span class='ocrx_word' id='word_1_765' title='bbox 1447 1294 1479 1310; x_wconf 77' lang='lat' dir='ltr'>ex</span> <span class='ocrx_word' id='word_1_766' title='bbox 1498 1283 1641 1310; x_wconf 82' lang='lat' dir='ltr'>heredibus</span> <span class='ocrx_word' id='word_1_767' title='bbox 1660 1291 1727 1309; x_wconf 84' lang='lat' dir='ltr'>uuus</span> <span class='ocrx_word' id='word_1_768' title='bbox 1747 1280 1884 1312; x_wconf 77' lang='lat' dir='ltr'>deliberat,</span> <span class='ocrx_word' id='word_1_769' title='bbox 1903 1284 1990 1306; x_wconf 86' lang='lat' dir='ltr'>utrum</span> 
     </span>
     <span class='ocr_line' id='line_1_89' title="bbox 1148 1321 1990 1359; baseline -0.005 -7"><span class='ocrx_word' id='word_1_770' title='bbox 1148 1326 1269 1353; x_wconf 82' lang='lat' dir='ltr'>admittat</span> <span class='ocrx_word' id='word_1_771' title='bbox 1287 1325 1318 1352; x_wconf 90' lang='lat' dir='ltr'>B.</span> <span class='ocrx_word' id='word_1_772' title='bbox 1338 1325 1432 1357; x_wconf 81' lang='lat' dir='ltr'>Pnem,</span> <span class='ocrx_word' id='word_1_773' title='bbox 1452 1336 1484 1352; x_wconf 88' lang='lat' dir='ltr'>an</span> <span class='ocrx_word' id='word_1_774' title='bbox 1503 1336 1564 1353; x_wconf 86' lang='lat' dir='ltr'>non.</span> <span class='ocrx_word' id='word_1_775' title='bbox 1595 1326 1626 1353; x_wconf 83' lang='lat' dir='ltr'>fr.</span> <span class='ocrx_word' id='word_1_776' title='bbox 1645 1328 1670 1353; x_wconf 78' lang='lat'>2.</span> <span class='ocrx_word' id='word_1_777' title='bbox 1689 1326 1711 1359; x_wconf 87' lang='lat'>5.</span> <span class='ocrx_word' id='word_1_778' title='bbox 1730 1326 1755 1351; x_wconf 85' lang='grc'>2.</span> <span class='ocrx_word' id='word_1_779' title='bbox 1779 1323 1812 1350; x_wconf 88' lang='lat' dir='ltr'>de</span> <span class='ocrx_word' id='word_1_780' title='bbox 1831 1322 1862 1349; x_wconf 93' lang='grc' dir='ltr'>Β.</span> <span class='ocrx_word' id='word_1_781' title='bbox 1881 1321 1910 1349; x_wconf 88' lang='grc' dir='ltr'>Ρ.</span> <span class='ocrx_word' id='word_1_782' title='bbox 1929 1332 1951 1349; x_wconf 86' lang='lat' dir='ltr'>s.</span> <span class='ocrx_word' id='word_1_783' title='bbox 1970 1327 1990 1348; x_wconf 87' lang='lat' dir='ltr'>t.</span> 
     </span>
    </p>
   </div>
   <div class='ocr_carea' id='block_1_21' title="bbox 1124 1364 1991 1449">
    <p class='ocr_par' dir='ltr' id='par_1_25' title="bbox 1124 1364 1991 1449">
     <span class='ocr_line' id='line_1_90' title="bbox 1124 1364 1991 1406; baseline -0.006 -11"><span class='ocrx_word' id='word_1_784' title='bbox 1124 1373 1125 1383; x_wconf 67' lang='lat'>¹</span> <span class='ocrx_word' id='word_1_785' title='bbox 1147 1371 1189 1396; x_wconf 83' lang='lat'>37.</span> <span class='ocrx_word' id='word_1_786' title='bbox 1210 1371 1250 1395; x_wconf 97' lang='lat' dir='ltr'>ll.</span> <span class='ocrx_word' id='word_1_787' title='bbox 1277 1368 1307 1395; x_wconf 78' lang='lat' dir='ltr'>fr.</span> <span class='ocrx_word' id='word_1_788' title='bbox 1327 1370 1352 1396; x_wconf 87' lang='grc'>9.</span> <span class='ocrx_word' id='word_1_789' title='bbox 1372 1369 1394 1403; x_wconf 88' lang='lat'>5.</span> <span class='ocrx_word' id='word_1_790' title='bbox 1415 1370 1438 1395; x_wconf 96' lang='lat' dir='ltr'>l.</span> <span class='ocrx_word' id='word_1_791' title='bbox 1458 1379 1491 1396; x_wconf 82' lang='lat' dir='ltr'>ex</span> <span class='ocrx_word' id='word_1_792' title='bbox 1511 1379 1554 1406; x_wconf 89' lang='lat' dir='ltr'>qu.</span> <span class='ocrx_word' id='word_1_793' title='bbox 1575 1380 1596 1396; x_wconf 85' lang='lat' dir='ltr'>c.</span> <span class='ocrx_word' id='word_1_794' title='bbox 1615 1370 1643 1396; x_wconf 89' lang='lat' dir='ltr'>in</span> <span class='ocrx_word' id='word_1_795' title='bbox 1661 1374 1735 1406; x_wconf 82' lang='lat' dir='ltr'>poss.</span> <span class='ocrx_word' id='word_1_796' title='bbox 1755 1369 1797 1393; x_wconf 74' lang='lat'>42.</span> <span class='ocrx_word' id='word_1_797' title='bbox 1816 1367 1842 1392; x_wconf 70' lang='lat'>4.</span> <span class='ocrx_word' id='word_1_798' title='bbox 1877 1364 1991 1391; x_wconf 87' lang='lat' dir='ltr'>Interest</span> 
     </span>
     <span class='ocr_line' id='line_1_91' title="bbox 1124 1407 1991 1449; baseline -0.006 -10"><span class='ocrx_word' id='word_1_799' title='bbox 1124 1413 1126 1425; x_wconf 73' lang='lat'><em>&#39;</em></span> <span class='ocrx_word' id='word_1_800' title='bbox 1148 1417 1174 1440; x_wconf 78' lang='lat' dir='ltr'>et</span> <span class='ocrx_word' id='word_1_801' title='bbox 1192 1413 1337 1439; x_wconf 70' lang='lat' dir='ltr'>viventium</span> <span class='ocrx_word' id='word_1_802' title='bbox 1356 1422 1390 1438; x_wconf 87' lang='lat' dir='ltr'>ue</span> <span class='ocrx_word' id='word_1_803' title='bbox 1407 1413 1630 1449; x_wconf 73' lang='lat' dir='ltr'>praecipitentur,</span> <span class='ocrx_word' id='word_1_804' title='bbox 1657 1410 1782 1449; x_wconf 85' lang='lat' dir='ltr'>quamdiu</span> <span class='ocrx_word' id='word_1_805' title='bbox 1804 1410 1874 1436; x_wconf 74' lang='lat' dir='ltr'>iuste</span> <span class='ocrx_word' id='word_1_806' title='bbox 1893 1407 1991 1435; x_wconf 89' lang='lat' dir='ltr'>delibe-</span> 
     </span>
    </p>
   </div>
   <div class='ocr_carea' id='block_1_22' title="bbox 1147 1455 1992 1664">
    <p class='ocr_par' dir='ltr' id='par_1_26' title="bbox 1147 1455 1992 1664">
     <span class='ocr_line' id='line_1_92' title="bbox 1147 1455 1775 1492; baseline -0.003 -9"><span class='ocrx_word' id='word_1_807' title='bbox 1147 1461 1214 1483; x_wconf 87' lang='lat' dir='ltr'>rant.</span> <span class='ocrx_word' id='word_1_808' title='bbox 1244 1455 1275 1482; x_wconf 86' lang='lat' dir='ltr'>fr.</span> <span class='ocrx_word' id='word_1_809' title='bbox 1295 1457 1319 1482; x_wconf 87' lang='grc'>6.</span> <span class='ocrx_word' id='word_1_810' title='bbox 1339 1465 1379 1492; x_wconf 87' lang='lat' dir='ltr'>pr.</span> <span class='ocrx_word' id='word_1_811' title='bbox 1399 1455 1432 1482; x_wconf 88' lang='lat' dir='ltr'>de</span> <span class='ocrx_word' id='word_1_812' title='bbox 1450 1456 1542 1482; x_wconf 86' lang='lat' dir='ltr'>interr.</span> <span class='ocrx_word' id='word_1_813' title='bbox 1561 1456 1588 1482; x_wconf 84' lang='lat' dir='ltr'>&#39;m</span> <span class='ocrx_word' id='word_1_814' title='bbox 1607 1456 1670 1482; x_wconf 87' lang='lat' dir='ltr'>iure.</span> <span class='ocrx_word' id='word_1_815' title='bbox 1692 1456 1732 1481; x_wconf 86' lang='lat' dir='ltr'>ll.</span> <span class='ocrx_word' id='word_1_816' title='bbox 1752 1456 1775 1481; x_wconf 92' lang='lat' dir='ltr'>l.</span> 
     </span>
     <span class='ocr_line' id='line_1_93' title="bbox 1182 1498 1990 1535; baseline -0.001 -9"><span class='ocrx_word' id='word_1_817' title='bbox 1182 1499 1434 1526; x_wconf 78' lang='lat' dir='ltr'>Deliberatio.</span> <span class='ocrx_word' id='word_1_818' title='bbox 1474 1498 1505 1532; x_wconf 69' lang='grc' dir='ltr'>ξ.</span> <span class='ocrx_word' id='word_1_819' title='bbox 1526 1499 1561 1525; x_wconf 92' lang='lat'>1.</span> <span class='ocrx_word' id='word_1_820' title='bbox 1601 1499 1795 1531; x_wconf 65' lang='lat' dir='ltr'>Tractatum,</span> <span class='ocrx_word' id='word_1_821' title='bbox 1825 1500 1990 1535; x_wconf 69' lang='lat' dir='ltr'>Cognitio.</span> 
     </span>
     <span class='ocr_line' id='line_1_94' title="bbox 1148 1540 1990 1578; baseline -0.001 -9"><span class='ocrx_word' id='word_1_822' title='bbox 1148 1542 1191 1569; x_wconf 90' lang='lat'>111.</span> <span class='ocrx_word' id='word_1_823' title='bbox 1214 1543 1281 1570; x_wconf 77' lang='grc' dir='ltr'>ίίι.</span> <span class='ocrx_word' id='word_1_824' title='bbox 1315 1541 1485 1578; x_wconf 83' lang='lat' dir='ltr'>Responsum</span> <span class='ocrx_word' id='word_1_825' title='bbox 1508 1546 1563 1573; x_wconf 79' lang='lat' dir='ltr'>est,</span> <span class='ocrx_word' id='word_1_826' title='bbox 1587 1557 1620 1560; x_wconf 97' lang='lat'><strong>—</strong></span> <span class='ocrx_word' id='word_1_827' title='bbox 1645 1540 1693 1567; x_wconf 88' lang='lat' dir='ltr'>sed</span> <span class='ocrx_word' id='word_1_828' title='bbox 1721 1546 1808 1568; x_wconf 88' lang='lat' dir='ltr'>utrum</span> <span class='ocrx_word' id='word_1_829' title='bbox 1831 1557 1864 1562; x_wconf 89' lang='lat'>-—</span> <span class='ocrx_word' id='word_1_830' title='bbox 1888 1551 1933 1574; x_wconf 85' lang='lat' dir='ltr'>an,</span> <span class='ocrx_word' id='word_1_831' title='bbox 1958 1556 1990 1561; x_wconf 89' lang='lat'><em>-</em></span> 
     </span>
     <span class='ocr_line' id='line_1_95' title="bbox 1148 1584 1990 1623; baseline -0.002 -11"><span class='ocrx_word' id='word_1_832' title='bbox 1148 1586 1272 1623; x_wconf 83' lang='lat' dir='ltr'>propriae</span> <span class='ocrx_word' id='word_1_833' title='bbox 1298 1589 1339 1611; x_wconf 83' lang='lat' dir='ltr'>est</span> <span class='ocrx_word' id='word_1_834' title='bbox 1363 1584 1571 1611; x_wconf 83' lang='lat' dir='ltr'>deliberationis.</span> <span class='ocrx_word' id='word_1_835' title='bbox 1606 1584 1637 1611; x_wconf 85' lang='lat' dir='ltr'>sr.</span> <span class='ocrx_word' id='word_1_836' title='bbox 1658 1586 1698 1610; x_wconf 90' lang='grc'>11.</span> <span class='ocrx_word' id='word_1_837' title='bbox 1718 1584 1740 1618; x_wconf 90' lang='lat'>5.</span> <span class='ocrx_word' id='word_1_838' title='bbox 1760 1585 1784 1611; x_wconf 87' lang='lat'>3.</span> <span class='ocrx_word' id='word_1_839' title='bbox 1812 1584 1843 1611; x_wconf 83' lang='lat' dir='ltr'>sr.</span> <span class='ocrx_word' id='word_1_840' title='bbox 1863 1585 1905 1611; x_wconf 82' lang='lat'>60.</span> <span class='ocrx_word' id='word_1_841' title='bbox 1924 1584 1946 1618; x_wconf 90' lang='lat'>5.</span> <span class='ocrx_word' id='word_1_842' title='bbox 1965 1586 1990 1610; x_wconf 78' lang='lat'>2.</span> 
     </span>
     <span class='ocr_line' id='line_1_96' title="bbox 1149 1626 1992 1664; baseline -0.002 -9"><span class='ocrx_word' id='word_1_843' title='bbox 1149 1629 1182 1655; x_wconf 84' lang='lat' dir='ltr'>de</span> <span class='ocrx_word' id='word_1_844' title='bbox 1202 1628 1278 1663; x_wconf 73' lang='lat' dir='ltr'>legat.</span> <span class='ocrx_word' id='word_1_845' title='bbox 1299 1627 1341 1654; x_wconf 91' lang='lat' dir='ltr'>III.</span> <span class='ocrx_word' id='word_1_846' title='bbox 1361 1627 1439 1660; x_wconf 86' lang='lat'>(32.)</span> <span class='ocrx_word' id='word_1_847' title='bbox 1478 1627 1607 1664; x_wconf 85' lang='lat' dir='ltr'>Superest</span> <span class='ocrx_word' id='word_1_848' title='bbox 1626 1627 1702 1653; x_wconf 84' lang='lat' dir='ltr'>tertia</span> <span class='ocrx_word' id='word_1_849' title='bbox 1721 1626 1885 1653; x_wconf 84' lang='lat' dir='ltr'>deliberatio.</span> <span class='ocrx_word' id='word_1_850' title='bbox 1905 1643 1938 1646; x_wconf 97' lang='lat'><strong>—</strong></span> <span class='ocrx_word' id='word_1_851' title='bbox 1957 1626 1992 1653; x_wconf 84' lang='lat' dir='ltr'>Et</span> 
     </span>
    </p>
   </div>
   <div class='ocr_carea' id='block_1_23' title="bbox 1126 1669 1991 1704">
    <p class='ocr_par' dir='ltr' id='par_1_27' title="bbox 1126 1669 1991 1704">
     <span class='ocr_line' id='line_1_97' title="bbox 1126 1669 1991 1704; baseline -0.001 -7"><span class='ocrx_word' id='word_1_852' title='bbox 1126 1669 1128 1697; x_wconf 62' lang='grc' dir='ltr'><strong>ἶ</strong></span> <span class='ocrx_word' id='word_1_853' title='bbox 1150 1681 1202 1697; x_wconf 91' lang='lat' dir='ltr'>non</span> <span class='ocrx_word' id='word_1_854' title='bbox 1222 1672 1280 1696; x_wconf 83' lang='lat' dir='ltr'>siue.</span> <span class='ocrx_word' id='word_1_855' title='bbox 1298 1671 1400 1696; x_wconf 80' lang='lat' dir='ltr'>ratione</span> <span class='ocrx_word' id='word_1_856' title='bbox 1419 1669 1529 1697; x_wconf 88' lang='lat' dir='ltr'>dicetur.</span> <span class='ocrx_word' id='word_1_857' title='bbox 1558 1670 1588 1696; x_wconf 79' lang='lat' dir='ltr'>fr.</span> <span class='ocrx_word' id='word_1_858' title='bbox 1602 1672 1644 1697; x_wconf 73' lang='lat'>45.</span> <span class='ocrx_word' id='word_1_859' title='bbox 1664 1671 1686 1704; x_wconf 89' lang='lat'>5.</span> <span class='ocrx_word' id='word_1_860' title='bbox 1700 1672 1724 1696; x_wconf 88' lang='grc'>2.</span> <span class='ocrx_word' id='word_1_861' title='bbox 1744 1669 1777 1697; x_wconf 87' lang='lat' dir='ltr'>de</span> <span class='ocrx_word' id='word_1_862' title='bbox 1796 1670 1827 1696; x_wconf 86' lang='lat' dir='ltr'>A.</span> <span class='ocrx_word' id='word_1_863' title='bbox 1846 1670 1877 1697; x_wconf 88' lang='grc' dir='ltr'>Ε.</span> <span class='ocrx_word' id='word_1_864' title='bbox 1897 1669 1929 1696; x_wconf 78' lang='lat' dir='ltr'>V.</span> <span class='ocrx_word' id='word_1_865' title='bbox 1950 1671 1991 1696; x_wconf 85' lang='lat'>19.</span> 
     </span>
    </p>
   </div>
   <div class='ocr_carea' id='block_1_24' title="bbox 1151 1711 1992 1749">
    <p class='ocr_par' dir='ltr' id='par_1_28' title="bbox 1151 1711 1992 1749">
     <span class='ocr_line' id='line_1_98' title="bbox 1151 1711 1992 1749; baseline -0.001 -9"><span class='ocrx_word' id='word_1_866' title='bbox 1151 1716 1174 1740; x_wconf 94' lang='lat'>1.</span> <span class='ocrx_word' id='word_1_867' title='bbox 1212 1713 1280 1740; x_wconf 87' lang='lat' dir='ltr'>Cum</span> <span class='ocrx_word' id='word_1_868' title='bbox 1300 1718 1375 1739; x_wconf 80' lang='lat' dir='ltr'>antea</span> <span class='ocrx_word' id='word_1_869' title='bbox 1394 1713 1429 1739; x_wconf 89' lang='lat' dir='ltr'>sit</span> <span class='ocrx_word' id='word_1_870' title='bbox 1448 1714 1629 1744; x_wconf 84' lang='lat' dir='ltr'>constitutum,</span> <span class='ocrx_word' id='word_1_871' title='bbox 1649 1729 1682 1733; x_wconf 93' lang='lat'>—</span> <span class='ocrx_word' id='word_1_872' title='bbox 1701 1713 1752 1740; x_wconf 89' lang='lat' dir='ltr'>hoc</span> <span class='ocrx_word' id='word_1_873' title='bbox 1770 1714 1870 1749; x_wconf 76' lang='lat' dir='ltr'>integra</span> <span class='ocrx_word' id='word_1_874' title='bbox 1895 1711 1992 1739; x_wconf 79' lang='lat' dir='ltr'>delibe-</span> 
     </span>
    </p>
   </div>
   <div class='ocr_carea' id='block_1_25' title="bbox 1127 1755 1992 1837">
    <p class='ocr_par' dir='ltr' id='par_1_29' title="bbox 1127 1755 1992 1837">
     <span class='ocr_line' id='line_1_99' title="bbox 1127 1755 1992 1793; baseline -0.003 -9"><span class='ocrx_word' id='word_1_875' title='bbox 1127 1774 1128 1778; x_wconf 67' lang='lat'><em>=</em></span> <span class='ocrx_word' id='word_1_876' title='bbox 1150 1758 1251 1784; x_wconf 86' lang='lat' dir='ltr'>ratione</span> <span class='ocrx_word' id='word_1_877' title='bbox 1275 1757 1414 1782; x_wconf 85' lang='lat' dir='ltr'>sancimus.</span> <span class='ocrx_word' id='word_1_878' title='bbox 1448 1755 1499 1782; x_wconf 85' lang='lat' dir='ltr'>Th.</span> <span class='ocrx_word' id='word_1_879' title='bbox 1527 1755 1557 1783; x_wconf 95' lang='lat' dir='ltr'>C.</span> <span class='ocrx_word' id='word_1_880' title='bbox 1576 1756 1622 1783; x_wconf 81' lang='lat' dir='ltr'>XI.</span> <span class='ocrx_word' id='word_1_881' title='bbox 1650 1757 1692 1783; x_wconf 89' lang='grc'>30.</span> <span class='ocrx_word' id='word_1_882' title='bbox 1717 1766 1739 1783; x_wconf 80' lang='lat' dir='ltr'>e.</span> <span class='ocrx_word' id='word_1_883' title='bbox 1758 1758 1800 1783; x_wconf 73' lang='lat'>47.</span> <span class='ocrx_word' id='word_1_884' title='bbox 1825 1755 1858 1782; x_wconf 87' lang='lat' dir='ltr'>de</span> <span class='ocrx_word' id='word_1_885' title='bbox 1882 1765 1941 1793; x_wconf 86' lang='lat' dir='ltr'>app.</span> <span class='ocrx_word' id='word_1_886' title='bbox 1966 1760 1992 1782; x_wconf 84' lang='lat' dir='ltr'>et</span> 
     </span>
     <span class='ocr_line' id='line_1_100' title="bbox 1127 1800 1992 1837; baseline 0 -12"><span class='ocrx_word' id='word_1_887' title='bbox 1127 1816 1128 1820; x_wconf 61' lang='lat'><em>=</em></span> <span class='ocrx_word' id='word_1_888' title='bbox 1150 1809 1226 1837; x_wconf 73' lang='lat' dir='ltr'>poen.</span> <span class='ocrx_word' id='word_1_889' title='bbox 1251 1815 1284 1819; x_wconf 84' lang='lat'>—</span> <span class='ocrx_word' id='word_1_890' title='bbox 1313 1800 1344 1833; x_wconf 62' lang='grc' dir='ltr'>ξ.</span> <span class='ocrx_word' id='word_1_891' title='bbox 1367 1800 1403 1826; x_wconf 69' lang='grc'>2.</span> <span class='ocrx_word' id='word_1_892' title='bbox 1434 1800 1644 1826; x_wconf 71' lang='lat' dir='ltr'>constitutio</span> <span class='ocrx_word' id='word_1_893' title='bbox 1667 1801 1748 1831; x_wconf 72' lang='lat' dir='ltr'>eiua,</span> <span class='ocrx_word' id='word_1_894' title='bbox 1772 1801 1827 1827; x_wconf 77' lang='lat' dir='ltr'>cui</span> <span class='ocrx_word' id='word_1_895' title='bbox 1849 1801 1992 1826; x_wconf 81' lang='lat' dir='ltr'>delatum</span> 
     </span>
    </p>
   </div>
   <div class='ocr_carea' id='block_1_26' title="bbox 1149 1843 1991 1877">
    <p class='ocr_par' dir='ltr' id='par_1_30' title="bbox 1149 1843 1991 1877">
     <span class='ocr_line' id='line_1_101' title="bbox 1149 1843 1991 1877; baseline -0.001 -8"><span class='ocrx_word' id='word_1_896' title='bbox 1149 1849 1195 1869; x_wconf 84' lang='lat' dir='ltr'>est</span> <span class='ocrx_word' id='word_1_897' title='bbox 1221 1844 1271 1868; x_wconf 74' lang='lat' dir='ltr'>ius</span> <span class='ocrx_word' id='word_1_898' title='bbox 1295 1844 1486 1868; x_wconf 54' lang='lat' dir='ltr'>..accedendi</span> <span class='ocrx_word' id='word_1_899' title='bbox 1508 1852 1542 1868; x_wconf 86' lang='lat' dir='ltr'>m.</span> <span class='ocrx_word' id='word_1_900' title='bbox 1561 1852 1596 1873; x_wconf 88' lang='lat' dir='ltr'>c.,</span> <span class='ocrx_word' id='word_1_901' title='bbox 1622 1844 1656 1869; x_wconf 86' lang='lat' dir='ltr'>de</span> <span class='ocrx_word' id='word_1_902' title='bbox 1681 1843 1906 1877; x_wconf 69' lang='lat' dir='ltr'>adgnoucendo</span> <span class='ocrx_word' id='word_1_903' title='bbox 1932 1843 1991 1868; x_wconf 74' lang='lat' dir='ltr'>n&#39;llo</span> 
     </span>
    </p>
   </div>
   <div class='ocr_carea' id='block_1_27' title="bbox 1127 1883 1992 1922">
    <p class='ocr_par' dir='ltr' id='par_1_31' title="bbox 1127 1883 1992 1922">
     <span class='ocr_line' id='line_1_102' title="bbox 1127 1883 1992 1922; baseline -0.001 -10"><span class='ocrx_word' id='word_1_904' title='bbox 1127 1916 1128 1920; x_wconf 15' lang='grc' dir='ltr'><strong>Ἰ</strong></span> <span class='ocrx_word' id='word_1_905' title='bbox 1150 1888 1197 1912; x_wconf 72' lang='lat' dir='ltr'>rel</span> <span class='ocrx_word' id='word_1_906' title='bbox 1216 1886 1429 1919; x_wconf 78' lang='lat' dir='ltr'>repudiando.</span> <span class='ocrx_word' id='word_1_907' title='bbox 1466 1884 1509 1910; x_wconf 89' lang='lat' dir='ltr'>Ill.</span> <span class='ocrx_word' id='word_1_908' title='bbox 1533 1885 1599 1912; x_wconf 76' lang='lat' dir='ltr'>OE&#39;n.</span> <span class='ocrx_word' id='word_1_909' title='bbox 1630 1883 1711 1920; x_wconf 80' lang='lat' dir='ltr'>Quod</span> <span class='ocrx_word' id='word_1_910' title='bbox 1729 1884 1910 1922; x_wconf 85' lang='lat' dir='ltr'>praefiniendo</span> <span class='ocrx_word' id='word_1_911' title='bbox 1929 1888 1992 1910; x_wconf 82' lang='lat' dir='ltr'>tem-</span> 
     </span>
    </p>
   </div>
   <div class='ocr_carea' id='block_1_28' title="bbox 1150 1926 1991 1965">
    <p class='ocr_par' dir='ltr' id='par_1_32' title="bbox 1150 1926 1991 1965">
     <span class='ocr_line' id='line_1_103' title="bbox 1150 1926 1991 1965; baseline 0 -12"><span class='ocrx_word' id='word_1_912' title='bbox 1150 1938 1214 1965; x_wconf 83' lang='lat' dir='ltr'>pore</span> <span class='ocrx_word' id='word_1_913' title='bbox 1238 1927 1437 1954; x_wconf 75' lang='lat' dir='ltr'>deliberationis</span> <span class='ocrx_word' id='word_1_914' title='bbox 1461 1927 1540 1954; x_wconf 88' lang='lat' dir='ltr'>edicit</span> <span class='ocrx_word' id='word_1_915' title='bbox 1564 1926 1716 1961; x_wconf 87' lang='lat' dir='ltr'>(Praetor).</span> <span class='ocrx_word' id='word_1_916' title='bbox 1753 1926 1783 1954; x_wconf 82' lang='lat' dir='ltr'>sr.</span> <span class='ocrx_word' id='word_1_917' title='bbox 1809 1929 1849 1954; x_wconf 85' lang='lat'>10.</span> <span class='ocrx_word' id='word_1_918' title='bbox 1879 1926 1912 1954; x_wconf 88' lang='lat' dir='ltr'>de</span> <span class='ocrx_word' id='word_1_919' title='bbox 1935 1927 1991 1953; x_wconf 89' lang='lat' dir='ltr'>iure</span> 
     </span>
    </p>
   </div>
   <div class='ocr_carea' id='block_1_29' title="bbox 1127 1969 1991 2007">
    <p class='ocr_par' dir='ltr' id='par_1_33' title="bbox 1127 1969 1991 2007">
     <span class='ocr_line' id='line_1_104' title="bbox 1127 1969 1991 2007; baseline -0.002 -10"><span class='ocrx_word' id='word_1_920' title='bbox 1127 1986 1128 1992; x_wconf 71' lang='lat'>.</span> <span class='ocrx_word' id='word_1_921' title='bbox 1150 1971 1230 1998; x_wconf 87' lang='lat' dir='ltr'>delib.</span> <span class='ocrx_word' id='word_1_922' title='bbox 1249 1973 1290 1996; x_wconf 65' lang='grc'>28.</span> <span class='ocrx_word' id='word_1_923' title='bbox 1311 1972 1334 1997; x_wconf 77' lang='lat' dir='ltr'>S.</span> <span class='ocrx_word' id='word_1_924' title='bbox 1372 1969 1514 2007; x_wconf 87' lang='lat' dir='ltr'>Completo</span> <span class='ocrx_word' id='word_1_925' title='bbox 1534 1975 1652 2007; x_wconf 82' lang='lat' dir='ltr'>tempore</span> <span class='ocrx_word' id='word_1_926' title='bbox 1670 1969 1881 1999; x_wconf 78' lang='lat' dir='ltr'>deliberationis.</span> <span class='ocrx_word' id='word_1_927' title='bbox 1906 1970 1929 1995; x_wconf 88' lang='lat' dir='ltr'>si</span> <span class='ocrx_word' id='word_1_928' title='bbox 1949 1979 1991 1995; x_wconf 81' lang='lat' dir='ltr'>ex-</span> 
     </span>
    </p>
   </div>
   <div class='ocr_carea' id='block_1_30' title="bbox 1151 2011 1993 2221">
    <p class='ocr_par' dir='ltr' id='par_1_34' title="bbox 1151 2011 1989 2083">
     <span class='ocr_line' id='line_1_105' title="bbox 1151 2011 1989 2051; baseline -0.002 -11"><span class='ocrx_word' id='word_1_929' title='bbox 1151 2013 1242 2051; x_wconf 82' lang='lat' dir='ltr'>pedire</span> <span class='ocrx_word' id='word_1_930' title='bbox 1261 2014 1312 2040; x_wconf 87' lang='lat' dir='ltr'>sibi</span> <span class='ocrx_word' id='word_1_931' title='bbox 1337 2013 1514 2051; x_wconf 80' lang='lat' dir='ltr'>compererint</span> <span class='ocrx_word' id='word_1_932' title='bbox 1536 2012 1715 2039; x_wconf 79' lang='lat' dir='ltr'>hereditatem.</span> <span class='ocrx_word' id='word_1_933' title='bbox 1744 2011 1774 2038; x_wconf 75' lang='lat' dir='ltr'>fr.</span> <span class='ocrx_word' id='word_1_934' title='bbox 1795 2013 1835 2038; x_wconf 88' lang='lat'>71.</span> <span class='ocrx_word' id='word_1_935' title='bbox 1860 2011 1891 2038; x_wconf 86' lang='lat' dir='ltr'>ad</span> <span class='ocrx_word' id='word_1_936' title='bbox 1911 2011 1938 2038; x_wconf 92' lang='lat' dir='ltr'>S.</span> <span class='ocrx_word' id='word_1_937' title='bbox 1959 2011 1989 2038; x_wconf 92' lang='lat' dir='ltr'>C.</span> 
     </span>
     <span class='ocr_line' id='line_1_106' title="bbox 1152 2057 1336 2083; baseline -0.005 0"><span class='ocrx_word' id='word_1_938' title='bbox 1152 2057 1232 2083; x_wconf 80' lang='lat' dir='ltr'>Treb.</span> <span class='ocrx_word' id='word_1_939' title='bbox 1251 2057 1292 2082; x_wconf 83' lang='lat'>36.</span> <span class='ocrx_word' id='word_1_940' title='bbox 1315 2058 1336 2082; x_wconf 96' lang='lat'>1.</span> 
     </span>
    </p>

    <p class='ocr_par' dir='ltr' id='par_1_35' title="bbox 1151 2097 1993 2221">
     <span class='ocr_line' id='line_1_107' title="bbox 1186 2097 1991 2130; baseline -0.004 -4"><span class='ocrx_word' id='word_1_941' title='bbox 1186 2099 1371 2126; x_wconf 62' lang='lat' dir='ltr'>lle-neate.</span> <span class='ocrx_word' id='word_1_942' title='bbox 1401 2098 1514 2130; x_wconf 77' lang='lat' dir='ltr'>(Advb.)</span> <span class='ocrx_word' id='word_1_943' title='bbox 1548 2098 1710 2129; x_wconf 80' lang='lat' dir='ltr'>Molliter,</span> <span class='ocrx_word' id='word_1_944' title='bbox 1730 2098 1910 2124; x_wconf 70' lang='lat' dir='ltr'>Desidiose.</span> <span class='ocrx_word' id='word_1_945' title='bbox 1949 2097 1991 2123; x_wconf 91' lang='lat' dir='ltr'>Ill.</span> 
     </span>
     <span class='ocr_line' id='line_1_108' title="bbox 1151 2140 1993 2177; baseline -0.005 -7"><span class='ocrx_word' id='word_1_946' title='bbox 1151 2144 1217 2170; x_wconf 73' lang='lat' dir='ltr'>Cn·</span> <span class='ocrx_word' id='word_1_947' title='bbox 1248 2141 1283 2167; x_wconf 67' lang='lat' dir='ltr'>Vt.</span> <span class='ocrx_word' id='word_1_948' title='bbox 1306 2151 1392 2177; x_wconf 82' lang='lat' dir='ltr'>neque</span> <span class='ocrx_word' id='word_1_949' title='bbox 1411 2157 1443 2160; x_wconf 97' lang='lat'><strong>—</strong></span> <span class='ocrx_word' id='word_1_950' title='bbox 1463 2140 1557 2166; x_wconf 82' lang='lat' dir='ltr'>diebus</span> <span class='ocrx_word' id='word_1_951' title='bbox 1581 2150 1610 2166; x_wconf 89' lang='lat' dir='ltr'>ac</span> <span class='ocrx_word' id='word_1_952' title='bbox 1634 2140 1756 2167; x_wconf 87' lang='lat' dir='ltr'>noctibus</span> <span class='ocrx_word' id='word_1_953' title='bbox 1777 2141 1826 2166; x_wconf 81' lang='lat' dir='ltr'>iter</span> <span class='ocrx_word' id='word_1_954' title='bbox 1846 2141 1993 2166; x_wconf 85' lang='lat' dir='ltr'>continuari</span> 
     </span>
     <span class='ocr_line' id='line_1_109' title="bbox 1151 2182 1993 2221; baseline -0.004 -10"><span class='ocrx_word' id='word_1_955' title='bbox 1151 2190 1271 2221; x_wconf 68' lang='lat' dir='ltr'>cogatur.</span> <span class='ocrx_word' id='word_1_956' title='bbox 1292 2194 1377 2220; x_wconf 83' lang='lat' dir='ltr'>neque</span> <span class='ocrx_word' id='word_1_957' title='bbox 1395 2189 1447 2210; x_wconf 90' lang='lat' dir='ltr'>tam</span> <span class='ocrx_word' id='word_1_958' title='bbox 1467 2183 1577 2209; x_wconf 80' lang='lat' dir='ltr'>delicate</span> <span class='ocrx_word' id='word_1_959' title='bbox 1596 2182 1718 2220; x_wconf 75' lang='lat' dir='ltr'>progredi</span> <span class='ocrx_word' id='word_1_960' title='bbox 1737 2182 1840 2213; x_wconf 77' lang='lat' dir='ltr'>debeat,</span> <span class='ocrx_word' id='word_1_961' title='bbox 1860 2187 1888 2208; x_wconf 88' lang='lat' dir='ltr'>ut</span> <span class='ocrx_word' id='word_1_962' title='bbox 1906 2193 1993 2220; x_wconf 77' lang='lat' dir='ltr'>repre—</span> 
     </span>
    </p>
   </div>
   <div class='ocr_carea' id='block_1_31' title="bbox 1128 2224 1990 2264">
    <p class='ocr_par' dir='ltr' id='par_1_36' title="bbox 1128 2224 1990 2264">
     <span class='ocr_line' id='line_1_110' title="bbox 1128 2224 1990 2264; baseline -0.003 -10"><span class='ocrx_word' id='word_1_963' title='bbox 1128 2253 1129 2260; x_wconf 36' lang='lat'>.</span> <span class='ocrx_word' id='word_1_964' title='bbox 1152 2228 1280 2254; x_wconf 85' lang='lat' dir='ltr'>hensioue</span> <span class='ocrx_word' id='word_1_965' title='bbox 1300 2227 1394 2263; x_wconf 78' lang='lat' dir='ltr'>diguus</span> <span class='ocrx_word' id='word_1_966' title='bbox 1413 2227 1537 2264; x_wconf 75' lang='lat' dir='ltr'>adpareat</span> <span class='ocrx_word' id='word_1_967' title='bbox 1556 2231 1604 2252; x_wconf 88' lang='lat' dir='ltr'>etc.</span> <span class='ocrx_word' id='word_1_968' title='bbox 1633 2225 1663 2252; x_wconf 85' lang='lat' dir='ltr'>sr.</span> <span class='ocrx_word' id='word_1_969' title='bbox 1684 2227 1741 2252; x_wconf 87' lang='lat'>137.</span> <span class='ocrx_word' id='word_1_970' title='bbox 1765 2226 1787 2260; x_wconf 86' lang='lat'>5.</span> <span class='ocrx_word' id='word_1_971' title='bbox 1806 2228 1831 2252; x_wconf 87' lang='grc'>2.</span> <span class='ocrx_word' id='word_1_972' title='bbox 1853 2224 1885 2251; x_wconf 78' lang='lat' dir='ltr'>de</span> <span class='ocrx_word' id='word_1_973' title='bbox 1906 2225 1937 2252; x_wconf 72' lang='lat' dir='ltr'>V.</span> <span class='ocrx_word' id='word_1_974' title='bbox 1958 2225 1990 2252; x_wconf 90' lang='grc' dir='ltr'>Ο.</span> 
     </span>
    </p>
   </div>
   <div class='ocr_carea' id='block_1_32' title="bbox 1152 2273 1993 2649">
    <p class='ocr_par' dir='ltr' id='par_1_37' title="bbox 1152 2273 1236 2297">
     <span class='ocr_line' id='line_1_111' title="bbox 1152 2273 1236 2297; baseline -0.012 0"><span class='ocrx_word' id='word_1_975' title='bbox 1152 2273 1192 2297; x_wconf 73' lang='grc'>45.</span> <span class='ocrx_word' id='word_1_976' title='bbox 1215 2273 1236 2296; x_wconf 95' lang='lat'>1.</span> 
     </span>
    </p>

    <p class='ocr_par' dir='ltr' id='par_1_38' title="bbox 1153 2310 1993 2521">
     <span class='ocr_line' id='line_1_112' title="bbox 1188 2310 1991 2345; baseline -0.004 -5"><span class='ocrx_word' id='word_1_977' title='bbox 1188 2313 1396 2341; x_wconf 75' lang='lat' dir='ltr'>Delicatus.</span> <span class='ocrx_word' id='word_1_978' title='bbox 1425 2312 1563 2345; x_wconf 69' lang='lat' dir='ltr'>(Adieet.)</span> <span class='ocrx_word' id='word_1_979' title='bbox 1602 2312 1727 2343; x_wconf 77' lang='lat' dir='ltr'>Mollis,</span> <span class='ocrx_word' id='word_1_980' title='bbox 1753 2313 1923 2338; x_wconf 57' lang='lat' dir='ltr'>Remissa&amp;</span> <span class='ocrx_word' id='word_1_981' title='bbox 1960 2310 1991 2337; x_wconf 91' lang='lat' dir='ltr'>II.</span> 
     </span>
     <span class='ocr_line' id='line_1_113' title="bbox 1154 2353 1991 2391; baseline -0.004 -8"><span class='ocrx_word' id='word_1_982' title='bbox 1154 2358 1221 2390; x_wconf 69' lang='grc' dir='ltr'>ΟΡ.</span> <span class='ocrx_word' id='word_1_983' title='bbox 1253 2357 1400 2385; x_wconf 76' lang='lat' dir='ltr'>Onerosus,</span> <span class='ocrx_word' id='word_1_984' title='bbox 1420 2354 1556 2388; x_wconf 76' lang='lat' dir='ltr'>(creditor.</span> <span class='ocrx_word' id='word_1_985' title='bbox 1575 2364 1599 2380; x_wconf 93' lang='lat' dir='ltr'>v.</span> <span class='ocrx_word' id='word_1_986' title='bbox 1620 2353 1744 2386; x_wconf 82' lang='lat' dir='ltr'>debitor).</span> <span class='ocrx_word' id='word_1_987' title='bbox 1771 2354 1855 2380; x_wconf 79' lang='grc' dir='ltr'>1“ι·.25.</span> <span class='ocrx_word' id='word_1_988' title='bbox 1877 2354 1908 2380; x_wconf 89' lang='lat' dir='ltr'>de</span> <span class='ocrx_word' id='word_1_989' title='bbox 1921 2354 1991 2391; x_wconf 77' lang='lat' dir='ltr'>pign.</span> 
     </span>
     <span class='ocr_line' id='line_1_114' title="bbox 1153 2396 1993 2427; baseline -0.002 -2"><span class='ocrx_word' id='word_1_990' title='bbox 1153 2404 1202 2425; x_wconf 68' lang='grc' dir='ltr'>ιιι-ί.</span> <span class='ocrx_word' id='word_1_991' title='bbox 1223 2401 1262 2425; x_wconf 87' lang='lat'>13.</span> <span class='ocrx_word' id='word_1_992' title='bbox 1285 2401 1308 2425; x_wconf 87' lang='lat'>7.</span> <span class='ocrx_word' id='word_1_993' title='bbox 1350 2398 1391 2424; x_wconf 93' lang='lat' dir='ltr'>III.</span> <span class='ocrx_word' id='word_1_994' title='bbox 1413 2399 1479 2425; x_wconf 64' lang='grc' dir='ltr'>θη.</span> <span class='ocrx_word' id='word_1_995' title='bbox 1509 2396 1620 2427; x_wconf 80' lang='lat' dir='ltr'>Liueae.</span> <span class='ocrx_word' id='word_1_996' title='bbox 1645 2397 1687 2423; x_wconf 74' lang='lat' dir='ltr'>vel</span> <span class='ocrx_word' id='word_1_997' title='bbox 1711 2398 1858 2425; x_wconf 82' lang='lat' dir='ltr'>amictoria.</span> <span class='ocrx_word' id='word_1_998' title='bbox 1883 2412 1915 2416; x_wconf 96' lang='lat'><strong>—</strong></span> <span class='ocrx_word' id='word_1_999' title='bbox 1934 2396 1993 2423; x_wconf 77' lang='lat' dir='ltr'>reli-</span> 
     </span>
     <span class='ocr_line' id='line_1_115' title="bbox 1155 2439 1990 2479; baseline -0.002 -11"><span class='ocrx_word' id='word_1_1000' title='bbox 1155 2453 1220 2479; x_wconf 78' lang='lat' dir='ltr'>quae</span> <span class='ocrx_word' id='word_1_1001' title='bbox 1239 2452 1302 2468; x_wconf 73' lang='lat' dir='ltr'>vero</span> <span class='ocrx_word' id='word_1_1002' title='bbox 1322 2440 1448 2467; x_wconf 85' lang='lat' dir='ltr'>delicatae</span> <span class='ocrx_word' id='word_1_1003' title='bbox 1466 2444 1554 2465; x_wconf 80' lang='lat' dir='ltr'>vestes</span> <span class='ocrx_word' id='word_1_1004' title='bbox 1575 2444 1623 2465; x_wconf 77' lang='lat' dir='ltr'>etr.</span> <span class='ocrx_word' id='word_1_1005' title='bbox 1657 2439 1706 2466; x_wconf 94' lang='lat' dir='ltr'>Th.</span> <span class='ocrx_word' id='word_1_1006' title='bbox 1727 2439 1758 2466; x_wconf 86' lang='lat' dir='ltr'>C.</span> <span class='ocrx_word' id='word_1_1007' title='bbox 1778 2439 1846 2466; x_wconf 73' lang='lat' dir='ltr'>VIII.</span> <span class='ocrx_word' id='word_1_1008' title='bbox 1865 2441 1889 2466; x_wconf 84' lang='lat'>5.</span> <span class='ocrx_word' id='word_1_1009' title='bbox 1909 2450 1931 2466; x_wconf 88' lang='lat' dir='ltr'>c.</span> <span class='ocrx_word' id='word_1_1010' title='bbox 1950 2441 1990 2465; x_wconf 71' lang='grc'>48.</span> 
     </span>
     <span class='ocr_line' id='line_1_116' title="bbox 1154 2483 1364 2521; baseline -0.01 -10"><span class='ocrx_word' id='word_1_1011' title='bbox 1154 2485 1186 2511; x_wconf 83' lang='lat' dir='ltr'>de</span> <span class='ocrx_word' id='word_1_1012' title='bbox 1206 2495 1284 2511; x_wconf 84' lang='lat' dir='ltr'>cursu</span> <span class='ocrx_word' id='word_1_1013' title='bbox 1302 2483 1364 2521; x_wconf 85' lang='lat' dir='ltr'>pub.</span> 
     </span>
    </p>

    <p class='ocr_par' dir='ltr' id='par_1_39' title="bbox 1154 2524 1992 2649">
     <span class='ocr_line' id='line_1_117' title="bbox 1190 2524 1992 2560; baseline -0.005 -5"><span class='ocrx_word' id='word_1_1014' title='bbox 1190 2527 1374 2555; x_wconf 65' lang='lat' dir='ltr'>”cliviae-</span> <span class='ocrx_word' id='word_1_1015' title='bbox 1400 2526 1689 2557; x_wconf 81' lang='lat' dir='ltr'>Oblectamentnm,</span> <span class='ocrx_word' id='word_1_1016' title='bbox 1713 2527 1878 2560; x_wconf 70' lang='lat' dir='ltr'>Voluptas.</span> <span class='ocrx_word' id='word_1_1017' title='bbox 1903 2524 1992 2558; x_wconf 63' lang='lat' dir='ltr'>[Sy-</span> 
     </span>
     <span class='ocr_line' id='line_1_118' title="bbox 1154 2567 1990 2606; baseline -0.006 -9"><span class='ocrx_word' id='word_1_1018' title='bbox 1154 2570 1283 2602; x_wconf 84' lang='lat' dir='ltr'>Luxuria,</span> <span class='ocrx_word' id='word_1_1019' title='bbox 1303 2568 1441 2605; x_wconf 66' lang='lat' dir='ltr'>Yoluptas.</span> <span class='ocrx_word' id='word_1_1020' title='bbox 1473 2567 1502 2594; x_wconf 79' lang='lat' dir='ltr'>sr.</span> <span class='ocrx_word' id='word_1_1021' title='bbox 1523 2570 1546 2594; x_wconf 78' lang='lat'>6.</span> <span class='ocrx_word' id='word_1_1022' title='bbox 1567 2568 1588 2601; x_wconf 91' lang='lat'>5.</span> <span class='ocrx_word' id='word_1_1023' title='bbox 1607 2570 1631 2594; x_wconf 87' lang='grc'>2.</span> <span class='ocrx_word' id='word_1_1024' title='bbox 1657 2568 1689 2595; x_wconf 85' lang='lat' dir='ltr'>dc</span> <span class='ocrx_word' id='word_1_1025' title='bbox 1708 2578 1779 2606; x_wconf 88' lang='lat' dir='ltr'>oper.</span> <span class='ocrx_word' id='word_1_1026' title='bbox 1800 2577 1899 2594; x_wconf 79' lang='lat' dir='ltr'>servor.</span> <span class='ocrx_word' id='word_1_1027' title='bbox 1925 2568 1947 2592; x_wconf 94' lang='lat'>7.</span> <span class='ocrx_word' id='word_1_1028' title='bbox 1968 2568 1990 2592; x_wconf 87' lang='lat'>7.</span> 
     </span>
     <span class='ocr_line' id='line_1_119' title="bbox 1156 2609 1992 2649; baseline -0.007 -10"><span class='ocrx_word' id='word_1_1029' title='bbox 1156 2614 1186 2639; x_wconf 79' lang='lat' dir='ltr'>fr.</span> <span class='ocrx_word' id='word_1_1030' title='bbox 1208 2615 1247 2639; x_wconf 85' lang='lat'>16.</span> <span class='ocrx_word' id='word_1_1031' title='bbox 1267 2622 1306 2649; x_wconf 89' lang='lat' dir='ltr'>pr.</span> <span class='ocrx_word' id='word_1_1032' title='bbox 1332 2611 1365 2638; x_wconf 87' lang='lat' dir='ltr'>de.</span> <span class='ocrx_word' id='word_1_1033' title='bbox 1389 2621 1499 2638; x_wconf 83' lang='lat' dir='ltr'>manum.</span> <span class='ocrx_word' id='word_1_1034' title='bbox 1524 2610 1595 2637; x_wconf 77' lang='lat' dir='ltr'>vind.</span> <span class='ocrx_word' id='word_1_1035' title='bbox 1620 2613 1661 2637; x_wconf 68' lang='lat'>40.</span> <span class='ocrx_word' id='word_1_1036' title='bbox 1681 2613 1705 2638; x_wconf 84' lang='grc'>2,</span> <span class='ocrx_word' id='word_1_1037' title='bbox 1743 2611 1785 2637; x_wconf 89' lang='lat' dir='ltr'>III.</span> <span class='ocrx_word' id='word_1_1038' title='bbox 1810 2612 1876 2638; x_wconf 75' lang='lat' dir='ltr'>Cn.</span> <span class='ocrx_word' id='word_1_1039' title='bbox 1904 2609 1992 2644; x_wconf 77' lang='lat' dir='ltr'>Irriga-</span> 
     </span>
    </p>
   </div>
   <div class='ocr_carea' id='block_1_33' title="bbox 1132 2650 1990 2691">
    <p class='ocr_par' dir='ltr' id='par_1_40' title="bbox 1132 2650 1990 2691">
     <span class='ocr_line' id='line_1_120' title="bbox 1132 2650 1990 2691; baseline -0.006 -10"><span class='ocrx_word' id='word_1_1040' title='bbox 1132 2674 1133 2690; x_wconf 46' lang='grc'>,</span> <span class='ocrx_word' id='word_1_1041' title='bbox 1155 2657 1242 2682; x_wconf 82' lang='lat' dir='ltr'>tiones</span> <span class='ocrx_word' id='word_1_1042' title='bbox 1261 2665 1393 2691; x_wconf 77' lang='lat' dir='ltr'>agrorum,</span> <span class='ocrx_word' id='word_1_1043' title='bbox 1413 2654 1455 2680; x_wconf 85' lang='lat' dir='ltr'>vel</span> <span class='ocrx_word' id='word_1_1044' title='bbox 1474 2654 1611 2680; x_wconf 83' lang='lat' dir='ltr'>hortorum</span> <span class='ocrx_word' id='word_1_1045' title='bbox 1631 2653 1747 2681; x_wconf 84' lang='lat' dir='ltr'>deliciae.</span> <span class='ocrx_word' id='word_1_1046' title='bbox 1776 2653 1826 2680; x_wconf 90' lang='lat' dir='ltr'>Th.</span> <span class='ocrx_word' id='word_1_1047' title='bbox 1841 2653 1871 2679; x_wconf 88' lang='lat' dir='ltr'>C.</span> <span class='ocrx_word' id='word_1_1048' title='bbox 1889 2650 1947 2678; x_wconf 69' lang='lat' dir='ltr'>XV.</span> <span class='ocrx_word' id='word_1_1049' title='bbox 1966 2653 1990 2681; x_wconf 68' lang='grc'>2,</span> 
     </span>
    </p>
   </div>
   <div class='ocr_carea' id='block_1_34' title="bbox 1156 2693 1992 2859">
    <p class='ocr_par' dir='ltr' id='par_1_41' title="bbox 1156 2693 1992 2817">
     <span class='ocr_line' id='line_1_121' title="bbox 1157 2693 1992 2734; baseline -0.006 -10"><span class='ocrx_word' id='word_1_1050' title='bbox 1157 2709 1178 2725; x_wconf 87' lang='lat' dir='ltr'>c.</span> <span class='ocrx_word' id='word_1_1051' title='bbox 1200 2701 1222 2724; x_wconf 87' lang='lat'>7.</span> <span class='ocrx_word' id='word_1_1052' title='bbox 1244 2698 1276 2724; x_wconf 87' lang='lat' dir='ltr'>de</span> <span class='ocrx_word' id='word_1_1053' title='bbox 1296 2697 1418 2734; x_wconf 67' lang='lat' dir='ltr'>:nc-quaed.</span> <span class='ocrx_word' id='word_1_1054' title='bbox 1462 2697 1516 2723; x_wconf 79' lang='lat' dir='ltr'>Eos</span> <span class='ocrx_word' id='word_1_1055' title='bbox 1540 2698 1566 2723; x_wconf 90' lang='lat' dir='ltr'>in</span> <span class='ocrx_word' id='word_1_1056' title='bbox 1591 2698 1644 2723; x_wconf 84' lang='lat' dir='ltr'>otio</span> <span class='ocrx_word' id='word_1_1057' title='bbox 1669 2696 1824 2733; x_wconf 81' lang='lat' dir='ltr'>plerumque</span> <span class='ocrx_word' id='word_1_1058' title='bbox 1847 2693 1992 2721; x_wconf 81' lang='lat' dir='ltr'>residentes</span> 
     </span>
     <span class='ocr_line' id='line_1_122' title="bbox 1156 2735 1990 2776; baseline -0.006 -9"><span class='ocrx_word' id='word_1_1059' title='bbox 1156 2741 1260 2767; x_wconf 88' lang='lat' dir='ltr'>deliciis</span> <span class='ocrx_word' id='word_1_1060' title='bbox 1279 2741 1417 2776; x_wconf 80' lang='lat' dir='ltr'>exquisitis</span> <span class='ocrx_word' id='word_1_1061' title='bbox 1437 2740 1514 2766; x_wconf 73' lang='lat' dir='ltr'>alere.</span> <span class='ocrx_word' id='word_1_1062' title='bbox 1551 2738 1618 2766; x_wconf 68' lang='lat' dir='ltr'>Nor.</span> <span class='ocrx_word' id='word_1_1063' title='bbox 1637 2739 1770 2766; x_wconf 76' lang='lat' dir='ltr'>maim-ian.</span> <span class='ocrx_word' id='word_1_1064' title='bbox 1790 2739 1822 2765; x_wconf 85' lang='lat' dir='ltr'>de</span> <span class='ocrx_word' id='word_1_1065' title='bbox 1840 2736 1928 2763; x_wconf 87' lang='lat' dir='ltr'>curial.</span> <span class='ocrx_word' id='word_1_1066' title='bbox 1947 2735 1990 2762; x_wconf 69' lang='lat' dir='ltr'>lv.</span> 
     </span>
     <span class='ocr_line' id='line_1_123' title="bbox 1157 2783 1369 2817; baseline -0.009 -7"><span class='ocrx_word' id='word_1_1067' title='bbox 1157 2785 1180 2810; x_wconf 89' lang='lat'>7.</span> <span class='ocrx_word' id='word_1_1068' title='bbox 1201 2793 1223 2809; x_wconf 92' lang='lat' dir='ltr'>c.</span> <span class='ocrx_word' id='word_1_1069' title='bbox 1244 2785 1266 2809; x_wconf 94' lang='lat'>1.</span> <span class='ocrx_word' id='word_1_1070' title='bbox 1286 2783 1369 2817; x_wconf 74' lang='lat'>§.17.</span> 
     </span>
    </p>

    <p class='ocr_par' dir='ltr' id='par_1_42' title="bbox 1192 2824 1992 2859">
     <span class='ocr_line' id='line_1_124' title="bbox 1192 2824 1992 2859; baseline -0.006 -6"><span class='ocrx_word' id='word_1_1071' title='bbox 1192 2825 1415 2853; x_wconf 74' lang='lat' dir='ltr'>Deficiosus.</span> <span class='ocrx_word' id='word_1_1072' title='bbox 1445 2825 1574 2859; x_wconf 77' lang='lat' dir='ltr'>(Adiect.)</span> <span class='ocrx_word' id='word_1_1073' title='bbox 1610 2826 1829 2854; x_wconf 66' lang='lat' dir='ltr'>Luxuriosus,</span> <span class='ocrx_word' id='word_1_1074' title='bbox 1850 2824 1992 2849; x_wconf 72' lang='lat' dir='ltr'>Summo-</span> 
     </span>
    </p>
   </div>
  </div>
 </body>
</html>
