2197 3121
931 167 1021 198 CAV
1047 186 1085 192 —
1111 168 1210 200 CED.

207 254 228 287 5.
244 255 283 279 ll.
303 252 336 279 de.
350 251 437 279 collat.
457 253 498 278 37.
513 251 536 276 6.
574 249 727 279 Satisdatio.
747 259 767 276 s.
782 249 940 276 Fideiussio.
962 249 992 275 [Γ.
1007 251 1048 276 57.

207 295 240 321 de
254 294 342 321 bercd.
355 299 407 332 pet.
422 296 446 320 5.
459 295 484 320 3.
505 303 526 319 c.
539 293 563 319 3.
583 292 616 319 de
630 292 661 319 V.
673 292 700 319 S.
720 293 744 318 6.
758 292 799 318 38.
828 291 871 318 III.
886 293 952 319 Gn.
972 291 1049 318 Illici-

206 343 246 364 tas
266 339 426 367 exactiones,
446 341 472 363 et
485 334 609 362 violentia
624 334 714 363 factas.
735 339 760 361 ct
774 339 890 361 extortas
905 339 975 361 metu
988 344 1049 361 ven-

206 380 329 413 ditiones,
349 386 375 407 et
394 381 542 410 cautiones,
563 393 595 397 --
614 377 761 414 probibeat.
795 377 826 404 [Γ.
846 378 870 403 6.
891 387 930 414 pr.
952 376 984 403 de
1004 377 1048 403 off.

206 422 293 449 Praes.
314 426 337 450 1.
359 424 399 449 18.
436 421 517 458 Quod
535 430 582 458 per
601 430 716 446 errorem
735 420 833 446 solutio
853 420 919 446 sacta
939 425 987 451 est,
1006 420 1048 446 vel

206 467 292 493 cautio
312 466 345 493 de
363 464 493 492 solvendo
512 465 676 500 interposita.
710 463 739 489 [Γ.
760 465 800 489 11.
821 462 853 488 de
873 473 944 489 exce.
964 464 1005 489 44.
1026 465 1048 489 1.

206 509 237 535 cf.
258 520 279 536 c.
298 511 323 535 2.
343 508 376 535 de
396 517 488 534 comm.
508 517 557 533 rer.
578 506 654 532 alien.
674 508 698 532 4.
713 507 754 531 52.
792 504 873 540 Quod
891 506 914 531 si
934 507 993 542 quis
1008 515 1048 531 au-

205 562 275 584 rum,
300 568 331 571 —
356 556 400 578 aut
424 551 552 577 cautionis
572 554 615 576 aut
634 549 786 586 sponsionis
806 547 872 577 sule.
898 553 926 574 ut
945 548 1049 575 debitor

205 594 356 621 redditurus
376 594 515 630 acceperit.
545 592 595 618 Th.
616 592 646 618 C.
666 592 699 618 X.
719 592 760 617 24.
781 601 802 617 c.
821 592 845 617 2.
866 590 899 617 de
917 591 943 618 b.
963 602 1005 628 qu.
1026 602 1047 618 c.

204 636 272 674 disp.
310 636 396 663 Minor
416 652 447 656 --
467 640 570 662 caverat
588 635 615 661 id
635 644 663 661 se
682 635 830 670 accepisse.
856 639 882 660 et
901 636 1047 661 cautionem

204 679 289 706 eidem
309 679 423 711 debitor,
444 680 519 715 quasi
538 678 651 705 creditae
669 677 808 713 pecuniae,
829 676 933 704 fecerat.
953 677 986 704 fr.
1005 679 1046 704 40.

203 732 241 759 pr.
263 721 296 748 de
315 723 408 748 minor.
428 723 452 748 4.
472 725 496 748 4.
534 721 628 748 Melius
648 719 758 751 dicitur.
778 729 832 746 rem
852 730 925 746 suain
943 722 1047 747 restitui

202 764 319 802 pupillo,
349 775 426 801 qnam
455 766 584 791 incertum
611 763 740 789 cautionis
769 767 891 789 eventum
919 767 1046 800 spectare.

203 807 232 833 [Γ.
252 808 276 833 6.
302 807 354 842 Qu.
374 807 441 833 falso
461 812 509 833 tut.
529 808 570 833 27.
590 807 613 832 6.
651 805 756 838 Cautio,
776 815 841 842 quae
859 806 1046 832 fideiussorum

202 849 281 876 habet
304 852 517 886 praestationem.
550 849 580 875 fr.
600 850 624 875 3.
649 849 670 882 5.
692 850 714 874 l.
739 849 762 874 si
787 849 826 874 cui
846 848 882 886 pl.
903 859 945 885 qu.
966 860 991 886 p.
1015 848 1044 875 L.

202 892 272 919 Falc.
292 894 334 918 35.
353 895 377 919 2.
409 893 440 919 cf.
466 892 496 919 [Γ.
517 894 556 918 72.
576 901 616 928 pr.
642 891 674 917 de
693 895 776 917 contr.
804 896 864 917 emt.
890 893 929 918 15.
950 894 972 918 1.
1016 891 1045 918 Si

200 936 240 961 sic
259 935 414 962 satisdatum
437 937 485 967 sit,
512 939 540 960 ut
564 950 596 954 —
621 934 751 970 adquisita
775 935 810 960 sit
834 934 927 961 idonea
951 936 1043 961 cautio.

201 978 231 1004 [Γ.
252 980 275 1004 1.
301 979 383 1012 §.17.
409 978 461 1014 Qu.
480 977 588 1014 legator.
615 979 656 1003 43.
676 978 700 1003 3
743 976 779 1003 Vt
802 976 896 1004 idonea
921 979 1006 1004 cautio
1031 989 1044 1003 a

200 1021 321 1047 debitore
340 1021 495 1057 exigeretur.
515 1021 546 1047 [Γ.
562 1022 603 1047 59.
624 1020 645 1054 5.
666 1022 689 1046 6.
709 1016 794 1046 mand.
816 1022 856 1046 17.
878 1023 900 1046 1.
936 1020 1044 1057 Legata-

199 1065 239 1090 rio
260 1074 302 1090 res
322 1063 465 1095 tradantur,
486 1063 651 1090 cautionibus
672 1064 838 1100 interpositis
858 1063 890 1089 de
904 1065 1043 1090 restituen-

199 1107 241 1133 dis
261 1108 298 1133 eis
319 1111 367 1133 etc.
397 1106 459 1143 le.
478 1106 576 1133 XXIV.
595 1108 637 1133 27.
674 1106 706 1132 Ei
725 1107 873 1132 cantionem
891 1106 1043 1133 indemnita-

198 1150 233 1176 tis
253 1149 342 1175 officio
362 1148 457 1175 iudicis
476 1149 599 1186 praeberi
618 1159 727 1175 necesse
741 1153 781 1175 est
794 1148 921 1175 adversus
935 1149 1041 1176 Titium.

199 1193 240 1218 cui
260 1191 337 1218 datur
356 1193 432 1218 actio.
461 1191 491 1218 [Γ.
511 1193 552 1219 31.
573 1194 638 1227 5.1.
660 1193 692 1219 de
711 1191 742 1218 N.
763 1192 795 1218 G.
814 1194 838 1218 3.
859 1195 882 1218 5.
920 1192 986 1219 Puto
1006 1194 1043 1219 in-

197 1234 388 1272 terponendam
407 1239 433 1261 et
452 1235 484 1261 de
503 1240 560 1261 rato
581 1237 735 1262 cautionem.
756 1234 785 1261 fr.
800 1236 823 1261 6.
844 1236 865 1269 5.
880 1237 903 1261 3.
925 1235 976 1271 Qu.
992 1237 1040 1262 cui.

197 1279 268 1304 univ.
289 1288 357 1304 nom.
376 1279 400 1304 3.
420 1279 444 1304 4.
465 1293 497 1297 —
526 1279 558 1312 ξ.
573 1279 610 1304 3.
640 1280 899 1305 lustramentum
919 1281 1042 1305 securi-

196 1323 294 1353 tatis,
315 1322 596 1355 Chirographum,
617 1323 753 1355 ΑμοΓΙια,
792 1321 810 1346 I.
831 1322 892 1355 sy.
912 1321 1040 1359 Epistola.

196 1363 227 1390 fr.
247 1365 288 1390 40.
307 1373 347 1401 pr.
368 1363 400 1389 de
421 1363 451 1389 R.
473 1363 504 1390 C.
526 1366 565 1390 12.
582 1366 603 1390 1.
624 1364 655 1390 [Γ.
667 1365 709 1390 24.
730 1363 762 1390 dc
782 1369 866 1390 const.
886 1375 979 1402 pecun.
1001 1367 1040 1391 13.

196 1408 220 1432 5.
258 1405 480 1443 Cliirographum,
500 1406 646 1444 Scriptura,
667 1407 869 1434 Documentum.
899 1408 948 1434 Th.
964 1408 994 1434 C.
1009 1408 1040 1434 II.

195 1451 237 1476 27.
259 1460 280 1475 e.
302 1451 324 1476 1.
344 1460 384 1487 pr.
409 1450 446 1484 55.
468 1451 490 1476 l.
511 1460 569 1486 sqq.
595 1451 617 1476 si
644 1454 706 1476 cert.
731 1455 810 1487 petat.
840 1451 872 1477 de
891 1451 955 1477 cbir.
998 1451 1039 1477 Ill.

196 1493 262 1520 Gn.
300 1492 354 1528 Qui
374 1494 502 1523 rationes,
527 1498 596 1523 acta.
616 1492 736 1525 libeIIOS,
757 1493 844 1520 album
864 1495 1039 1531 propositum.

195 1536 364 1567 testationes,
385 1537 534 1567 cautiones,
555 1535 740 1573 chirographa.
761 1536 888 1573 epistolas
908 1538 994 1563 sciens
1015 1536 1038 1563 d.

194 1588 227 1604 m.
248 1594 281 1597 —
300 1578 435 1605 deleverit.
470 1578 542 1605 Paul.
569 1578 599 1605 V.
625 1581 666 1605 25.
693 1580 714 1612 5.
735 1581 758 1605 5.
789 1580 820 1606 cf.
840 1580 884 1606 III.
903 1582 926 1606 6.
953 1581 975 1614 5.
997 1581 1037 1606 59.

195 1621 249 1656 Qui
267 1621 383 1653 tabulas,
409 1623 577 1648 cautionesve
597 1622 738 1658 subripuit.
772 1622 810 1649 ΙΙ).
831 1623 862 1649 II.
888 1625 930 1649 31.
954 1623 976 1656 5.
996 1624 1038 1649 32.

195 1663 225 1689 Si
245 1665 388 1696 cautiones,
408 1665 635 1701 instrumentaque
654 1666 739 1691 omnia
759 1671 833 1692 actus
853 1667 894 1692 sui
914 1665 1038 1692 exhibue-

195 1707 229 1731 rit
247 1706 345 1733 heredi.
366 1707 396 1733 fr.
416 1709 457 1734 82.
480 1708 512 1734 de
532 1708 608 1734 cond.
629 1712 654 1733 et
674 1707 740 1734 dein.
760 1711 802 1735 35.
824 1711 847 1735 1.
885 1709 1037 1735 Domestica

196 1750 324 1781 cautione,
344 1750 386 1776 vel
398 1750 581 1788 chirographo,
602 1750 718 1786 obligare
734 1761 770 1778 se.
791 1751 821 1778 [Γ.
838 1754 894 1778 103.
916 1752 947 1778 de
961 1751 1036 1787 legat.

195 1791 213 1817 I.
233 1793 299 1824 (30.)
337 1791 366 1818 Si
386 1795 540 1824 cautionem.
561 1804 627 1830 quae
646 1794 693 1819 tibi
712 1804 792 1831 super
807 1804 837 1820 eo
853 1796 974 1832 exposita
989 1800 1037 1825 est,

194 1834 341 1860 tabularius
360 1845 413 1861 non
432 1836 592 1862 subnotavit.
621 1846 642 1862 c.
662 1838 686 1862 2.
713 1836 745 1862 dc
765 1847 875 1863 convcn.
899 1838 959 1863 fisci
978 1836 1036 1862 deb.

195 1879 235 1903 10.
254 1879 279 1902 2.
317 1876 426 1910 Cautio,
453 1889 529 1915 quam
555 1879 659 1905 debitor
682 1879 807 1905 creditori
831 1880 935 1916 pignori
954 1879 1036 1905 dedit.

192 1920 224 1946 [Γ.
244 1923 286 1946 20.
307 1920 339 1946 de
359 1921 460 1957 pignor.
480 1923 521 1948 20.
544 1923 566 1948 1.
603 1921 733 1948 Damnum
753 1923 775 1947 si
796 1922 867 1958 quod
887 1922 983 1948 accidit
997 1932 1036 1954 eo,

193 1964 254 1999 quia
274 1965 409 1990 cautiones
429 1963 509 1990 soluti
528 1964 663 2000 vectigalis
687 1965 809 1991 inventae
834 1975 886 1991 nou
905 1970 974 1991 sunt.
1006 1965 1035 1992 [Γ.

191 2008 233 2032 32.
253 2007 275 2040 5.
298 2008 319 2032 1.
340 2006 372 2032 de
392 2005 487 2032 admin.
508 2012 534 2032 et
552 2009 632 2044 peric.
653 2008 694 2032 26.
717 2009 738 2033 7.
768 2007 917 2040 Frumento,
936 2024 969 2027 —
989 2018 1036 2045 pro

191 2047 318 2075 illationis
337 2049 424 2077 inodo.
445 2049 516 2076 illico
536 2050 695 2087 apocbarum
719 2050 884 2077 cautionibus
913 2051 1037 2077 adnoten—

192 2096 241 2118 tur.
270 2091 320 2118 Th.
336 2091 365 2118 C.
387 2092 444 2119 XII.
465 2094 488 2119 6.
509 2103 530 2119 c.
551 2094 590 2120 16.
612 2093 644 2119 de.
663 2098 811 2130 susceptor.

227 2136 474 2163 Cautionalis.
504 2136 642 2169 (Adiect.)
681 2137 876 2162 cantionem
891 2146 1034 2171 parans,

193 2179 378 2205 Securitati
406 2181 621 2213 prospiciens.
673 2178 717 2204 III.
743 2179 809 2206 Cn.
843 2178 1034 2207 Praetoriarum

192 2221 391 2257 stipulationum
419 2226 472 2247 tres
502 2221 625 2248 videntur
654 2231 712 2248 esse
740 2223 856 2258 species:
888 2222 1032 2253 iudiciales.

193 2263 367 2296 cautionales,
394 2274 553 2290 communes.
586 2280 618 2283 —
650 2264 820 2291 Cautionales
849 2270 911 2291 sunt
939 2270 1032 2296 antem.

193 2315 260 2342 quac
275 2307 355 2332 instar
371 2308 482 2333 actionis
502 2306 606 2339 habent,
628 2311 661 2337 et,
683 2311 710 2333 ut
729 2308 764 2333 sit
782 2318 849 2334 nova
866 2309 942 2339 actio,
956 2310 1033 2334 inter-

193 2348 296 2375 cedunt.
316 2348 347 2375 [Γ.
368 2352 390 2376 l.
409 2360 448 2386 pr.
469 2351 490 2384 5.
511 2352 534 2376 2.
556 2350 589 2376 de
608 2349 698 2387 stipul.
721 2349 835 2376 Praetor.
855 2352 897 2377 46.
917 2353 940 2377 5.

228 2392 380 2418 cautus.
405 2392 535 2426 (Adiect.)
564 2395 740 2425 Providus,
761 2395 1031 2428 Circum-«xpectas.

192 2433 234 2460 III.
256 2435 321 2461 Gn.
350 2433 407 2460 Nisi
427 2445 503 2471 quem
522 2437 627 2473 penitus
647 2436 758 2462 liberum
776 2452 809 2455 ——-
829 2437 965 2473 inquisitio
980 2442 1031 2464 tam

192 2481 265 2503 cauta
284 2476 494 2513 deprehenderit.
529 2478 578 2505 Th.
599 2478 630 2505 C.
650 2478 706 2505 Vll.
731 2481 755 2505 2.
782 2490 802 2505 c.
824 2481 846 2505 l.
878 2480 929 2515 Qu.
954 2481 1030 2517 prob.

192 2519 250 2545 deb.
271 2519 303 2545 ad
322 2529 364 2555 qu.
384 2519 437 2545 mill
475 2520 568 2547 Studio
589 2526 678 2547 cautae
698 2521 839 2548 celeritatis
859 2538 891 2542 —-
910 2525 1031 2550 noverint

191 2562 381 2599 explicandum.
409 2562 446 2588 lb.
466 2563 523 2589 XV.
544 2566 566 2590 l.
587 2575 607 2590 c.
626 2566 668 2590 21.
688 2564 720 2591 de
740 2574 800 2602 opp.
821 2565 883 2602 pub.

227 2606 380 2636 cautus,
402 2605 445 2638 [a.
466 2606 532 2639 umJ.
570 2607 700 2640 (Partic.)
739 2610 902 2635 cautione
925 2611 1028 2636 nzttni-

189 2654 270 2680 tum,
296 2659 316 2674 r.
340 2651 541 2682 promissum.
579 2649 621 2676 III.
643 2652 708 2678 Gn·
737 2650 793 2677 Hoc
813 2653 880 2677 enim
900 2653 983 2687 agitur
1002 2653 1028 2677 in

190 2690 413 2728 stipulationibus,
434 2696 461 2717 ut
481 2692 540 2728 quis
561 2694 660 2719 cautior
678 2695 714 2720 sit
733 2698 758 2719 et
778 2695 895 2720 securior
913 2695 1028 2731 interpo-

189 2734 239 2760 sita
258 2732 436 2770 stipulatione.
469 2734 499 2760 fr.
520 2736 542 2760 l.
567 2734 588 2767 5
608 2737 632 2761 4.
658 2735 690 2762 de
713 2737 802 2774 stipul.
826 2736 911 2764 Praet.
942 2739 982 2763 46.
1002 2740 1026 2764 5.

190 2776 219 2802 Si
237 2781 299 2813 post
319 2786 421 2802 causam
439 2781 521 2803 actam
541 2782 615 2804 cauta
634 2783 674 2804 est:
697 2778 834 2806 honoraria
859 2790 965 2807 summa.
995 2780 1025 2807 fr.

192 2820 213 2844 1.
232 2819 315 2852 512.
340 2819 372 2845 de
396 2820 526 2847 extraord.
551 2830 625 2857 cogn.
649 2822 690 2847 50.
712 2823 751 2848 13.
794 2823 862 2849 Cum
885 2828 911 2849 te
930 2834 1026 2861 propo—

1878 172 1935 202 127

1094 260 1140 277 nas
1161 266 1192 269 —
1217 255 1313 276 certam
1337 252 1473 288 pecuniam
1498 253 1521 278 ei
1542 257 1566 278 te
1586 251 1694 283 debere,
1721 253 1823 278 cavisse
1843 269 1874 272 —
1894 263 1937 290 pe-

1094 294 1169 319 cunia
1188 298 1258 319 recte
1279 299 1352 321 cauta
1377 295 1539 331 intelligitur.
1570 305 1591 321 c.
1611 297 1634 321 2.
1661 295 1693 321 de
1718 300 1841 321 transact.
1866 297 1890 321 2.
1911 297 1935 322 4.

1094 336 1206 371 Quoties
1226 336 1322 363 vitiose
1341 343 1443 364 cautum
1463 338 1504 364 vel
1525 337 1680 364 satisdatum
1699 343 1746 364 est.
1767 338 1797 364 [Γ.
1812 339 1836 364 6.
1857 338 1888 364 0[.
1905 338 1934 364 [Γ.

1094 380 1116 404 7.
1136 389 1176 416 pr.
1205 378 1234 405 fr.
1255 382 1278 405 8.
1302 380 1324 413 5.
1346 382 1368 406 l.
1395 380 1446 415 Qu.
1473 380 1563 407 satisd.
1591 391 1646 417 cog.
1674 383 1698 406 2.
1718 382 1741 406 8.
1784 380 1852 407 Cum
1879 382 1936 407 sine

1093 421 1170 458 culpa
1190 421 1354 459 stipulatoris
1375 428 1478 449 cautum
1498 434 1557 450 csse
1576 423 1663 450 desiit.
1692 423 1722 449 [Γ.
1742 425 1766 449 4.
1792 423 1823 449 de
1844 424 1934 461 stipul.

1093 464 1134 490 Pr.
1155 466 1196 491 46.
1215 467 1239 490 5.
1278 464 1318 491 Cf.
1338 475 1362 490 v.
1383 464 1492 492 Cavere.
1517 467 1538 500 5.
1560 468 1583 492 4.

1129 509 1264 535 cavus.
1294 507 1425 541 (Adieet.)
1463 511 1660 536 Escavatax.
1693 509 1736 536 lll.
1752 510 1817 537 (711.
1837 509 1934 536 Cloaca

1093 554 1134 576 est
1152 550 1226 576 locus
1246 560 1334 582 cavUS,
1353 560 1401 587 per
1421 561 1497 587 quem
1517 551 1645 578 colluvies
1666 551 1791 588 quaedam
1812 552 1882 579 lluat.
1903 552 1933 578 [Γ.

1094 594 1116 619 1.
1136 594 1158 626 5.
1178 594 1201 619 4.
1222 593 1254 619 de
1274 592 1354 619 cloac.
1374 594 1415 619 43.
1435 595 1477 620 23.

1128 636 1285 663 Cedere.
1313 636 1344 670 §-
1365 637 1399 662 1.
1426 638 1542 663 Locum
1559 644 1749 671 praestare,
1769 640 1933 665 Recedere.

1092 678 1112 705 Ι.
1127 680 1188 713 Sy.
1216 678 1345 705 Amittere
1365 680 1596 716 (possessionem).
1628 680 1730 707 Cedere
1750 681 1934 717 (possessione

1092 722 1163 755 ctc.).
1182 721 1213 748 [Γ.
1237 723 1276 748 13.
1296 722 1318 755 5.
1340 724 1379 748 11.
1400 722 1431 748 [Γ.
1453 724 1492 749 16,
1513 723 1545 749 (10
1565 722 1649 749 damn.
1670 723 1713 748 inl'.
1733 725 1774 749 39.
1793 726 1817 750 2.
1853 723 1934 749 Derc-

1091 763 1210 800 linquere
1230 764 1375 798 (usuint'n).
1406 764 1471 792 Ced.
1487 765 1605 799 (usul'r.).
1626 765 1655 792 [Γ.
1670 767 1710 792 64.
1733 766 1764 792 de
1784 766 1850 793 usus.
1872 768 1894 792 7.
1911 768 1932 792 l.

1091 806 1121 832 [Γ.
1144 808 1182 832 17.
1208 807 1273 840 5.1.
1302 807 1334 834 dc
1359 818 1420 834 nox.
1445 813 1493 835 act.
1522 810 1546 835 9.
1571 810 1594 834 4.
1636 808 1666 834 11.
1696 810 1762 842 ⁰1¹·
1791 809 1933 835 ltesistere.

1090 848 1165 875 Vltra
1186 850 1354 877 contendere.
1384 851 1413 877 lr.
1436 853 1458 878 1.
1478 862 1517 889 pr.
1544 851 1576 877 de
1595 851 1705 877 edendo.
1725 854 1748 877 2.
1771 854 1809 878 13.
1841 853 1870 878 [Γ.
1893 854 1931 878 lo.

1090 891 1123 918 de
1142 893 1231 918 interr.
1251 893 1278 918 in
1297 894 1360 919 iure.
1387 896 1426 920 11.
1449 896 1470 920 l.
1508 894 1681 923 Praecedere.
1706 894 1833 925 Vincere.
1859 894 1933 921 Prae-

1089 936 1187 962 venire.
1217 934 1267 961 Th.
1289 935 1319 962 C.
1339 936 1358 962 Ι.
1378 939 1402 963 4.
1428 947 1449 963 c.
1468 939 1493 963 3.
1519 937 1551 963 de
1576 947 1697 974 respons.
1717 937 1792 974 prud.
1822 937 1866 964 Vl.
1890 939 1931 963 28.

1090 988 1111 1004 c.
1131 980 1156 1004 2.
1186 977 1218 1004 do
1237 976 1352 1015 Princip.
1373 984 1456 1015 agent.
1477 981 1503 1005 in
1523 980 1577 1006 reb.
1619 980 1662 1006 III.
1689 981 1755 1008 (711.
1788 980 1817 1007 Si
1842 979 1933 1007 ceden-

1088 1026 1140 1047 tem
1160 1019 1347 1053 vulneraverit,
1368 1022 1433 1055 (erit
1453 1021 1574 1058 Aquiliae
1594 1022 1695 1055 locus).
1722 1023 1752 1049 [Γ.
1773 1025 1796 1049 7.
1815 1023 1837 1056 5.
1857 1025 1881 1049 4.
1901 1022 1932 1049 ad

1087 1063 1117 1090 L.
1138 1063 1207 1099 Aqu.
1228 1065 1251 1090 9.
1271 1065 1296 1090 2.
1333 1063 1373 1090 Ne
1393 1064 1469 1095 sorte.
1490 1064 1550 1091 dum
1570 1065 1663 1092 honori
1682 1066 1872 1103 postulantium
1890 1065 1932 1092 da·

1088 1111 1138 1138 tur,
1165 1105 1207 1132 vel
1234 1106 1396 1143 improbitati
1421 1107 1538 1137 ceditur.
1562 1109 1707 1135 mediocres
1733 1109 1862 1135 desideria
1885 1119 1932 1135 sua

1089 1160 1144 1175 non
1164 1149 1307 1186 proferant.
1332 1149 1363 1176 fr.
1383 1152 1407 1176 9.
1427 1151 1448 1184 5.
1468 1152 1492 1176 4.
1512 1151 1544 1177 de
1564 1152 1606 1177 off.
1626 1151 1701 1178 Proc.
1722 1157 1747 1178 ct
1765 1152 1826 1188 ch.
1847 1154 1869 1178 l.
1891 1154 1930 1178 16.

1088 1193 1306 1219 Controversiam
1326 1203 1422 1229 passus
1442 1194 1528 1220 victus
1547 1195 1595 1225 sit,
1621 1200 1664 1220 ant.
1687 1195 1732 1221 lite
1752 1196 1868 1221 cesserit.
1900 1194 1930 1221 [Γ.

1087 1237 1128 1262 63.
1151 1236 1173 1269 5
1194 1237 1218 1261 2.
1239 1235 1271 1261 ad
1291 1235 1318 1261 S.
1339 1235 1369 1262 C.
1390 1235 1470 1262 Treb.
1494 1238 1536 1263 36.
1557 1239 1580 1263 1.
1617 1237 1730 1272 Quoties
1754 1237 1811 1263 foro
1835 1237 1932 1264 cedunt

1088 1278 1264 1305 nummularii.
1296 1278 1326 1304 [Γ.
1352 1280 1374 1304 7.
1400 1279 1422 1312 5.
1442 1281 1465 1306 2.
1491 1279 1582 1316 depos.
1610 1281 1649 1306 16.
1673 1282 1697 1306 3.
1739 1279 1814 1306 Licet
1838 1281 1931 1307 cedere

1087 1321 1148 1348 loco
1168 1326 1276 1359 paratus
1296 1322 1338 1347 sit.
1375 1321 1404 1348 [Γ.
1426 1324 1448 1348 7.
1468 1333 1508 1359 pr.
1533 1323 1598 1356 5.1.
1623 1322 1655 1349 (10
1678 1333 1745 1359 aqua
1769 1328 1794 1350 et
1817 1334 1875 1360 aqu.
1894 1323 1929 1360 pl.

1086 1366 1129 1390 39.
1148 1365 1173 1391 3.
1212 1364 1274 1400 Qui,
1294 1364 1435 1391 violentiae
1455 1366 1579 1402 opinione
1598 1371 1740 1403 comperta.
1759 1367 1931 1403 possessione

1087 1408 1175 1434 cessit.
1205 1407 1277 1434 Paul.
1298 1407 1330 1434 V.
1350 1409 1374 1434 6.
1397 1409 1418 1442 5.
1439 1409 1463 1435 4.
1502 1408 1604 1435 Cedere
1628 1409 1818 1441 adversarium,
1844 1415 1870 1436 et
1889 1420 1929 1436 va-

1086 1461 1159 1477 cuam
1188 1450 1337 1487 relinquere
1360 1453 1560 1488 possessionem
1583 1451 1662 1478 iubet.
1692 1452 1721 1478 fr.
1742 1455 1783 1479 52.
1807 1453 1828 1486 5.
1848 1455 1872 1479 2.
1897 1452 1930 1479 de

1085 1493 1116 1519 A.
1137 1503 1160 1519 v.
1181 1493 1212 1519 A.
1233 1493 1261 1520 Ρ.
1281 1495 1323 1520 41.
1342 1496 1367 1520 2.
1392 1510 1424 1513 -
1448 1495 1479 1528 §0
1500 1497 1536 1522 2.
1567 1496 1759 1527 concedere,
1778 1497 1928 1531 Largiri.

1085 1536 1103 1563 I.
1120 1538 1182 1571 Sy.
1210 1536 1361 1563 Restituere
1375 1538 1558 1574 (portionem).
1588 1538 1653 1564 Ced.
1669 1539 1823 1574 (portione).
1843 1539 1873 1565 fr.
1887 1540 1926 1565 11.

1084 1580 1105 1613 5.
1125 1582 1148 1606 3.
1170 1579 1202 1605 de
1222 1579 1298 1616 legat.
1318 1579 1361 1606 III.
1382 1581 1459 1613 (32.)
1496 1580 1620 1606 Maudare
1644 1582 1820 1614 (actionem).
1853 1582 1883 1608 [Γ.
1904 1583 1926 1608 l.

1083 1623 1106 1656 5.
1128 1624 1167 1648 16.
1187 1623 1210 1649 si
1229 1622 1358 1659 quadi-up.
1379 1625 1402 1649 9.
1424 1625 1446 1649 l.
1466 1622 1496 1649 [Γ.
1519 1625 1558 1649 76.
1579 1623 1612 1650 de
1632 1624 1710 1650 solut.
1730 1626 1771 1651 46.
1790 1626 1814 1650 3
1852 1624 1927 1651 Prae-

1083 1670 1154 1692 stare
1174 1666 1337 1699 (actiones).
1366 1665 1396 1692 [Γ.
1416 1667 1458 1692 36.
1479 1666 1509 1693 fr.
1529 1668 1571 1693 39.
1592 1667 1625 1693 de
1644 1667 1761 1693 tideiuss
1782 1668 1822 1693 46.
1844 1670 1866 1694 1.
1895 1668 1925 1694 [Γ.

1083 1711 1124 1735 95.
1145 1709 1244 1743 5510.
1265 1718 1304 1744 sq.
1325 1708 1357 1734 de
1377 1708 1456 1735 solut.
1476 1711 1517 1736 46.
1537 1712 1560 1736 3.
1598 1710 1640 1736 III.
1661 1711 1727 1737 Gn.
1747 1710 1800 1744 Qui
1819 1721 1851 1737 ex
1870 1710 1926 1747 lege

1083 1751 1148 1777 Iulia
1168 1751 1245 1777 bonis
1266 1751 1370 1778 cedunt.
1400 1751 1457 1777 Gai.
1477 1752 1519 1778 HI.
1541 1754 1580 1778 78.
1601 1753 1633 1779 cf.
1654 1752 1683 1778 [Γ.
1702 1754 1726 1778 3.
1747 1752 1777 1778 [Γ.
1792 1755 1815 1779 4.
1835 1763 1874 1790 pr.
1894 1754 1923 1780 [Γ.

1082 1797 1105 1820 5.
1127 1794 1157 1820 [Γ.
1171 1796 1194 1820 6.
1216 1793 1248 1820 de
1268 1803 1334 1820 cess
1348 1794 1440 1820 bonor.
1460 1796 1502 1821 42.
1515 1796 1539 1821 3.
1560 1805 1581 1821 c.
1595 1797 1619 1821 5.
1640 1796 1691 1830 Qu.
1706 1795 1767 1822 bon.
1782 1795 1837 1822 ced.
1851 1806 1924 1833 poss.

1083 1838 1105 1863 7.
1127 1838 1167 1863 71.
1204 1836 1282 1872 Legis
1296 1836 1377 1863 Iuliae
1391 1836 1423 1863 dc
1436 1837 1513 1863 bonis
1534 1837 1658 1864 cedendis
1678 1838 1843 1865 beneficium.
1864 1850 1884 1865 c.
1900 1841 1923 1866 4.

1082 1879 1116 1906 ib.
1138 1881 1160 1906 7.
1181 1881 1222 1905 71.
1259 1879 1364 1915 Quodsi
1388 1890 1441 1906 non
1464 1879 1542 1906 bonis
1567 1891 1625 1907 eum
1650 1883 1777 1914 cessisse,
1809 1882 1857 1909 sed
1881 1893 1923 1909 res

1082 1932 1143 1948 suas
1163 1923 1189 1948 in
1208 1922 1325 1949 solutum
1349 1922 1397 1948 tibi
1422 1922 1527 1949 dedisse
1551 1929 1720 1951 monstretur.
1750 1935 1770 1951 c.
1795 1927 1818 1951 4.
1843 1926 1877 1952 ib.
1899 1928 1921 1952 7.

1082 1967 1122 1991 71.
1159 1964 1189 1991 Si
1215 1965 1337 1991 dominus
1365 1966 1481 1992 tribuere
1505 1966 1584 1999 nolit,
1608 1983 1641 1987 -
1664 1967 1712 1994 sed
1734 1968 1852 2005 peculio,
1881 1969 1922 1995 vel

1081 2008 1213 2034 mercibus
1234 2008 1327 2035 cedere
1346 2013 1454 2045 paratus
1474 2010 1516 2035 sit.
1537 2009 1567 2036 fr.
1589 2012 1612 2037 7.
1632 2011 1653 2044 5
1675 2013 1697 2037 l.
1717 2010 1749 2037 dc
1768 2011 1858 2037 tribut.
1872 2016 1920 2038 act.

1082 2052 1122 2077 14.
1150 2052 1173 2077 4.
1211 2051 1259 2077 Sin
1283 2056 1368 2078 autem
1392 2051 1423 2077 ab
1450 2052 1501 2078 alio
1525 2053 1707 2089 prohibeatur,
1735 2059 1869 2090 praestare
1898 2056 1920 2080 ei

1080 2095 1196 2121 actiones
1216 2104 1277 2121 suas
1297 2094 1377 2121 debet
1396 2094 1528 2127 dominus,
1548 2100 1574 2121 et
1593 2096 1694 2122 cedere.
1714 2096 1744 2123 [Γ.
1765 2099 1786 2123 1.
1808 2097 1867 2130 5.1.
1888 2097 1920 2124 de

1079 2138 1202 2175 superlic.
1222 2139 1263 2164 43.
1285 2139 1325 2164 18.
1361 2138 1402 2169 Ei,
1423 2139 1464 2164 cui
1483 2138 1562 2164 debet
1580 2138 1821 2171 fideicommissum,
1841 2141 1919 2167 actio-

1078 2181 1156 2207 nibus
1175 2182 1230 2207 suis
1249 2191 1330 2218 posse
1349 2181 1450 2213 cedere,
1470 2191 1518 2207 nec
1536 2181 1563 2208 id
1583 2182 1728 2218 cogendum
1747 2183 1859 2210 solvere.
1886 2183 1917 2209 [Γ.

1079 2226 1119 2250 70.
1140 2234 1180 2261 pr.
1201 2224 1233 2250 de
1252 2224 1327 2260 legat.
1347 2223 1377 2250 Π.
1399 2224 1466 2257 (31.)
1487 2240 1520 2243 -
1539 2225 1570 2258 §.
1590 2226 1626 2251 3.
1654 2227 1730 2252 Iure
1748 2236 1803 2252 suo
1822 2236 1852 2252 se
1870 2227 1917 2252 ab·

1077 2269 1200 2299 dicare,
1229 2273 1258 2293 et
1284 2269 1368 2293 illud
1391 2269 1577 2303 transferre
1604 2269 1637 2294 in
1664 2270 1773 2295 olium.
1811 2268 1828 2294 l.
1854 2269 1916 2301 Sy.

1078 2309 1249 2337 Constituere
1275 2319 1323 2346 per
1349 2310 1376 2336 iu
1403 2311 1459 2336 iure
1488 2311 1642 2336 cessionem.
1684 2310 1712 2337 Iu
1736 2312 1791 2337 iure
1815 2310 1914 2336 cedere.

1078 2352 1134 2379 Gai.
1154 2353 1184 2379 II.
1204 2354 1245 2380 ⁶29.
1266 2363 1324 2389 sqq.
1344 2354 1386 2378 33.
1415 2352 1476 2389 le.
1494 2352 1566 2379 XIX.
1588 2355 1627 2379 11.
1671 2353 1823 2380 Concedere
1847 2354 1915 2386 (ser-

1076 2397 1186 2422 vitutem
1206 2396 1280 2429 etc.).
1311 2396 1340 2422 [Γ.
1360 2397 1402 2421 20.
1427 2396 1493 2429 5.1.
1520 2396 1549 2422 [Γ.
1569 2398 1610 2422 21.
1636 2396 1668 2422 de
1692 2396 1719 2422 S.
1743 2396 1770 2422 l’.
1790 2395 1822 2422 V.
1846 2399 1869 2422 S.
1888 2398 1912 2422 2.

1076 2439 1106 2466 [ι’.
1126 2441 1150 2465 2.
1170 2439 1191 2472 5.
1211 2441 1235 2464 2.
1259 2438 1289 2464 [Γ.
1309 2440 1333 2465 3.
1358 2438 1379 2472 5.
1399 2440 1423 2464 3.
1443 2439 1474 2465 [Γ.
1496 2440 1536 2465 14.
1556 2439 1587 2465 fr.
1606 2442 1647 2465 20.
1668 2449 1706 2475 pr.
1731 2439 1762 2464 de
1786 2438 1813 2465 S.
1833 2438 1861 2465 P.
1881 2438 1912 2465 R..

1075 2483 1099 2508 S.
1118 2484 1142 2508 3.
1180 2482 1210 2508 H.
1233 2483 1299 2515 Op.
1333 2480 1474 2508 Vindicare
1499 2483 1543 2514 (in
1566 2483 1646 2515 iure).
1680 2480 1736 2507 Gai.
1756 2481 1785 2507 Π.
1809 2483 1850 2507 24.
1870 2483 1911 2508 96.

1074 2524 1116 2551 III.
1138 2526 1203 2552 Gn.
1230 2525 1265 2551 Et
1288 2526 1313 2551 in
1333 2525 1389 2551 iure
1409 2525 1479 2557 cedi,
1500 2530 1525 2551 et:
1544 2525 1636 2561 legari,
1661 2529 1686 2549 et
1711 2523 1798 2550 officio
1817 2523 1912 2550 iudicis

1075 2568 1199 2593 constitui
1222 2577 1303 2604 posse
1328 2569 1381 2601 (se.
1407 2568 1541 2601 usumin).
1575 2567 1656 2594 Vatic.
1681 2566 1718 2600 55.
1743 2567 1783 2593 48.
1803 2576 1843 2603 sq.
1868 2569 1910 2594 54.

1074 2609 1173 2643 (Rem).
1194 2611 1215 2636 si
1230 2611 1342 2647 mancipi
1356 2611 1398 2641 sit,
1413 2613 1542 2648 mancipio
1557 2610 1625 2636 dare.
1645 2610 1727 2635 autin
1740 2610 1796 2636 iure
1809 2609 1910 2642 cedere,

1072 2653 1322 2689 possessionemque
1345 2653 1449 2680 tradere
1473 2654 1557 2680 debet.
1591 2652 1647 2678 Gai.
1674 2651 1704 2678 II.
1728 2654 1786 2679 204.
1816 2652 1848 2679 (·[.
1867 2655 1908 2679 26.

1071 2697 1112 2721 41.
1132 2696 1190 2721 213.
1216 2705 1254 2732 sq.
1293 2696 1322 2722 Si
1346 2712 1378 2715 —-
1401 2706 1506 2723 servum
1529 2696 1631 2726 emerit,
1655 2695 1731 2731 isque
1754 2696 1865 2723 traditus
1886 2697 1909 2722 ei

1071 2739 1113 2769 sit.
1133 2748 1218 2774 neque
1237 2744 1323 2765 tamen
1341 2740 1503 2775 mancipatus
1523 2739 1558 2770 ei,
1584 2748 1669 2774 neque
1687 2739 1714 2764 in
1733 2739 1789 2765 iure
1808 2748 1908 2770 cessus,

1070 2791 1154 2818 neque
1173 2781 1204 2807 ab
1225 2782 1284 2819 ipso
1304 2792 1370 2808 anno
1394 2790 1537 2817 possessus
1561 2781 1603 2807 sit.
1635 2780 1695 2818 le.
1715 2781 1734 2808 I.
1756 2783 1795 2808 16.
1833 2781 1907 2817 Quae.

1069 2825 1122 2857 (sc.
1142 2825 1167 2850 in
1187 2825 1243 2851 iure
1263 2825 1365 2857 cessio)
1391 2824 1420 2849 lit
1439 2833 1487 2860 per
1506 2828 1559 2850 tres
1578 2834 1719 2861 personas.
1744 2825 1770 2850 in
1793 2826 1848 2851 iure
1868 2834 1906 2850 cc—
