2197 3121
257 177 320 209 666

259 259 278 286 1.
293 260 355 293 Sy.
372 257 472 285 Dicere
490 255 628 289 (causas.)
666 253 812 280 Causarum
830 252 1005 291 patrocinium
1023 250 1104 288 proli-

260 303 319 329 teri.
345 302 375 328 l‘r.
398 303 419 326 l.
445 299 474 326 fr.
493 301 517 325 2.
542 300 563 332 5.
583 299 625 324 43.
650 297 682 324 de
702 296 734 323 Ο.
760 296 778 323 l.
798 298 822 322 l.
840 297 864 322 2.
892 306 912 322 c.
933 296 956 321 6.
980 294 1002 328 5.
1023 296 1046 320 6.
1071 293 1104 320 de

260 344 360 383 postul.
378 345 403 369 2.
418 343 441 368 6.
463 353 483 369 c.
503 344 526 368 9.
547 341 579 367 de
599 340 689 367 advoc.
709 338 761 366 div.
781 338 900 365 iudicior.
920 340 944 364 2.
965 339 988 363 7.
1025 336 1105 363 Pero—

262 399 327 415 rare.
348 386 388 413 Ct'.
409 385 434 411 11.
454 395 478 411 r.
498 385 520 418 5.
539 386 564 410 2.
600 383 644 410 ΙΙΙ.
663 384 729 411 Cn.
748 382 813 409 Rem
833 382 876 409 ubi
896 385 1001 418 pagunt.
1022 384 1104 406 orato.

263 431 291 457 L.
306 429 353 457 XII
369 428 452 455 Tabb.
473 427 491 454 I.
505 429 529 454 6.
543 443 575 447 -
594 428 626 461 5.
639 428 674 453 2.
694 428 819 456 Petere,
842 425 984 451 Precari.
1011 422 1029 449 1.
1042 424 1104 457 Sy.

263 472 427 510 Supplicare.
446 470 514 497 Nor.
528 469 578 497 Yal
600 469 642 496 lll.
663 469 695 496 de
708 467 832 496 homicid.
846 467 875 494 ll.
890 469 932 493 20.
953 476 973 492 c.
986 468 1007 493 1.
1028 466 1065 500 55.
1079 468 1103 492 2.

263 526 301 552 sq.
338 514 381 541 III.
402 516 467 542 Cn.
492 513 618 540 Iudicium
642 517 748 539 nostrae
772 511 922 537 serenitatis
946 519 1028 536 orare.
1054 507 1104 535 Th.

263 558 326 585 C.1.
342 560 381 584 10.
403 568 424 584 c.
442 560 467 584 2.
488 557 553 591 5.1.
574 556 606 583 de
625 556 669 582 off.
688 555 741 582 iud.
762 563 830 580 omn.
867 551 976 579 orando
997 562 1104 578 merere.

262 602 301 628 lb.
320 601 366 628 XI.
385 603 427 627 22.
448 611 469 627 c.
488 602 512 627 3.
532 610 565 626 ne
584 598 671 625 collat.
692 597 784 624 transl.
804 612 836 616 -—
860 596 891 630 ξ.
911 597 948 622 3.
974 597 1103 622 Cultum

263 647 412 671 divinum
431 653 588 670 exercere.
624 641 667 668 III.
683 643 748 669 Cn.
768 639 891 666 Oratoria
910 638 1016 670 habere,
1036 643 1062 664 et
1080 639 1106 664 iu

265 688 307 714 his
326 697 401 714 orare
419 692 446 713 et
464 685 586 724 psallere.
609 685 656 711 Iul.
677 694 716 721 cp.
737 693 797 710 nov.
818 693 839 709 c.
859 684 900 708 52.
919 682 942 715 5.
964 683 1021 708 194.
1058 680 1108 707 Fo-

266 741 308 757 res
328 730 463 762 eeclesiae,
482 739 546 766 quas
566 734 667 755 oratum
685 727 801 763 gestiens
821 725 936 763 populus
953 726 1051 762 primas
1070 725 1108 750 in-

266 774 391 810 greditur.
411 773 461 800 Th.
482 771 512 798 C.
533 771 633 798 1X.45.
653 780 674 796 c.
695 772 719 795 4.
739 779 778 806 pr.
798 768 831 795 dc
849 768 874 795 h.
895 778 937 804 qu.
958 767 989 794 ad
1009 766 1072 794 eccl.

302 817 446 844 oratio.
479 816 509 848 ξ.
524 816 558 840 l.
580 817 700 845 Sermo,
718 813 864 839 Locutio.
901 810 944 837 lll.
959 812 1024 838 Cn.
1044 810 1109 836 Ora-

268 862 314 892 tio,
330 870 396 897 quae
409 859 620 885 coniunctionem
634 856 720 885 habet,
735 854 778 881 vel
792 854 1002 881 disiunctionem.
1023 853 1053 880 fr.
1066 856 1108 880 28.

267 904 289 937 5.
306 905 327 929 1.
348 903 380 929 cs.
400 902 429 928 fr.
446 903 502 927 124.
523 900 555 927 de
571 900 603 927 V.
618 900 645 926 S.
665 902 706 926 50.
729 899 768 924 16.
804 898 948 933 Ambiguae
968 897 1108 923 orationes.
1130 915 1131 936 3

268 946 298 973 sr.
318 947 361 973 96.
383 945 414 972 (18
433 945 464 971 R.
484 944 501 970 I.
522 945 563 969 50.
584 945 669 970 17.—
688 943 719 976 §0
733 943 769 968 2.
790 943 928 968 Locutio
947 942 1108 967 oratoria.

268 989 311 1016 111.
337 990 403 1016 Cn.
427 988 522 1014 Exstat
541 987 596 1013 eius
616 988 670 1019 (sc.
691 985 847 1016 Ciceronis)
867 984 964 1015 oratio,
989 993 1054 1020 qnae
1074 983 1111 1009 in-

269 1032 394 1059 scribitur
417 1041 465 1068 pro
491 1031 525 1066 (3
544 1029 657 1066 Ligario.
687 1028 716 1055 sr.
734 1030 758 1054 2.
787 1027 810 1061 5.
829 1028 870 1053 46.
895 1026 928 1053 de
952 1026 984 1053 Ο.
1005 1026 1023 1052 Ι.
1044 1028 1066 1052 1.
1085 1028 1110 1052 2.

271 1091 302 1095 —-
323 1076 353 1108 ξ.
370 1076 455 1101 &Ab
481 1075 657 1100 Adlocutio
678 1074 818 1099 Senatus
834 1080 890 1104 per
909 1071 1111 1103 Principem,

273 1122 353 1148 (cum
373 1127 437 1149 ore.
456 1123 521 1143 tam
540 1118 678 1150 scriptis
697 1115 902 1143 enunciata.)
928 1112 946 1138 I.
960 1114 1021 1147 Sy.
1037 1112 1112 1147 Quae
1133 1124 1134 1129 ¹

270 1160 397 1197 Princeps
416 1161 569 1197 proposuit.
595 1157 685 1185 libello
706 1156 875 1194 complexuS.
899 1155 963 1192 quid
982 1156 1039 1181 fieri
1058 1154 1113 1192 pla-
1133 1163 1134 1173 ³

271 1208 335 1230 ceat.
356 1204 386 1229 sr.
405 1205 447 1230 20.
467 1204 489 1237 5.
508 1204 532 1229 6.
552 1202 583 1228 sr.
601 1204 643 1227 22.
664 1200 695 1227 de
715 1199 803 1226 liered.
817 1200 874 1236 'pet
894 1201 918 1224 5.
937 1200 961 1225 3.
999 1198 1112 1224 Senatus

272 1246 430 1273 consultum.
450 1246 480 1273 t'r.
499 1247 540 1272 60.
561 1255 599 1283 pr.
619 1245 640 1278 5.
662 1245 684 1270 1.
705 1243 734 1269 fr.
749 1244 790 1269 67.
809 1243 846 1276 55.
863 1244 884 1268 l.
905 1252 962 1278 sqq.
983 1241 1016 1267 (18
1035 1241 1066 1267 R.
1081 1240 1113 1267 N.

270 1291 312 1316 23.
331 1292 355 1315 2.
392 1289 434 1315 III.
456 1290 522 1317 Gn.
543 1286 694 1315 Secundum
713 1287 857 1312 orationem
876 1285 910 1311 D.
926 1284 1014 1315 Marci.
1035 1294 1112 1321 quam

272 1334 299 1359 in
318 1333 412 1358 castris
430 1332 569 1369 praetoriis
585 1331 712 1357 recitavit.
733 1329 816 1355 Yatic.
840 1328 860 1362 5.
877 1329 935 1354 195.
974 1327 1068 1364 Leges,
1082 1343 1113 1346 —

274 1386 339 1412 quae
362 1375 405 1402 vel
428 1375 524 1401 missae
548 1385 561 1400 a
580 1374 657 1400 nobis
681 1373 712 1400 ad
736 1371 913 1399 venerabilem
937 1376 1040 1397 coetum
1060 1380 1115 1396 ora-

274 1420 345 1445 tione
364 1417 525 1449 conduntur,
546 1416 588 1443 vel
608 1418 708 1443 inserto
729 1415 779 1449 [al.
798 1413 918 1448 incerto]
940 1413 1019 1440 edicti
1038 1423 1114 1440 voca-

273 1461 337 1488 bulo
356 1465 547 1497 nuncupantur.
573 1470 594 1486 c.
613 1462 637 1486 3.
661 1459 693 1486 de
712 1458 764 1486 LL.
786 1460 809 1485 l.
830 1459 869 1484 14.
906 1457 988 1494 Impp.
1009 1473 1041 1476 —
1061 1467 1115 1483 ora-

274 1505 346 1531 tione
359 1505 385 1530 in
399 1504 497 1530 Senatu
511 1503 617 1529 recitata
631 1502 657 1529 id
671 1507 756 1529 actum
771 1506 819 1533 est.
833 1506 861 1528 ut
875 1506 923 1527 etc.
943 1499 1004 1537 le.
1018 1499 1115 1526 XXVI.

275 1549 298 1574 7.
318 1547 348 1573 sr.
367 1549 391 1573 2.
417 1546 450 1573 de
473 1545 554 1572 feriis.
573 1547 598 1571 2.
620 1547 659 1572 12.
696 1545 759 1582 Imp.
784 1549 875 1571 noster
894 1560 926 1564 -
952 1544 1070 1570 oratione
1090 1544 1115 1569 in

275 1590 374 1616 Senatu
393 1589 480 1615 habita
499 1594 590 1615 auctor
609 1588 658 1614 fuit
677 1588 785 1614 Senatui
805 1586 930 1613 censendi
950 1591 999 1612 etc.
1025 1586 1054 1612 fr.
1074 1587 1115 1612 32.

275 1634 297 1667 5.
320 1635 341 1659 l.
368 1633 400 1659 dv
425 1632 512 1659 donat.
537 1633 583 1658 int.
603 1631 634 1657 V.
654 1633 695 1657 24.
717 1633 740 1657 1.
782 1630 859 1657 Nunc
883 1639 915 1656 ex
942 1630 1060 1655 oratione
1083 1628 1116 1655 D.

276 1676 399 1702 Hadriani
419 1675 485 1702 S.C.
506 1675 601 1701 factum
621 1678 669 1705 est,
689 1678 717 1699 ut
736 1678 784 1699 etc.
805 1672 861 1699 Gai.
881 1672 912 1699 ll.
931 1673 991 1698 285.
1029 1672 1118 1698 Sacra·
1138 1670 1141 1696 ἴ

276 1720 333 1745 tiss.
370 1718 501 1756 Principis
522 1718 605 1743 nostri
625 1717 743 1742 oratioue
763 1721 876 1743 cavetur.
903 1715 933 1742 fr.
953 1716 976 1741 9.
997 1714 1029 1741 ad
1049 1714 1116 1741 S.C.

277 1761 350 1788 Tert.
363 1763 405 1788 38.
426 1763 467 1788 17.
504 1760 597 1787 Oratio
616 1759 650 1786 D.
670 1759 750 1786 Marci
769 1761 803 1786 ita
822 1760 921 1796 scripta
941 1763 989 1784 est.
1003 1774 1035 1777 —
1054 1757 1119 1784 Ver-

277 1805 318 1831 bis
338 1805 465 1831 orationis
484 1803 567 1841 lmpp.
588 1802 813 1840 comprehensum.
833 1802 918 1829 Vatic.
937 1802 974 1835 55.
989 1803 1048 1827 220.
1058 1802 1118 1827 224.

279 1864 310 1867 -
330 1848 360 1880 ξ.
381 1849 417 1874 3.
439 1848 654 1881 Supplicatio
674 1847 829 1880 Principi
847 1847 965 1872 oblata.
991 1843 1033 1870 III.
1053 1845 1119 1872 Gn.

279 1890 348 1917 Cum
367 1906 399 1910 —
418 1891 515 1927 priscis
535 1888 777 1921 constitutionibus,
797 1899 904 1925 quarum
924 1889 1006 1914 serles
1026 1888 1121 1913 oratio-

280 1935 321 1960 nis
341 1935 442 1970 paginis
467 1932 577 1959 antelata
602 1936 655 1963 est,
683 1933 764 1967 magis
787 1931 853 1957 illud
872 1930 1016 1957 invaluisse
1035 1930 1120 1967 perhi-

281 1977 372 2003 beatis.
401 1975 450 2002 Th.
472 1976 502 2002 C.
522 1974 590 2001 XIII.
615 1977 639 2001 5.
665 1985 686 2001 c.
708 1976 747 2001 16.
771 1975 837 2008 5.1.
863 1974 896 2000 de
920 1973 1061 2000 navicular.
1089 1990 1118 1993 —

281 2020 313 2053 ξ.
328 2021 367 2046 4.
382 2020 550 2050 Precatio,
571 2028 650 2052 quae
669 2020 707 2044 ad
725 2020 814 2044 deum
833 2019 975 2044 habetur.
996 2016 1039 2042 III.
1053 2017 1119 2044 Cn.

281 2062 434 2090 Doceantur
452 2061 601 2099 presbyteri
626 2065 651 2086 et
674 2060 777 2087 diaconi
796 2070 883 2087 sacras
903 2061 1043 2086 orationes.
1073 2058 1120 2085 lul.

283 2116 323 2143 ep.
343 2115 403 2131 nov.
424 2115 444 2131 c.
464 2105 488 2130 6.
508 2105 529 2138 5.
549 2105 591 2130 27.

318 2148 466 2175 Orator.
502 2148 533 2181 ξ.
548 2148 582 2173 1.
603 2148 778 2180 Interpres.
805 2145 849 2172 III.
864 2147 929 2173 Gn.
947 2145 1046 2181 Legati,
1066 2155 1121 2171 ora-

284 2196 363 2222 tores.
383 2192 533 2217 comitosw.
553 2189 583 2216 fr.
604 2191 626 2215 7.
647 2188 678 2215 ad
698 2188 726 2215 L.
747 2188 793 2215 lul.
814 2188 846 2214 de
864 2190 889 2214 vi
909 2188 970 2225 pub.
991 2190 1032 2214 45.
1052 2190 1075 2214 6.
1091 2204 1119 2208 -

284 2235 316 2267 §0
332 2235 366 2260 2.
389 2235 564 2260 oratoriae
583 2234 667 2259 artis
687 2233 854 2267 magister.
893 2231 910 2257 I.
931 2233 992 2265 Sy.
1012 2231 1120 2257 Rhetor.

285 2276 335 2303 Th.
356 2275 385 2302 C.
406 2275 473 2302 Xlll.
493 2278 517 2302 3.
545 2286 565 2302 c.
588 2277 626 2302 ll.
651 2286 671 2301 c.
694 2276 732 2301 16.
757 2274 790 2300 de
813 2273 904 2300 medic.
930 2279 955 2300 et
974 2274 1040 2310 prot'.
1078 2273 1121 2300 Ill.

287 2321 352 2348 Cn-
381 2319 508 2345 Oratores
532 2319 770 2355 ‚.usurpati011e111‘'
796 2317 958 2353 frequentem
983 2326 1058 2342 usum
1077 2327 1122 2342 vo-

287 2368 353 2389 cant.
379 2362 408 2389 sr.
428 2364 452 2388 2.
477 2361 509 2388 de
535 2371 623 2398 usurp.
648 2363 689 2387 41.
708 2363 733 2387 3.
762 2376 794 2380 —
822 2360 853 2393 §-
873 2361 911 2386 3.
940 2360 1121 2385 Causarum
1144 2362 1145 2391 ζ

282 2413 452 2440 patronus.
488 2403 531 2430 III.
552 2405 617 2431 Cn.
642 2404 783 2429 Oratorum
807 2402 925 2429 adfluens
950 2402 976 2427 in
995 2401 1124 2427 defensio-

288 2448 365 2474 nibus
391 2448 466 2485 copia
490 2447 558 2483 large
577 2451 732 2483 praestetur.
757 2457 777 2472 c.
797 2448 839 2472 33.
864 2446 884 2479 5.
906 2447 927 2471 l.
948 2444 980 2471 (le
999 2445 1078 2481 episc.
1099 2450 1123 2470 et

288 2491 349 2518 cler.
371 2492 392 2516 l.
411 2492 435 2516 3.
472 2489 570 2526 Legum
595 2493 711 2515 oratores
736 2489 868 2515 ditissimi.
893 2488 986 2515 Const.
1011 2488 1123 2513 Omnem

289 2535 351 2571 reip.
372 2534 409 2567 55.
428 2535 453 2560 2.
473 2535 496 2559 6.

322 2576 552 2603 oratorium.
588 2576 690 2601 Locus
711 2577 930 2608 precationis,
955 2575 1124 2601 Sacellum.

289 2620 307 2645 l.
320 2621 380 2654 Sy.
400 2619 501 2645 Domus
516 2619 636 2645 oratoria.
657 2616 697 2644 Cf.
718 2627 741 2642 v.
756 2618 902 2643 Oratorius.
939 2616 982 2642 III.
994 2618 1059 2644 011.
1078 2616 1125 2641 Ec·
1146 2622 1147 2627 ¹

1146 2679 1147 2690 ,
1167 2665 1298 2690 ponere,
1319 2654 1504 2686 Disponere.
1542 2652 1561 2678 I.
1577 2653 1638 2686 Sy.
1658 2651 1761 2681 Facere.
1781 2649 1911 2681 Scribere,
1931 2648 2000 2675 Con-

292 2662 378 2694 etesia.
397 2661 440 2688 vel
458 2661 659 2689 xenodochium.
679 2659 721 2686 vel
735 2661 885 2687 oratorium.
903 2659 945 2685 vel
959 2660 1044 2695 quivis
1058 2658 1124 2684 alius

1002 168 1093 199 ORA
1108 185 1146 190 —
1160 166 1265 198 ORD.

1148 259 1206 276 rum
1225 249 1282 285 ipsa
1303 257 1390 274 curam
1409 249 1467 284 agit.
1491 246 1538 274 Iul.
1558 247 1575 274 l.
1596 247 1612 274 l.
1634 258 1655 275 c.
1677 250 1716 275 14.
1736 249 1758 281 5.
1777 250 1818 276 50.
1856 248 1989 275 Defensor

1148 291 1284 323 ecclesiae,
1304 290 1347 317 vel
1367 292 1483 317 oratorii.
1503 290 1539 317 lb.
1561 301 1582 317 c.
1601 292 1643 317 67.
1663 291 1685 324 5.
1704 293 1764 318 243.

1182 334 1392 362 Oratorius.
1430 333 1559 367 (Adiect.)
1597 336 1644 360 ,411
1666 337 1820 362 orandum
1837 342 1987 370 paratas.

1148 377 1167 404 I.
1189 379 1250 412 Sy.
1279 377 1439 403 Oratorium.
1477 376 1579 403 Domus
1599 378 1720 403 oratoria.
1749 376 1796 404 Iul.
1815 377 1832 404 l.
1853 377 1869 404 l.
1890 388 1911 405 c.
1933 380 1989 404 111.

1148 420 1170 454 ξ.
1190 421 1249 446 4111.
1269 430 1290 448 c.
1313 421 1370 446 119.
1389 420 1428 454 §§.
1447 421 1506 446 512.
1525 421 1585 445 515.

1182 463 1359 490 Urhatus.
1382 462 1504 495 (Partic.)
1528 465 1693 490 Privatus.
1729 462 1772 490 III.
1792 465 1859 491 Gn.
1879 462 1990 493 Caecus,

1126 509 1128 529 ῐ
1149 507 1268 542 utrisque
1288 505 1431 531 luminibus
1451 505 1567 532 orbatus.
1587 505 1618 532 sr.
1634 507 1656 531 l.
1676 504 1698 538 5.
1713 507 1736 532 5.
1757 505 1790 532 de
1802 506 1900 543 postul.
1914 508 1938 532 3.
1952 509 1974 533 l.

1183 549 1304 575 Orbis.
1342 549 1373 582 §.
1388 549 1423 575 1.
1443 550 1604 575 circulus.
1641 548 1660 575 I.
1675 549 1736 583 Sy.
1756 548 1888 576 Circulus.
1909 548 1950 576 Cf.
1965 548 1990 575 h.

1149 602 1174 617 v.
1193 591 1215 625 5.
1231 593 1252 617 1.
1290 590 1334 617 llI.
1347 592 1413 618 Gn.
1434 590 1548 628 Scriptis
1567 592 1594 617 in
1613 591 1703 617 orbem
1722 592 1807 618 servis
1822 594 1990 624 (testamento

1151 634 1259 661 libertas
1278 634 1359 667 data.)
1379 634 1436 660 Gai.
1456 633 1474 660 Ι.
1494 635 1535 660 46.
1556 648 1589 653 -
1616 635 1647 667 §.
1668 635 1703 660 Β.
1730 636 1905 661 Terrarum
1921 637 1993 670 glo-

1151 680 1213 704 bus.
1250 677 1268 704 I.
1282 679 1344 712 Sy.
1364 677 1407 703 Ad
1425 676 1510 703 lucem
1529 676 1620 713 redigi.
1646 676 1675 703 lu
1688 677 1757 703 hunc
1771 677 1861 704 orbem
1880 677 1993 704 devolvi.

1154 731 1175 747 c.
1195 722 1218 747 3.
1239 720 1271 747 de
1290 719 1378 757 posth.
1398 719 1486 746 hered.
1506 720 1530 746 6.
1549 721 1592 746 29.
1628 719 1672 746 III.
1690 721 1755 747 Gn.
1776 720 1869 757 vagari
1888 731 1937 758 per
1955 730 1995 747 or-

1153 764 1219 790 bem.
1240 763 1270 789 fr.
1284 765 1325 789 20.
1345 763 1403 796 5.1.
1425 762 1457 789 de
1476 772 1549 800 oper.
1568 762 1656 789 libert.
1669 764 1711 790 38.
1727 766 1748 790 l.
1764 780 1795 783 —
1815 764 1846 797 §0
1861 765 1898 791 3.
1922 765 1995 791 Vui-

1153 809 1293 833 versitas
1318 808 1453 840 imperii
1478 808 1507 832 R.
1546 805 1564 832 Ι.
1588 807 1650 840 Sy.
1678 806 1772 832 Omnis
1800 811 1881 838 terra.
1911 807 1996 842 (quae

1130 855 1245 880 ,nostro
1275 850 1385 886 imperio
1413 848 1597 885 gubernatur.)
1639 848 1733 875 Omnis
1760 854 1888 876 terrarum
1913 849 1994 875 orbis.

1154 904 1176 921 c.
1189 896 1212 920 2.
1233 903 1272 931 pr.
1292 892 1324 919 de
1344 892 1449 918 iureiur.
1468 902 1508 929 pr.
1526 891 1573 918 cal.
1585 894 1610 918 2.
1624 894 1665 919 59.
1686 903 1706 919 c.
1722 894 1744 918 1.
1763 892 1797 919 de
1816 902 1888 919 usuc.
1904 892 1995 918 transf.

1154 940 1177 964 7.
1191 938 1232 963 31.
1252 935 1294 962 Pr.
1315 935 1333 961 I.
1355 934 1387 961 de
1406 945 1513 972 usucap.
1530 938 1554 961 2.
1574 937 1598 961 6.
1635 935 1679 962 III.
1696 937 1763 963 Gn.
1782 935 1899 962 Romana
1918 944 1992 971 gens,

1155 996 1187 999 —
1216 983 1242 1005 et
1270 980 1410 1005 universus
1438 977 1510 1003 orbis
1538 983 1638 1004 noster.
1667 978 1738 1005 Coll.
1761 978 1814 1005 LL.
1838 978 1871 1005 M.
1894 977 1953 1004 XV.
1971 980 1996 1004 3.

1156 1022 1256 1048 Omnes
1280 1026 1380 1053 terrae,
1406 1024 1497 1046 nostro
1525 1020 1590 1047 orbe
1617 1021 1742 1048 inclusae.
1771 1021 1839 1048 Nor.
1863 1022 1905 1047 36.
1929 1021 1955 1047 iu
1980 1021 1997 1046 t'.

1132 1075 1133 1082 ¹
1156 1064 1234 1091 Circa
1262 1064 1403 1100 regendum
1429 1068 1568 1100 utrumque
1597 1064 1696 1091 orbem.
1725 1064 1792 1091 Nov.
1818 1064 1941 1090 Anthem.
1966 1063 1999 1090 de

1157 1107 1274 1134 confirm.
1294 1107 1348 1134 LL.
1363 1106 1406 1133 VI.
1420 1108 1444 1132 2.
1465 1116 1486 1132 c.
1507 1108 1529 1132 l.
1566 1105 1626 1133 Non
1645 1112 1697 1134 tam
1716 1117 1764 1144 per
1781 1107 1905 1139 Africam⁷
1923 1116 1999 1143 quam

1156 1161 1204 1188 per
1223 1160 1314 1176 omnes
1333 1150 1454 1185 regiones
1470 1150 1496 1175 in
1513 1154 1604 1176 nostro
1618 1150 1682 1177 orbe
1695 1152 1804 1187 positas.
1825 1150 1874 1176 Th.
1886 1149 1917 1176 C.
1927 1148 1999 1176 XVI.

1160 1195 1200 1220 10.
1220 1204 1241 1220 c.
1260 1196 1302 1220 20.
1322 1194 1343 1226 5.
1366 1195 1388 1218 1.
1409 1191 1441 1218 de
1460 1201 1550 1229 pagan.
1596 1191 1668 1219 Hane
1692 1203 1797 1230 quoque
1820 1193 1878 1219 orbi
1903 1202 1952 1219 suo
1972 1191 2000 1218 S.

1158 1238 1282 1274 princeps
1303 1253 1333 1256 —
1359 1235 1471 1262 adiicere
1495 1234 1580 1261 voluit
1603 1234 1762 1271 dignitatem.
1787 1236 1868 1262 Gesta
1892 1237 1918 1262 in
1937 1235 2000 1262 Sen.

1159 1279 1191 1306 de
1214 1281 1295 1316 recip.
1322 1278 1372 1305 Th.
1393 1277 1423 1305 C.
1466 1277 1496 1304 In
1520 1278 1585 1305 orbe
1607 1288 1671 1304 rom.
1695 1280 1739 1315 qui
1763 1284 1832 1306 sunt.
1856 1278 1887 1305 fr.
1909 1280 1949 1305 17.
1969 1278 2002 1304 (18

1159 1328 1229 1350 statu
1248 1322 1318 1348 bom.
1339 1324 1362 1348 1.
1381 1324 1405 1348 5.

1136 1365 1138 1414 i
1194 1366 1357 1392 orbitas·
1399 1366 1604 1396 Liberorum,
1633 1366 1708 1390 item
1734 1371 1924 1398 parentum,
1953 1366 2001 1390 dc-

1153 1411 1265 1446 fectus
1290 1411 1337 1435 vel
1356 1410 1500 1435 amissio.
1537 1407 1580 1434 Ill.
1599 1408 1665 1434 011.
1691 1406 1843 1433 caelibatus
1863 1411 1888 1434 et
1907 1406 2001 1433 orbita-

1137 1458 1138 1468 *
1159 1453 1194 1478 tis
1218 1461 1327 1489 poenae.
1356 1450 1405 1477 Th.
1426 1450 1456 1477 C.
1477 1450 1545 1477 thl.
1567 1451 1606 1478 16.
1627 1449 1745 1483 (Rubr.)
1786 1449 1916 1476 orbitatis
1939 1459 2002 1476 suae

1160 1504 1237 1521 casus
1261 1494 1458 1530 viduitatisque.
1487 1493 1555 1520 Νῦν.
1574 1493 1708 1520 Maiorian.
1732 1493 1764 1520 de
1783 1494 1937 1519 sanctimon.
1956 1492 2001 1519 IV.

1137 1536 1139 1547 '
1160 1540 1184 1565 6.
1204 1548 1225 1564 c.
1247 1539 1269 1563 1.
1289 1537 1311 1571 5.
1331 1539 1355 1563 5.
1393 1536 1531 1573 Plagiarii.
1555 1537 1600 1573 qui
1622 1537 1766 1563 viventium
1789 1536 1903 1562 liliorum
1927 1537 2003 1562 mise>

1138 1585 1139 1623 ff
1161 1580 1255 1607 randas
1280 1580 1402 1616 infligunt
1427 1579 1580 1617 parentibus
1604 1579 1738 1606 orbitates.
1766 1578 1816 1605 Th.
1836 1578 1867 1606 C.
1891 1579 1936 1606 IX.
1961 1581 2002 1605 18.

1162 1634 1182 1650 c.
1205 1626 1227 1650 l.
1247 1623 1280 1649 ad
1299 1623 1328 1649 L.
1349 1622 1411 1649 Fab.
1431 1622 1498 1649 Filia
1522 1623 1548 1648 in
1567 1622 1680 1649 orbitate
1698 1623 1780 1660 patris
1798 1622 1897 1649 relicta.
1918 1632 1939 1648 c.
1958 1624 2002 1649 20,

1162 1667 1194 1693 de
1214 1667 1285 1693 inoff.
1306 1671 1408 1692 testam.
1428 1667 1452 1692 3.
1465 1666 1508 1692 2¹8.

1139 1733 1142 1749 u
1197 1710 1331 1736 Orbus.
1351 1708 1480 1742 (Adiect.)
1500 1710 1641 1740 Liberis,
1660 1715 1716 1735 aul
1733 1710 1940 1743 parentibus,
1954 1710 2004 1735 de-

1163 1755 1312 1779 stitutus.
1349 1751 1368 1778 Ι.
1383 1752 1445 1786 Sy.
1466 1752 1520 1787 Qui
1538 1751 1638 1781 liberos
1658 1761 1710 1777 non
1723 1751 1809 1778 habet.
1829 1750 1886 1777 Gai.
1900 1750 1930 1777 II.
1945 1752 2002 1777 lll.

1141 1801 1142 1806 ¹
1163 1797 1222 1822 286.
1260 1795 1302 1821 111.
1319 1796 1385 1822 Cn.
1405 1794 1538 1826 Caelibes,
1558 1810 1591 1814 ——-
1610 1795 1672 1820 item
1691 1793 1757 1820 orbi.
1780 1793 1817 1820 ld.
1838 1793 1854 1820 1.
1873 1793 1890 1820 l.
1928 1793 2003 1826 Orbi.

1165 1840 1209 1875 qui
1228 1849 1275 1876 per
1294 1838 1378 1874 legem
1390 1837 1505 1874 Papiam,
1525 1837 1559 1863 ob
1578 1837 1607 1864 id
1625 1836 1696 1874 quod
1715 1836 1813 1863 liberos
1833 1846 1886 1863 non
1898 1836 2003 1869 habent.

1164 1882 1284 1909 dimidias
1303 1886 1392 1919 partes
1411 1880 1585 1907 hereditatum
1604 1879 1801 1916 legatorumque
1819 1879 1942 1917 perdunt.
1965 1878 2002 1906 Id.

1141 1922 1144 1963 ἴ
1164 1925 1181 1951 l.
1201 1924 1217 1951 1.
1243 1925 1265 1958 5.
1284 1926 1343 1951 256.
1363 1923 1396 1950 cf.
1424 1923 1474 1950 Tb.
1494 1922 1525 1950 C.
1546 1922 1613 1949 VIII.
1635 1924 1674 1949 16.
1700 1933 1720 1949 c.
1742 1925 1764 1949 l.
1788 1933 1828 1960 pr.
1854 1922 1887 1949 de
1909 1922 2003 1949 infirm.

1141 1973 1143 1987 ¹
1165 1978 1241 2006 poen.
1256 1967 1319 1994 cael.
1347 1967 1467 2003 Vtroque
1486 1966 1549 1992 orba
1562 1970 1677 2003 parente.
1698 1976 1720 1991 c.
1732 1968 1774 1992 20.
1794 1965 1827 1992 (18
1840 1969 1912 2002 nupt.
1925 1966 1949 2000 5.
1961 1967 1986 1991 4.

1198 2011 1371 2038 orcinus.
1408 2009 1548 2043 (Adiect.)
1586 2010 1631 2041 Is,
1659 2011 1752 2035 cuius
1781 2014 1942 2043 patronus
1969 2009 2003 2034 iu

1165 2064 1236 2081 orco
1255 2061 1308 2080 est.
1346 2055 1422 2080 Sine
1440 2058 1580 2087 patrono
1603 2054 1748 2078 libertus.
1785 2050 1804 2077 Ι.
1826 2051 1887 2085 Sy.
1912 2049 2004 2077 Testa-

1142 2098 1143 2130 }
1165 2102 1252 2123 mento
1272 2097 1447 2123 manumissus
1466 2104 1567 2122 servus.
1604 2094 1720 2121 Orcinus
1739 2094 1777 2130 (p.
1791 2093 1842 2126 se.)
1861 2093 1891 2120 fr.
1910 2095 1952 2120 22.
1963 2104 2003 2131 pr.

1142 2134 1143 2147 ¹
1166 2139 1198 2166 de
1217 2140 1302 2177 pecul.
1322 2139 1370 2175 leg.
1390 2141 1431 2165 33.
1451 2140 1475 2164 8.
1511 2137 1541 2164 ll.
1563 2139 1630 2171 Op.
1654 2137 1758 2165 Orcini.
1782 2135 1824 2162 vel
1843 2138 1956 2174 proprii⁷
1975 2136 2004 2163 li-

1142 2178 1143 2183 *
1165 2183 1240 2209 berti.
1265 2192 1286 2209 c.
1306 2184 1329 2208 S.
1355 2181 1387 2217 de
1411 2183 1459 2208 iur.
1480 2186 1505 2207 et
1529 2180 1589 2206 sacti
1612 2181 1662 2217 ign.
1684 2181 1706 2205 1.
1728 2180 1766 2205 18.
1795 2189 1816 2205 c.
1840 2181 1860 2205 l.
1886 2180 1908 2213 5.
1929 2181 1951 2206 7.
1972 2179 2004 2206 de

1166 2225 1222 2252 Lat.
1242 2225 1327 2251 libert.
1347 2224 1403 2250 toll.
1424 2226 1446 2250 7.
1467 2226 1490 2249 6.
1528 2223 1652 2254 oremus,
1666 2238 1698 2241 —
1714 2220 1774 2247 Non
1793 2223 1937 2255 testatoris,
1957 2222 2005 2249 sed

1166 2269 1373 2296 manumissoris.
1392 2267 1537 2300 (libertus.)
1556 2265 1616 2303 le.
1636 2265 1666 2291 II.
1686 2267 1709 2290 8.
1730 2264 1760 2291 fr.
1775 2266 1798 2290 4.
1818 2266 1840 2298 5.
1856 2267 1895 2291 12.
1916 2265 1945 2291 i'r.
1960 2267 2003 2292 30.

1167 2313 1188 2347 5.
1209 2314 1248 2338 12.
1268 2311 1301 2338 de
1319 2311 1405 2337 fideic.
1425 2310 1488 2336 libb.
1508 2311 1548 2335 40.
1567 2310 1591 2334 5.
1628 2307 1670 2334 III.
1691 2309 1756 2335 (711.
1777 2308 1839 2342 Qui.
1859 2307 1893 2333 ob
1912 2317 2003 2334 necem

1167 2356 1294 2382 detectam
1315 2354 1428 2385 domini.
1451 2352 1592 2390 praemium
1616 2349 1746 2376 libertatis
1767 2351 1950 2386 consequitur,
1974 2350 2004 2377 fit

1143 2302 1145 2311 <

1145 2392 1146 2429 l
1168 2399 1273 2425 orciuus
1297 2397 1415 2424 libertus.
1439 2395 1470 2422 fr.
1489 2397 1513 2420 5.
1550 2394 1603 2429 Qui
1627 2394 1683 2419 siue
1707 2403 1817 2420 manum.
1837 2395 1878 2419 40.
1897 2394 1921 2420 8.
1959 2393 2003 2425 Vt,

1145 2441 1147 2480 ξ
1169 2459 1199 2462 -
1220 2443 1276 2467 sive
1295 2439 1502 2466 manumittatur.
1526 2446 1578 2462 non
1600 2436 1691 2473 perdat
1712 2446 1786 2473 spem
1806 2437 1888 2462 orcini
1907 2436 2002 2463 liberti.

1146 2496 1147 2506 2
1169 2484 1236 2511 1’1·.2.
1256 2494 1294 2521 pr.
1315 2483 1347 2510 de
1365 2480 1480 2507 statulib.
1500 2482 1542 2505 40.
1563 2481 1584 2505 7.
1622 2479 1684 2505 Orc.
1703 2478 1814 2505 libertus
1834 2479 1952 2511 effectus,
1971 2478 2003 2505 ad

1146 2523 1147 2562 l
1169 2526 1290 2554 familiam
1308 2525 1442 2552 testatoris
1460 2522 1609 2560 pertinebit.
1634 2522 1664 2548 sr.
1683 2523 1707 2548 3.
1728 2522 1750 2556 5.
1769 2523 1794 2548 3.
1814 2521 1846 2548 de
1865 2521 1934 2558 legit.
1954 2526 2001 2548 tut.

1146 2587 1147 2608 ἱ
1168 2572 1209 2596 26.
1229 2571 1252 2596 4.

1203 2611 1401 2639 ominare.
1421 2609 1452 2642 §-
1465 2610 1499 2635 1.
1521 2611 1555 2636 In
1575 2611 1716 2635 ordinem
1734 2610 1895 2643 redigere,
1915 2608 2001 2633 Com-

293 2704 383 2736 locuS,
407 2706 451 2741 qui
474 2705 580 2741 pietatis
605 2713 680 2730 causa
705 2702 807 2729 colitur.
836 2701 881 2728 Iul.
902 2713 941 2739 ep.
962 2712 1021 2728 nov.
1042 2712 1062 2728 c.
1083 2702 1123 2727 (33,
1146 2706 1148 2735 y
1169 2698 1243 2729 ‹lt-rc.
1263 2697 1412 2733 Disponere
1431 2696 1639 2729 (testamentum,
1659 2703 1679 2720 s.
1699 2693 1873 2725 voluntatem,
1896 2701 1916 2718 s.
1935 2690 2000 2718 iudi-

293 2747 314 2780 5.
327 2748 385 2772 213.
414 2747 520 2780 Altaria,
540 2752 565 2773 et
584 2747 726 2773 oratorium
745 2744 835 2782 templi
855 2745 1055 2771 circumiectum.
1075 2743 1124 2770 Th.
1146 2738 1148 2773 ¹.
1169 2740 1258 2773 cium.)
1283 2739 1313 2765 fr.
1332 2741 1373 2765 25.
1399 2739 1463 2772 5.1.
1489 2738 1521 2764 dc
1540 2738 1584 2764 lib.
1605 2742 1631 2764 et
1649 2736 1736 2773 posth.
1754 2737 1796 2762 28.
1816 2738 1840 2762 2.
1859 2745 1880 2761 c.
1899 2736 1922 2760 4.
1947 2734 1999 2770 Qu.

294 2789 324 2816 C.
339 2788 382 2815 IX.
399 2791 439 2815 45.
460 2793 518 2816 124.
538 2800 576 2827 pr.
597 2789 629 2816 de
649 2789 672 2815 h.
693 2799 736 2825 qu.
756 2787 788 2814 ad
808 2786 870 2814 eccl.
907 2787 995 2823 Magna
1015 2786 1125 2813 ecclesia
1146 2783 1148 2792 ”
1169 2788 1269 2810 testam.
1291 2782 1336 2809 sac.
1356 2792 1382 2819 p.
1400 2784 1424 2808 6.
1437 2784 1478 2808 22.
1499 2780 1548 2808 Τ11.
1569 2780 1599 2807 C.
1618 2779 1662 2806 IV.
1681 2781 1705 2806 4.
1726 2789 1746 2806 c.
1765 2780 1789 2805 3.
1809 2779 1846 2812 55.
1867 2779 1888 2803 l.
1907 2786 1946 2813 sq.
1967 2776 1999 2803 dc

295 2832 600 2869 Constantinopolitanae
619 2832 745 2863 civitatis,
769 2835 794 2857 et
812 2834 900 2857 sancta
919 2831 1043 2862 oratoria,
1064 2839 1126 2866 quo·

1170 2831 1270 2853 testam.
1290 2830 1316 2851 et
1335 2825 1417 2852 codic.
1454 2824 1497 2851 ΙΙΙ.
1514 2825 1580 2852 (711.
1599 2822 1659 2850 Non
1673 2832 1732 2849 esse
1744 2819 1953 2859 permittendum,
1969 2836 1998 2839 —
