2197 3121
1034 159 1130 192 EXC.

222 245 326 277 Colere,
346 245 475 272 Exercere
500 250 524 271 et
548 246 676 271 instruere
700 244 810 279 (agros.)
831 253 851 269 ι’,
871 244 895 268 4.
916 252 955 278 sq.
976 241 1008 268 de.
1027 242 1061 268 A.
1081 265 1083 289 s

222 294 245 315 et
269 288 300 314 R.
326 287 356 314 P.
380 291 402 314 7.
426 290 469 315 32.
505 287 555 314 Th.
581 287 612 314 C.
639 286 670 312 V.
700 288 738 312 13.
759 296 780 312 c.
805 287 845 312 30.
870 284 902 312 V.
928 287 967 311 15.
994 295 1014 312 c.
1035 287 1058 311 5.

220 331 326 364 (ch.)
364 330 406 356 111.
433 332 494 358 (ἠ.
514 330 543 356 Si
562 329 633 356 fundi
652 339 794 366 possessor
813 339 870 355 eum
890 327 1058 357 excoluisset,

221 375 375 400 sevissetvrz
401 373 430 400 l'r.
450 375 490 399 53.
516 372 548 399 de
566 372 597 399 R.
617 372 648 398 Y.
673 373 695 398 6.
718 374 739 398 1.
778 372 830 407 Qui
849 372 893 397 vix
912 370 984 397 luere
1002 375 1059 407 pot·
1080 390 1081 393 .

222 422 271 443 est.
292 416 388 443 nedum
408 415 535 442 excolere.
560 414 589 441 sr.
609 417 650 441 25.
675 414 707 440 de
726 415 794 451 pign.
814 418 863 439 act.
883 415 923 440 13.
943 415 967 439 7.
1004 413 1057 448 Qui

221 470 264 486 cas
284 462 333 492 (sc.
353 458 552 496 possessiones)
565 457 746 489 excoluerunt.
767 462 793 484 et
806 456 954 483 functiones
972 456 1058 492 publi·
1079 480 1080 485 ,

221 512 263 529 cas
283 505 481 538 recognoscunt.
519 499 568 526 Tb.
597 500 627 527 C.
651 500 697 527 XI.
721 502 763 526 24.
788 510 808 526 c.
829 501 852 525 6.
878 499 899 533 3.
920 501 943 525 5.
964 498 996 525 de
1014 509 1057 535 pa-

220 550 285 571 troc.
310 546 390 571 vicor.
411 561 443 564 —
463 545 494 578 §-
521 546 556 571 2.
585 544 757 574 Venerat-i,
790 543 978 569 Observare.
1013 541 1056 568 III.
1079 559 1080 570 1

220 589 286 615 Cn.
306 587 394 614 Castis
414 587 490 613 deum
509 586 632 624 precibus
652 585 831 612 excolendum.
868 584 905 611 Ib.
925 584 995 611 XVI.
1017 587 1056 611 10.
1078 574 1080 586 ¹

221 641 242 657 c.
263 632 285 656 7.
305 629 337 657 de
355 640 446 667 pagan.

254 672 608 700 Excommunieare.
659 673 701 697 A),
731 671 892 697 ecclesiae
921 680 1056 697 commn-

219 717 313 742 uione
340 725 501 749 separare.
538 714 580 741 Ill.
606 716 670 742 Cn.
694 712 777 739 Nemo
801 713 942 750 episcopus
961 727 995 732 —-
1015 723 1057 740 ex-

219 759 391 784 communicet
411 757 523 794 aliquem
543 762 617 789 ante,
641 766 716 793 quam
741 766 816 783 causa
835 756 970 793 probetur.
1008 755 1055 782 Iul.

219 811 259 838 ep.
280 810 340 827 nov.
360 811 381 827 c.
404 802 460 826 115.
481 801 502 834 3.
522 801 581 826 441.

252 845 489 876 Excoquere.
527 844 697 877 Coquendo
729 844 895 877 mitigare.
943 841 962 868 I.

218 885 342 922 Coquere
362 886 494 919 (calcem.)
515 885 546 912 cf.
565 885 590 912 h.
610 895 633 911 v.

251 930 496 956 Excreseere-
538 929 720 955 Increscere
734 948 741 960 ‚
774 930 904 963 Anger-i.
942 927 960 954 1.
994 929 1055 962 Sy.

218 971 353 998 Crescere.
375 971 406 997 cf.
426 971 450 998 h.
469 981 493 997 v.
530 969 573 996 III.
594 972 659 998 Cn.
684 970 723 997 Ne.
743 970 950 997 derivationibus
970 972 1055 997 minus

217 1015 352 1040 concessis
376 1014 481 1041 flumina
509 1019 668 1040 excrescant.
694 1013 724 1040 fr.
750 1015 772 1040 l.
802 1014 823 1048 3.
850 1015 872 1039 1.
901 1024 933 1039 ue
957 1023 1000 1050 qu.
1029 1014 1055 1040 in

217 1057 287 1083 ssum.
311 1057 373 1094 pub.
397 1058 438 1082 43.
464 1057 504 1082 13.
528 1056 560 1083 cf.
586 1056 616 1083 fr.
638 1058 660 1083 1.
686 1057 707 1090 3.
727 1059 751 1083 5.
777 1056 809 1083 de
835 1056 933 1083 flumin.
953 1058 993 1083 43.
1016 1058 1054 1083 12.

994 843 1055 877 Sy.

217 1099 284 1126 Cum
303 1100 372 1126 omni
391 1099 469 1125 modo
484 1099 654 1135 quadrantem
674 1099 778 1126 excedit
791 1099 900 1131 fructus⁷
920 1100 942 1126 si
962 1100 986 1125 in
1001 1104 1055 1125 tan—

216 1147 270 1168 tum
296 1143 454 1174 excreverit,
480 1147 508 1168 ut
531 1143 703 1179 quantitatem
727 1143 810 1179 partis
834 1142 955 1168 dimidiae
973 1142 1055 1169 bono-

215 1195 271 1212 rum
291 1184 406 1211 excedat.
427 1184 457 1211 sr.
476 1186 517 1211 27.
538 1185 620 1219 3.16.
641 1184 673 1211 ad
693 1184 720 1211 S.
741 1185 771 1212 C.
792 1184 871 1212 Treb.
891 1186 932 1211 36.
953 1187 975 1211 l.

249 1229 463 1254 Excuhare·
500 1229 672 1255 Excubias
691 1238 795 1263 agere.
834 1227 876 1254 III.
897 1229 963 1256 Cn.
987 1228 1054 1255 Mili-

214 1275 267 1303 tes,
293 1271 337 1307 qui
361 1280 408 1307 pro
432 1280 497 1307 pace
521 1270 657 1297 excubant.
684 1271 715 1297 fr.
742 1272 780 1296 13.
807 1270 839 1296 de
863 1281 948 1298 accus.
968 1273 1010 1298 48.
1029 1273 1053 1297 2.

214 1312 244 1340 Si
263 1315 331 1340 circa
350 1313 477 1350 providos
496 1313 630 1340 hominum
650 1323 726 1340 casus
746 1313 858 1340 excubet
871 1315 1054 1351 circumspecti
1075 1338 1077 1351 t

212 1357 340 1394 principis
364 1355 445 1383 favor.
483 1354 550 1383 No'v.
576 1356 698 1383 Anthem.
727 1356 759 1383 de
782 1356 884 1383 mulier.
910 1356 953 1383 VI.
980 1359 1002 1383 l.
1032 1368 1054 1383 c.

215 1401 236 1426 l.
261 1410 300 1437 pr.

246 1442 471 1469 Excubatio.
508 1444 732 1469 Excubiarum
759 1445 958 1478 agendarum
986 1453 1050 1470 mn-

213 1495 279 1512 nus.
315 1485 333 1511 1.
354 1486 415 1519 Sy.
442 1484 584 1511 Excubiae.
607 1484 638 1511 fr.
657 1486 682 1511 3.
707 1485 729 1519 3.
749 1486 773 1511 6.
796 1485 826 1511 fr.
849 1487 888 1511 10.
908 1496 946 1522 pr.
968 1485 1000 1512 de
1019 1486 1052 1513 R.

213 1528 246 1554 M.
266 1529 307 1554 49.
330 1530 369 1554 16.

246 1571 455 1598 Exeulfiae.
484 1571 514 1603 §-
535 1571 569 1597 1.
597 1572 815 1606 Vigiliarum,
835 1582 854 1597 a.
875 1573 1053 1599 Custodiae

213 1616 369 1648 agendae,
393 1615 626 1640 ministeriam.
664 1613 682 1639 I.
707 1613 768 1648 Sy.
791 1614 947 1641 Excubatio.
974 1614 1006 1641 cf.
1024 1615 1051 1641 11.

212 1666 236 1681 v.
262 1655 398 1683 Custodia.
435 1656 484 1682 Th.
506 1655 536 1682 C.
556 1655 612 1682 VII.
640 1657 678 1682 16.
704 1666 726 1682 c.
751 1658 774 1682 1.
800 1656 832 1683 de
856 1656 925 1683 litor.
951 1662 977 1683 et
995 1659 1050 1684 itin.

214 1703 279 1724 eust.
316 1699 358 1725 III.
379 1701 444 1727 011.
465 1699 518 1735 Qui
538 1699 662 1726 excubias
681 1700 772 1736 palatii
791 1700 944 1727 deseruerit.
965 1700 995 1727 fr.
1010 1704 1050 1727 10.

214 1751 252 1778 pr.
278 1741 310 1767 de
332 1741 363 1768 R.
388 1742 421 1768 M.
446 1744 487 1768 49.
513 1743 552 1768 16.
589 1742 660 1768 Reos
685 1752 747 1768 sane
770 1744 881 1780 accipiat
901 1745 1051 1780 vinciatque

214 1784 341 1815 custodia.
357 1789 383 1810 et
396 1784 513 1810 excubiis
527 1784 681 1811 sollertibus
694 1785 832 1821 vigilanter
846 1786 977 1813 observet.
999 1787 1048 1814 Th.

213 1826 243 1853 C.
264 1826 309 1853 IX.
329 1828 369 1853 40.
390 1838 411 1853 c.
432 1828 471 1853 13.
492 1826 524 1853 de
543 1837 619 1863 poen.
649 1844 681 1846 —
710 1828 741 1860 ξ.
765 1829 799 1854 2.
831 1831 983 1856 Studium
1002 1832 1050 1857 in-

211 1872 378 1905 defessum.
416 1871 577 1896 Provisis».
613 1870 631 1896 I.
657 1871 718 1904 Sy.
757 1870 929 1907 Obsequium.
950 1872 986 1898 Ib.
1006 1872 1049 1899 VI.

211 1914 252 1938 23.
273 1922 293 1938 c.
316 1914 337 1937 1.
359 1922 380 1937 c.
400 1913 423 1938 4.
443 1913 464 1945 3.
484 1914 508 1938 2.
528 1912 560 1938 de
579 1912 667 1938 decur.
688 1917 714 1938 et
732 1912 819 1939 silent.
856 1914 897 1940 III.
914 1916 979 1942 (7η.
999 1915 1050 1942 Ex-

212 1954 295 1981 cubiis
315 1955 367 1980 tuis
387 1954 453 1981 salvi
473 1960 498 1980 et
518 1956 714 1982 securisumus.
735 1972 767 1975 —
786 1956 913 1983 Excubiis
934 1959 994 1989 tuis,
1015 1958 1047 1984 la1

211 1997 321 2023 boribus
344 1997 405 2023 tuis,
443 1996 524 2023 Gesta
548 1998 574 2023 in
599 1997 660 2024 Seu.
688 1998 720 2024 de
744 2009 795 2025 rec.
820 1999 870 2026 Th.
893 1999 926 2039 Χ(ἶ.
952 2000 1048 2034 (ch.

210 2050 236 2077 p.
256 2040 293 2073 6.)

244 2084 453 2110 Excurare.
490 2083 714 2111 Excutiam.
752 2084 784 2111 cl'.
803 2095 828 2111 v.
848 2084 989 2112 Excusare.

244 2126 471 2152 Excurrere‘.
496 2126 527 2159 ξ.
546 2127 581 2152 l.
601 2128 774 2161 Progredi,
794 2130 904 2155 Exire.
925 2128 967 2155 111.
982 2130 1048 2157 Gn.

212 2167 308 2203 Aliquo
328 2178 475 2201 excurrere,
495 2168 536 2194 vel
556 2169 700 2206 proticisci.
725 2169 754 2196 fr.
776 2172 797 2196 1.
818 2171 840 2204 3.
860 2172 883 2197 9.
904 2171 936 2198 de
956 2177 1003 2198 tut.
1023 2178 1049 2199 et

213 2214 260 2236 rat.
279 2211 321 2236 27.
340 2212 364 2237 3.
384 2211 415 2237 cl'.
435 2211 466 2237 fr.
489 2213 526 2237 10.
547 2212 568 2245 3.
589 2214 612 2238 9.
633 2212 717 2238 mand.
738 2214 778 2239 17.
800 2210 907 2247 [ἐξ.
927 2216 961 2241 2.
982 2217 1047 2242 Ex-

212 2254 312 2283 tendi,
341 2255 509 2280 Exn-edere.
554 2254 596 2280 III.
622 2256 688 2282 Cn.
719 2255 848 2285 Fistulae.
874 2272 905 2275 —
930 2259 1048 2293 quamvis

213 2295 290 2330 longe
309 2302 446 2323 excurrant
465 2302 537 2323 extra
559 2297 713 2324 aedilicium.
734 2298 764 2324 sr.
786 2301 826 2324 15.
846 2300 901 2332 32.
922 2299 954 2326 de
973 2301 1003 2326 A.
1016 2301 1046 2327 E.

213 2336 244 2363 V.
266 2339 306 2363 19.
328 2339 349 2363 1.
385 2337 441 2365 Hoc
463 2341 530 2366 scito
555 2345 646 2366 nostro
670 2351 722 2367 non
746 2351 821 2367 uuam
846 2341 939 2368 iudicis
958 2353 1048 2380 perso-

213 2390 271 2405 nam
291 2379 542 2416 comprehendimus,
562 2383 609 2409 sed
628 2383 706 2409 latius
721 2400 752 2402 —
767 2385 936 2411 excurrimus
952 2385 1001 2412 Th.
1017 2386 1047 2413 C.

214 2422 279 2448 VIII.
302 2424 341 2448 15.
363 2432 383 2448 e.
403 2423 426 2448 6.
447 2423 468 2456 3.
491 2426 511 2450 1.
531 2425 563 2451 de
582 2427 614 2452 iis
634 2437 677 2463 qu.
697 2426 791 2453 admin.
829 2427 857 2453 In
876 2427 926 2453 boc
945 2433 1047 2465 tempus

214 2466 328 2491 excurrit
352 2464 502 2491 donationis
526 2473 649 2501 eventus,
674 2479 725 2505 quo
750 2474 797 2496 etc.
823 2469 853 2495 fr.
876 2472 914 2496 10.
935 2470 968 2497 de
986 2471 1046 2498 don.

213 2510 259 2534 int.
280 2507 311 2533 V.
331 2509 372 2533 24.
394 2509 415 2533 l.
462 2507 563 2535 Habere
581 2521 622 2537 me
641 2522 654 2537 a
673 2512 750 2538 vobis
774 2529 800 2533 -—
821 2513 845 2539 X
865 2517 890 2539 et
915 2513 986 2550 quod
1006 2524 1047 2541 ex-

214 2552 301 2577 currit.
322 2550 351 2576 fr.
370 2552 411 2576 26.
432 2551 453 2584 3.
473 2553 497 2576 2.
518 2551 607 2588 depos.
628 2555 666 2580 16.
686 2556 710 2580 3.

248 2593 444 2620 mxc-ursio.
480 2595 511 2627 §.
528 2595 561 2621 1.
581 2597 761 2630 Profectio.
789 2597 831 2624 111.
854 2599 919 2625 Gn.
940 2598 996 2625 Hoc
1016 2609 1047 2625 ex

214 2636 363 2672 longinquis
387 2635 565 2673 brevibusque
589 2640 788 2666 excursionibus
807 2657 839 2660 —
859 2642 1047 2668 aestimandum

214 2689 280 2705 esse.
300 2678 330 2705 fr.
352 2680 391 2705 13.
411 2679 432 2712 3
455 2680 477 2705 l.
496 2679 529 2705 de.
548 2690 605 2706 aun.
625 2680 700 2717 legat.
723 2684 812 2709 3551.
833 2699 864 2703 —-
884 2684 915 2717 §.
941 2686 976 2711 2.
997 2686 1047 2711 In-

213 2724 328 2748 cnrsio.
366 2721 407 2747 III.
428 2723 493 2749 011.
518 2722 595 2749 Vallo
620 2723 709 2750 limitis
728 2725 759 2751 ab
781 2727 937 2753 excursione
956 2727 1045 2753 barba-

214 2765 266 2791 rica
290 2763 426 2792 defensari.
451 2763 517 2791 Nov.
543 2765 591 2792 Th.
613 2765 642 2792 II.
668 2776 700 2792 ne
726 2767 825 2795 ducian.
845 2780 868 2796 v.
890 2769 962 2796 limit.
982 2770 1000 2796 I.
1020 2772 1044 2796 2.

216 2816 236 2832 c.
257 2809 279 2833 1.
298 2817 336 2844 pr.

1876 162 1938 192 :341

1139 243 1342 269 Excursus.
1380 242 1497 276 (Subst.)
1517 244 1547 277 §-
1571 244 1605 270 1.
1627 245 1787 270 Incursio.
1806 242 1848 268 III.
1874 244 1939 270 sn.

1104 284 1186 311 Cuius
1207 285 1255 318 (sc.
1277 284 1382 317 classis)
1406 287 1559 323 repentinus
1584 296 1709 313 excursus
1729 290 1754 311 et
1773 286 1878 312 fortuita
1897 285 1939 311 de-

1103 327 1236 364 praedatio
1260 329 1361 354 cunctis
1386 334 1426 354 est
1450 329 1571 356 litoribus
1596 328 1764 356 formidanda.
1789 328 1855 354 Nor.
1881 327 1938 354 val.

1103 370 1144 397 111.
1164 371 1196 397 de
1215 370 1287 397 redd.
1308 371 1364 397 iure
1383 381 1444 398 arm.
1466 372 1495 399 11.
1510 374 1533 399 9.
1554 383 1574 398 c.
1591 374 1656 398 l.-
1669 372 1700 405 δ.
1715 373 1750 398 2.
1772 372 1938 402 Decnrsio,

1104 415 1238 448 Lapsns.
1275 413 1317 439 IH.
1346 414 1410 441 Gn.
1448 414 1545 442 Statuti
1570 416 1695 452 temporis
1719 423 1853 441 excursus.
1873 424 1894 439 c.
1913 415 1937 439 2.

1102 457 1124 482 si
1143 458 1201 482 mai.
1222 456 1281 482 fact.
1301 456 1404 483 alienat.
1424 458 1447 483 5.
1469 459 1509 483 74.

1136 499 1385 526 Excusabilis.
1410 498 1538 531 (Adiect.)
1564 502 1790 527 E.rcnsati⁰ne
1809 500 1936 532 dignus.

1101 541 1143 567 HJ.
1164 543 1230 569 Gn.
1267 542 1295 568 Si
1319 551 1372 567 non
1396 541 1572 578 aegritudine⁷
1597 543 1638 569 vel
1661 542 1710 569 alia
1730 541 1873 569 excusabili
1894 540 1936 574 [al.

1101 584 1282 611 inexcusabili.
1314 584 1364 611 Th.
1385 584 1415 611 C.
1435 584 1492 611 XII.
1514 586 1553 610 12.
1574 595 1594 611 c.
1617 587 1655 612 15.
1680 585 1710 612 cf.
1730 596 1754 612 v.
1774 583 1938 611 Inexcusabi-

1101 627 1154 660 Hs]
1175 628 1333 654 necessitate
1352 627 1537 665 impediuntur.
1559 638 1579 654 c.
1600 629 1622 654 6.
1643 628 1675 655 de
1688 628 1809 664 legation.
1830 629 1870 653 10.
1885 628 1926 653 63.

1135 671 1342 698 Excusare·
1362 671 1392 704 ξ.
1404 672 1438 697 1.
1454 673 1635 702 Reczcsare,
1657 672 1832 706 Denegare.
1848 670 1938 704 LSy.

1100 712 1238 750 Excipere.
1263 713 1294 739 cf.
1319 713 1343 740 h.
1369 724 1392 740 v.
1417 714 1438 747 3.
1463 715 1487 740 6.
1525 713 1682 745 Prohibere,
1706 714 1804 740 Arcere
1823 713 1939 746 (bonori-

1101 755 1172 788 buS.)
1193 756 1222 782 sr.
1243 757 1265 782 Τ.
1286 756 1323 790 33
1344 757 1366 782 1.
1387 766 1427 792 sq.
1447 756 1477 782 fr.
1497 758 1521 783 9.
1541 767 1580 794 pr.
1594 757 1624 783 fr.
1641 759 1679 783 11.
1694 768 1733 794 sq.
1754 757 1786 783 de
1805 756 1937 782 decurion.

1101 801 1142 825 50.
1162 801 1186 825 2.
1207 815 1239 818 —
1258 799 1288 832 ξ.
1308 800 1343 825 2.
1369 801 1535 834 Purgare,
1559 801 1755 836 Defendere,
1781 801 1938 826 Commen-

1101 844 1185 868 dare.
1205 840 1224 866 1.
1244 842 1305 875 Sy.
1325 841 1483 868 Defendere.
1504 842 1534 868 sr.
1552 843 1594 869 33.
1615 843 1636 876 3.
1656 844 1679 869 2.
1701 842 1733 869 de
1751 852 1856 879 procur.
1875 843 1899 867 3.
1913 842 1936 866 3

1101 883 1144 910 III.
1164 885 1229 911 011.
1250 883 1336 910 Verba
1355 895 1403 921 pro
1423 895 1453 911 eo
1467 885 1560 916 facere,
1580 890 1605 912 et
1618 886 1792 912 innocentiam
1806 894 1938 911 excusare.

1100 926 1137 953 lb.
1157 926 1176 953 l.
1194 926 1210 952 l.
1232 926 1263 952 cf.
1283 926 1313 953 sr.
1331 929 1374 954 29.
1394 938 1432 964 pr.
1453 927 1485 954 ad
1503 927 1532 954 L.
1553 927 1600 954 lul.
1621 927 1653 954 de
1672 928 1712 955 ad.
1735 930 1776 954 48.
1796 930 1819 954 5.
1856 927 1938 953 Litte-

1100 971 1136 996 ris
1161 979 1287 996 excusare
1311 971 1423 1002 (iustam
1447 971 1575 1003 causam.)
1605 970 1635 997 fr.
1655 972 1678 997 6.
1703 971 1724 1004 3.
1744 972 1767 997 9.
1788 971 1820 997 de
1839 971 1937 996 iniusto

1100 1017 1168 1050 rupt.
1187 1013 1230 1038 23.
1249 1014 1273 1038 3.
1311 1012 1472 1039 Sententiam
1491 1014 1607 1049 magistri
1625 1014 1666 1040 sui
1684 1013 1752 1040 bene
1771 1018 1886 1040 excusat.
1907 1012 1937 1038 fr.

1103 1057 1143 1082 19.
1163 1056 1185 1089 3.
1204 1057 1228 1081 2.
1248 1055 1281 1082 de
1299 1065 1351 1082 rec.
1371 1066 1413 1092 qu.
1438 1055 1492 1082 arb.
1516 1058 1539 1082 4.
1564 1057 1587 1082 S.
1620 1072 1652 1076 —-
1684 1057 1714 1090 §-
1734 1059 1770 1084 3.
1806 1058 1939 1084 Veniam

1100 1100 1236 1134 largiri.
1274 1100 1507 1133 Impunitatern
1527 1101 1703 1134 indulgere.
1727 1099 1746 1126 I.
1766 1101 1827 1135 Sy.
1848 1098 1936 1125 Tueri.

1100 1141 1130 1168 fr.
1149 1143 1172 1167 8.
1193 1142 1214 1175 3.
1234 1142 1258 1168 8.
1277 1141 1363 1168 mand.
1385 1143 1424 1168 17.
1446 1143 1468 1167 1.
1488 1141 1518 1167 fr.
1544 1143 1583 1168 12.
1609 1141 1641 1168 ad
1659 1141 1689 1168 L.
1710 1142 1789 1169 Corn.
1810 1142 1842 1169 de
1861 1143 1936 1168 sicar.

1099 1187 1140 1211 48.
1160 1187 1184 1210 8.
1222 1183 1282 1210 Nou
1301 1195 1416 1221 gravare.
1435 1184 1467 1210 fr.
1488 1186 1509 1211 l.
1529 1185 1621 1218 3313.
1637 1186 1676 1211 15,
1697 1184 1729 1211 de
1747 1186 1773 1211 vi
1793 1190 1818 1211 et
1836 1186 1861 1211 vi
1875 1194 1936 1211 arm.

1099 1229 1140 1253 43.
1162 1228 1200 1253 16.
1238 1226 1268 1253 Π.
1294 1229 1360 1262 Op.
1392 1227 1500 1259 Teneri,
1526 1227 1616 1254 I'lecti.
1637 1243 1669 1246 ——
1687 1227 1849 1254 Excusatum
1869 1237 1936 1253 esse.

1099 1270 1128 1296 sr.
1150 1271 1172 1296 7.
1192 1270 1214 1304 3.
1234 1271 1258 1296 4.
1279 1270 1363 1296 mand.
1386 1271 1423 1297 17.
1446 1272 1468 1296 1.
1493 1270 1522 1296 fr.
1544 1272 1583 1297 19.
1608 1270 1630 1304 3.
1656 1272 1678 1296 l.
1705 1270 1781 1297 locat.
1802 1273 1842 1297 19.
1861 1272 1885 1296 2.
1905 1269 1935 1296 sr.

1099 1314 1139 1339 68.
1160 1312 1193 1339 de
1211 1312 1242 1339 R.
1262 1312 1294 1339 N.
1313 1314 1355 1339 23.
1374 1315 1398 1339 2.
1419 1312 1449 1339 fr.
1468 1314 1492 1339 3.
1512 1313 1534 1346 3.
1550 1315 1572 1339 1.
1593 1313 1625 1339 de
1643 1313 1743 1350 sepulc.
1762 1313 1824 1340 viol.
1840 1315 1880 1339 47.
1897 1314 1935 1338 12.

1098 1356 1139 1382 III.
1161 1357 1227 1384 Cn.
1245 1355 1334 1382 Palam
1353 1355 1545 1392 delinquentes,
1564 1361 1592 1382 ut
1605 1361 1730 1388 errantes.
1743 1357 1840 1383 maiore
1853 1365 1937 1393 poena

1098 1404 1264 1426 excusantur.
1289 1400 1318 1426 fr.
1339 1400 1380 1425 68.
1400 1398 1416 1425 l.
1436 1400 1477 1426 23.
1497 1401 1520 1425 2.
1546 1399 1577 1426 ef.
1603 1399 1634 1426 fr.
1660 1400 1699 1426 16.
1724 1400 1789 1433 3.1.
1815 1399 1847 1426 de
1867 1399 1936 1436 pign.

1098 1447 1147 1469 act.
1169 1444 1207 1468 13.
1229 1444 1252 1468 7.
1289 1442 1379 1468 Officii
1404 1443 1548 1468 necessitas
1568 1447 1594 1468 et
1612 1443 1708 1468 tutoris
1727 1442 1794 1469 fides
1814 1446 1936 1469 excusata

1098 1495 1157 1511 esse
1176 1485 1262 1511 dehet.
1283 1484 1313 1511 l'r.
1332 1486 1374 1510 22.
1395 1484 1426 1510 cf.
1446 1484 1476 1511 fr.
1490 1487 1513 1511 5.
1534 1485 1611 1519 3.13.
1632 1484 1665 1511 de
1683 1484 1708 1511 h.
1728 1495 1770 1521 qu.
1792 1490 1820 1512 ut
1838 1484 1934 1520 Indign.

1096 1530 1139 1555 34.
1159 1530 1183 1554 9.
1220 1528 1348 1554 Excusari
1367 1526 1437 1553 solet
1456 1537 1534 1560 sexu,
1559 1527 1602 1554 vel
1621 1532 1713 1559 aetate,
1732 1527 1775 1554 vel
1794 1529 1871 1554 etiam
1889 1537 1936 1564 pu-

1097 1571 1186 1597 niendi
1206 1571 1378 1597 correctione.
1400 1569 1429 1596 fr.
1449 1571 1490 1597 38.
1511 1571 1532 1604 3.
1547 1572 1570 1596 7.
1590 1569 1622 1596 ad
1635 1569 1664 1596 L.
1678 1569 1726 1596 Iul.
1747 1570 1779 1597 de
1798 1570 1878 1597 adult.
1893 1572 1933 1595 48.

1096 1617 1120 1641 5.
1158 1615 1221 1640 Eam
1245 1613 1405 1649 diligentiam
1429 1613 1593 1639 venditorem
1617 1612 1741 1639 exhibere
1769 1613 1878 1645 debere,
1907 1618 1936 1639 ut

1097 1657 1173 1684 fatale
1193 1657 1324 1687 damnum,
1343 1656 1385 1682 vel
1405 1657 1445 1682 vis
1464 1658 1558 1687 maior,
1584 1657 1618 1682 sit
1638 1661 1798 1682 excusatum.
1818 1656 1849 1682 fr.
1868 1658 1892 1682 2.
1911 1656 1933 1689 3.

1097 1703 1119 1726 l.
1144 1700 1177 1726 de
1200 1701 1281 1737 peric.
1307 1704 1332 1725 et
1357 1709 1448 1725 comni.
1474 1700 1513 1725 18.
1539 1700 1562 1725 6.
1583 1714 1615 1718 —
1636 1699 1667 1731 ξ.
1690 1700 1728 1725 4.
1754 1700 1935 1725 Det-linare

1097 1744 1217 1773 (onus.)
1258 1743 1421 1768 Liberam.
1459 1741 1478 1767 I.
1503 1742 1564 1776 Sy.
1595 1740 1765 1768 Vacationem
1791 1746 1933 1779 praestare.

1094 1785 1199 1811 Exuere
1218 1786 1244 1817 (a
1264 1784 1437 1817 muneribus.)
1457 1783 1540 1810 vatic.
1561 1785 1675 1818 33128.
1697 1794 1755 1821 sqq.
1776 1784 1806 1810 fr.
1826 1785 1850 1810 6.
1870 1784 1892 1818 3.
1906 1785 1930 1809 4-

1095 1828 1127 1854 de
1146 1837 1215 1853 mun.
1236 1831 1261 1852 et
1280 1826 1340 1852 hon.
1361 1828 1402 1853 50.
1417 1828 1440 1852 4.
1460 1826 1592 1853 Recusare
1612 1827 1713 1860 (onus.)
1734 1827 1818 1854 Vatic.
1838 1828 1932 1861 3188.

1094 1870 1218 1896 Liberare
1238 1869 1263 1902 (a
1284 1869 1385 1901 tutela.)
1404 1869 1441 1896 lb.
1462 1870 1484 1903 3.
1503 1871 1562 1896 247.
1599 1869 1641 1895 III.
1663 1871 1729 1897 Gn.
1749 1870 1778 1896 Si
1797 1875 1869 1897 tutor
1887 1880 1933 1907 pu-

1094 1912 1152 1950 pilli
1171 1911 1321 1950 pupillaeve
1340 1917 1480 1949 suspectus
1499 1923 1513 1938 a
1533 1911 1612 1938 tutela
1632 1918 1747 1939 remotus
1767 1914 1810 1945 sit,
1830 1914 1886 1939 sive
1900 1923 1933 1938 ex

1096 1957 1163 1982 iusta
1183 1965 1259 1982 causa
1279 1954 1357 1981 fuerit
1376 1960 1524 1981 excusatus.
1553 1954 1610 1981 Gai.
1630 1955 1648 1981 I.
1669 1957 1726 1982 1152.
1746 1955 1807 1993 Vll).
1826 1955 1870 1982 XI.
1889 1956 1931 1981 ⁴23.

1094 1998 1161 2025 Cum
1186 2008 1214 2024 sc
1238 1997 1319 2024 vellet
1342 2007 1467 2024 excusare
1491 1997 1578 2034 aliquo
1598 1998 1690 2030 titulo,
1715 2009 1763 2025 nee
1783 2000 1808 2025 in
1827 2003 1932 2035 promtu

1077 2041 1265 2079 Vprobationes
1290 2039 1405 2066 haberet.
1432 2040 1462 2066 sr.
1482 2042 1522 2067 60.
1547 2041 1568 2074 3.
1588 2043 1612 2067 4.
1637 2041 1669 2067 de
1692 2041 1722 2067 R.
1742 2040 1773 2067 N.
1793 2043 1835 2067 23.
1854 2043 1878 2067 2.
1899 2042 1930 2067 cl'.

1095 2084 1123 2111 l'r.
1144 2086 1167 2110 7.
1187 2084 1208 2118 3.
1230 2085 1252 2109 l.
1273 2083 1305 2109 de
1324 2083 1390 2109 adm.
1411 2088 1437 2109 et
1455 2085 1534 2121 peric.
1555 2085 1597 2110 26.
1612 2086 1634 2110 7.
1672 2084 1787 2116 Munera⁷
1808 2094 1873 2121 quae
1889 2094 1931 2121 pa-

1093 2128 1222 2154 trimoniis
1241 2127 1419 2162 iniunguntur,
1439 2142 1471 2145 —
1491 2126 1551 2152 talia
1571 2131 1641 2158 sunt.
1661 2132 1689 2153 ut
1709 2138 1793 2164 neque
1812 2132 1882 2154 aetas
1902 2138 1930 2153 ea

1093 2175 1210 2201 excuset,
1229 2179 1316 2205 neque
1335 2179 1458 2196 numerus
1478 2169 1628 2196 liberorum.
1649 2170 1678 2196 fr.
1693 2171 1716 2196 6.
1736 2171 1757 2204 3.
1772 2172 1796 2197 4.
1810 2170 1842 2197 de
1861 2180 1928 2196 mun.

1093 2218 1119 2239 et
1137 2213 1198 2239 hon.
1218 2214 1259 2238 50.
1279 2214 1303 2238 4.

1127 2255 1344 2282 Excusafio.
1382 2255 1413 2287 §.
1434 2255 1468 2280 l.
1508 2256 1723 2288 Deprecatio,
1750 2258 1927 2291 Purgatio,

1094 2300 1271 2325 Liber-atio.
1309 2297 1327 2323 I.
1353 2298 1414 2331 Sy.
1446 2297 1611 2334 Deprecatio
1638 2298 1669 2325 cl'.
1694 2299 1718 2325 h.
1743 2309 1766 2325 v.
1791 2298 1927 2334 Exceptio.

1093 2340 1124 2366 cf.
1144 2340 1169 2367 1ι,
1190 2351 1213 2366 v.
1233 2341 1255 2374 3.
1275 2342 1299 2366 2.
1336 2339 1379 2366 ΙΠ.
1403 2340 1468 2366 Gn.
1505 2339 1572 2367 Vani
1597 2342 1698 2368 timoris
1723 2342 1854 2368 excusatio
1875 2349 1927 2365 nou

1093 2388 1140 2409 est.
1165 2382 1196 2409 fr.
1218 2384 1274 2408 184.
1300 2382 1332 2409 de
1354 2382 1385 2408 R.
1411 2382 1428 2408 1.
1453 2384 1494 2408 50.
1518 2385 1557 2409 17.
1594 2384 1796 2411 Excusati011‹·1u
1815 2388 1928 2409 meretur

1092 2431 1170 2453 aetas.
1192 2442 1223 2445 -
1243 2425 1302 2451 Non
1322 2426 1356 2451 sit
1376 2426 1510 2451 excusatio
1529 2428 1629 2453 aetatis.
1649 2427 1679 2453 fr.
1692 2428 1732 2452 37.
1753 2427 1773 2459 3.
1790 2428 1810 2452 1.
1831 2425 1863 2451 de
1883 2426 1927 2451 mi-

1094 2480 1149 2496 nor.
1169 2471 1193 2496 4.
1214 2470 1237 2494 ¹1.
1262 2468 1291 2494 fr.
1314 2469 1335 2494 l.
1360 2468 1382 2502 3.
1401 2470 1442 2494 32.
1467 2468 1500 2495 de
1519 2468 1546 2495 S.
1567 2469 1597 2496 C.
1618 2468 1698 2496 Silan.
1721 2469 1762 2494 29.
1787 2470 1810 2493 5.
1834 2468 1865 2494 fr.
1884 2469 1925 2494 38.

1092 2513 1114 2545 3.
1138 2514 1162 2538 4.
1187 2511 1219 2537 ad
1242 2510 1271 2537 L.
1296 2510 1342 2536 Iul.
1367 2510 1399 2536 de
1423 2510 1503 2537 adult.
1527 2513 1568 2538 48.
1593 2514 1615 2538 5.
1657 2511 1771 2537 Honesta
1792 2512 1926 2537 excusatio

1093 2560 1133 2581 est
1153 2564 1205 2580 non
1224 2553 1390 2586 facientibus
1410 2554 1481 2590 quod
1500 2565 1552 2580 uon
1571 2556 1605 2580 sit
1624 2563 1777 2579 concessum
1800 2553 1829 2580 fr.
1845 2556 1882 2580 15.
1904 2555 1925 2587 3.

1091 2599 1115 2623 3.
1137 2597 1168 2623 de
1188 2596 1217 2623 L.
1238 2596 1318 2623 Corn.
1340 2596 1372 2623 de
1391 2597 1447 2623 fals.
1468 2599 1508 2623 48.
1525 2599 1562 2622 10.
1583 2596 1614 2622 cl'.
1634 2595 1663 2621 fr.
1680 2597 1718 2621 13.
1739 2596 1797 2629 31.
1818 2596 1850 2623 de
1863 2598 1924 2634 pub.

1092 2640 1172 2667 indic.
1192 2641 1232 2666 48.
1255 2641 1276 2665 l.
1299 2656 1328 2659 —
1349 2640 1380 2673 §0
1392 2641 1427 2666 2.
1449 2641 1652 2669 Decliuaeio,
1670 2640 1823 2665 Evieatio
1845 2643 1924 2670 (ncu-

1091 2686 1225 2712 uernm.)
1264 2682 1282 2708 1.
1301 2684 1363 2717 Sy.
1389 2682 1505 2709 Vacatio.
1524 2680 1656 2707 Liberatio
1676 2681 1793 2713 (tutelae.
1814 2692 1834 2708 s.
1854 2693 1866 2708 a
1888 2688 1924 2708 tu-

1068 2717 1070 2736 l
1094 2726 1166 2759 tela.)
1186 2726 1270 2752 vatic.
1291 2726 1328 2759 §s
1345 2727 1401 2751 124.
1424 2725 1478 2749 129.
1500 2724 1555 2749 137.
1576 2733 1634 2760 sqq.
1656 2724 1783 2751 191.195.
1804 2725 1845 2751 111.
1859 2727 1923 2753 cn.

1090 2769 1276 2796 Excusationis
1296 2769 1351 2794 iure
1371 2767 1504 2802 suscipere
1523 2766 1594 2792 nolle
1613 2766 1754 2799 (tutelam.)
1774 2767 1803 2794 [Γ.
1823 2770 1863 2794 28,
1884 2778 1921 2804 pr.

1091 2812 1123 2838 de
1144 2817 1246 2838 testam.
1272 2816 1317 2837 tut.
1341 2811 1381 2836 26.
1406 2812 1430 2834 2.
1467 2809 1671 2836 Excusationum
1694 2810 1828 2845 nrivilegia
1853 2820 1922 2847 prm>-
