2197 3121
1026 164 1133 194 DISP.

214 257 257 279 tua
282 250 429 288 disperdiS,
456 249 608 286 liberosque
633 253 693 274 tuos
718 247 750 274 ad
774 251 915 284 egestatem
933 245 1057 283 perducis

214 300 262 321 etc.
295 293 367 320 Paul.
389 293 432 320 111.
453 294 476 319 4.
498 293 528 318 Α.
549 293 570 326 5.
591 294 614 318 7.
652 290 680 317 Si
703 301 764 317 vere
784 289 910 327 quaedam
929 288 1058 326 disperdi-

214 337 299 364 disset
319 336 369 370 [al.
391 335 613 373 deperdidisset,]
633 335 654 360 si
674 333 745 360 nulla
765 334 932 360 restitutione
950 341 1058 368 recupe-

214 381 265 406 rari
285 384 396 417 possent
416 384 464 405 etc.
485 378 514 404 fr.
529 380 575 404 ⁷25.
595 377 617 411 5.
638 379 661 403 7.
700 378 752 412 Qu.
772 378 798 402 iu
817 376 848 402 fr.
870 375 938 402 cred.
959 376 1000 400 42.
1019 377 1043 400 ὅ.

249 424 491 456 Dispergere.
512 421 542 453 ξ.
563 421 597 446 1.
625 421 830 450 Deminuere,
854 420 1016 445 Evertere.
1038 416 1056 442 1.

214 467 277 500 Sy.
296 466 461 501 Decoquere,
481 462 644 500 Dilapidare.
665 462 715 489 Th.
734 462 764 489 C.
784 461 841 488 XII.
862 462 885 487 6.
906 471 927 486 c.
949 461 971 486 1.
991 469 1012 485 e.
1032 461 1056 485 9.

215 519 236 535 c.
258 510 298 534 ll.
318 507 350 534 de
369 512 516 544 susceptor.
547 505 589 532 lll.
606 507 670 533 Gn.
691 505 720 532 Si
739 505 872 531 voluerint
890 503 968 529 huius
988 512 1057 528 sum-

213 562 270 578 mae
289 552 378 577 uncias
398 549 502 580 inferre,
523 565 555 568 —
575 558 607 574 ne
635 549 733 574 nummi
753 548 944 584 dispergantur.
965 545 994 571 sr.
1014 546 1056 571 47.
1077 579 1079 586 .

213 595 235 628 5.
256 596 279 620 4.
300 594 332 620 (18
355 592 421 619 adm.
447 596 473 617 et
496 601 552 628 per.
575 593 617 617 26.
639 593 661 617 7.
682 607 714 610 —
733 591 764 624 ξ.
788 592 823 617 2.
844 590 1055 620 Diem-altere,

214 639 384 663 Dirimere.
422 635 440 661 I.
455 636 517 669 Sy.
546 633 702 660 Dissolvere
725 632 951 667 (matrimonium.)
972 642 993 657 c.
1012 633 1055 657 23.

214 679 247 706 de
266 683 339 716 nupt.
360 681 383 704 5.
404 678 426 704 4.

247 721 454 755 Disperire·
481 721 618 747 Omnino
636 721 751 754 perire.
776 718 819 745 111.
844 719 910 745 Gn.
935 716 1055 753 Quorum

212 766 316 800 negotia
343 764 474 800 disperire.
500 762 548 796 [al.
576 762 727 799 desperire]
753 762 871 797 iniquum
895 765 964 792 erat,
989 770 1055 796 quae

213 817 275 833 sane
295 806 463 843 disperIrent,
483 807 506 832 si
526 810 574 832 etc.
594 805 624 832 fr.
644 807 668 831 5.
687 815 727 841 pr.
748 804 780 830 de
800 804 832 830 Ο.
854 808 880 829 et
898 804 930 830 A.
950 805 991 829 44.
1013 805 1035 829 7.

247 849 473 882 Dispertire.
513 849 727 874 Distribnere.
752 847 795 873 111.
817 848 883 874 Cn.
903 846 1054 883 Dispertire

213 897 239 919 et
257 892 384 919 dividere.
405 896 430 918 et
449 891 605 918 divisionem
624 889 753 927 quandam
773 890 866 916 facere.
886 889 916 916 fr.
938 891 978 916 70.
993 889 1014 923 5.
1029 891 1053 915 5.
1075 898 1077 927 '3

212 935 245 962 de
265 934 333 961 usuf.
355 936 378 960 7.
400 936 422 961 1.

246 977 457 1010 Inspicere.
495 977 675 1010 Inspicere,
707 977 877 1002 Excutere.
916 974 958 1001 III.
987 975 1077 1004 (7η.Δ

211 1020 344 1057 Dispicite
367 1019 395 1046 P.
417 1018 460 1051 C.,
485 1018 612 1055 numquid
636 1019 669 1044 sit
695 1019 804 1054 aequius
829 1022 879 1044 etc.
905 1017 934 1044 fr.
959 1019 1001 1042 22.
1022 1015 1054 1043 de

211 1062 300 1089 liered.
321 1067 373 1099 pet.
394 1064 417 1088 5.
436 1063 461 1088 3.
498 1061 583 1088 Media
602 1062 681 1098 igitur
699 1060 763 1088 haec
782 1072 795 1087 a
820 1060 907 1087 iudice
927 1065 1002 1087 erunt
1018 1059 1054 1086 di-

211 1105 357 1142 spicienda,
377 1109 405 1131 ut
429 1109 478 1130 etc.
499 1104 530 1130 sr.
551 1106 593 1130 25.
614 1104 646 1131 de
665 1105 736 1141 pign.
759 1108 807 1130 act.
830 1105 870 1129 13.
891 1105 913 1129 7.
935 1102 967 1129 cf.
987 1113 1008 1129 c.
1031 1104 1053 1129 l.

212 1148 245 1174 de
263 1147 351 1185 praed.
372 1152 397 1173 et
417 1146 448 1173 al.
468 1147 523 1173 reb.
543 1148 606 1173 min.
626 1149 650 1173 5.
672 1149 712 1173 71.
753 1146 946 1183 Dispiciamus,
966 1156 998 1171 ne
1017 1145 1054 1171 ni-

211 1190 248 1217 hil
267 1195 338 1217 vetet
356 1195 405 1216 etc.
426 1189 456 1216 fr.
476 1191 517 1215 38.
540 1189 572 1216 (18
592 1189 618 1216 S.
638 1189 666 1216 P.
681 1189 712 1216 R.
727 1190 751 1215 8.
770 1191 794 1215 3.
832 1189 874 1215 De
893 1188 989 1225 quibus
1003 1188 1054 1213 sin—

210 1232 278 1269 gulis
304 1232 456 1269 diligentius
482 1231 661 1269 dispiciamus.
687 1232 744 1258 Gai.
769 1232 799 1258 II.
825 1233 867 1258 86.
892 1231 923 1258 cf.
950 1232 991 1257 99.
1012 1240 1052 1267 sq.

209 1275 254 1302 IV.
280 1277 337 1301 114.
362 1285 402 1312 sq.
428 1276 485 1301 138.
512 1276 568 1302 161.
614 1275 675 1313 Ipse
694 1275 809 1313 dispice,
835 1273 1053 1311 quemadmodum

210 1323 259 1345 etc.
280 1329 300 1344 c.
322 1320 345 1344 1.
366 1318 398 1345 de
417 1318 510 1344 edend.
530 1321 554 1345 2.
576 1320 597 1345 l.

243 1361 468 1395 Displicere.
494 1363 735 1396 Improbare,
761 1361 1053 1388 Paenitentiam

209 1415 329 1440 agere.
366 1403 408 1430 III.
434 1405 500 1431 Gn.
530 1404 611 1440 Quod
635 1404 721 1431 Nerva
744 1404 857 1436 diceret,
882 1419 914 1423 —
938 1401 1052 1428 Proculo

210 1446 383 1484 displicebat3
402 1446 467 1473 mibi
486 1448 652 1473 verissimum
671 1447 783 1474 videtur.
798 1447 828 1474 sr.
847 1448 890 1473 32.
905 1445 996 1483 depos.
1012 1446 1052 1471 16.

209 1492 233 1516 3.
259 1490 289 1517 cf.
314 1490 345 1516 fr.
364 1492 406 1516 20.
433 1489 454 1522 5.
475 1491 498 1515 7.
524 1488 582 1515 sam.
607 1491 699 1517 ercisc.
725 1492 765 1517 10.
789 1492 814 1516 2.
852 1489 908 1516 Hoc
927 1488 1051 1515 iudicium

210 1533 296 1559 locum
321 1532 401 1559 habet
424 1533 451 1558 iu
475 1532 589 1558 confinio
615 1534 788 1564 rusticorum3
808 1533 979 1560 urbanorum.
1001 1531 1052 1558 dis·
1073 1546 1075 1556 ι

209 1575 310 1612 plicuit.
330 1575 360 1602 fr.
381 1576 404 1601 4.
424 1576 446 1609 5.
468 1577 507 1602 10.
528 1575 571 1602 fin.
596 1575 705 1612 regund.
733 1578 773 1603 10.
800 1578 822 1603 1.
864 1575 924 1602 Nou
944 1575 1052 1601 deberet

211 1617 351 1655 displicere
372 1617 493 1644 'conditio
519 1618 688 1645 iurisiurandi
712 1620 748 1651 ei,
769 1620 814 1655 qui
834 1618 936 1645 detulit.
959 1618 989 1644 fr.
1009 1619 1051 1644 34.

210 1661 232 1694 5.
252 1662 275 1686 7.
294 1660 327 1687 (18
346 1662 451 1687 iureiur.
477 1662 517 1687 12.
540 1663 565 1688 2.
603 1661 632 1688 Si
658 1663 692 1687 ita
716 1661 853 1699 praedium
873 1662 994 1692 venierit,
1015 1665 1050 1691 ut,

211 1704 234 1729 si
253 1703 447 1740 displicuisset,
473 1705 599 1730 inemtum
619 1709 697 1730 esset.
718 1704 748 1731 fr.
772 1706 812 1731 11.
832 1705 854 1738 5.
876 1706 916 1731 13.
953 1704 1005 1740 Qu.
1025 1704 1051 1730 vi

211 1751 254 1772 aut
273 1745 305 1772 cl.
325 1748 366 1773 43,
386 1748 428 1772 24.
448 1746 479 1773 cf.
500 1746 530 1773 fr.
550 1749 574 1773 3.
595 1747 627 1773 de
646 1752 729 1774 contr.
750 1752 810 1773 emt.
832 1749 872 1773 18.
893 1749 915 1773 1.

244 1789 461 1822 Dispoliare
481 1794 529 1816 etc.
568 1790 609 1816 Cf.
629 1800 652 1816 v.
672 1789 839 1826 Despoliare.

244 1832 466 1864 Disponere.
504 1832 535 1865 §.
554 1834 589 1858 l.
610 1834 797 1864 Collocare,
819 1833 994 1858 ordinare.
1031 1830 1050 1857 I.

211 1874 272 1908 Sy.
301 1873 472 1900 Constituere
496 1876 672 1911 (opportunis
692 1874 785 1907 locis.)
810 1874 840 1900 t'r.
867 1875 887 1900 l.
916 1873 945 1899 sr.
967 1875 991 1900 3.
1012 1883 1051 1910 pr.

210 1916 242 1942 de
262 1916 304 1942 oss.
325 1915 377 1942 Prf.
398 1915 471 1952 Vigg.
498 1919 520 1943 l.
548 1920 586 1943 15.
624 1917 667 1943 111.
688 1918 753 1944 Cn.
780 1916 846 1948 Res,
871 1926 936 1953 quas
960 1926 1052 1953 perpe·
1073 1929 1074 1933 ¹

208 1964 254 1985 tuo
274 1959 310 1985 ibi
330 1958 465 1991 habuerit,
490 1964 567 1996 atque
593 1960 627 1985 ita
652 1959 784 1996 disposuit
804 1959 848 1993 [al.
868 1959 1003 1996 deposuit]
1023 1964 1052 1985 ut

210 2006 258 2029 etc.
278 2001 308 2028 fr.
327 2003 368 2028 35.
389 2003 411 2036 5.
430 2004 454 2029 3.
475 2002 507 2028 de
527 2001 615 2028 hercd.
635 2002 696 2028 inst.
715 2003 757 2028 28.
777 2004 800 2028 5.
839 2002 892 2038 Qui
911 2001 1051 2028 fundorum

211 2043 326 2070 culturas
351 2046 521 2081 rationesque
545 2044 671 2081 disponit.
708 2044 781 2071 Paul.
801 2044 845 2070 IV.
871 2046 894 2071 8.
914 2046 936 2078 5.
956 2047 997 2071 25.
1019 2044 1050 2071 εἴ.
1072 2071 1074 2080 ,

1072 2093 1074 2099 “
1095 2090 1229 2121 tradenda,
1248 2088 1495 2126 percontandasque
1515 2093 1540 2114 et
1559 2087 1743 2115 examinandas
1762 2087 1890 2116 rationes,
1911 2090 1936 2111 et

210 2086 240 2113 fr.
261 2089 284 2114 7.
304 2087 337 2113 de
356 2092 409 2125 opt.
424 2098 448 2114 v.
465 2088 539 2114 elect.
554 2087 603 2123 leg.
616 2089 658 2114 33.
673 2090 696 2114 5.
733 2087 762 2113 111
781 2087 945 2124 disponenda
961 2089 1051 2124 (quae-

211 2130 311 2161 stione)
335 2130 378 2157 hic
397 2130 463 2157 ordo
484 2135 611 2157 servatur.
649 2129 721 2157 Paul.
741 2130 783 2157 ΠΙ.
803 2132 826 2156 5.
847 2131 868 2164 5.
890 2133 930 2157 ll.
968 2131 1050 2157 Recte

212 2171 324 2199 Sabinus
348 2173 493 2210 disposuit,
515 2179 543 2200 ut
569 2173 675 2199 diceret.
718 2173 786 2200 Cum
809 2175 879 2200 omni
904 2174 1051 2200 subtilitate

212 2213 343 2250 disposuit
361 2215 534 2253 (leianus.)
560 2217 590 2243 t'r.
617 2218 658 2243 33.
679 2216 712 2242 de
731 2217 787 2242 iure
806 2217 859 2243 dot.
879 2218 920 2243 23.
940 2218 964 2243 3.
985 2228 1005 2243 c.
1027 2219 1049 2248 l„

212 2257 233 2290 5.
254 2258 277 2283 9.
298 2256 329 2283 de
347 2258 434 2286 caduc.
456 2259 511 2286 toll.
537 2261 560 2286 6.
585 2261 626 2285 51.
647 2275 679 2278 —
699 2260 729 2292 ξ.
751 2261 785 2286 2.
807 2262 972 2292 statuere,
998 2262 1050 2286 In-

212 2302 290 2325 bere.
327 2299 345 2325 I.
372 2302 432 2335 Sy.
470 2302 609 2333 Condere,
638 2301 769 2328 Ordiuare
794 2302 946 2334 (arbitrium
966 2307 1051 2329 extre-

212 2343 302 2373 mum.)
323 2342 372 2368 Th.
388 2342 418 2369 C.
432 2344 475 2371 IV.
494 2346 518 2371 4.
538 2355 559 2372 c.
579 2347 603 2371 3.
624 2345 661 2379 55.
683 2347 704 2371 l.
725 2355 764 2381 sq.
786 2345 818 2371 de
832 2350 933 2371 testam.
954 2350 978 2371 et
992 2346 1049 2372 cod.

212 2385 254 2410 111.
278 2386 342 2412 (711.
380 2385 509 2414 Ordinare
532 2393 559 2414 et
581 2387 649 2425 disp.
670 2387 826 2414 concedere
846 2393 871 2414 et
891 2387 959 2424 disp.
980 2387 1049 2415 Coll.

212 2427 264 2453 LL.
285 2427 318 2453 Μ.
338 2427 396 2454 XV.
416 2430 439 2454 3.
460 2439 479 2455 c.
499 2432 523 2456 2.
549 2430 581 2457 de
606 2432 711 2457 iureiur.
731 2441 771 2467 pr.
791 2430 838 2456 cal.
858 2432 882 2456 2.
902 2433 944 2457 59.
981 2431 1050 2457 Con-

212 2471 328 2501 stitutio,
353 2480 400 2507 per
424 2480 500 2506 quam
518 2471 580 2510 Imp.
601 2473 741 2510 disposuit.
762 2484 782 2499 c.
804 2475 826 2499 l.
846 2483 885 2510 pr.
906 2473 937 2500 de
957 2484 1048 2501 comm.

212 2523 280 2539 serv.
300 2523 410 2539 manum.
435 2515 459 2539 7.
486 2515 509 2540 7.
546 2514 695 2543 Secundum
719 2521 825 2543 nostrae
851 2518 1048 2543 constitutionis

212 2556 399 2587 definitionem,
420 2566 496 2592 quam
515 2555 692 2593 disposuimus
716 2559 748 2585 de
768 2564 816 2585 etc.
837 2569 858 2585 c.
878 2560 901 2585 4.
922 2559 954 2585 (18
973 2559 1047 2587 liber.

1879 162 1943 192 293

1078 250 1080 256 ’
1103 245 1261 283 dispositum
1285 249 1333 271 est.
1359 244 1388 271 sr.
1414 246 1471 271 114.
1497 246 1518 279 5.
1540 246 1580 271 14.
1606 243 1638 271 (18
1658 243 1732 280 legat.
1752 243 1770 270 I.
1791 241 1858 275 (30.)
1894 242 1942 269 Le-

1102 293 1158 324 gata
1178 288 1251 319 dare,
1275 287 1317 314 vel
1337 288 1553 319 fideicommissa,
1574 287 1616 314 vel
1636 287 1771 313 libertates
1791 286 1940 323 disponere.

1103 342 1123 357 e..
1143 334 1184 358 26.
1205 330 1237 357 de
1256 335 1357 357 testam.
1384 336 1409 357 et
1435 331 1553 367 quemad.
1577 332 1601 357 6.
1621 332 1662 356 23.
1699 330 1772 355 Boua
1791 328 1939 366 possidere,

1102 379 1127 400 et
1146 374 1262 411 legitimo
1282 373 1359 400 modo
1380 385 1408 400 ea
1428 374 1577 410 disponere.
1598 374 1619 407 5.
1633 374 1656 399 3.
1677 372 1695 399 1.
1716 372 1748 398 de.
1767 372 1843 408 adqu.
1863 381 1889 408 p.
1903 381 1941 397 ar-

1102 427 1155 453 rog.
1175 419 1199 443 3
1221 418 1260 443 lo.
1273 414 1313 443 cf.
1332 416 1425 443 Iuliani
1445 427 1486 453 ep.
1507 427 1566 443 nov.
1587 427 1607 443 c.
1629 418 1669 442 70.
1689 416 1711 449 5.
1731 417 1790 441 256.

1135 460 1352 493 Dispositio.
1385 460 1415 492 ἕ.
1434 461 1469 486 1.
1503 460 1694 490 Ordinatio,
1716 459 1940 484 Administra-

1102 504 1153 529 tio.
1192 502 1234 528 ΙΙΙ.
1256 504 1321 530 Gn.
1357 501 1521 528 Yeredorum
1541 501 1740 539 dispositiones.
1777 500 1824 527 Iul.
1845 499 1862 526 l.
1881 499 1898 525 1.
1918 509 1939 525 e.

1100 547 1141 571 22.
1163 546 1183 578 5.
1204 547 1244 572 84.
1284 545 1337 581 Qui
1356 544 1450 571 idonea
1470 544 1584 581 publicis
1605 544 1825 582 dispositionibus
1849 553 1878 568 ac
1897 552 1940 568 ne—

1101 588 1269 614 cessitatibus
1289 588 1358 624 ligna
1378 592 1540 614 convectant.
1562 587 1611 614 Th.
1627 587 1657 614 C.
1673 588 1742 614 XIII.
1762 590 1785 614 5.
1806 597 1827 613 c.
1848 587 1887 611 10.
1908 584 1940 610 (18

1101 630 1241 657 navicular.
1254 647 1285 650 —
1297 632 1327 665 §0
1343 632 1378 657 2.
1400 632 1622 662 Constitutio,
1644 632 1750 657 [assio
1773 630 1938 664 (publica.)

1100 673 1118 699 I.
1138 675 1199 707 Sy.
1232 674 1315 702 Cura.
1339 674 1461 700 Potestas
1486 678 1511 699 et
1535 672 1684 710 dispositio.
1722 673 1758 699 lb.
1783 672 1801 698 1.
1826 673 1849 698 8.
1874 681 1895 697 c.
1915 661 1957 697 ᾖ

1100 716 1204 749 (ch.)
1225 716 1257 743 de.
1277 718 1320 744 off.
1342 717 1483 752 Quaestor.
1521 715 1563 742 lll.
1583 717 1649 743 Cn.
1669 715 1776 747 Omnia,
1797 725 1862 751 quae
1881 723 1940 740 con-

1100 760 1221 791 suetudo,
1241 759 1283 786 vel
1303 760 1443 797 dispositio
1463 763 1553 785 nostra
1572 758 1746 795 amplectitur.
1785 758 1821 784 lb.
1835 757 1880 783 XI.
1899 758 1939 782 16.

1099 813 1121 829 c.
1143 805 1182 828 10.
1209 802 1241 829 de
1265 808 1331 829 extr.
1356 813 1376 828 s.
1402 801 1473 828 sord.
1511 801 1556 833 Hi,
1581 812 1594 827 a
1620 801 1716 838 quibus
1736 801 1940 837 dispositionum

1099 851 1249 872 nostrarum
1268 856 1358 872 norma
1378 846 1514 881 seriesque
1533 849 1660 871 servatur.
1692 843 1729 870 lb.
1750 843 1792 869 YI.
1812 845 1854 868 26.
1875 853 1895 869 c.
1915 844 1939 868 9.

1099 888 1131 915 de
1150 899 1225 925 prox.
1238 890 1326 915 comit.
1356 888 1472 914 Proximi
1492 888 1657 918 scriniorum,
1678 892 1703 913 et
1717 887 1834 922 magistri
1852 885 1941 922 dispo-

1098 933 1232 958 sitionum.
1270 931 1362 957 Honor
1380 931 1509 968 proximi.
1528 941 1549 957 s.
1569 930 1749 961 Proximatus,
1774 934 1800 955 et
1819 928 1940 955 comitiva

1099 975 1312 1012 dispositionum.
1350 973 1387 1000 Ib.
1407 973 1424 999 1.
1444 973 1460 999 l.
1486 984 1506 1000 c.
1526 975 1551 1000 2.
1577 984 1597 999 c.
1619 975 1658 999 14.
1683 983 1721 1010 pr.
1747 972 1778 998 cf.
1804 971 1846 998 VI.
1871 973 1894 997 2.
1919 980 1939 996 c.

1100 1020 1139 1044 12.
1165 1017 1197 1044 de
1221 1017 1309 1043 Senat.
1335 1021 1361 1042 et
1385 1015 1417 1042 (le
1440 1016 1508 1052 gleb.
1545 1016 1676 1042 Scrinium
1703 1015 1856 1045 memoriae,
1884 1014 1941 1040 sive

1099 1060 1279 1098 epistolarum.
1299 1059 1342 1086 vel
1361 1059 1521 1091 libellorum,
1541 1061 1597 1085 sive
1611 1059 1815 1096 dispositionum
1834 1062 1883 1083 etc.
1902 1056 1940 1082 lb.

1099 1103 1203 1130 V1.26.
1235 1114 1256 1130 c.
1278 1104 1318 1129 12.
1348 1102 1379 1129 cf.
1406 1113 1426 1129 c.
1454 1104 1475 1128 l.
1500 1112 1521 1128 c.
1543 1104 1582 1128 10.
1619 1102 1683 1128 Rev.
1704 1101 1849 1127 sacerdotis
1868 1110 1940 1137 prae-

1098 1148 1182 1184 ceptis
1208 1156 1237 1172 ac
1260 1145 1482 1183 dispositionibus
1507 1144 1697 1171 obsecundent.
1726 1144 1763 1170 lb.
1782 1143 1853 1170 XVI.
1873 1146 1896 1169 2.
1918 1153 1939 1169 c.

1098 1191 1139 1216 43.
1160 1189 1192 1216 (18
1212 1190 1293 1226 episc.
1318 1188 1381 1215 eccl.
1400 1187 1542 1214 Rectorum
1569 1187 1688 1214 consiliis
1715 1192 1741 1213 et
1765 1187 1940 1224 dispositione

1099 1248 1130 1252 -·
1150 1233 1196 1259 fiat
1215 1232 1368 1269 adscriptio.
1404 1231 1440 1258 lb.
1461 1230 1506 1257 XI.
1533 1232 1571 1257 16.
1597 1241 1617 1257 c.
1642 1232 1666 1256 3.
1691 1230 1723 1256 de
1743 1234 1808 1256 extr.
1828 1240 1847 1255 s.
1869 1228 1939 1255 sord.

1099 1275 1224 1302 Civilium
1244 1275 1359 1302 iudicum
1383 1273 1605 1311 dispositionibus
1630 1284 1729 1310 parere.
1755 1283 1776 1299 c.
1796 1274 1820 1298 3.
1844 1271 1876 1297 de
1896 1271 1939 1297 off.

1097 1317 1236 1355 111ag.1nil.
1258 1320 1280 1344 l.
1300 1319 1341 1344 29.
1374 1332 1407 1336 -
1438 1317 1469 1349 ς’.
1490 1318 1527 1343 3.
1560 1318 1770 1343 Constitntio
1793 1317 1940 1350 privata.

1097 1361 1115 1388 I.
1133 1363 1195 1396 Sy.
1214 1360 1391 1387 Moderainina
1413 1359 1567 1385 voluntatis.
1605 1359 1718 1385 Vltimae.
1742 1359 1940 1395 dispositiones

1098 1415 1119 1431 c.
1140 1405 1163 1430 ὅ.
1203 1404 1254 1440 Qu.
1274 1408 1376 1430 testam.
1397 1402 1443 1429 sac.
1463 1413 1488 1439 p.
1508 1404 1532 1430 6.
1551 1404 1593 1429 22.
1631 1402 1680 1429 Th.
1707 1402 1738 1429 C.
1762 1401 1792 1428 II.
1811 1403 1853 1427 24.
1875 1410 1896 1426 c.
1916 1401 1940 1425 l.

1097 1447 1155 1474 sam.
1177 1449 1268 1473 ercisc.
1306 1446 1348 1473 111.
1372 1448 1437 1473 (1η.
1462 1445 1669 1477 Testamentum,
1684 1444 1773 1471 —vel
1792 1442 1940 1473 codicillus,

1098 1507 1129 1510 —
1157 1490 1199 1517 vel
1229 1489 1318 1516 ultima
1343 1488 1470 1526 quaedam
1495 1488 1645 1525 dispositio.
1670 1498 1691 1514 c.
1718 1489 1760 1514 28.
1784 1497 1823 1524 pr.
1849 1486 1881 1512 de
1904 1490 1940 1511 te-

1096 1539 1170 1560 stam.
1190 1535 1214 1559 6.
1237 1534 1279 1559 23.
1317 1532 1380 1558 Sive
1398 1532 1466 1558 iuter
1484 1532 1569 1563 vivos,
1589 1532 1646 1558 sive.
1665 1532 1691 1557 in
1716 1530 1804 1556 ultima
1828 1529 1940 1566 disposi-

1096 1578 1175 1603 tione.
1197 1587 1217 1603 c.
1240 1578 1261 1602 1.
1281 1575 1303 1609 5.
1326 1577 1348 1601 l.
1368 1574 1400 1600 (18
1421 1584 1515 1600 comm.
1536 1584 1604 1600 serv.
1625 1584 1691 1600 man.
1712 1575 1734 1600 7.
1756 1575 1778 1599 7.

1131 1618 1370 1652 nispunctio.
1409 1618 1439 1650 §·
1461 1619 1495 1643 1.
1534 1619 1710 1644 Rationum
1729 1617 1938 1643 examinatio.

1095 1662 1138 1688 111.
1160 1663 1225 1690 (711.
1245 1660 1338 1687 Vtrum
1359 1676 1390 1680 -—
1411 1661 1516 1696 saepius
1533 1661 1686 1696 recognitio,
1707 1659 1858 1695 dispunctio
1878 1666 1939 1683 con-

1096 1705 1212 1732 cedenda
1232 1705 1267 1730 sit
1286 1702 1479 1729 creditoribus?
1498 1702 1528 1729 fr.
1550 1704 1589 1729 15.
1609 1703 1631 1736 5.
1646 1704 1669 1728 1.
1684 1702 1716 1728 de
1730 1701 1785 1727 reb.
1800 1705 1867 1727 auct.
1883 1699 1937 1726 iud.

1095 1750 1137 1774 42.
1157 1750 1181 1773 5.
1202 1744 1235 1767 —'
1255 1747 1286 1779 §.
1306 1747 1341 1772 2.
1366 1747 1482 1771 Forma
1502 1747 1693 1779 dispuncta,
1722 1746 1846 1771 Tabula
1866 1753 1938 1770 con-

1096 1791 1303 1817 tributionis.
1341 1788 1383 1814 111.
1405 1789 1471 1815 Gn.
1496 1787 1531 1814 Vt
1551 1787 1786 1824 quadrimenstruis
1810 1785 1937 1812 brevibus

1096 1849 1129 1853 —
1154 1832 1300 1859 celebratae
1328 1831 1515 1868 descriptionis
1539 1830 1690 1868 dispunctio
1719 1830 1842 1856 societur.
1887 1827 1936 1855 Th.

1097 1876 1128 1902 C.
1147 1875 1204 1902 XII.
1226 1877 1248 1901 1.
1269 1885 1290 1901 c.
1312 1875 1368 1900 173.
1388 1874 1410 1908 5
1429 1876 1453 1900 2.
1474 1873 1506 1900 de
1526 1873 1660 1899 decurion.

1130 1919 1382 1952 Dispungere.
1421 1919 1615 1950 Supputare.
1634 1916 1653 1943 Ι,
1668 1917 1729 1950 Sy.
1750 1914 1878 1942 Conferre
1898 1924 1938 1939 ac-

1096 1967 1172 1999 cepta
1191 1966 1217 1987 et
1236 1960 1302 1986 data.
1322 1960 1352 1986 t'r.
1372 1960 1414 1986 56.
1433 1969 1473 1996 pr.
1493 1958 1526 1985 de
1538 1958 1570 1985 V.
1591 1959 1618 1986 S.
1638 1961 1680 1985 50.
1701 1960 1740 1985 16.
1778 1958 1937 1989 Subnotam

1095 2005 1134 2039 (et
1153 2005 1228 2041 quasi
1247 2003 1421 2029 inventarium
1441 2002 1547 2035 facere.)
1571 2001 1602 2028 sr.
1624 2003 1663 2028 15.
1686 2011 1725 2038 pr.
1745 2002 1766 2035 5.
1788 2003 1810 2027 l.
1830 2000 1862 2026 (18
1882 1999 1935 2026 reb.

1095 2052 1164 2076 auct.
1182 2046 1235 2073 iud.
1255 2047 1296 2072 42.
1317 2048 1341 2072 5.
1378 2045 1420 2071 111.
1433 2047 1499 2073 Cn.
1518 2045 1561 2072 Ad
1579 2047 1636 2082 ipsa
1655 2044 1787 2070 volumina
1807 2044 1937 2070 rationum

1095 2132 1292 2171 dispungendas
1318 2136 1396 2167 atque
1420 2131 1590 2158 excutiendas
1616 2130 1745 2165 (factum.)
1770 2129 1800 2156 fr.
1820 2130 1843 2155 6.
1868 2130 1890 2163 5.
1912 2130 1934 2154 7.

1095 2177 1127 2203 de
1147 2175 1264 2202 statulib.
1284 2176 1326 2200 40.
1346 2175 1369 2200 7.

1129 2219 1348 2251 Disputare·
1368 2218 1399 2250 §.
1417 2218 1452 2244 l.
1473 2218 1687 2251 Argumentis
1703 2217 1852 2250 prolatis
1870 2223 1934 2241 cer-

1094 2268 1170 2288 tare.
1208 2260 1251 2287 Ill.
1272 2261 1338 2287 Gn·
1374 2260 1409 2286 Et
1431 2260 1547 2286 notando
1572 2264 1598 2286 et
1617 2259 1776 2296 disputando
1796 2257 1932 2291 (decrevit.

1095 2314 1131 2331 sc.
1152 2303 1339 2335 Modestinus.)
1359 2302 1389 2328 fr.
1411 2304 1450 2328 18.
1470 2303 1491 2336 5.
1511 2304 1553 2329 26.
1578 2302 1610 2329 de
1634 2308 1703 2328 mun.
1724 2306 1750 2328 et
1768 2301 1828 2327 hou.
1848 2301 1889 2325 50.
1908 2300 1931 2324 4.

1093 2346 1256 2384 Respondit,
1278 2362 1309 2365 -
1329 2351 1355 2371 et
1380 2346 1406 2371 in
1430 2345 1590 2382 disputando
1615 2344 1753 2371 adiiciebat
1773 2348 1820 2370 etc.
1840 2342 1870 2367 fr.
1891 2342 1931 2367 19.

1094 2390 1126 2416 de
1145 2389 1190 2416 lib.
1216 2394 1241 2415 et
1265 2388 1353 2425 posth.
1373 2389 1414 2414 28.
1433 2390 1458 2414 2.
1499 2387 1581 2415 Multa
1599 2389 1655 2414 iure
1679 2387 1763 2413 civili.
1787 2389 1876 2411 contra
1895 2394 1933 2409 ra-

1093 2434 1192 2459 tionem
1212 2431 1372 2468 disputandi,
1392 2441 1441 2468 pro
1461 2430 1573 2457 utilitate
1592 2431 1722 2457 communi
1741 2432 1845 2464 recepta
1864 2436 1931 2453 esse.

1094 2475 1123 2502 fr.
1145 2477 1185 2501 51.
1212 2475 1234 2508 5.
1253 2477 1278 2500 2.
1303 2474 1335 2500 ad
1358 2473 1388 2500 L.
1412 2474 1481 2510 Aqu.
1501 2475 1525 2500 9.
1544 2476 1568 2499 2.
1611 2473 1664 2508 Qui
1683 2471 1778 2498 audent
1797 2470 1932 2506 disputare

1094 2528 1122 2544 ea
1142 2522 1167 2544 et
1187 2517 1317 2548 adserere,
1337 2527 1403 2553 quae
1421 2517 1552 2543 institutio
1573 2516 1658 2542 divina
1681 2513 1844 2540 condemnat.
1881 2511 1930 2538 Th.

1093 2560 1124 2587 C.
1144 2559 1215 2586 XVI.
1235 2562 1259 2585 5.
1279 2570 1300 2586 e.
1320 2561 1363 2586 45.
1384 2559 1416 2586 (18
1435 2559 1532 2586 haeret.
1552 2574 1584 2578 —
1605 2559 1635 2591 §0
1652 2559 1687 2584 2.
1726 2558 1855 2583 Iudicio
1877 2565 1929 2581 cx-

211 2603 292 2636 praet.
312 2600 335 2624 6.
355 2599 396 2624 28.
434 2598 501 2625 Cum
521 2609 551 2624 eo
571 2600 623 2632 (sc.
643 2601 755 2628 Rectore
774 2601 868 2635 Prov.)
889 2607 977 2638 agant,
1001 2602 1047 2629 illo
1069 2612 1070 2634 i
1089 2599 1206 2638 perire.
1244 2602 1262 2628 l.
1288 2603 1349 2636 Sy.
1386 2602 1482 2629 Dicere
1502 2601 1696 2634 (inofficiosum
1720 2599 1930 2630 testamentum.)

211 2642 364 2673 insistente,
388 2641 545 2679 disponente
567 2647 644 2678 atque
663 2644 838 2680 adgnoscente
857 2650 906 2671 etc.
945 2644 993 2671 Th.
1015 2645 1046 2672 C.
1068 2651 1069 2655 ¹

1092 2647 1169 2683 Disp.
1194 2645 1227 2672 de
1251 2650 1298 2671 etc.
1323 2645 1353 2671 fr.
1380 2647 1401 2671 1.
1426 2645 1457 2671 fr„
1481 2647 1506 2671 3.
1531 2644 1563 2670 de
1586 2642 1657 2669 inoff.
1683 2646 1784 2667 testam.
1809 2644 1832 2668 5.
1851 2643 1876 2667 2.
1897 2657 1929 2660 —

210 2685 278 2711 Ylfl.
298 2688 322 2711 8.
348 2695 368 2710 c.
389 2686 412 2710 (i.
437 2684 470 2710 de
493 2690 608 2711 exsecut.
634 2690 659 2711 et
683 2692 764 2714 exact.
784 2688 948 2724 Disponere,
968 2704 1000 2708 ·—
1022 2694 1047 2715 et
1067 2687 1069 2703 ¹
1092 2689 1122 2722 ξ.
1143 2690 1179 2715 3.
1200 2690 1389 2723 Inquirere‚
1414 2689 1636 2721 Disstz'ngnere.
1675 2684 1694 2710 1.
1720 2685 1781 2719 Sy.
1812 2683 1868 2710 Nec
1891 2694 1929 2710 re-

211 2728 416 2755 controversiam
436 2726 548 2754 differre.
573 2727 603 2754 fr.
622 2729 646 2754 3.
667 2729 688 2761 5.
707 2731 731 2755 4.
751 2729 784 2756 (18
802 2730 876 2757 liber.
897 2731 984 2758 exhib.
1004 2733 1045 2758 43.

210 2772 252 2797 30.
289 2770 396 2797 Arbiter
415 2770 556 2806 disponere
568 2780 620 2796 non
634 2776 731 2807 potest,
750 2777 778 2798 ut
791 2778 839 2799 etc.
853 2773 883 2800 sr.
899 2775 938 2800 18.
953 2784 1044 2801 comm.

211 2812 262 2839 div.
287 2815 327 2840 10.
351 2815 374 2839 3.
418 2812 550 2845 Persona,
575 2815 648 2840 cuius
673 2819 794 2851 respectu
818 2815 868 2843 hoc
886 2827 900 2843 a
918 2822 1045 2844 testatore

1091 2733 1204 2768 quiritur
1222 2741 1253 2757 an
1274 2736 1322 2758 etc.
1342 2730 1397 2757 Nec
1421 2729 1548 2766 disputari
1573 2732 1669 2765 potest.
1695 2726 1751 2754 Gai.
1771 2727 1814 2753 III.
1835 2729 1875 2753 10.
1896 2726 1926 2752 cf.

1090 2774 1160 2812 Epit.
1180 2775 1242 2800 inst.
1263 2774 1330 2800 Gaii.
1351 2773 1381 2799 II.
1401 2774 1424 2798 8.
1445 2772 1466 2804 5.
1486 2772 1510 2797 3.

1125 2817 1353 2851 Disputatio.
1390 2815 1420 2848 ξ.
1441 2815 1474 2840 l·
1503 2814 1690 2846 Tractatio,
1712 2814 1925 2840 Dissertatio.
