2197 3121
1045 164 1133 196 SUP.

214 246 257 274 111.
278 249 318 274 17.
356 246 416 273 Non
440 255 603 284 supervacuo
626 245 720 271 timore
743 244 870 272 deterriti.
894 244 924 272 fr.
944 247 968 272 2.
993 246 1014 279 3.
1034 247 1057 272 1.

216 300 249 316 ex
269 300 311 326 qu.
332 299 353 315 c.
372 290 430 316 mai.
445 292 467 315 4.
489 290 512 315 6.

251 332 543 365 Super-venire.
581 331 658 364 §.l-
679 333 848 357 Advenire.
876 330 986 364 ILOp.
1006 330 1060 357 Ab·

216 385 279 401 sens
299 384 365 401 esse.
390 373 474 400 vatic.
494 374 515 407 3.
537 375 594 399 102.
624 372 696 399 Paul.
716 373 759 399 lv.
779 374 802 399 6.
827 374 848 407 3.
867 375 891 399 3.
929 373 971 400 111.
992 374 1057 401 Gn.

216 418 302 453 Quam
315 416 392 453 longe
405 421 479 453 pater
492 416 569 447 absit.
584 420 609 442 et
623 415 727 452 quando
741 421 956 453 superventurus
977 416 1006 442 fr.
1020 417 1058 442 17.

214 461 237 494 3.
259 461 298 486 17.
318 459 350 486 de
369 460 446 486 iniur.
466 460 507 484 47.
529 460 568 484 10.
606 458 714 495 fugari,
734 459 982 496 supervenientibus
1002 460 1058 495 qui-

213 501 332 529 busdam.
353 502 382 528 fr.
399 504 421 527 1.
441 502 463 535 3.
483 502 525 528 29.
545 501 578 528 de
596 503 622 528 vi
642 507 667 527 et
685 503 711 528 vi
731 512 791 528 arm.
811 503 852 527 43.
875 502 914 528 16.
950 501 1057 533 milites,

212 545 309 581 quibus
334 544 584 582 supervenientibus
611 544 725 581 hospitia
749 543 868 581 praeberi
891 558 922 563 —-
944 549 1057 582 oportet.

212 588 243 614 fr.
262 590 287 614 3.
306 589 328 622 3.
350 590 389 614 13.
410 586 442 613 de
461 597 529 613 mun.
550 592 575 613 et
595 586 655 613 11011.
675 589 716 613 50.
737 588 760 612 4.
788 602 819 605 —
848 587 879 619 §0
900 588 934 613 2.
961 589 1057 614 Acce-
1078 586 1080 599 ⁴

211 633 296 662 dere,
317 631 500 657 Succedere.
537 629 568 656 II.
589 631 656 664 Op.
682 630 756 665 Quae
776 630 828 662 (sc.
849 631 910 662 res)
930 629 961 655 ab
982 630 1056 655 initio

211 672 332 698 fuissent.
347 687 378 691 —-
399 672 474 707 Quae
493 677 585 708 postea
605 676 823 710 supervenerunt.
843 671 873 698 fr.
892 673 933 698 46.
954 672 985 698 de
1004 682 1055 698 rec.

211 725 255 752 qu.
275 715 329 741 arb.
343 716 367 740 4.
387 715 410 740 8.
448 715 518 741 Ante
537 715 615 741 diem.
629 731 661 734 —
680 715 890 751 Superveniente
903 715 952 741 die.
971 714 1002 741 fr.
1013 716 1055 741 22.

212 758 235 791 3.
257 759 279 783 1.
299 756 385 783 mand.
401 759 440 783 17.
457 760 478 783 1.
494 757 525 784 cf.
546 758 576 784 fr.
590 759 630 784 73.
644 767 682 795 pr.
702 756 734 783 de
754 757 831 783 iudic.
846 759 870 783 5.
887 759 908 783 l.
931 757 973 783 III.
989 759 1054 784 Cn.

213 800 248 826 Et
266 801 289 826 si
313 804 375 837 post
398 799 570 827 abolitionem
594 816 626 820 ——
654 799 702 826 alia
728 799 836 826 abolitio
865 801 1054 837 supervenerit.

211 842 242 869 fr.
264 845 303 869 15.
334 843 355 876 3.
375 844 399 868 6.
424 842 456 869 ad
481 843 548 870 S.C.
575 842 656 879 Turp.
681 844 722 868 48.
743 843 782 868 16.
820 841 875 869 Nee
904 844 971 869 enim
1000 853 1055 869 cor-

211 886 305 923 rumpi,
320 901 352 905 -—
366 885 437 921 quod
457 891 527 912 recte
547 889 705 911 transactum
725 890 774 917 est,
794 887 997 922 superveniente
1012 885 1054 912 de-

210 927 274 954 licto
294 933 391 965 potest.
416 928 447 955 fr.
467 931 491 955 2.
514 928 547 954 de
565 929 621 954 itin.
641 933 725 964 actuq.
746 929 813 966 priv.
833 930 874 954 43.
895 930 935 955 19.
972 929 1002 956 Si
1022 944 1054 948 —
1075 948 1076 956 1

210 969 344 997 hereditas
365 972 554 1008 superveniens
573 981 632 997 eum
652 976 771 1008 occupet.
792 971 821 997 fr.
840 973 879 997 10.
899 971 931 997 de
949 981 1054 1008 procur.
1075 993 1076 1004 ,

210 1015 235 1039 3.
253 1014 278 1039 3.
315 1013 424 1040 Morbus
443 1018 534 1051 postea
555 1015 753 1050 superveniens.
774 1024 795 1040 c.
817 1016 856 1040 10.
879 1014 932 1049 Qui
952 1019 1053 1040 testam.

210 1055 258 1082 sac.
278 1066 303 1092 p.
318 1057 341 1082 6.
356 1058 396 1082 22.
426 1055 558 1093 Vsucapio
573 1066 712 1093 superven.
733 1057 762 1083 fr.
777 1059 817 1084 44,
838 1057 858 1090 3.
873 1059 897 1082 5.
917 1056 949 1082 de
962 1067 1053 1094 usurp.

211 1100 252 1124 ⁴1.
271 1100 296 1124 3.
333 1098 542 1135 Superveniente
563 1099 722 1126 conditione.
743 1099 773 1126 fr.
792 1101 816 1125 4.
839 1101 890 1135 Qu.
912 1099 945 1126 ad
965 1099 1051 1126 libert.

210 1140 294 1177 proci.
314 1142 354 1167 40.
377 1143 415 1167 13.
437 1141 468 1168 cf.
489 1142 519 1168 fr.
540 1143 581 1168 82.
602 1152 640 1179 pr.
661 1142 693 1168 de
713 1142 789 1178 legat.
809 1142 839 1168 11.
860 1143 927 1175 (31.)

244 1184 541 1216 Super-ventor.
579 1187 768 1220 Adgressor.
806 1185 848 1211 111.
867 1186 933 1212 Cn.
956 1185 1053 1223 Super-

210 1231 342 1258 ventures⁷
363 1231 389 1253 et
409 1227 568 1253 effractores.
589 1226 618 1253 L.
639 1227 713 1253 Rom.
734 1227 812 1263 Burg.
834 1229 873 1254 18.
894 1228 938 1261 (al.
959 1230 1012 1261 19.)

243 1270 531 1302 Super-ventus.
551 1269 668 1303 (Subst.)
688 1270 719 1303 δ.
736 1272 770 1296 1.
791 1272 954 1303 decessio,
976 1274 1051 1298 Suc-

207 1314 318 1338 cessit).
354 1311 397 1338 111.
416 1313 481 1340 Gn.
506 1312 547 1339 Ex
566 1312 717 1339 huiusmodi
737 1312 870 1349 dignitatis
890 1319 1052 1351 superventu

208 1355 330 1387 (minime
350 1354 511 1381 deminutum
530 1356 750 1389 matrimonium.)
777 1366 798 1382 c.
817 1359 858 1383 28.
883 1356 915 1382 de
934 1362 1008 1394 nupt.
1027 1359 1051 1383 5.

208 1399 232 1423 4.
248 1413 279 1416 —
299 1399 330 1431 §-
345 1399 381 1424 2.
401 1399 615 1433 Adgressnra.
653 1398 696 1424 III.
713 1399 779 1425 Cn.
799 1398 976 1436 Superventu,
996 1401 1052 1426 sive

207 1439 302 1466 diurno
317 1441 373 1466 sive
387 1445 529 1473 nocturno,
542 1451 698 1478 quemquam
711 1441 825 1478 adgredi.
840 1441 870 1468 L.
883 1442 959 1469 Rom.
972 1443 1051 1479 Burg.

212 1484 252 1509 18.
273 1483 318 1516 (al.
340 1484 393 1515 19.)

244 1526 535 1558 Super-vivere.

208 1578 341 1606 superare.
380 1568 524 1605 Superstes
544 1579 610 1596 esse.
636 1570 665 1597 fr.
687 1572 726 1596 78.
747 1571 768 1604 3.
789 1572 813 1597 4.
834 1570 865 1597 ad
885 1571 911 1598 S.
921 1572 951 1598 C.
973 1571 1052 1599 Treb.

207 1614 250 1638 36.
271 1613 294 1638 l.
315 1622 335 1638 c.
358 1613 397 1637 19.
418 1611 450 1638 de
469 1617 536 1648 pact.
557 1615 580 1639 2.
600 1615 624 1639 3.
661 1613 691 1640 Il.
712 1615 780 1648 (tp.
800 1613 944 1641 Commori.
964 1615 1005 1642 Cf.
1025 1615 1050 1641 11.

208 1664 232 1680 v.
261 1654 346 1680 Simul
369 1656 463 1691 perire.
496 1654 597 1682 Pariter
620 1656 756 1683 decedere.
781 1656 811 1683 fr.
831 1658 854 1683 9.
874 1658 911 1691 33.
931 1660 955 1684 2.
975 1661 998 1684 4.
1019 1658 1051 1684 de
1072 1665 1074 1686 .’

208 1696 263 1723 reb.
284 1696 345 1723 dub.
365 1700 407 1724 34.
427 1700 450 1723 5.
470 1697 500 1724 fr.
520 1700 561 1724 26.
582 1698 614 1725 de
634 1709 666 1725 m.
687 1710 707 1726 c.
729 1699 790 1726 don.
806 1701 847 1726 39.
867 1701 890 1727 6.
927 1700 970 1727 111.
985 1702 1050 1728 οη.
1072 1697 1074 1706 '

208 1740 238 1765 Si
251 1755 283 1759 —
297 1741 474 1777 supervixerit
491 1740 561 1767 filius
581 1747 643 1778 post
662 1748 771 1769 mortem
790 1753 881 1769 meam.
901 1743 932 1770 fr.
946 1745 969 1770 9.
989 1744 1010 1777 3.
1024 1746 1048 1770 2.

208 1781 241 1808 de
259 1781 305 1808 lib.
325 1788 351 1808 et
370 1783 459 1820 posth.
478 1785 519 1809 28.
539 1786 562 1810 2.
584 1785 614 1811 fr.
636 1787 675 1811 18.
699 1786 720 1819 3.
741 1787 764 1811 3.
785 1785 818 1812 de
837 1785 905 1812 alim.
926 1797 948 1814 v.
970 1787 1048 1813 cibar.

206 1826 248 1851 34.
270 1827 292 1851 1.
317 1825 347 1852 fr.
369 1828 408 1852 11.
429 1826 462 1852 de
480 1826 535 1852 reb.
555 1827 616 1853 dub.
635 1829 678 1854 34.
697 1830 722 1854 5.
759 1828 788 1854 Si
814 1828 935 1855 dominns
960 1831 1049 1856 morti-

207 1868 262 1894 fere
281 1868 434 1895 vulneratus
458 1871 644 1906 supervixerit.
668 1870 698 1897 fr.
720 1872 742 1897 l.
766 1872 787 1905 3.
807 1873 849 1898 38.
869 1872 902 1898 de
922 1872 988 1899 S.C.
1008 1872 1048 1899 Si-

208 1910 258 1937 lan.
278 1912 320 1937 29.
339 1913 363 1937 5.
401 1911 541 1949 Temporis
560 1918 642 1939 metas
666 1915 836 1951 supervivere
857 1914 904 1947 [al.
925 1926 1048 1953 superve-

208 1953 279 1988 nire]
300 1964 336 1981 sc.
356 1954 517 1981 donatorem.
537 1966 558 1981 c.
577 1957 619 1982 34.
638 1957 659 1990 3.
680 1958 703 1982 4.
723 1956 755 1983 de
775 1956 862 1983 donat.
882 1959 905 1984 8.
925 1960 959 1985 54

574 1528 744 1561 Superstes
763 1538 835 1554 esse.
872 1528 891 1555 I.
907 1530 969 1563 Sy.
990 1528 1050 1555 Vita

242 1998 419 2030 Supinas.
439 1998 568 2031 (Adiect.)
589 2000 747 2034 Ignuuns,
768 2002 910 2027 Solutus.
936 2001 966 2028 11.
980 2003 1047 2036 011·

207 2040 307 2078 Supina
333 2042 485 2076 ignorantia.
513 2057 542 2061 —
568 2041 730 2078 Scrupulosa
754 2043 898 2079 inquisitio.
922 2043 952 2070 fr.
973 2046 996 2070 6.
1016 2044 1048 2071 de

207 2084 255 2109 iur.
276 2088 302 2109 et
321 2083 381 2109 sacti
401 2086 451 2119 ign.
470 2086 511 2110 22.
532 2086 556 2110 6.
593 2084 636 2111 111.
653 2086 719 2112 Cn.
742 2085 827 2112 IIomo
847 2087 972 2123 supinus,
996 2088 1047 2113 imo

208 2127 288 2162 inagis
307 2126 414 2152 stultus,
435 2137 456 2153 c.
472 2128 511 2152 14.
531 2126 563 2153 de
583 2126 671 2154 hered.
691 2129 752 2155 inst.
771 2130 793 2155 6.
813 2131 856 2155 24.
891 2130 1047 2166 Ignorantia,

210 2183 241 2187 -—
261 2179 326 2204 quae
350 2179 402 2195 non
427 2170 451 2195 in
471 2170 595 2206 supinum
613 2169 745 2197 hominem
764 2171 841 2199 cadit.
866 2172 896 2199 fr.
917 2175 956 2199 15.
981 2173 1002 2207 3.
1024 2175 1046 2201 l.

209 2209 242 2236 de
261 2216 343 2238 contr.
364 2217 423 2238 emt.
444 2214 484 2238 123.
508 2214 526 2238 1.
1069 2230 1070 2248 ς

243 2254 505 2286 Suppeditare.
527 2257 708 2289 Superesse,
722 2259 906 2291 Suppetere.
927 2258 1047 2286 men.
1069 2276 1070 2298 ἶ

209 2295 260 2321 Cui
281 2298 333 2327 (sc.
354 2296 455 2333 elogio)
475 2298 683 2334 suppeditabunt
701 2299 848 2335 probabilia
868 2306 893 2327 et
912 2302 1047 2328 manifesta

208 2337 373 2364 documenta.
392 2339 440 2366 Th.
458 2340 489 2367 C.
509 2341 579 2367 XVI.
599 2343 622 2367 S.
643 2352 664 2367 c.
683 2344 724 2368 25.
745 2343 776 2369 de
796 2343 851 2369 lud.

242 2382 462 2413 Suppetere.
499 2384 530 2416 §-
545 2385 579 2410 l.
601 2387 787 2418 Superesse,
807 2388 930 2413 Adesse.
954 2387 1046 2422 LSy.
1069 2397 1070 2408 ³

209 2423 375 2460 competere.
396 2434 417 2449 c.
432 2425 455 2450 7.
469 2425 501 2451 de
514 2426 604 2453 iurisd.
620 2437 688 2453 omn.
707 2427 758 2453 iud.
772 2430 796 2453 3.
812 2430 852 2455 13.
872 2440 892 2456 c.
906 2432 948 2456 22.
963 2431 1046 2457 mand.
1069 2437 1070 2460 1

209 2468 232 2492 4.
251 2468 293 2492 35.
314 2483 342 2486 —
365 2467 394 2499 §.
409 2468 444 2492 2.
466 2469 641 2503 Sufficere.
678 2469 722 2496 III.
738 2472 803 2497 Cn.
824 2471 939 2499 Publicis
959 2483 1047 2500 neces-
1068 2487 1069 2494 1

209 2508 331 2534 sitatibus
346 2524 377 2528 —-
391 2509 493 2535 abunde
507 2517 654 2547 suppetere.
674 2512 724 2539 Th.
736 2513 766 2539 C.
782 2513 800 2539 l.
814 2516 852 2540 13.
873 2525 893 2541 c.
907 2517 928 2541 1.
943 2516 1046 2551 (ch.)

209 2550 242 2577 de
262 2551 305 2577 off.
325 2551 399 2577 Com.
420 2553 466 2578 Or.
482 2568 512 2571 —
533 2554 563 2585 ξ.
575 2555 611 2580 3.
633 2557 900 2583 Suhministrare.
926 2557 1044 2587 111οη.

209 2593 309 2620 Crebra
329 2595 451 2630 cogitatio
471 2596 597 2631 suppetit,
617 2601 642 2622 et
660 2599 717 2634 ipse
736 2609 822 2625 rerum
842 2610 905 2625 usus
925 2600 1046 2638 adportat

209 2636 396 2670 (remediorum
414 2638 529 2673 genera.)
549 2637 615 2664 Nov.
630 2638 707 2667 Marc.
726 2651 792 2668 nem.
813 2642 899 2669 exhib.
919 2643 951 2669 de
970 2654 1043 2681 prov.
1066 2635 1068 2644 ⁷

209 2679 251 2705 Ill.
273 2681 294 2705 l.
315 2690 336 2705 c.
357 2681 379 2705 l.
399 2690 438 2716 pr.
452 2696 483 2700 —
503 2681 533 2714 §.
547 2683 585 2707 4.
600 2683 659 2708 Per
677 2685 911 2719 subreptionem
928 2693 1043 2720 petere.
1066 2671 1067 2691 l

209 2721 252 2748 III.
271 2723 336 2749 Gn.
362 2721 435 2749 Furti
460 2725 588 2750 actionem
608 2723 733 2751 adversus
752 2737 824 2760 eum,
848 2729 891 2765 qui
911 2735 1044 2767 suppetet,

211 2781 241 2785 -
263 2769 419 2801 competere.
438 2765 468 2792 fr.
488 2768 529 2792 52.
549 2767 570 2800 3.
588 2768 628 2792 11.
649 2766 681 2793 de
699 2767 758 2795 furt.
777 2771 818 2797 47.
837 2774 861 2798 2.

242 2808 566 2841 Supplementum.
587 2810 860 2844 complementum.
879 2814 897 2841 1.
913 2815 974 2849 Sy.
994 2815 1044 2841 Re·
1066 2805 1067 2812 ¹

1880 171 1944 202 933

1104 246 1193 284 pletio.
1219 246 1259 274 Cf.
1279 247 1303 274 h.
1324 258 1347 275 v.
1385 248 1427 275 111.
1448 251 1514 277 Cn.
1538 249 1567 276 Si
1593 249 1655 286 quid
1675 249 1762 282 deest.
1786 251 1812 276 in
1836 251 1942 288 supple-

1104 294 1219 316 mentum
1239 290 1359 318 deducto.
1380 302 1401 318 c.
1421 294 1463 319 24.
1483 294 1540 319 tam.
1561 294 1653 319 ercisc.
1666 294 1691 319 3.
1710 294 1751 319 36.
1789 292 1943 320 Sufficiente

1104 342 1211 359 numero
1231 333 1339 360 militiae
1358 334 1558 371 supplementi&
1579 335 1628 362 Th.
1649 335 1679 362 C.
1699 335 1767 362 VIII.
1787 338 1811 362 2.
1832 346 1852 362 c.
1866 338 1890 362 3.
1910 336 1943 363 de

1103 375 1212 402 tabular.
1237 375 1278 402 Cf.
1299 376 1354 402 Yll.
1376 379 1414 403 13.
1435 388 1455 404 c.
1475 380 1498 404 9.
1519 378 1550 405 de
1570 380 1646 405 tiron.
1684 378 1712 404 In
1732 378 1942 416 supplementum

1102 420 1328 455 pronunciationis
1348 419 1459 452 (dentur
1478 421 1594 453 arbitri.)
1618 421 1654 447 Ib.
1675 420 1718 447 IV.
1739 424 1762 447 5.
1787 431 1808 448 c.
1829 423 1852 448 1.
1876 422 1898 455 3.
1919 424 1941 448 l.

1103 461 1135 487 de
1159 461 1264 497 litigios.

1135 506 1331 538 Supplere.
1356 507 1520 538 Adiit-ere,
1541 510 1622 541 quod
1639 509 1730 533 deest.
1760 507 1778 533 1.
1793 508 1853 542 Sy.
1874 507 1941 534 Sub-

1102 548 1212 573 mittere.
1233 546 1273 573 Cf.
1294 547 1318 573 h.
1337 557 1360 574 v.
1381 548 1402 582 3.
1421 550 1445 574 3.
1474 549 1650 576 Substituere.
1671 549 1712 576 Cf.
1726 549 1750 576 h.
1765 560 1788 576 v.
1808 551 1868 584 3.1.
1896 550 1940 577 III.

1102 591 1168 617 Cn.
1188 590 1320 625 Quamdiu
1338 590 1526 618 submittantur
1539 597 1565 618 et
1578 592 1749 629 suppleantur
1763 594 1855 629 capita,
1875 603 1941 629 quae.

1101 632 1235 659 demortua
1255 638 1324 660 sunt.
1349 633 1378 660 fr.
1399 636 1439 660 70.
1462 635 1498 668 33.
1522 637 1543 660 1.
1564 644 1621 671 sqq.
1642 635 1673 661 de.
1693 635 1774 661 usul'r.
1796 637 1818 661 7.
1841 637 1862 662 1.
1900 635 1938 667 Id,

1100 675 1170 712 quod
1190 675 1265 702 deest
1284 676 1316 702 ad
1338 676 1512 714 supplendam
1532 677 1645 704 debitam
1665 679 1821 715 portionem.
1848 678 1878 704 fr.
1897 680 1939 704 21.

1100 719 1121 752 3.
1144 720 1165 744 l.
1192 718 1224 744 de
1250 720 1305 744 iure
1329 724 1395 756 patr.
1415 721 1455 746 37.
1479 722 1517 746 14.
1539 720 1569 746 cf.
1595 720 1623 747 fr.
1646 723 1685 747 15.
1712 721 1732 754 3.
1754 723 1776 747 7.
1797 721 1827 747 fr.
1846 722 1888 747 94.
1908 720 1939 747 ad

1075 789 1077 801 r
1098 760 1128 787 L.
1149 761 1218 788 Falc.
1242 763 1285 788 35.
1310 764 1333 787 2.
1372 762 1439 789 Cum
1463 762 1560 789 malitia
1585 763 1707 800 suppleat
1731 768 1847 789 aetatem.
1873 774 1894 790 c.
1914 765 1938 789 3.

1075 805 1121 830 “si
1140 805 1202 830 min.
1222 815 1251 830 se
1270 806 1327 831 mai.
1341 807 1365 831 2.
1381 807 1422 831 43.
1461 805 1490 832 Si
1509 805 1572 842 quid
1588 822 1615 826 —
1632 807 1717 832 minus
1736 806 1814 832 fuerit
1832 806 1939 838 dictum,

1098 846 1125 872 id
1149 847 1287 884 supplere.
1313 853 1338 874 et
1362 848 1481 885 proferre
1505 854 1553 875 etc.
1579 859 1599 875 c.
1621 851 1643 875 1.
1664 854 1692 875 ut
1710 859 1752 885 qu.
1773 849 1827 875 des.
1848 849 1938 876 advoc.

1097 891 1121 915 2.
1142 892 1181 916 11.
1220 890 1299 925 Quod
1319 890 1457 917 Praetores
1477 891 1693 919 introduxerunt.
1718 892 1870 924 adiuvandi,
1896 892 1938 918 vel

1098 932 1249 969 supplendi.
1269 933 1310 960 vel
1330 934 1476 970 corrigendi
1496 935 1560 960 iuris
1580 935 1666 961 civilis
1680 936 1768 971 gratia.
1791 935 1820 961 fr.
1835 937 1858 961 7.
1879 935 1900 968 3.
1916 937 1937 961 l.

1099 975 1131 1001 de
1144 974 1162 1001 I.
1178 980 1203 1000 et
1216 975 1235 1001 I.
1248 978 1269 1002 1.
1286 978 1307 1002 1.
1328 977 1359 1002 cf.
1381 976 1410 1003 fr.
1428 979 1466 1003 13.
1487 977 1582 1004 deLL.
1596 980 1616 1004 l.
1627 980 1651 1004 3.
1671 978 1701 1004 fr.
1716 980 1756 1004 11.
1777 977 1809 1004 de
1823 988 1937 1015 praescr.

1075 1039 1076 1046 .
1098 1028 1139 1044 vv.
1163 1019 1200 1044 19.
1220 1020 1244 1044 5.
1283 1018 1382 1045 Omnes
1402 1030 1487 1051 casus,
1502 1036 1533 1039 —
1550 1031 1616 1057 quos
1637 1020 1801 1057 supplendos
1822 1022 1847 1047 in
1868 1020 1938 1047 Galli

1074 1082 1076 1104 Ξ
1096 1060 1197 1097 Aquilii
1217 1063 1345 1088 sententia
1366 1062 1487 1088 diximus.
1507 1063 1536 1089 l'r.
1551 1065 1592 1090 29.
1612 1064 1689 1097 313.
1704 1063 1736 1090 de
1749 1063 1793 1090 lib.
1811 1068 1836 1090 et
1849 1063 1937 1100 posth.

1095 1104 1138 1130 28.
1157 1105 1181 1130 2.

1131 1147 1308 1180 Supplex.
1328 1147 1458 1180 (Adiect.)
1478 1151 1523 1175 Aa
1541 1151 1818 1184 supplicationem
1836 1151 1938 1184 perli-

1096 1200 1176 1216 nens.
1215 1189 1256 1216 111.
1277 1192 1342 1218 Gn.
1367 1190 1502 1228 Supplicis
1523 1192 1570 1225 [al.
1591 1192 1734 1229 simplicis]
1754 1193 1877 1229 rescripti
1896 1202 1937 1218 au-

1098 1233 1218 1259 ctoritate
1237 1234 1294 1260 niti.
1314 1232 1364 1260 Th.
1384 1233 1415 1260 C.
1435 1234 1467 1260 X.
1490 1236 1528 1260 10.
1550 1245 1570 1261 c.
1589 1237 1631 1261 27.
1651 1246 1689 1272 pr.
1711 1235 1743 1262 de
1762 1236 1835 1272 petit.
1856 1239 1881 1260 et
1900 1234 1936 1260 ul<

1074 1278 1075 1281 ’
1097 1280 1138 1301 tro
1158 1275 1209 1302 dat.

1131 1319 1367 1352 supplicare.
1404 1322 1560 1347 Precibus
1580 1322 1672 1347 adire
1691 1323 1935 1355 Imperatorem,

1097 1363 1207 1388 libello
1227 1364 1342 1389 oblato.
1379 1362 1398 1389 I.
1419 1364 1481 1397 Sy.
1507 1363 1602 1389 Preces
1622 1365 1756 1400 porrigere
1774 1363 1935 1400 Imperatori.

1096 1404 1142 1430 Iul.
1164 1414 1203 1441 ep.
1224 1414 1283 1431 nov.
1309 1415 1330 1431 c.
1350 1406 1391 1432 67.
1416 1406 1437 1439 3.
1457 1408 1517 1432 241.
1554 1406 1596 1432 111.
1617 1408 1683 1433 Cn.
1706 1406 1843 1432 Adversus
1862 1410 1937 1442 pacta

1097 1463 1128 1466 —
1148 1452 1239 1484 putare
1259 1458 1318 1474 esse
1342 1448 1512 1480 veniendum,
1537 1449 1578 1475 vel
1603 1448 1797 1486 interpellando
1815 1448 1937 1479 iudicem,

1096 1489 1138 1516 vel
1167 1490 1341 1528 supplicando
1366 1490 1546 1528 Principibus.
1574 1491 1616 1517 vel
1644 1501 1696 1517 non
1720 1491 1854 1528 implendo
1879 1501 1937 1528 pro-

1096 1534 1183 1559 missa.
1208 1532 1257 1559 Th.
1277 1533 1307 1559 C.
1328 1533 1357 1560 11.
1377 1536 1400 1560 9.
1422 1545 1442 1560 c.
1462 1537 1486 1561 3.
1507 1534 1611 1567 (ch.)
1631 1534 1663 1560 de
1682 1539 1749 1571 pact.
1769 1539 1795 1560 et
1814 1539 1937 1560 transact.

1096 1575 1151 1601 Nec
1170 1578 1387 1613 praescriptionis
1406 1578 1580 1614 peremtoriae
1603 1577 1729 1603 relaxatio
1748 1582 1866 1614 petatur,
1889 1587 1937 1603 nec

1096 1624 1186 1645 contra
1207 1619 1318 1645 edictum
1343 1620 1515 1656 supplicetur.
1545 1620 1581 1646 lb.
1601 1620 1618 1646 1.
1638 1623 1662 1646 2.
1687 1630 1708 1646 c.
1727 1622 1751 1646 5.
1772 1619 1885 1652 (wok.)
1904 1619 1936 1645 de

1096 1661 1147 1688 div.
1168 1672 1247 1688 rescr.
1267 1662 1296 1688 11.
1318 1664 1357 1688 15.
1381 1672 1401 1688 (.·,
1422 1666 1446 1688 2.
1467 1662 1499 1689 de
1519 1662 1597 1689 iudic.
1635 1663 1669 1689 Et
1693 1662 1843 1700 supplicare
1862 1662 1936 1688 Prin-

1072 1715 1074 1718 *
1095 1705 1146 1741 cipi
1167 1704 1276 1735 debent.
1301 1710 1327 1731 et
1346 1706 1523 1742 impetrabunt
1543 1716 1584 1737 en.
1609 1716 1674 1742 quae
1700 1705 1850 1732 desiderant
1868 1706 1934 1732 fieri.

1093 1747 1141 1773 Iul.
1161 1746 1178 1773 l.
1198 1747 1213 1773 l.
1235 1758 1256 1773 c.
1276 1749 1298 1773 6.
1319 1748 1340 1781 3.
1360 1751 1402 1774 25.
1423 1748 1506 1774 tatic.
1525 1749 1546 1782 3.
1566 1749 1626 1774 282.

1127 1791 1373 1823 supplicatio.
1411 1792 1441 1824 ς’.
1466 1793 1500 1817 l.
1530 1793 1690 1818 Adoralio
1719 1793 1860 1818 numinis
1888 1793 1935 1817 cli-

1094 1834 1172 1858 vini.
1209 1832 1252 1859 III.
1273 1835 1339 1860 Gn.
1367 1833 1448 1860 Aliud
1476 1844 1536 1860 esse
1563 1834 1786 1871 supplicationum
1813 1835 1935 1860 noverint

1093 1880 1205 1912 tempus,
1225 1875 1296 1902 aliud
1316 1876 1488 1914 voluptatum.
1508 1876 1557 1902 Th.
1579 1876 1610 1903 C.
1629 1876 1687 1903 XV.
1702 1879 1726 1904 5.
1746 1888 1767 1904 c.
1781 1879 1805 1904 5.
1825 1877 1857 1903 de
1877 1887 1935 1913 spe-

1093 1923 1156 1944 ctac.
1177 1934 1209 1938 —
1229 1919 1260 1951 §.
1272 1920 1307 1946 2.
1328 1922 1442 1946 Preces
1462 1921 1616 1953 principi
1634 1922 1768 1947 oblatae.
1788 1921 1934 1946 Libellus

1092 1964 1236 1995 supplex.
1273 1961 1291 1988 I.
1311 1963 1373 1997 Sy.
1394 1962 1526 1994 Precatio,
1546 1961 1650 1988 Preces.
1675 1962 1711 1989 lb.
1731 1962 1788 1989 XII.
1809 1964 1831 1989 l.
1851 1973 1872 1989 c.
1891 1964 1933 1989 36.

1092 2003 1125 2030 de
1140 2003 1274 2030 decurion.
1293 2004 1331 2031 lul
1355 2016 1394 2042 ep.
1412 2016 1471 2032 nov.
1492 2016 1512 2031 c.
1528 2007 1569 2031 67.
1588 2006 1610 2039 3.
1624 2007 1682 2032 241.
1721 2005 1764 2032 III.
1779 2007 1845 2033 οη.
1866 2004 1934 2042 Sup-

1091 2046 1199 2083 plicatio
1219 2053 1338 2084 porrecta
1359 2050 1433 2074 nutui
1452 2048 1602 2085 principali.
1625 2066 1654 2069 —
1678 2049 1828 2085 Dispositio
1848 2049 1933 2074 nostri

1092 2090 1219 2121 numinis,
1244 2092 1338 2117 emissa
1358 2091 1389 2118 ad
1409 2091 1636 2128 supplicationem.
1662 2102 1683 2118 c.
1705 2094 1726 2117 1.
1747 2091 1779 2117 de
1798 2090 1888 2117 abolit.
1908 2092 1931 2117 9.

1092 2134 1133 2158 42.
1158 2143 1179 2158 c.
1201 2134 1241 2158 15.
1265 2133 1297 2159 de
1320 2144 1396 2171 prox.
1423 2134 1450 2160 S.
1474 2136 1553 2161 scrin.
1576 2137 1615 2160 12.
1638 2136 1675 2160 19.
1700 2134 1749 2160 Τ11.
1770 2133 1801 2160 C.
1821 2133 1866 2160 XI.
1889 2135 1930 2160 30.

1069 2209 1070 2218 ἱ
1093 2186 1113 2201 c.
1130 2177 1168 2202 17.
1189 2175 1222 2202 de
1240 2176 1299 2214 adp.
1320 2183 1345 2203 et
1362 2187 1439 2215 poen.

1126 2219 1373 2251 Supplicium.
1411 2222 1657 2246 Anintadnersio
1675 2221 1823 2254 publica,
1843 2220 1930 2256 (prae-

1092 2262 1182 2287 sertim
1203 2261 1260 2293 illa,
1288 2272 1353 2298 quae
1382 2264 1475 2299 eapitis
1500 2272 1609 2298 poenam
1633 2263 1794 2298 infligebat.)
1830 2262 1847 2290 1.
1869 2264 1930 2296 sy.

1069 2307 1071 2330 ἰ
1093 2303 1186 2330 Poena.
1208 2304 1257 2330 Th.
1278 2304 1309 2330 C.
1329 2304 1377 2330 XII
1409 2307 1430 2330 l.
1451 2315 1470 2330 c.
1490 2308 1545 2331 1013.
1566 2305 1598 2331 de
1617 2305 1750 2331 decurion.
1788 2305 1931 2335 Summum.

1069 2349 1071 2364 '-
1092 2357 1112 2372 s.
1135 2346 1271 2373 Vltimum.
1291 2358 1314 2373 v.
1336 2347 1447 2384 Capitis.
1467 2348 1634 2384 supplicium.
1662 2348 1742 2374 Mors.
1763 2347 1833 2374 Paul.
1855 2347 1885 2373 V.
1906 2351 1929 2373 4.

1092 2390 1129 2423 33.
1150 2392 1173 2416 4.
1196 2391 1234 2415 14.
1260 2390 1289 2415 fr.
1311 2391 1350 2415 18.
1375 2390 1407 2415 de
1431 2395 1501 2416 statu
1525 2390 1593 2416 hom.
1614 2393 1636 2416 1.
1655 2393 1678 2416 5.
1703 2390 1753 2417 Th.
1775 2390 1804 2417 C.
1824 2390 1868 2416 IX.
1890 2392 1929 2417 14.

1092 2443 1112 2459 c.
1126 2434 1149 2458 2.
1171 2432 1203 2458 ad
1223 2431 1251 2457 L.
1267 2432 1347 2458 Corn.
1368 2432 1400 2458 de.
1419 2433 1494 2459 sicar.
1532 2433 1561 2459 11.
1581 2435 1647 2466 Op.
1667 2433 1771 2459 Summa
1792 2433 1929 2470 supplicia.

1094 2492 1123 2496 —
1143 2474 1313 2501 Mediocrimn
1334 2474 1499 2505 delictorum.
1516 2491 1541 2494 —
1564 2475 1685 2502 minimae
1704 2478 1838 2511 (poenae.)
1857 2475 1928 2503 Paul.

1090 2517 1122 2543 V.
1144 2519 1183 2543 17.
1209 2517 1230 2550 3.
1249 2518 1273 2542 3.
1294 2516 1326 2542 cf.
1351 2517 1380 2544 l'r.
1403 2520 1442 2544 12.
1462 2518 1494 2545 de
1517 2518 1608 2544 iurisd.
1627 2520 1650 2544 2.
1673 2520 1694 2543 l.
1730 2518 1774 2544 III.
1792 2520 1858 2546 Cn.
1877 2519 1930 2545 Ad-

1067 2571 1068 2579 1
1090 2560 1237 2597 prehensos
1257 2561 1305 2591 (sc.
1319 2562 1423 2593 servos)
1444 2566 1469 2587 et
1489 2562 1613 2597 torqueri.
1634 2566 1659 2586 et
1677 2570 1778 2587 summo
1797 2562 1929 2598 supplicio

1089 2603 1174 2629 adfici.
1203 2602 1275 2628 Paul.
1295 2602 1336 2629 III.
1356 2605 1379 2629 5.
1408 2604 1428 2637 3.
1449 2606 1472 2629 ὅ.
1498 2604 1527 2630 fr.
1550 2606 1570 2630 1.
1595 2604 1616 2637 3.
1636 2606 1677 2629 21.
1703 2603 1735 2630 de
1754 2603 1781 2630 S.
1791 2603 1821 2631 C.
1846 2604 1927 2631 Silan.

1088 2647 1167 2671 2115.
1196 2645 1334 2681 Quidquid
1353 2660 1386 2664 —
1406 2650 1446 2671 est
1466 2646 1491 2671 in
1510 2647 1584 2682 ipsos
1604 2646 1645 2672 vel
1664 2646 1797 2683 supplicii,
1816 2647 1858 2674 vel
1878 2648 1928 2674 dis-

1090 2687 1178 2724 pendii
1197 2689 1376 2714 constitutum.
1403 2688 1452 2714 Th.
1472 2688 1502 2714 C.
1522 2688 1592 2714 XVI.
1611 2691 1650 2714 10.
1671 2699 1692 2715 c.
1714 2691 1753 2716 13.
1774 2700 1812 2727 pr.
1834 2690 1865 2716 de
1885 2701 1927 2727 pa-

1088 2740 1145 2766 gan.
1182 2730 1360 2766 Congruentis
1379 2741 1478 2767 poenae
1497 2731 1629 2768 supplicio
1649 2731 1783 2759 vindicari.
1804 2733 1875 2759 Paul.
1895 2732 1925 2758 V.

1088 2775 1112 2798 4.
1133 2774 1154 2807 3.
1175 2775 1197 2800 7.
1219 2773 1268 2800 Th.
1289 2773 1318 2799 C.
1339 2772 1382 2799 IV.
1402 2775 1442 2799 20.
1464 2784 1484 2799 c.
1506 2775 1527 2800 1.
1549 2774 1602 2809 Qui
1621 2774 1682 2801 bon.
1702 2786 1734 2802 ex
1752 2775 1782 2801 L.
1801 2775 1848 2801 Iul.
1885 2774 1926 2800 Sit

1090 2820 1115 2842 et
1134 2825 1205 2842 mors
1225 2816 1328 2847 solatio,
1348 2821 1373 2842 et
1392 2817 1444 2842 vita
1464 2816 1603 2853 supplicio.
1624 2816 1659 2844 lb.
1680 2817 1724 2844 IX.
1746 2820 1785 2843 14.
1806 2828 1826 2843 c.
1842 2819 1865 2842 3.
1886 2827 1924 2853 pr.
