2197 3121
969 166 1058 196 VET
1069 184 1107 189 —
1117 166 1201 196 VIA.

224 248 351 283 temporis
369 247 495 284 longioris
514 257 591 275 cursu
611 247 794 279 contrahitur.)
832 246 851 274 I.
877 247 938 281 Sy.
963 246 1061 274 Vitium

224 290 380 323 (arborum.)
400 290 429 317 fr.
448 293 489 317 24.
509 291 529 324 §.
550 292 573 317 9.
597 289 629 317 de
648 290 731 317 damn.
751 290 795 317 int.
815 291 856 317 39.
875 292 899 316 2.
931 290 974 318 111.
995 291 1060 318 Cn·

224 333 344 360 Colonus
357 333 445 360 villam
458 333 505 359 liae
524 332 580 369 lege
599 338 742 370 acceperat,
762 338 791 359 ut
808 333 985 370 incorruptam
1004 332 1060 359 red-

224 376 306 407 deret,
329 383 431 412 praeter
454 377 514 408 vim,
539 381 565 402 et
589 380 752 402 vetustatem.
779 376 808 402 I'r.
827 377 868 401 30.
893 375 914 408 9.
933 378 957 402 4.
982 375 1058 402 locat.

224 420 264 445 19.
283 421 306 444 2.
343 417 436 445 Linum
455 423 568 456 ruptum.
592 418 634 445 vel
658 423 788 444 vestutate
812 418 993 456 putrefactum,
1017 418 1060 445 vel

222 462 284 493 situ,
306 460 348 487 vel
368 470 437 487 casu.
461 460 491 487 fr.
514 463 535 487 l.
560 461 580 495 §.
604 463 641 487 ll.
666 461 699 487 de
721 461 750 487 B.
771 461 798 487 P.
823 471 843 487 s.
863 465 881 487 t.
900 463 941 488 37.
963 463 1002 488 ll.
1027 461 1058 488 cf.
1081 459 1083 493 ᾗ

222 504 253 530 fr.
272 505 295 529 5.
315 504 336 537 §.
351 505 374 530 7.
393 503 520 529 commod.
537 505 575 530 13.
595 505 618 530 6.
647 503 676 530 Si
696 520 727 523 —
746 508 884 535 vetustate,
903 504 944 531 vel
964 504 1059 541 pluvia,

221 589 243 623 §.
257 591 280 615 4.
300 589 332 615 de
345 590 426 615 instit.
447 594 494 615 act.
510 591 548 615 14.
562 591 586 616 3.
607 589 717 620 Incuria,
736 594 762 615 et
780 594 909 616 vetustate
929 589 1057 627 (collapsa

222 631 337 664 classis.)
363 630 413 657 Th.
433 631 464 657 C.
483 631 553 658 XIII.
567 634 591 658 5.
612 642 632 658 c.
647 634 689 659 27.
709 632 741 658 de
760 632 870 659 navicul.
891 633 932 659 Cf.
952 632 995 659 XI.
1018 634 1057 659 14.
1080 654 1081 667 .

1079 672 1081 677 ’
1101 677 1142 701 24.
1164 686 1184 702 c.
1204 677 1227 701 3.
1247 675 1280 701 de
1298 680 1374 712 raptu
1392 676 1454 712 virg.

220 684 242 701 c.
255 676 276 700 1.
297 674 329 700 de
348 673 445 700 condit.
459 675 485 700 iu
499 674 560 712 pub.
577 674 646 701 horr.
667 691 699 695 —
717 676 747 709 δ.
759 677 795 701 2.
816 678 966 709 Spatium
983 678 1056 710 plu-

219 718 302 743 rium
321 727 484 744 annorum.
521 717 539 744 I.
559 718 621 751 Sy.
641 717 810 744 Decenniuul.
830 717 866 744 Ib.
886 717 929 744 IV.
949 720 973 744 4.
997 728 1018 744 c.
1032 719 1056 744 6.

219 758 252 785 de
264 764 365 786 testam.
379 764 404 786 et
417 760 499 786 codic.
516 759 563 786 XL
577 770 701 787 annorum
721 760 929 798 (praescriptio.)
961 761 997 787 Ib.
1012 760 1056 787 IV.

219 803 260 828 13.
281 812 302 828 c.
315 804 340 828 2.
360 801 393 828 de
412 802 428 829 l.
443 808 460 829 t.
480 813 594 840 praescr.
613 817 647 822 —
665 803 792 835 §.2.A.
815 805 956 838 Tempus,
977 806 1059 838 quod

218 847 401 871 memoriam
419 847 578 872 Ιιοηιίιιιιηι
597 847 729 872 excedit.
771 845 790 871 1.
810 847 871 880 Sy.
897 846 1058 882 Antiquitas.

216 931 367 956 memoriam
386 932 507 957 excessit.
536 930 619 957 Cuius
638 940 690 956 non
710 935 796 957 exstat
814 933 946 957 memoria.
965 931 995 958 fr.
1014 933 1057 958 28.

217 971 250 998 de
269 973 369 1010 probat.
389 976 431 1000 22.
451 975 474 1000 3.
494 973 523 1000 fr.
543 975 566 999 2.
587 983 624 1010 pr.
644 973 719 1007 991.
739 983 796 1010 sqq.
816 974 849 1000 de
868 984 932 1010 aqua
953 979 979 1001 et
998 984 1056 1011 aqu.

217 1014 252 1052 pl.
271 1017 312 1042 39.
326 1018 350 1042 3.
371 1016 400 1042 fr.
413 1018 437 1042 3.
452 1017 473 1049 §.
487 1017 510 1041 4.
531 1015 563 1041 de
583 1026 647 1052 aqua
667 1021 739 1052 quot.
757 1018 798 1043 43.
812 1019 853 1043 20.
883 1016 953 1043 Vsus
972 1022 1055 1043 vetus.

218 1067 240 1083 c.
260 1060 283 1083 4.
306 1057 338 1084 de
361 1058 467 1095 aquaed.
494 1059 532 1084 ll.
554 1060 595 1085 42.
637 1058 678 1085 III.
703 1061 769 1087 Gn.
798 1059 860 1092 Lex,
886 1065 975 1086 natura
996 1059 1056 1091 loci,
1077 1070 1079 1097 ᾗ

1077 1098 1079 1106 ’
1100 1102 1124 1128 9.
1145 1111 1165 1127 c.
1185 1102 1210 1127 2.
1229 1100 1261 1127 de
1280 1100 1401 1137 salgamo.
1422 1102 1488 1130 VIII.
1511 1105 1549 1129 ll.
1570 1114 1590 1130 c.
1611 1106 1635 1129 4.
1655 1113 1687 1129 ne
1706 1114 1748 1140 qu.
1768 1104 1829 1141 pub.
1849 1103 1909 1130 laet.

216 1105 343 1132 vetustas,
363 1111 427 1137 quae
447 1111 550 1138 semper
569 1111 617 1138 pro
637 1101 693 1138 lege
712 1101 829 1129 habetur.
850 1103 880 1129 I'r.
899 1105 923 1129 2.
944 1113 981 1140 pr.
996 1103 1055 1136 §.3

217 1142 249 1169 cI'.
264 1142 293 1169 fr.
309 1145 330 1169 l.
344 1144 364 1177 9.
378 1145 418 1169 23.
439 1143 471 1170 de
491 1154 555 1180 aqua
576 1149 601 1170 et
620 1154 677 1181 aqu.
693 1144 727 1181 pl.
741 1146 783 1171 39.
797 1147 821 1171 3.
842 1145 946 1172 Ductus
966 1155 1055 1182 aquae,

216 1185 312 1221 quibus
326 1187 507 1212 auctoritatem
521 1191 638 1212 vetustas
653 1187 732 1218 daret,
752 1189 855 1214 tametsi
873 1189 913 1214 ius
932 1198 984 1214 non
997 1198 1056 1225 pro-

216 1227 328 1254 baretur.
349 1228 379 1255 fr.
398 1231 438 1256 26.
460 1229 494 1255 ib.
513 1230 555 1256 39.
574 1231 598 1255 3.
624 1245 655 1248 —
683 1230 714 1263 δ.
735 1231 772 1256 3.
802 1232 855 1257 [us
877 1234 1054 1266 antiquum.

214 1270 233 1297 I.
252 1272 314 1305 Sy.
339 1270 428 1298 Prisca
447 1272 619 1299 consuetudo.
638 1272 681 1298 Ius
700 1278 784 1299 vetus.
805 1272 854 1299 Th.
875 1273 905 1300 C.
925 1274 969 1300 XI.
990 1275 1013 1300 7.
1033 1284 1054 1300 c.

215 1314 255 1340 18.
275 1314 308 1340 (le
327 1315 455 1340 exaction.
480 1313 525 1340 XI.
544 1316 585 1340 30.
611 1325 632 1341 c.
651 1317 693 1342 23.
717 1315 750 1341 de
774 1315 832 1352 adp.
853 1321 878 1341 et
897 1326 973 1353 poen.
1010 1315 1053 1343 III.

214 1357 281 1384 Cn.
311 1356 368 1383 Mos
388 1356 558 1383 fidelissimae
576 1359 723 1385 vetustatis.
756 1357 880 1385 Vetustas
900 1364 926 1385 et
945 1369 1054 1386 consue-

213 1399 286 1425 tudo.
306 1398 342 1425 lb.
362 1398 404 1425 IV.
424 1401 448 1426 4.
468 1409 489 1426 e.
503 1401 526 1426 4.
547 1400 579 1426 de
599 1405 698 1427 testam.
719 1401 763 1427 XI.
785 1403 807 1428 7.
828 1412 849 1428 c.
868 1404 905 1428 15.
927 1402 942 1428 l.
957 1402 973 1429 l.
1005 1401 1054 1428 Ve-

213 1446 306 1473 tustas,
326 1447 352 1468 et
366 1452 479 1468 canones
494 1443 598 1480 pristini
615 1443 795 1470 ecclesiastici.
815 1444 851 1470 Ib.
863 1444 931 1471 XVl.
943 1447 967 1471 2.
979 1455 1000 1471 c.
1012 1446 1052 1471 45.

213 1484 246 1510 de
266 1486 347 1522 episc.
367 1484 430 1511 eccl.
452 1501 481 1506 -—
507 1486 538 1518 ξ.
559 1487 646 1513 3.A.
672 1489 725 1513 Ius
749 1489 861 1518 civile.
886 1488 1054 1519 (auctoritate

213 1527 370 1564 prudentum
390 1529 585 1565 compositum.)
614 1529 632 1555 I.
645 1531 706 1564 Sy.
721 1529 839 1556 Veteres.
860 1529 902 1556 Cf.
917 1530 940 1557 h.
955 1541 978 1557 v.
993 1531 1014 1564 9
1029 1532 1052 1556 5.
1075 1548 1076 1564 3

212 1570 371 1606 Antiquitas.
392 1570 433 1597 Cf.
454 1570 476 1597 h.
497 1581 520 1597 v.
541 1572 561 1605 9.
581 1574 604 1598 3.
642 1572 763 1600 HLCn.
788 1572 934 1599 Vetustatis
953 1573 1053 1600 studio-

213 1614 317 1639 sissima
337 1623 423 1650 opera.
444 1623 464 1639 c.
477 1616 501 1640 2.
522 1615 543 1648 9.
560 1616 582 1641 l.
602 1614 634 1641 de
652 1620 703 1642 vet.
724 1616 779 1642 iure
798 1615 881 1642 enucl.
904 1618 924 1642 l.
942 1618 980 1642 17.
1009 1616 1054 1642 Se·

214 1655 327 1682 cundum
345 1660 448 1682 veteres
466 1657 577 1692 regulas,
601 1663 625 1683 et
645 1659 764 1694 antiquas
785 1657 962 1690 definitiones,
982 1664 1054 1685 vetu-

214 1699 290 1724 statis
309 1699 363 1725 iura
383 1704 501 1725 maneant
521 1701 679 1738 incorrupta.
701 1711 721 1727 c.
741 1702 765 1726 4.
791 1701 813 1734 §.
833 1703 857 1727 2.
880 1701 913 1727 de
932 1701 962 1728 V.
983 1701 1010 1728 S.
1030 1703 1053 1728 6.

213 1742 254 1767 38.
275 1740 346 1767 Coll.
365 1740 417 1767 LL.
437 1741 469 1768 M.
490 1741 532 1768 VI.
552 1745 576 1769 4.

248 1785 437 1811 Venustus.
457 1784 585 1817 (Adieet.)
606 1786 636 1819 §.
657 1788 690 1812 1.
711 1788 890 1820 Antiquos,
910 1789 1053 1814 Priscus.

214 1826 232 1853 1.
253 1828 314 1861 sy.
335 1826 424 1852 Vetus.
445 1826 484 1853 Cf.
506 1827 529 1854 h.
550 1838 573 1854 v.
593 1829 614 1862 9.
637 1830 647 1854 l
665 1829 695 1854 A.
733 1828 775 1854 III.
796 1830 862 1856 Gn.
886 1829 964 1866 Apud
984 1835 1054 1856 vetu-
1074 1822 1076 1854 1

214 1871 310 1896 stiores
332 1869 476 1901 (incendiis
496 1870 615 1897 arcendis
640 1871 728 1897 IIIviri
749 1873 906 1908 praeerant.)
927 1872 956 1899 fr.
979 1874 1000 1899 1.
1021 1872 1053 1899 de

214 1913 258 1939 off.
278 1912 329 1938 Prf.
350 1911 422 1948 Vigg.
439 1914 459 1938 l.
476 1915 514 1939 15.
539 1913 654 1950 Eamque
673 1915 787 1951 speciem
807 1916 928 1941 emtionis
949 1920 974 1941 et
993 1926 1053 1942 ven·

214 1955 321 1982 ditionis
345 1957 398 1988 (sc.
418 1957 650 1992 permutationem)
675 1958 880 1984 vetustissimam
903 1968 968 1985 esse.
996 1958 1051 1985 Gai.

213 1998 256 2025 III.
278 2000 334 2025 141.
366 1997 475 2024 Vetusta
494 2003 577 2025 aetate
596 2004 725 2026 servatum
746 2005 794 2026 est.
819 2000 867 2027 Th.
889 2000 920 2027 C.
941 2001 1007 2028 VIII.
1028 2003 1051 2028 9.

214 2052 235 2068 c.
253 2043 273 2068 l.
288 2041 320 2067 de
334 2040 396 2067 lucr.
411 2041 453 2067 oI'f.
470 2058 498 2061 —
520 2042 550 2074 §.
566 2044 601 2068 2.
623 2044 803 2074 Pristinus,
823 2045 928 2069 Prior.
960 2043 977 2070 1.
991 2045 1052 2078 Sy.

213 2084 326 2115 Primus,
345 2083 481 2110 vetustior
501 2084 692 2117 (contractus.)
713 2085 742 2111 I'r.
763 2087 803 2112 97.
824 2085 857 2111 de
875 2086 953 2113 solut.
973 2088 1014 2113 46,
1027 2089 1050 2113 3.

213 2126 244 2153 II.
265 2129 332 2161 Op.
353 2126 470 2158 Vetusta,
490 2141 522 2146 —-
541 2127 615 2153 Nova
635 2128 803 2165 (privilegia.)
824 2128 874 2155 Th.
889 2128 919 2155 C.
939 2129 1007 2156 XIV.
1031 2131 1051 2156 l.

215 2179 236 2196 c.
255 2172 278 2196 3.
298 2170 330 2197 de
349 2169 436 2196 decur.
456 2169 511 2196 urb.
532 2169 562 2196 R.
587 2170 768 2197 Alienatioues
788 2176 851 2208 post
869 2171 994 2198 iudicium
1013 2183 1053 2199 ac·

216 2217 325 2248 ceptum.
345 2228 377 2232 —
398 2212 472 2247 Quae
485 2214 653 2239 vetustiorem
673 2224 784 2245 causam,
804 2219 829 2240 et
847 2215 972 2250 originem
989 2216 1053 2241 iuris

1073 2258 1074 2262 ’
1097 2258 1263 2294 quaesitum.)
1295 2257 1325 2283 II.
1342 2259 1408 2290 op.
1428 2256 1485 2282 Iter.
1507 2270 1537 2274 —
1557 2256 1648 2282 Actus.
1669 2256 1698 2283 l‘r.
1714 2259 1735 2283 1.
1755 2267 1794 2294 pr.
1814 2257 1843 2284 fr.
1858 2260 1881 2284 7.
1894 2268 1934 2295 pr.

215 2254 311 2281 habeut
330 2256 510 2281 necessariam.
530 2255 559 2281 sr.
577 2257 614 2282 13.
634 2256 692 2282 sam.
712 2258 803 2283 ercisc.
825 2259 864 2283 10.
877 2260 901 2284 2.
928 2257 971 2283 III.
986 2259 1052 2285 Cn.

216 2296 296 2332 Quod
315 2297 497 2324 interdictione
516 2299 646 2324 vetustius
667 2299 786 2326 habuerit
805 2305 996 2326 testamentum.
1021 2300 1051 2327 fr.

217 2342 257 2366 la.
277 2349 315 2376 pr.
336 2339 388 2374 Qui
407 2345 507 2367 testam.
528 2340 573 2367 I‘ac.
593 2351 617 2378 p.
638 2343 678 2367 ⁶28.
695 2343 715 2367 l.
736 2341 794 2368 Iure
813 2344 962 2369 novationis
981 2348 1052 2369 vetu—

216 2383 283 2408 stior
301 2386 450 2408 contractus
468 2385 579 2410 evanuit.
600 2394 620 2410 c.
640 2386 664 2411 2.
685 2384 717 2410 de
737 2390 822 2411 novat.
843 2386 867 2411 8.
886 2388 927 2411 42.

250 2426 409 2451 vexare·
430 2425 460 2457 §·
471 2427 505 2451 l·
525 2429 678 2461 Agitare,
699 2429 886 2454 Coucntere.
923 2427 965 2454 III.
986 2430 1051 2456 Cn.

216 2510 330 2545 naufrag.
359 2509 411 2544 Qui
431 2510 548 2541 tertiana,
574 2517 617 2538 aut
636 2517 758 2549 quartana
778 2512 852 2543 l'ebri.
877 2518 920 2539 aut
938 2513 1051 2550 podagra

216 2557 378 2579 vexarentur.
399 2552 429 2578 fr.
449 2553 489 2577 53.
510 2551 542 2578 de
560 2553 625 2580 Aed.
646 2555 721 2582 edict.
741 2557 782 2581 21.
799 2557 819 2581 1.
841 2555 882 2582 Cf.
898 2555 947 2582 Th.
962 2556 992 2582 C.
1006 2557 1050 2583 IX.

215 2597 257 2622 37.
279 2606 300 2621 c.
316 2597 341 2621 4.
359 2594 391 2621 de
410 2594 498 2620 abolit.
519 2611 551 2614 —
572 2596 602 2628 ξ.
617 2598 652 2623 2.
673 2600 849 2634 Infesrare,
870 2600 1049 2626 Molesmre.

217 2638 236 2664 1.
256 2640 316 2672 Sy.
345 2637 440 2664 Facere
459 2638 584 2663 iniuriam.
612 2638 734 2667 Adficere
753 2641 862 2667 iniuriis.
882 2640 911 2667 sr.
931 2643 955 2667 2.
975 2641 1007 2668 de
1025 2642 1049 2668 h.

217 2692 260 2718 qu.
280 2682 327 2706 sui.
348 2682 370 2707 l.
390 2682 413 2707 6.
435 2680 464 2706 fr.
483 2682 506 2707 6.
531 2680 568 2713 99.
587 2682 611 2706 2.
631 2682 653 2706 5.
673 2681 705 2707 de
723 2683 766 2709 off.
786 2683 871 2710 Praes.
894 2685 915 2710 l.
938 2685 976 2710 18.
1000 2684 1048 2710 Th.

218 2724 249 2750 C.
269 2723 338 2750 XIII.
352 2725 376 2749 3.
396 2725 454 2750 e.1.
474 2733 512 2760 pr.
532 2723 553 2756 §.
570 2724 592 2748 l.
612 2722 644 2749 de
662 2723 753 2751 medic.
773 2731 798 2752 et
817 2726 883 2763 prof.
920 2726 962 2753 111.
983 2728 1048 2754 (711.
1070 2726 1071 2735 ¹

217 2767 353 2795 Detiuerev
375 2771 418 2792 aut
440 2775 534 2792 vexare
558 2767 687 2802 (corpora
706 2770 891 2801 mortuorum.)
911 2769 940 2795 fr.
954 2770 995 2795 38.
1017 2769 1048 2794 de

216 2810 288 2846 reiig.
310 2811 348 2835 ll.
369 2810 390 2835 7.
422 2807 525 2835 Litibus
545 2813 570 2835 et
588 2808 718 2835 sumtibus
737 2818 789 2835 non
807 2813 902 2838 vexari.
931 2811 1047 2848 Singulis

1879 171 1940 201 997

1104 246 1209 274 iudiciis
1228 248 1324 274 vexari.
1344 248 1373 275 fr.
1387 250 1411 275 6.
1431 248 1463 275 de
1482 250 1573 276 minor.
1587 251 1610 276 4.
1625 251 1648 276 4.
1669 249 1698 276 fr.
1715 251 1753 276 13.
1768 250 1790 284 §.
1804 252 1827 276 4.
1848 250 1880 276 de
1898 250 1941 277 he-

1104 290 1157 317 red.
1178 295 1230 328 pet.
1250 293 1274 318 5.
1293 292 1317 317 3.
1338 290 1368 318 cf.
1389 291 1418 318 fr.
1440 294 1461 318 l.
1482 293 1503 326 9.
1524 294 1546 318 l.
1567 292 1596 319 fr.
1615 294 1638 318 2.
1661 291 1694 318 de
1713 291 1787 319 alien.
1807 292 1858 319 iud.
1878 298 1940 319 mut.

1105 343 1126 360 c.
1146 334 1170 359 4.
1184 335 1207 360 7.
1227 349 1259 353 —
1279 334 1309 366 ξ.
1323 335 1360 360 3.
1380 336 1578 367 Extenuare,
1600 337 1778 371 Adfligere.
1816 335 1856 362 III.
1874 337 1940 363 Gn.

1104 375 1256 408 Adtentare,
1284 381 1309 402 et
1332 387 1427 403 vexare
1454 378 1626 411 (annonam.)
1651 377 1681 404 fr.
1706 379 1729 404 6.
1754 388 1793 415 pr.
1818 378 1851 405 de
1874 383 1940 405 extr.

1105 420 1175 445 crim.
1190 420 1232 445 47.
1246 420 1284 446 11.
1304 418 1396 445 Illicita
1411 421 1580 456 usurpatione
1594 430 1698 447 cursum
1712 420 1846 457 publicum
1859 420 1941 447 fuisse

1104 467 1234 488 vexatum.
1254 461 1302 488 Th.
1318 461 1349 488 C.
1364 461 1431 488 VIII.
1445 464 1469 488 5.
1485 472 1505 489 c.
1520 464 1560 489 53.
1580 463 1612 489 de
1631 473 1710 489 cursu
1729 462 1790 500 pub.
1810 461 1850 489 Ne
1867 473 1940 489 sena-

1105 505 1186 531 toriae
1200 504 1334 531 facultates
1348 509 1483 531 vexentur.
1515 505 1551 532 Ib.
1566 505 1624 532 XV.
1641 508 1662 532 l.
1683 516 1704 532 c.
1720 507 1742 532 7.
1757 505 1789 532 de
1802 515 1862 543 opp.
1878 506 1938 543 pub.

221 546 264 573 vel
283 556 333 583 quo
357 545 436 572 simili
460 547 595 582 contingit,
619 557 650 572 ne
670 547 845 583 proscrIptum
865 552 942 573 esset.
968 547 997 573 fr.
1019 548 1058 573 ll.
1080 547 1082 580 J
1103 547 1136 573 X.
1157 549 1196 573 10.
1218 558 1238 574 c.
1260 548 1299 574 19.
1319 547 1352 574 de
1370 548 1443 584 petit.
1463 552 1488 574 et
1508 548 1576 574 ultro
1597 548 1648 575 dat.
1672 564 1704 568 -—
1729 549 1759 581 §.
1781 550 1819 575 4.
1843 550 1939 575 Vsur-

1100 599 1191 624 pare,
1215 592 1432 616 Praesumere.
1469 589 1512 617 III.
1533 592 1598 619 Gn.
1627 591 1697 617 Inter
1715 592 1771 628 ipsa
1791 592 1878 618 statim
1897 601 1940 618 ex-

1103 632 1175 659 ordia
1195 633 1322 669 insignem
1341 633 1439 659 recenti
1458 632 1556 669 flagitio
1575 638 1652 660 vexet
1670 633 1810 661 audaciam.
1838 634 1875 661 lb.
1894 634 1939 661 IX.

1136 718 1306 745 VexafiO.
1327 719 1357 751 §.
1378 720 1412 744 1.
1432 720 1601 753 Agitatio,
1622 721 1784 747 Molestia.
1815 719 1858 746 HI.
1873 719 1940 747 Gn.

1102 759 1157 786 Nec
1176 761 1253 787 timor
1271 760 1400 793 inffimiae,
1420 777 1450 781 —
1472 771 1556 797 neque
1569 761 1678 789 alicuius
1692 763 1839 789 vexationis
1854 763 1938 788 timor.

1079 795 1080 839 ᾗ
1102 801 1132 828 fr.
1147 804 1169 828 7.
1189 812 1228 839 pr.
1253 803 1304 838 Qu.
1324 808 1383 830 met.
1404 814 1425 830 c.
1445 805 1468 830 4.
1482 806 1506 831 2.
1525 804 1555 830 fr.
1570 806 1593 831 4.
1614 805 1645 831 ad
1664 806 1692 832 S.
1708 805 1739 831 C.
1760 805 1839 832 Treb.
1858 806 1900 831 36.
1916 806 1938 831 l.

1078 855 1080 867 ι
1102 843 1137 871 Vt
1156 861 1187 864 —
1207 846 1264 871 sine
1283 847 1420 872 vexatione
1439 851 1465 872 et
1484 847 1648 874 incommodo
1669 847 1772 874 heredis
1791 848 1843 874 fiat.
1863 847 1894 874 fr.
1912 848 1938 875 3.

217 886 307 913 Prisca
330 887 479 925 dispositio.
505 888 546 915 Cf.
566 898 589 914 v.
609 887 767 924 Antiquitas.
787 889 813 922 9.
832 891 857 915 2.
882 888 965 915 Cuius
985 890 1057 924 origo
1102 889 1123 921 9.
1136 889 1160 914 3,
1180 887 1213 914 de
1232 898 1289 914 auu.
1308 888 1383 924 legat.
1396 891 1437 915 33.
1454 891 1475 915 l.
1497 903 1527 908 —
1548 891 1579 923 §.
1594 891 1629 917 2.
1648 892 1862 922 Extenuatio,
1884 891 1939 916 De·

1101 932 1247 957 minutio.
1278 930 1320 957 III.
1333 933 1398 959 Gn.
1414 931 1499 958 Foeda
1514 932 1646 959 familiaris
1660 934 1697 960 rei
1711 934 1848 960 vexatione
1862 935 1939 966 (mer-

1102 973 1153 998 cari
1177 972 1293 1005 insulas.)
1322 973 1371 1001 Th.
1396 974 1427 1001 C.
1453 975 1508 1002 XII.
1535 978 1556 1002 l.
1582 986 1602 1002 c.
1626 977 1666 1002 27.
1692 975 1724 1002 de
1748 975 1880 1002 decurion.
1905 991 1938 995 —

1100 1016 1131 1049 §.
1145 1016 1182 1041 3.
1207 1016 1409 1049 Vindia-atio,
1433 1019 1527 1044 Vltio.
1561 1017 1603 1044 III.
1622 1020 1687 1046 Cn.
1709 1018 1787 1045 Gravi
1807 1018 1938 1045 vexationi

1100 1058 1243 1084 subiacere.
1262 1058 1339 1085 XXX
1359 1059 1482 1086 librarum
1501 1061 1556 1087 auri
1575 1062 1712 1087 vexatione
1732 1062 1810 1097 quati.
1831 1061 1866 1088 Ib.
1882 1060 1936 1087 VII.

1136 1145 1313 1171 vexator.
1338 1145 1528 1180 [nse-stator.
1567 1145 1609 1172 III.
1625 1147 1690 1173 Gn.
1710 1147 1937 1184 DepraedatIOnes

1100 1192 1261 1213 vexatorum.
1290 1185 1355 1213 Nov.
1370 1186 1458 1214 Maior.
1479 1189 1511 1215 de
1530 1188 1627 1225 indulg.
1647 1188 1739 1225 reliqu.
1759 1189 1802 1216 IV.
1817 1191 1840 1216 3.
1861 1200 1881 1216 c.
1896 1191 1920 1215 l.

1133 1229 1347 1256 Vexillatio.
1375 1232 1530 1265 Equitum
1551 1234 1615 1258 ala.
1652 1231 1682 1258 ΙΙ.
1703 1234 1770 1266 Op.
1796 1232 1884 1269 Legio.
1905 1247 1937 1251 —

1100 1272 1290 1298 Vexillationes
1309 1273 1521 1305 (comitatenses,
1541 1279 1584 1300 aut
1602 1274 1752 1311 palatinae.)
1774 1292 1803 1296 —-—
1823 1274 1937 1302 Auxilia.

1099 1315 1149 1342 Th.
1170 1315 1200 1342 C.
1220 1314 1251 1341 V.
1271 1317 1295 1341 4.
1315 1325 1337 1342 e.
1358 1317 1380 1342 l.
1401 1315 1433 1342 de
1452 1316 1511 1342 bon.
1532 1316 1606 1343 milit.
1626 1316 1681 1343 Vll.
1700 1319 1724 1344 4.
1745 1327 1766 1345 c.
1785 1320 1827 1344 22.
1846 1328 1886 1355 sq.
1906 1317 1938 1344 tle

1099 1368 1167 1393 erog.
1188 1358 1241 1384 mil.
1261 1368 1319 1384 ann.

1132 1402 1331 1428 Vexillum.
1352 1403 1488 1436 Signum
1507 1403 1667 1434 militare,
1688 1403 1772 1439 (quod
1791 1402 1938 1439 insignibus

1098 1444 1293 1479 magistratuum
1312 1445 1446 1475 maiorum,
1469 1444 1615 1471 serim-ibus
1637 1446 1739 1482 imperii
1758 1445 1790 1472 R.
1816 1446 1938 1483 tempori-

1098 1487 1156 1517 bus,
1175 1487 1348 1519 accensetur.)
1380 1486 1422 1512 111.
1438 1487 1503 1514 Cn.
1518 1486 1735 1514 Proconsularem
1754 1493 1797 1515 aut
1815 1489 1938 1515 vicariam

1098 1534 1267 1566 potestatem,
1290 1529 1331 1555 vel
1351 1529 1546 1556 consularitatis
1567 1530 1663 1562 fasces,
1688 1536 1732 1557 aut
1751 1530 1845 1556 vexilla
1864 1541 1938 1568 prae-

1098 1572 1189 1599 sidalia
1211 1573 1339 1605 (iterare.)
1359 1572 1407 1598 Th.
1423 1572 1452 1598 C.
1467 1572 1511 1598 IX.
1525 1574 1566 1599 26.
1584 1584 1604 1599 c.
1620 1574 1642 1598 4.
1658 1573 1688 1599 ad
1702 1572 1731 1599 L.
1746 1572 1792 1599 Iul.
1807 1572 1840 1599 de
1853 1573 1920 1599 amb.

1132 1615 1214 1641 Via.
1235 1615 1265 1647 §.
1281 1616 1315 1642 1.
1335 1617 1451 1646 Locus,
1469 1625 1525 1649 per
1545 1626 1630 1650 quem
1649 1618 1695 1642 ire
1714 1618 1798 1642 licet.
1835 1614 1854 1642 1.
1873 1617 1936 1650 Sy.

1074 1682 1076 1696 4,
1098 1657 1201 1684 Itinera.
1226 1657 1296 1683 Viae.
1323 1657 1372 1684 Th.
1396 1657 1427 1684 C.
1448 1657 1505 1684 XV.
1525 1660 1549 1684 3.
1574 1669 1595 1685 c.
1618 1661 1638 1685 1.
1658 1668 1715 1695 sqq.
1740 1658 1772 1684 de
1791 1659 1847 1685 itin.
1867 1668 1936 1684 mun.

1097 1700 1140 1727 111.
1161 1702 1226 1728 Cn.
1251 1699 1297 1726 Vin
1322 1705 1370 1731 est,
1393 1701 1449 1726 sive
1473 1702 1572 1732 semita,
1598 1702 1654 1727 sive
1678 1703 1728 1728 iter
1753 1706 1801 1727 est.
1827 1701 1857 1728 fr.
1878 1703 1936 1728 157.

1098 1744 1120 1777 9.
1137 1745 1158 1769 l.
1179 1742 1211 1769 de
1231 1742 1261 1769 V.
1276 1743 1302 1769 S.
1316 1745 1357 1769 50.
1374 1744 1412 1769 16.
1433 1742 1503 1774 Viae,
1523 1754 1569 1780 per
1582 1754 1647 1780 quas
1661 1744 1736 1781 vulgo
1750 1745 1800 1770 iter
1812 1744 1850 1770 fit.
1869 1744 1899 1771 fr.
1913 1746 1937 1771 6.

1097 1796 1136 1824 pr.
1156 1785 1188 1812 de
1208 1785 1232 1812 h.
1253 1787 1297 1822 qui
1317 1785 1397 1812 deiec.
1412 1788 1436 1812 9.
1449 1788 1473 1812 3.
1494 1786 1542 1813 Th.
1563 1786 1594 1814 C.
1614 1786 1669 1814 XV.
1688 1789 1708 1813 1.
1725 1797 1745 1813 c.
1759 1788 1801 1813 36.
1822 1787 1854 1814 de
1874 1797 1935 1824 opp.

1099 1829 1159 1866 puh.
1181 1829 1233 1864 Qui
1252 1829 1309 1854 viae
1329 1838 1415 1855 euram
1436 1828 1513 1855 habet
1532 1830 1576 1863 (ab
1596 1830 1755 1867 Imperatore
1774 1831 1936 1863 iniunctam.)

1098 1871 1181 1898 Vatic.
1201 1872 1295 1905 9136.
1316 1871 1387 1898 Paul.
1409 1871 1438 1898 V.
1452 1873 1475 1898 6.
1495 1873 1516 1906 9.
1530 1875 1553 1899 2.
1574 1872 1605 1899 cf.
1621 1873 1687 1900 Tab.
1700 1872 1801 1899 Heracl.
1815 1875 1857 1899 21.
1877 1882 1936 1909 sqq.

1097 1925 1148 1941 aer.
1168 1914 1212 1940 ΒΓ.
1243 1913 1323 1949 Quod
1348 1914 1379 1940 ad
1403 1924 1477 1940 usum
1502 1916 1616 1942 omnium
1640 1917 1762 1953 pertinet,
1788 1916 1860 1943 velut
1879 1917 1936 1943 viae

1096 1957 1226 1995 publicae,
1239 1958 1331 1983 itinera
1346 1957 1457 1994 publica.
1477 1957 1507 1984 fr.
1524 1960 1544 1984 1.
1559 1958 1592 1984 de
1606 1958 1655 1985 loc.
1670 1963 1695 1985 et
1713 1960 1767 1985 itin.
1781 1959 1842 1996 pub.
1856 1960 1897 1985 43.
1912 1961 1936 1985 7.

1097 2001 1128 2027 cl'.
1149 2001 1178 2027 I'r.
1201 2002 1221 2026 l.
1248 1999 1280 2025 de
1305 2001 1345 2026 via
1369 2000 1430 2036 pub.
1455 2001 1525 2027 refic.
1544 2002 1585 2027 43.
1607 2003 1646 2027 11.
1683 2001 1789 2028 Viarum
1811 2001 1937 2038 quaedam

1096 2043 1217 2081 publicae
1236 2047 1307 2074 sunt,
1327 2043 1452 2079 quaedam
1466 2045 1588 2080 privatae.
1609 2043 1734 2080 quaedam
1753 2044 1883 2071 vicinales.
1904 2044 1935 2071 fr.

1096 2089 1119 2113 2.
1140 2086 1177 2120 99
1190 2088 1231 2112 22.
1252 2095 1308 2122 sqq.
1330 2096 1361 2112 ne
1380 2097 1422 2122 qu.
1443 2087 1469 2112 in
1489 2086 1547 2112 loco
1568 2086 1628 2123 pub.
1649 2088 1689 2112 43.
1703 2087 1726 2112 8.
1747 2086 1778 2113 cf.
1798 2086 1827 2113 I'r.
1842 2088 1883 2113 31.
1904 2086 1936 2113 ad

1097 2129 1126 2156 L.
1146 2129 1213 2164 Aqu.
1232 2130 1256 2154 9.
1276 2132 1300 2154 2.
1328 2129 1414 2166 Appia
1434 2130 1482 2155 via.
1511 2129 1589 2155 Sacra
1608 2130 1654 2155 via.
1679 2129 1709 2155 fr.
1728 2131 1752 2155 2.
1774 2130 1811 2163 99.
1832 2130 1873 2156 36.
1894 2139 1934 2166 sq.

1097 2172 1129 2198 de
1140 2171 1173 2198 O.
1185 2171 1202 2197 1.
1216 2173 1273 2198 1.2.
1288 2188 1317 2192 —-
1332 2172 1363 2204 δ.
1378 2173 1412 2198 2.
1434 2174 1488 2198 Ius
1507 2174 1538 2197 in
1558 2173 1665 2198 alieno
1683 2174 1789 2206 eundi,
1809 2174 1934 2207 agendi,

1096 2217 1242 2246 vehendi,
1267 2216 1484 2248 tralzendique
1507 2213 1632 2250 (praedio
1656 2214 1777 2251 imposita
1801 2216 1934 2247 servitute,

1097 2300 1129 2326 de
1148 2299 1175 2326 S.
1196 2299 1223 2326 P.
1244 2299 1274 2326 R.
1294 2300 1317 2325 8.
1337 2301 1361 2325 3.
1382 2299 1411 2325 I'r.
1434 2300 1472 2324 17.
1493 2298 1525 2324 (le
1544 2298 1633 2335 stipnl.
1654 2309 1720 2326 serv.
1739 2302 1780 2326 45.
1799 2301 1823 2326 3.
1843 2299 1873 2326 fr.
1894 2302 1934 2327 13.

1096 2344 1116 2377 §.
1139 2345 1159 2370 l.
1181 2342 1213 2368 de
1232 2341 1350 2378 acceptil.
1371 2343 1410 2367 46.
1431 2343 1454 2367 4.
1492 2341 1533 2367 III.
1549 2343 1614 2369 Cn.
1634 2341 1690 2368 Iura
1709 2342 1874 2379 praediorum
1894 2353 1935 2369 ru-

1073 2381 1075 2420 l,
1096 2387 1230 2415 sticorum,
1241 2384 1313 2410 velut
1325 2385 1374 2410 via.
1389 2386 1446 2416 iter,
1462 2389 1543 2416 actus.
1558 2384 1742 2420 aquaeductus.
1762 2384 1932 2422 le.X1X.1.

1073 2421 1074 2431 ¹
1096 2428 1167 2455 Paul.
1188 2428 1206 2454 ι.
1227 2429 1265 2452 17.
1287 2427 1307 2459 ς’.
1328 2428 1349 2452 l.
1370 2427 1436 2453 1321.
1457 2437 1495 2464 pr.
1517 2427 1549 2453 de
1570 2427 1595 2453 s.
1611 2426 1638 2453 P.
1652 2427 1683 2454 u.
1703 2430 1726 2454 s.
1739 2429 1764 2454 3.
1796 2428 1849 2463 Qui
1868 2429 1934 2454 viam

217 2468 315 2494 Vexata
339 2467 462 2493 fluctibus
488 2470 567 2495 navis.
593 2469 642 2496 Th.
668 2470 698 2496 C.
724 2469 792 2495 XIII.
816 2471 839 2496 9.
864 2480 883 2496 c.
909 2472 930 2495 4.
956 2481 994 2507 pr.
1020 2471 1051 2497 de
1073 2481 1074 2488 ¹

1096 2471 1200 2499 habent.
1226 2468 1303 2495 eundi
1323 2469 1470 2506 agendique
1489 2471 1529 2496 ius
1549 2469 1656 2500 habeutq
1682 2470 1810 2507 plerique,
1835 2476 1860 2497 et
1884 2476 1933 2497 tra-

1095 2512 1173 2540 hendi
1193 2522 1307 2548 quoque,
1327 2517 1352 2538 et
1372 2518 1467 2539 rectam
1487 2512 1586 2538 hastam
1606 2512 1705 2538 serendi
1726 2512 1774 2547 [al.
1793 2513 1933 2546 referendi,

1094 2566 1117 2582 v.
1138 2553 1296 2588 deferendi]
1317 2554 1347 2580 fr.
1362 2557 1383 2581 7.
1405 2565 1442 2591 pr.
1463 2554 1494 2581 ct'.
1514 2554 1544 2580 sr.
1567 2556 1588 2580 1.
1607 2565 1644 2591 pr.
1666 2555 1700 2581 ib.
1720 2556 1744 2581 8.
1757 2557 1781 2581 3.
1818 2555 1878 2583 Viae
1897 2556 1931 2583 la—

1072 2586 1073 2635 }
1095 2598 1179 2624 titudo
1199 2607 1231 2623 ex
1249 2596 1279 2623 L.
1299 2597 1348 2623 XII
1363 2597 1445 2623 Tabh.
1466 2599 1491 2623 iu
1510 2602 1659 2634 porrectum
1673 2597 1731 2624 VIII
1743 2598 1825 2635 pedes
1844 2599 1931 2631 habet,

1094 2642 1120 2667 iu
1139 2640 1281 2666 anfractum
1302 2656 1333 2660 —
1353 2639 1422 2666 XVI.
1444 2639 1472 2666 fr.
1492 2642 1515 2666 8,
1537 2640 1568 2666 sr.
1586 2642 1626 2666 23.
1651 2651 1690 2678 pr.
1711 2640 1745 2667 ib.
1764 2643 1788 2668 8.
1807 2644 1831 2668 3.
1856 2642 1886 2668 fr.
1907 2644 1928 2667 94

1093 2684 1115 2717 9.
1137 2685 1157 2708 l.
1178 2683 1201 2709 si
1219 2683 1307 2708 servit.
1328 2684 1351 2708 8.
1371 2684 1394 2708 5.
1420 2698 1451 2702 -
1477 2683 1507 2715 §.
1526 2684 1562 2708 3.
1585 2684 1762 2719 Profectio.
1801 2684 1843 2711 III.
1863 2685 1927 2711 Cn.

1093 2725 1156 2752 Sive
1175 2726 1201 2751 in
1220 2726 1363 2762 provincia,
1390 2726 1445 2751 sive
1464 2726 1490 2751 in
1509 2726 1558 2757 via,
1583 2724 1681 2762 aliqnffl
1700 2726 1762 2753 mihi
1782 2726 1929 2752 humanitus

1092 2768 1223 2795 acciderit.
1243 2768 1273 2794 fr.
1292 2770 1333 2794 30.
1353 2768 1372 2801 9.
1388 2770 1411 2794 2.
1432 2767 1464 2794 d'e
1483 2767 1558 2794 adim.
1578 2767 1654 2804 legat.
1673 2770 1715 2795 34.
1729 2771 1752 2795 4.
1772 2768 1843 2794 Paul.
1858 2767 1888 2794 V.
1904 2770 1926 2795 6.

1091 2811 1112 2845 9.
1133 2813 1156 2838 6.
1176 2826 1208 2831 -
1235 2811 1264 2844 ξ.
1281 2812 1320 2837 4.
1341 2812 1423 2843 Sors,
1445 2811 1605 2839 Coud'itio.
1642 2811 1684 2840 III.
1702 2813 1767 2839 Gn.
1787 2810 1840 2844 Qui
1860 2811 1931 2837 viam
