2197 3121
1043 151 1132 181 EXP.

226 236 424 269 peditionem
448 235 621 268 pertinens.
658 231 701 259 111.
728 233 793 260 (7η.
826 231 894 259 Cum
914 232 940 258 in
959 231 1068 269 expedi·
1089 238 1091 250 ³

228 278 300 303 tione
318 276 415 303 milites
435 276 538 312 degant,
558 276 638 302 biduo
656 274 876 312 expeditionalem
894 285 1021 301 annonam
1036 290 1067 294 —-

229 324 434 356 consequantur.
455 319 505 346 Τ11.
525 318 555 345 C.
576 318 631 345 Vll.
652 320 675 344 4.
701 328 721 345 c.
746 320 770 344 4.
790 328 848 354 sqq.
873 318 906 344 de
925 328 994 354 erog.
1014 317 1068 344 mil.

229 373 287 389 ann.
325 363 400 398 Quae
424 361 456 388 ad
480 366 572 399 portus
597 361 805 398 expeditionales
830 360 934 397 longius
958 376 990 380 -
1015 362 1069 386 siut

228 405 362 443 profectae.
382 408 431 437 (sc.
450 405 551 437 naves.)
576 404 612 430 lb.
632 404 701 430 XIII.
721 406 744 431 9.
765 415 786 430 c.
805 406 829 430 2.
850 403 882 430 de
902 403 1016 439 naufrag.
1036 403 1067 430 cf.

229 448 297 476 XIII.
318 450 341 474 5.
362 458 383 474 c.
403 449 444 474 35.
465 447 496 473 de
516 447 627 473 navicul.

264 490 486 524 Expeditne.
507 489 628 522 (Partic.)
653 491 683 523 §.
705 491 739 517 1.
759 493 917 519 Paratus,
936 490 1068 515 Instru-

228 540 308 561 ctus.
346 533 387 559 111.
409 534 474 560 Gn·
505 531 661 559 Procinctus
681 539 722 560 est
740 534 808 559 enim
827 531 967 569 expeditus
987 536 1013 557 et
1032 541 1069 557 ar-

228 581 312 603 matus
332 576 471 602 exercitus.
496 574 552 601 Gai.
577 575 607 602 Il.
629 578 686 602 101.
727 576 802 612 Quae
827 578 875 607 (sc.
896 575 951 607 res)
971 575 1068 600 munita

228 620 264 645 sit
282 618 407 649 testibus.
427 619 555 644 instructa
575 618 754 650 documentis,
778 619 860 654 signis
885 617 916 644 ad
935 617 1068 654 probatio-

228 672 287 688 nem
307 661 366 688 luce
385 660 541 687 clarioribus
561 662 691 698 expedita.
711 661 760 688 Th.
781 661 812 687 C.
825 661 870 687 IX.
890 662 931 687 37.
952 671 973 687 c.
993 662 1017 687 3.
1036 660 1068 686 de

228 704 319 731 abolit.
338 720 370 723 —
391 704 421 736 §·
446 706 481 730 2·
502 706 681 738 Proclivis,
702 706 839 731 Facilis.
877 703 909 730 II.
925 705 992 737 ⁰1).
1011 703 1068 730 Dil'-

227 747 315 774 ficilis.
334 746 364 773 fr.
384 748 425 773 32.
446 747 467 780 ξ.
490 749 530 773 14.
550 747 583 773 de
596 747 656 774 don.
677 748 724 774 int.
738 747 770 774 V.
789 749 831 774 24.
848 749 869 773 l.
907 746 1067 783 Expeditum

228 800 295 821 esse.
315 800 336 816 s.
356 790 516 827 Expeditum
536 790 697 817 intellectum
710 790 814 817 habere.
834 806 867 809 —
887 789 1067 821 Considerari‚

227 833 364 859 Haesitari.
386 833 415 859 l'r.
436 835 476 859 91.
501 843 540 870 pr.
564 833 586 867 ξ.
606 835 629 859 3.
651 833 683 860 de
702 832 734 859 V.
754 833 786 859 O.
808 834 849 859 45.
871 835 893 859 1.
931 832 974 858 111.
1001 833 1067 859 Gn.

226 875 263 903 Vt
282 886 368 912 neque
387 876 543 912 negligentia
567 886 668 907 crassa,
693 881 736 902 aut
758 877 835 902 nimia
855 876 983 902 securitas
1003 876 1066 901 satis

226 918 348 956 expedita
368 920 410 949 sit,
431 929 516 955 neque
535 918 661 945 delatoria
687 920 826 945 curiositas
846 920 972 955 exigatur.
992 918 1023 944 fr.
1043 920 1066 944 6.

227 961 260 988 de
280 963 326 988 iur.
352 966 378 988 et
402 963 462 988 tacti
485 963 535 997 ign.
555 963 596 988 22.
617 963 640 988 6.
678 962 707 988 Si
727 972 779 988 non
798 963 846 994 sit,
871 961 940 988 unde
959 966 1066 991 ematur.

226 1010 270 1031 aut
290 1014 341 1030 non
361 1005 396 1030 sit
419 1004 541 1041 expedita
566 1006 652 1031 emtio.
680 1004 710 1031 fr.
730 1007 753 1031 2.
779 1015 833 1031 rem
858 1014 920 1042 pup.
941 1003 1005 1030 salv.
1025 1005 1066 1030 46.

225 1049 249 1073 6.
287 1047 389 1073 Habere
409 1046 557 1083 expeditam
577 1049 756 1084 quantitatem.
778 1048 807 1074 fr.
821 1049 845 1074 9.
865 1047 970 1074 iudicat.
990 1047 1065 1073 solvi.
1088 1065 1089 1077 1

225 1091 266 1117 46.
287 1092 309 1116 7.
348 1089 411 1115 Tam
436 1089 584 1126 expeditam
610 1100 713 1117 causam
733 1090 842 1118 habere.
868 1095 895 1116 ut
919 1095 967 1116 etc.
993 1090 1022 1116 fr.
1041 1092 1065 1116 3.

225 1134 247 1167 ᾗ.
267 1135 290 1159 5.
311 1131 342 1158 de
362 1131 441 1158 Carb.
462 1132 540 1159 edict.
561 1134 659 1160 37.10.
697 1133 802 1160 Solutio
823 1135 878 1159 eius
899 1133 1066 1169 obligationis

225 1174 431 1212 expeditissima.
457 1174 487 1201 fr.
507 1177 549 1202 5-1.
574 1177 596 1210 ξ.
618 1174 640 1203 1.
665 1176 698 1203 de
717 1176 748 1203 V.
774 1178 806 1203 O.
831 1178 873 1203 45.
895 1178 916 1202 1.
953 1176 1067 1213 Expedi-

225 1223 278 1245 tum
299 1219 354 1244 erit.
392 1218 629 1255 Expeditissimum
650 1224 698 1245 est.
718 1219 749 1246 fr.
763 1221 787 1245 8.
808 1221 831 1254 ξ.
845 1221 868 1245 4.
885 1219 917 1245 de
930 1219 985 1246 reb.
999 1224 1064 1245 auct.

224 1260 277 1288 iud.
297 1262 338 1287 42.
358 1263 382 1287 5.
419 1260 492 1287 Paul.
518 1261 549 1288 V.
573 1263 614 1288 33.
641 1262 662 1296 §.
688 1264 712 1289 2.
761 1262 790 1288 In
810 1262 934 1300 expedito
954 1272 1021 1294 esse,
1040 1272 1064 1288 v.

223 1303 287 1331 sore.
306 1303 338 1330 fr.
358 1305 398 1329 67.
420 1304 441 1337 ξ.
461 1306 486 1331 5.
505 1303 537 1330 de
557 1304 633 1341 legat.
648 1304 677 1331 ll.
698 1306 765 1339 (31.)
786 1305 815 1332 [ι’.
831 1307 871 1332 10.
892 1316 930 1343 pr.
952 1305 984 1332 de
1003 1305 1065 1332 fide-

223 1348 287 1373 iuss.
307 1347 349 1372 46.
372 1348 393 1373 l.
652 1378 653 1382 Ἰ

257 1391 473 1422 Expellere.
492 1390 568 1423 §.l-
588 1392 732 1423 Eiicere,
752 1393 950 1419 Exturbare.
970 1391 1063 1426 [Sy.

222 1432 339 1464 Pellere,
358 1431 511 1468 Repellere,
532 1432 647 1460 Pnlsare.
679 1433 752 1460 Paul.
772 1434 803 1461 V.
823 1436 864 1461 2l.
885 1435 906 1468 ξ.
929 1436 950 1460 1.
971 1434 1001 1460 fr.
1022 1436 1062 1460 54.

223 1475 245 1510 ξ,
266 1477 288 1502 l.
308 1475 384 1501 locat.
412 1476 451 1501 19.
475 1478 499 1501 2.
537 1476 674 1507 Deiicere.
698 1477 808 1503 Eiicere.
836 1477 866 1504 fr.
887 1480 909 1504 1.
929 1478 949 1511 §.
970 1479 1011 1504 32.
1032 1477 1062 1504 fr.

224 1520 256 1545 18
283 1528 322 1555 pr.
342 1517 375 1544 de
394 1519 419 1544 vi
440 1523 465 1544 et
488 1519 513 1545 vi
534 1525 595 1546 arm.
616 1521 657 1546 43.
680 1521 718 1546 16.
745 1520 774 1547 fr.
794 1522 819 1547 3.
844 1521 865 1554 §.
886 1522 909 1547 6.
935 1520 965 1547 l'r.
986 1523 1010 1547 5.
1031 1520 1063 1547 de

223 1561 326 1588 incend.
347 1562 429 1587 ruina.
449 1563 490 1587 47.
511 1564 534 1588 9.
571 1562 615 1588 III.
642 1564 707 1590 Cn.
740 1563 829 1589 Iacens
850 1573 891 1590 res
912 1574 944 1589 ex
964 1563 1063 1589 naufra-

223 1606 274 1641 gio,
294 1614 359 1641 quae
379 1604 503 1631 fluctibus
525 1605 633 1643 expulsa
654 1611 702 1632 est.
722 1605 788 1632 s1·.5.
808 1606 856 1633 1.1.
877 1608 918 1632 47.
933 1608 955 1633 9.
976 1606 1007 1633 fr.
1021 1608 1062 1632 21.

224 1647 246 1680 §.
271 1649 294 1673 1.
319 1647 351 1673 dc
374 1647 405 1674 A.
426 1658 450 1674 v.
470 1648 502 1674 A.
522 1648 550 1674 P.
573 1650 614 1674 41.
638 1650 662 1674 2.
688 1659 709 1675 c.
735 1651 757 1675 l.
782 1649 815 1675 de
839 1649 953 1686 naufrag.
979 1651 1018 1675 11.
1038 1652 1062 1675 5.

225 1689 310 1724 Quem
329 1690 410 1716 semel
429 1690 544 1727 populus
569 1692 692 1718 iussisset
718 1691 787 1724 dedi.
808 1703 839 1719 ex
859 1694 964 1719 civitate
984 1703 1063 1729 expu-

225 1732 289 1758 lisse
311 1732 452 1759 videretur.
478 1733 507 1760 fr.
533 1736 573 1760 17.
597 1734 629 1760 de
654 1734 776 1771 legation.
801 1737 842 1761 50.
868 1738 890 1762 7.
928 1736 1063 1772 Expulsus

224 1776 255 1801 ab
274 1785 304 1801 eo
323 1776 349 1801 in
369 1774 523 1802 Sardiniam.
550 1776 578 1803 sr.
598 1779 622 1803 2.
649 1777 671 1810 9.
691 1779 732 1803 47.
752 1777 785 1804 de
804 1778 837 1804 Ο,
857 1778 875 1804 Ι.
898 1780 919 1805 l.
939 1781 963 1805 2.
1001 1778 1063 1804 Sive

224 1819 265 1844 vir
283 1828 399 1849 uxorem.
418 1819 475 1845 sive
494 1829 561 1845 uxor
579 1820 664 1846 virum
683 1820 761 1846 domo
781 1820 890 1857 expulit.
911 1821 941 1847 fr.
963 1823 1002 1847 11.
1023 1831 1062 1857 pr.

225 1871 273 1887 rer.
294 1865 371 1886 amot.
391 1863 432 1887 25.
453 1863 476 1887 2.
506 1862 559 1897 Qui
573 1862 701 1899 expulsus
717 1873 728 1888 a
744 1863 927 1895 conductione.
947 1865 973 1889 in
987 1863 1062 1890 aliam

224 1913 252 1929 se
272 1903 401 1930 coloniam
422 1904 541 1930 contulit.
560 1904 590 1930 fr.
610 1906 651 1931 24.
676 1906 698 1939 §.
718 1907 741 1932 4.
766 1906 797 1932 cf.
826 1906 856 1932 fr.
876 1908 917 1933 54.
942 1907 963 1940 ξ.
985 1909 1006 1933 1.
1027 1906 1064 1932 lo-

224 1951 272 1973 cat.
294 1948 333 1972 19.
352 1948 376 1972 2.
397 1962 428 1966 -—
449 1948 480 1980 δ.
504 1949 538 1973 2.
559 1950 690 1981 Arcera,
710 1951 872 1976 Amvvere.
896 1949 913 1976 I.
934 1951 995 1984 Sy.
1015 1949 1063 1976 Re-

223 1988 331 2026 pellere.
352 1989 383 2015 fr.
402 1991 443 2015 20.
464 2000 502 2026 pr.
524 1990 556 2016 de
575 1990 605 2017 Β.
626 1990 653 2017 P.
675 2002 695 2017 c.
717 1997 733 2018 t.
753 1993 830 2018 37.4.
856 1991 898 2018 Pr.
919 1993 939 2026 ξ.
955 1994 979 2018 6.
999 1992 1016 2019 I.
1032 1992 1063 2019 de

224 2032 251 2059 S.
272 2031 303 2058 C.
324 2031 397 2058 Tert.
416 2033 440 2058 3.
461 2034 484 2058 3.
522 2032 565 2059 111.
581 2035 646 2060 Cn.
667 2033 734 2060 Cum
754 2035 831 2061 lieres
850 2036 987 2062 institutus
1004 2045 1063 2062 eon·
1085 2062 1086 2070 ¹

223 2074 318 2101 ditioni
336 2085 388 2101 non
408 2076 546 2112 paruisset⁷
566 2086 596 2102 an
612 2076 784 2113 expellendus
800 2082 841 2104 est
854 2078 885 2104 ab
900 2078 1063 2105 hereditate?

224 2117 254 2144 fr.
272 2120 314 2144 27.
333 2128 372 2155 pr.
393 2118 425 2144 de
445 2118 520 2145 cond.
540 2120 600 2152 inst.
614 2122 655 2145 28.
671 2122 693 2146 7.
731 2119 832 2147 Limine
851 2121 1007 2147 iudiciorum
1021 2132 1063 2148 ex-

225 2160 296 2196 pelli.
317 2171 337 2187 c.
357 2163 380 2187 3.
401 2166 467 2188 sent.
488 2172 554 2188 rese.
570 2172 594 2188 n.
615 2172 702 2198 posse.
717 2165 740 2189 7.
754 2165 795 2189 50.
823 2163 874 2190 Per
893 2164 1062 2196 decisionem,

226 2213 249 2229 v.
270 2205 492 2236 constitutionem,
512 2216 571 2241 exp.
592 2215 613 2231 c.
629 2207 651 2231 l.
672 2205 704 2231 de
723 2206 793 2232 nudo
807 2207 863 2232 iure
883 2207 958 2242 Quir.
979 2209 1001 2233 7.
1021 2209 1062 2234 25.

226 2246 248 2279 ξ,
268 2247 291 2271 3.
312 2245 330 2271 1.
350 2246 381 2272 de
400 2247 514 2274 libertin.
537 2250 558 2274 1.
579 2250 602 2274 5.

261 2290 496 2321 Expelleuta.
535 2293 733 2325 Compnlsor.
771 2291 789 2318 I.
810 2293 871 2326 Sy.
893 2292 1061 2329 Compulsor.
1084 2278 1085 2285 l

227 2331 272 2357 lul.
294 2341 334 2367 ep.
355 2341 412 2358 nov.
433 2344 454 2359 c.
476 2336 533 2360 124.
553 2335 574 2368 ξ.
595 2336 653 2360 546.

261 2374 497 2406 Expendere.
518 2377 548 2409 §.
567 2378 601 2403 l.
622 2379 819 2411 Impendere,
838 2379 996 2412 Erogare.
1017 2378 1061 2411 (cs.

227 2427 250 2443 v.
270 2416 431 2452 Expensum.
451 2417 472 2450 ξ.
493 2420 528 2450 1.)
565 2419 583 2446 I.
605 2421 666 2454 Sy.
685 2420 846 2451 Exsdvere,
866 2420 974 2456 Lurgiri.
996 2431 1016 2447 c.
1037 2423 1060 2447 2.
1083 2424 1085 2445 ἰ

228 2459 259 2486 de
278 2459 393 2496 postlim.
413 2469 466 2485 rev.
490 2461 514 2486 8.
538 2463 579 2489 51.
605 2462 654 2489 Th.
676 2462 706 2490 C.
727 2462 770 2490 Vl.
790 2466 814 2489 4.
840 2473 860 2489 e.
881 2466 904 2489 5.
925 2463 957 2489 de
976 2463 1060 2490 Praet.

228 2507 254 2529 et.
273 2502 324 2537 Qu.
360 2502 482 2538 Erogare.
514 2502 555 2530 Cf.
574 2505 599 2531 h.
619 2516 642 2532 v.
664 2507 685 2540 ξ.
706 2508 728 2533 l.
766 2506 808 2532 111.
829 2507 894 2534 Cn·
920 2506 949 2532 Si
967 2508 1018 2533 iam
1038 2508 1061 2533 ei

228 2545 327 2581 aliquid
345 2544 422 2577 absit,
442 2545 512 2582 quod
532 2556 579 2582 pro
598 2549 706 2576 muliere
726 2549 859 2587 expendit.
878 2548 920 2575 vel
940 2549 1060 2576 mandato

228 2590 284 2614 eius
304 2589 435 2624 praestitit
448 2588 497 2617 ‘fin
521 2592 562 2615 25.
587 2590 635 2616 sol.
659 2594 767 2619 matrim.
791 2594 833 2619 24.
852 2594 876 2618 3.
914 2592 973 2618 ⁷Non
993 2593 1061 2619 enim

228 2631 260 2657 ad
279 2631 330 2657 hoc
349 2630 435 2662 dedit⁷
455 2636 483 2657 ut
505 2632 562 2667 ipse
581 2631 686 2666 habeat.
710 2635 758 2661 sed
777 2640 805 2662 ut
824 2645 919 2671 genero
938 2646 986 2672 pro
1007 2636 1059 2662 filia

228 2673 366 2710 expendat.
386 2673 416 2699 fr.
435 2675 458 2699 5.
478 2674 500 2707 §.
520 2676 543 2701 9.
563 2674 596 2700 de
614 2675 670 2702 iure,
689 2676 741 2704 dot.
760 2679 801 2704 23.
819 2680 843 2705 3.
882 2678 949 2705 Cum
970 2683 1060 2711 emtor,

228 2721 360 2742 mutuatus
374 2717 520 2753 pecuniam,
535 2727 627 2744 usuras
640 2719 805 2754 gravissimas
819 2721 953 2758 expendit.
974 2721 1004 2748 fr.
1018 2724 1060 2748 47.

228 2758 260 2785 de
278 2759 309 2785 A.
329 2759 359 2785 E.
385 2758 412 2785 V.
434 2761 473 2785 19.
500 2761 520 2785 1.
553 2776 585 2780 —-
616 2761 646 2794 §.
670 2762 705 2787 2.
736 2763 851 2795 Luere,
878 2766 1059 2798 Espensum

224 2803 324 2836 ferre.
343 2802 387 2835 (cs.
408 2812 431 2829 v.
450 2802 612 2840 Expensum.
631 2804 653 2836 ξ.
673 2804 711 2836 2.)
747 2803 765 2830 l.
792 2806 853 2839 Sy.
871 2806 969 2833 Iul'erre
988 2809 1061 2844 (poe-

1887 154 1951 184 349

1112 243 1171 259 nam
1190 233 1256 266 etc.)
1293 232 1342 259 Th.
1364 233 1394 261 C.
1414 234 1460 261 XI.
1487 236 1525 261 16.
1551 245 1571 261 c.
1593 236 1615 261 7.
1636 244 1675 271 sq.
1700 234 1733 261 de
1752 239 1817 261 extr.
1837 244 1858 260 S.
1878 235 1949 261 sord.

1113 276 1157 302 XI.
1181 277 1222 302 36.
1248 286 1268 302 c.
1293 278 1335 302 20.
1373 277 1456 312 Quor.
1481 288 1539 314 app.
1566 288 1589 304 n.
1615 287 1666 304 rec.
1705 277 1747 304 111.
1773 279 1838 305 Gn.
1858 277 1917 303 Non
1936 289 1950 304 a

1113 328 1205 345 socero
1224 323 1357 355 repetere,
1382 320 1429 346 sed
1453 320 1595 347 adl'ectioni
1614 325 1673 347 tuae
1692 320 1772 347 debes
1793 320 1949 357 expendere.

1090 369 1091 374 ¹
1113 371 1134 388 c.
1156 363 1194 388 13.
1215 361 1248 387 de
1266 360 1298 388 N.
1319 361 1350 388 G.
1370 364 1394 389 2.
1416 365 1456 389 19.

1147 405 1342 437 Expensa,
1368 415 1389 431 s.
1415 407 1627 439 Expensae.
1664 406 1696 439 δ.
1722 407 1757 432 1.
1781 408 1950 441 Erogatio

1111 449 1281 481 pecuniae,
1302 450 1449 477 Sumtus.
1470 450 1642 482 [napea-vae.
1680 448 1723 476 III.
1744 450 1810 476 011..
1835 449 1887 484 Qui
1907 459 1950 475 ne-

1113 500 1163 526 que
1182 494 1284 527 tempus
1304 500 1390 527 neque
1407 491 1486 517 finem
1510 501 1683 528 expensarum
1703 492 1789 518 habet.
1815 492 1846 518 fr.
1868 493 1890 518 l.
1910 502 1950 528 pr.

1113 532 1145 559 de
1169 543 1222 559 cur.
1247 532 1336 560 furios.
1361 535 1402 560 27.
1428 536 1469 560 10.
1511 534 1610 560 Omnes
1635 545 1778 572 expensas,
1803 544 1868 571 quas
1888 534 1911 560 b.
1932 534 1948 560 f.

1113 580 1196 602 emtor
1219 575 1314 603 fecisse
1337 576 1536 614 adprobaverit,
1565 578 1587 603 ei
1610 582 1751 614 praestare.
1772 578 1802 604 fr.
1821 580 1862 604 39.
1883 577 1904 611 ᾖ.
1926 578 1949 603 l.

1113 618 1145 645 de
1165 619 1256 645 minor.
1283 621 1299 645 4
1331 621 1354 646 4.
1379 619 1410 646 cf.
1435 630 1456 646 c.
1482 622 1522 647 12.
1546 630 1584 656 pr.
1611 619 1643 646 de
1662 622 1735 656 petit.
1755 620 1844 647 hered.
1863 621 1887 646 3.
1906 621 1950 646 31.

1112 661 1230 688 Publicis
1250 663 1374 698 expensis
1395 663 1458 695 (iter
1477 662 1581 695 facere.)
1603 662 1686 688 1’1“.42.
1707 663 1738 689 de.
1757 662 1831 688 milit.
1846 667 1948 688 testam.

1111 706 1153 731 29.
1179 706 1201 730 l.
1243 704 1282 730 Ne
1302 720 1333 723 —-
1353 706 1379 731 in
1404 715 1494 731 eorum
1519 705 1640 732 damnum
1665 715 1778 742 expensa
1803 709 1947 731 revocetur.

1112 747 1161 774 Th.
1182 747 1213 773 C.
1233 747 1277 773 XI.
1297 748 1338 773 25.
1359 757 1381 773 c.
1401 749 1423 774 1.
1438 748 1470 774 de
1485 748 1610 784 quadrim.
1631 748 1702 774 brev.
1714 764 1745 767 —
1757 749 1787 781 §.
1800 749 1835 774 2.
1852 750 1949 774 Prae-

1111 792 1214 817 statio
1232 792 1375 824 publica.
1413 789 1431 816 Ι.
1453 792 1514 825 Sy.
1550 790 1719 822 Functioues,
1740 791 1845 817 Munera
1864 792 1949 823 (sena-

1112 834 1172 859 torii
1192 832 1314 865 ordinis.)
1334 832 1370 859 lb.
1387 832 1430 859 VI.
1450 835 1491 860 24.
1513 844 1533 860 c.
1549 835 1571 860 7.
1592 844 1650 870 sqq.
1671 834 1703 860 de
1722 833 1832 860 domest.
1853 838 1877 859 et
1891 843 1949 870 pro-

1111 881 1172 902 tect.
1192 876 1327 901 Aunouae.
1354 886 1374 901 c.
1398 877 1421 901 4.
1447 876 1479 903 de
1503 877 1546 903 off.
1571 887 1636 913 mag.
1660 876 1714 903 mil.
1736 878 1757 902 1.
1776 878 1818 902 29.
1847 875 1897 902 Th.
1917 875 1948 902 C.

1088 946 1090 950 ,
1111 918 1156 946 XI.
1178 920 1200 944 1.
1220 928 1242 944 c.
1261 920 1303 944 22.
1324 918 1356 944 de
1376 928 1468 945 annon.
1490 925 1515 945 et
1534 919 1623 946 tribut.

1146 963 1381 994 Expensare·
1418 964 1619 996 Expendere,
1644 964 1826 996 Espeusnm
1846 963 1948 997 ferre.

1111 1004 1153 1031 III.
1175 1006 1240 1032 Gn.
1260 1003 1359 1040 Cupito
1380 1005 1542 1031 exactionem
1562 1006 1759 1036 commiserunt,
1783 1005 1859 1041 isque
1878 1014 1949 1030 uum-

1111 1058 1168 1074 mos
1191 1047 1312 1073 redactos
1338 1048 1494 1083 expensaxit
1517 1047 1615 1074 eisdem
1639 1048 1778 1074 tutoribus
1805 1047 1835 1074 sr.
1861 1049 1902 1073 41.
1926 1047 1948 1080 ξ.

1112 1093 1152 1117 10.
1173 1090 1206 1117 (le
1225 1089 1310 1116 fideic.
1331 1088 1456 1116 libb.‘4t).
1476 1092 1498 1116 5.

1144 1133 1349 1166 Expensio.
1387 1133 1416 1166 ἕ.
1438 1134 1471 1159 1.
1500 1135 1636 1160 Factum
1661 1135 1865 1167 dependeudi,
1890 1134 1947 1159 Di-

1110 1178 1278 1203 stributio.
1315 1175 1358 1201 III.
1379 1177 1444 1203 Gn.
1476 1175 1651 1213 Susceptores
1675 1177 1782 1202 canonis
1803 1193 1832 1196 —-
1853 1185 1948 1213 expen-

1110 1221 1212 1245 sionem
1235 1223 1418 1255 susceptarum
1441 1220 1588 1255 specierum
1612 1218 1724 1255 probare
1744 1224 1876 1255 cogantur.
1897 1218 1946 1244 Th.

1111 1263 1141 1289 C.
1162 1262 1218 1288 XII.
1238 1263 1262 1287 6.
1282 1272 1303 1288 c.
1324 1264 1364 1288 24.
1386 1261 1418 1288 de
1438 1266 1585 1299 susceptor.
1622 1261 1756 1298 Expeusio
1769 1263 1844 1299 panis
1857 1261 1948 1287 habea-

1110 1311 1159 1332 tuo.
1180 1305 1216 1331 lb.
1237 1304 1255 1331 Ι.
1276 1306 1299 1331 6.
1320 1315 1342 1331 c.
1362 1304 1509 1340 7·.(W⁰¹='·)
1531 1304 1563 1331 de
1583 1304 1626 1330 off.
1647 1304 1699 1331 Prf.
1721 1304 1765 1331 Vr.
1797 1321 1829 1324 -
1862 1305 1892 1337 ξ.
1912 1305 1947 1330 2.

1110 1351 1246 1375 Sumtus.
1284 1347 1301 1373 l.
1328 1348 1389 1381 Sy.
1413 1347 1546 1383 Erogatio.
1573 1347 1609 1374 111.
1631 1347 1674 1374 Vl.
1694 1350 1718 1374 4.
1738 1358 1759 1374 c.
1778 1350 1820 1374 22.
1840 1348 1861 1381 ς.
1881 1349 1905 1373 5.
1926 1357 1947 1372 c.

1108 1393 1149 1418 24.
1169 1391 1202 1418 de
1221 1390 1304 1417 Praet.
1326 1395 1352 1416 et
1371 1390 1422 1426 Qu.

1142 1436 1372 1467 Expeusum.
1404 1432 1524 1466 (Partic.)
1555 1434 1586 1467 ᾖ.
1608 1435 1642 1460 1.
1669 1436 1869 1469 Ervgatum,
1891 1435 1947 1459 Pe-

1107 1479 1204 1504 cunia
1230 1479 1295 1504 alii
1319 1478 1458 1508 credita,
1486 1479 1532 1503 vel
1554 1479 1672 1503 soluta.
1709 1476 1727 1503 1.
1748 1478 1809 1511 Sy.
1829 1476 1947 1507 Sumtus,

1108 1520 1243 1558 Impensae
1263 1519 1353 1550 sactae,
1372 1519 1532 1555 Expensum.
1558 1518 1588 1545 fr.
1607 1521 1649 1545 53.
1674 1519 1706 1545 de
1725 1524 1792 1556 pact.
1812 1521 1836 1545 2.
1858 1520 1897 1545 14.
1917 1518 1946 1545 1’1·.

1108 1566 1149 1590 51.
1174 1573 1212 1600 pr.
1239 1562 1271 1589 de
1294 1561 1382 1588 hored.
1409 1566 1461 1598 pet.
1487 1564 1510 1588 5.
1529 1563 1553 1588 3.
1592 1562 1696 1588 Datum.
1716 1562 1747 1588 l'r.
1767 1563 1809 1588 47.
1829 1562 1850 1595 ξ.
1873 1563 1894 1587 1.
1915 1561 1947 1587 de

1109 1611 1175 1644 pact.
1195 1608 1219 1632 2.
1241 1607 1280 1631 14.
1319 1604 1456 1631 Decedere
1475 1615 1515 1631 ex.
1552 1604 1705 1641 Expensum
1724 1604 1792 1631 ferri.
1813 1604 1842 1630 sr.
1862 1606 1903 1630 25.
1924 1604 1946 1637 ξ.

1110 1651 1149 1676 16.
1170 1649 1202 1675 de
1221 1647 1309 1675 hei-ed.
1330 1653 1383 1685 pet.
1407 1650 1430 1674 5.
1454 1650 1478 1674 3.
1504 1647 1533 1674 fr.
1557 1650 1599 1673 22.
1625 1648 1647 1681 §
1667 1650 1690 1674 4.
1718 1647 1750 1673 ad
1769 1647 1796 1673 S.
1817 1647 1847 1673 C.
1868 1646 1946 1673 Treb.

1107 1694 1148 1719 36.
1171 1694 1193 1719 1.
1231 1691 1274 1718 III.
1303 1693 1369 1719 Gn.
1388 1691 1534 1727 Acceptum
1553 1695 1579 1716 et
1602 1700 1753 1726 expensum.
1780 1689 1834 1723 (Cf.
1854 1700 1877 1716 v.
1897 1690 1946 1716 Ac-

1109 1735 1234 1772 ceptum.)
1272 1733 1301 1760 Si
1321 1734 1359 1765 id,
1385 1733 1456 1770 quod
1482 1733 1544 1758 1111111
1565 1732 1651 1759 Titius
1672 1732 1764 1763 debet.
1784 1733 1832 1759 tibi
1851 1743 1946 1770 expen-

1108 1788 1165 1804 sum
1186 1777 1279 1803 tulero.
1300 1776 1356 1803 Gai.
1377 1776 1420 1802 Ill.
1442 1778 1499 1802 130.
1519 1775 1551 1801 cf.
1573 1777 1629 1802 129.
1667 1775 1695 1801 In
1715 1776 1864 1802 nominibus
1880 1775 1946 1802 alius

1109 1830 1253 1857 expensum
1272 1819 1380 1845 serendo
1400 1818 1506 1855 obliget,
1526 1818 1591 1844 alius
1611 1818 1748 1854 obligetur.
1768 1818 1805 1844 Ib.
1825 1818 1867 1844 111.
1888 1819 1945 1844 137.

1108 1873 1147 1900 sq.
1186 1862 1221 1889 Vt
1241 1873 1324 1899 neque
1344 1862 1504 1889 subtraxerit
1523 1861 1586 1897 quid
1606 1872 1638 1888 ex
1652 1861 1702 1893 his,
1722 1872 1787 1898 quae
1806 1862 1945 1898 acceperit,

1108 1917 1193 1943 neque
1216 1916 1361 1943 expensum
1385 1904 1530 1931 rationibus
1554 1905 1768 1941 praescripserit,
1798 1903 1868 1940 quod
1893 1914 1945 1930 non

1108 1949 1223 1976 dederat.
1243 1949 1273 1975 fr.
1296 1950 1352 1974 111.
1372 1947 1404 1974 de
1424 1947 1500 1973 cond.
1521 1952 1546 1973 et
1565 1946 1631 1973 dem.
1651 1949 1692 1974 35.
1714 1950 1735 1974 1.
1756 1947 1787 1974 cf.
1807 1948 1838 1973 I'r.
1852 1948 1892 1973 59.
1913 1946 1945 1973 de

1107 1993 1173 2020 adm.
1195 1997 1221 2019 et
1238 1993 1323 2029 peric}
1338 1993 1380 2017 26.
1401 1992 1423 2017 7.
1443 2006 1474 2010 —
1495 1991 1526 2024 ξ.
1547 1991 1582 2017 2.
1602 1992 1787 2024 Expensum
1801 1992 1907 2026 ferre,
1927 1991 1944 2015 i.

1108 2047 1129 2063 e.
1155 2038 1343 2070 Illlplttare‚
1369 2036 1570 2060 Adscrihere.
1608 2033 1627 2059 Ι.
1650 2034 1711 2067 Sy.
1736 2032 1793 2059 Sibi
1817 2034 1944 2069 imputare

1108 2080 1193 2112 (suam
1213 2077 1363 2104 facilitatem
1384 2077 1445 2109 etc.)
1464 2077 1617 2113 Expensum
1637 2075 1704 2102 ferre
1724 2075 1853 2109 (facilitati
1873 2086 1943 2106 suae.

1107 2132 1130 2148 v.
1152 2120 1345 2157 negligentiae.)
1365 2119 1396 2146 fr.
1415 2122 1439 2146 3.
1460 2120 1481 2153 ξ.
1501 2121 1525 2146 3.
1545 2124 1573 2145 ut
1593 2120 1618 2145 111
1638 2128 1710 2155 poss.
1730 2118 1805 2154 legat.
1819 2120 1860 2144 36.
1875 2120 1898 2144 4.
1913 2118 1942 2144 l'r.

1109 2167 1130 2191 l.
1159 2165 1181 2198 ξ.
1207 2165 1246 2190 17.
1272 2163 1305 2189 de
1329 2173 1414 2200 separ.
1438 2164 1479 2189 42,
1506 2163 1529 2188 6.
1559 2162 1590 2189 fr.
1614 2163 1655 2188 24.
1694 2161 1746 2196 Qu.
1772 2163 1798 2188 iu
1822 2160 1852 2187 fr.
1873 2160 1941 2187 cred.

1107 2210 1148 2234 42.
1172 2210 1196 2233 ὅ.

1141 2249 1365 2283 Experiens.
1386 2248 1506 2281 (Partic.)
1544 2249 1721 2281 Expertus,
1741 2249 1878 2274 I’eritus.
1898 2246 1940 2272 111,

1108 2295 1173 2321 Gn.
1198 2293 1238 2320 Ex
1257 2292 1314 2319 aula
1334 2296 1423 2318 nostra
1443 2290 1600 2317 decedentes
1624 2291 1682 2321 viri,
1701 2305 1733 2309 —
1753 2295 1880 2326 tamquam
1899 2299 1941 2315 ex-

1106 2337 1238 2373 perientes
1259 2341 1284 2361 et
1303 2335 1399 2365 idonei,
1420 2344 1471 2360 non
1491 2334 1622 2370 patiantur
1641 2338 1689 2360 etc.
1716 2332 1765 2359 Τ11.
1786 2333 1816 2359 C.
1837 2332 1878 2358 YI.
1898 2333 1939 2357 35.

1107 2389 1127 2406 c.
1149 2381 1188 2405 11.
1209 2378 1241 2404 de
1259 2379 1326 2415 priv.
1347 2387 1399 2403 eor.
1420 2387 1462 2413 qu.
1483 2377 1509 2402 in
1529 2376 1555 2402 S.
1576 2376 1626 2413 pal.

1140 2421 1402 2454 Experientia.
1440 2419 1470 2452 ᾖ.
1494 2421 1528 2446 l.
1553 2422 1827 2454 Experiznentunz,
1847 2419 1939 2443 Peri-

1105 2466 1250 2491 clitatio.
1288 2463 1331 2489 III.
1353 2464 1418 2490 Gn.
1438 2462 1592 2488 Anteriores
1612 2462 1724 2498 leges—
1737 2470 1789 2486 non
1808 2461 1939 2486 minimam

1106 2517 1168 2533 suae
1186 2506 1306 2533 utilitatis
1326 2506 1513 2542 experientiam
1531 2505 1691 2541 litigantibus
1712 2503 1896 2540 praebuerunt.
1917 2514 1937 2529 c.

1107 2552 1146 2576 14.
1167 2549 1199 2576 de
1218 2549 1295 2575 indic.
1315 2550 1339 2575 3,
1361 2550 1382 2575 l.
1403 2564 1435 2568 »-
1455 2548 1485 2581 §.
1500 2550 1535 2574 2.
1556 2548 1692 2574 peritia.
1717 2545 1760 2571 III.
1779 2547 1843 2573 011.
1863 2545 1938 2572 Prae-

1106 2603 1148 2620 ses
1167 2592 1210 2619 Pr.
1230 2608 1262 2611 —
1282 2593 1416 2618 notionem
1435 2601 1507 2617 suam
1526 2590 1663 2625 impertiet.
1684 2598 1735 2613 non
1756 2589 1877 2624 ignorans
1890 2599 1938 2626 pro

1105 2646 1151 2662 sua
1171 2636 1325 2661 auctoritate
1349 2640 1427 2671 atque
1450 2632 1616 2670 experientia.
1641 2630 1723 2656 Vatic.
1743 2631 1780 2664 §§.
1799 2633 1859 2658 271,
1877 2633 1936 2658 274,

1106 2679 1160 2714 Qui
1173 2688 1221 2715 pro
1241 2677 1430 2704 consuetudine
1450 2674 1554 2703 curandi
1573 2678 1665 2709 gerunt
1678 2675 1872 2710 experientiam.
1887 2674 1935 2701 Th.

1106 2721 1136 2748 C.
1156 2721 1226 2748 XVI.
1245 2723 1270 2747 2.
1290 2731 1311 2748 c.
1337 2722 1378 2747 43.
1403 2720 1435 2746 de
1461 2719 1539 2754 episc.
1560 2716 1622 2743 eccl.
1643 2733 1674 2736 -
1694 2717 1724 2750 ξ.
1745 2719 1782 2744 3.
1805 2719 1936 2744 Titulus

1105 2766 1316 2791 honorarius.
1353 2763 1371 2789 I.
1392 2764 1452 2796 Sy.
1477 2759 1653 2786 Laudabilitas
1673 2760 1749 2793 (tua.)
1768 2760 1805 2786 lb.
1825 2760 1891 2787 VIII.
1912 2762 1935 2785 5.

1106 2818 1126 2834 e.
1146 2809 1187 2834 57.
1207 2807 1239 2833 de
1263 2816 1341 2834 cursu
1362 2804 1423 2842 pub.
1461 2803 1503 2829 111.
1524 2804 1589 2830 Gn.
1612 2802 1752 2830 Laudanda
1776 2804 1854 2839 igitur
1877 2812 1934 2838 exp.
