2197 3121
943 171 1040 203 MUC
1059 191 1097 195 —
1116 173 1219 203 MUL.

218 254 349 280 ctoritatis
368 253 458 290 Aquil.
474 253 576 285 Gallus,
595 252 695 279 Balbus
708 252 835 284 Lucilius,
855 252 917 280 Sex.
932 253 1062 291 Papirius,

218 297 248 323 C.
269 296 412 323 luventius.
433 296 465 323 l'r.
485 298 509 322 2.
530 297 568 330 33.
588 298 629 322 41.
649 305 688 332 sq.
710 295 742 322 de
762 297 794 322 Ο.
815 296 833 322 I.
855 298 877 322 1.
891 298 914 322 2.
947 297 1060 332 Quidam

218 339 241 365 V
254 349 347 375 genera
368 340 417 372 (sc.
437 339 588 375 tutelarum)
609 348 668 364 csse
687 338 818 371 dixerunt,
838 343 866 365 ut
880 338 931 374 Qu.
945 338 1061 371 Mucium

217 381 261 408 alii
280 381 323 411 111,
344 386 371 408 nt
386 381 496 408 Servius
511 381 601 418 Sulp.;
621 380 665 407 alii
679 380 717 413 11.,
738 387 766 408 ut
779 382 876 408 Labeo.
897 381 954 407 Gai.
969 381 987 408 I.
1003 384 1060 408 188.

217 426 270 460 Qu.
291 424 392 451 Mucius
411 425 453 451 ait.
471 440 503 444 —-
524 424 634 451 Servius
654 434 706 450 non
726 424 887 461 ineleganter
906 429 955 451 etc.
975 424 1005 451 sr.
1019 427 1060 451 25.

217 468 239 501 3.
262 469 283 493 l.
308 468 340 494 de
360 467 391 494 V.
412 467 438 494 S.
458 470 499 494 50.
520 469 560 494 16.
600 467 710 494 Servius
735 469 761 494 in
785 468 881 493 notatis
906 467 955 500 [al.
975 468 1061 501 notis]

217 510 296 537 Mucii
321 512 362 537 ait.
387 510 417 536 fr.
437 512 479 545 30:
504 521 552 547 pro
577 520 631 537 soc.
653 512 692 536 17.
712 512 736 537 2.
773 511 808 537 Et
831 511 857 536 in
882 509 960 537 edicti
983 512 1062 537 inter-

217 554 372 590 pretatione,
393 558 418 579 ct
436 554 463 579 in
482 553 523 579 his
543 553 628 583 libris,
648 564 715 590 qnos
731 564 763 580 ex
777 553 829 589 Qu.
843 553 929 579 Mucio
943 553 1061 585 fecimus,

217 597 348 629 (exsecuti
368 606 458 622 snmus
478 596 540 628 etc.)
562 597 617 623 Gai.
638 596 658 622 1.
678 597 735 622 188.

251 640 392 666 Mueor.
429 641 566 674 Lanngo
592 640 854 672 (esculentorum
883 646 941 665 ant
965 646 1060 673 potu-

211 684 407 714 lemanum)
430 693 510 717 qnae
529 684 660 708 diutino
680 683 747 708 sita
767 684 986 709 vantralzitur.
1017 682 1060 709 111.

217 725 282 751 Gn.
307 724 335 750 Si
355 735 408 751 non
426 726 462 752 ita
482 726 570 751 vinum
592 726 678 756 veuit,
703 729 731 750 nt
757 723 952 760 degustaretu1·,
976 736 1061 762 neque

216 777 318 793 acorem
342 777 428 804 neque
451 778 584 794 mucorem
609 767 772 793 venditorem
798 773 932 804 praestare
956 767 1060 795 debere.
1082 770 1084 773 ἱ

216 810 246 836 fr.
266 812 290 836 4.
311 810 332 843 3.
355 813 377 837 l.
398 811 429 837 cl'.
450 822 488 848 pr.
509 810 541 837 (le
561 811 641 848 peric.
662 814 687 836 et
707 820 798 836 comm.
820 811 858 836 18.
880 812 903 837 6.

250 854 366 879 Mula.
405 853 445 880 Cs.
466 865 490 880 v.
510 853 605 880 mulus.

249 897 406 927 Mulcta,
429 906 450 922 s.
470 898 603 924 Blulta.
642 896 719 929 §.l.
740 898 988 923 Animadversio
1007 900 1060 923 αιί-

214 940 309 964 missi
336 941 544 973 pecuniaria.
587 938 605 964 1.
628 939 689 972 Sy.
719 938 848 975 Specialis
876 940 978 976 peccati
1006 940 1059 973 (sc.

215 982 373 1014 coercitio.)
403 983 476 1008 cuius
505 981 584 1008 hodie
612 981 804 1009 animadversio
834 983 983 1019 pecuniaria
1012 988 1059 1009 est.
1082 999 1083 1008 t

214 1024 243 1050 l'r.
266 1026 323 1051 131.
348 1026 370 1058 3.
390 1027 414 1051 l.
439 1025 470 1051 de
495 1023 527 1050 V.
549 1024 575 1050 S.
601 1026 642 1050 5⁰.
668 1026 708 1051 16.
754 1024 886 1051 Summam
914 1025 1060 1057 exsolvere,

214 1066 321 1093 Multam
346 1068 451 1094 inferre.
480 1066 529 1093 Th.
551 1067 581 1093 C.
601 1066 672 1093 XVI.
697 1069 720 1093 5.
746 1078 766 1094 c.
787 1070 828 1094 54.
854 1068 892 1101 33.
915 1070 938 1094 3.
963 1078 1003 1105 sq.
1026 1068 1059 1095 de

214 1109 310 1137 haeret.
349 1110 378 1137 II.
398 1112 464 1144 ΟΡ.
489 1109 585 1136 Poena.
610 1110 640 1136 l'r.
661 1110 701 1136 68.
723 1120 761 1147 pr.
783 1110 816 1137 de
835 1110 953 1137 finleiuss,
973 1112 1014 1137 46.
1037 1113 1057 1137 l.

213 1152 243 1179 fr.
266 1155 322 1180 131.
343 1154 364 1187 3.
386 1155 408 1180 1.
429 1153 459 1179 sr.
479 1155 537 1179 244.
559 1152 590 1179 de
610 1152 642 1179 V.
663 1152 689 1179 S.
709 1155 750 1179 50.
771 1155 811 1180 16.
849 1153 892 1180 111.
913 1155 979 1181 Cn.
999 1154 1059 1180 Per-

214 1196 279 1222 tinet
297 1196 329 1222 ad
349 1196 601 1223 animadversionem
622 1197 687 1227 eius,
705 1212 737 1215 —-
758 1202 786 1223 ut
805 1201 849 1223 aut
868 1196 948 1223 multa
967 1197 1059 1223 multe-

213 1244 267 1270 tur,
288 1244 332 1265 aut
350 1241 377 1265 in
401 1239 554 1270 lautumias,
580 1239 621 1265 vel
646 1240 672 1265 in
692 1239 795 1266 vincula
814 1239 920 1276 publiea
940 1239 1056 1266 ducatur.

213 1281 241 1307 l'r.
264 1283 285 1307 1.
312 1282 375 1315 3.1.
401 1282 434 1308 de
460 1282 567 1308 aleator.
594 1284 633 1308 11.
653 1285 677 1308 5.
721 1282 881 1319 Castigatio,
908 1283 1057 1318 pecuniaria

211 1323 301 1355 multa.
321 1335 456 1351 munerum
476 1325 585 1351 indictio
606 1330 654 1351 etc.
675 1325 705 1351 fr.
724 1327 749 1352 3.
772 1326 837 1359 3.1.
859 1324 890 1351 de
910 1324 941 1351 R.
962 1325 994 1351 M.
1015 1327 1056 1352 49.

212 1369 252 1393 16.
282 1368 313 1394 Ei
327 1370 377 1401 (se.
393 1370 482 1399 servo)
503 1367 599 1404 capital
618 1378 686 1399 esse,
706 1369 757 1394 nisi
777 1367 899 1394 dominus
919 1367 1057 1395 dominave

211 1409 318 1437 multam
339 1411 449 1437 sufferre
467 1410 597 1436 maluerit.
618 1411 647 1437 fr.
667 1412 691 1437 3.
711 1411 733 1444 3.
750 1413 771 1437 l.
792 1411 824 1437 de
843 1417 917 1437 term.
937 1416 1000 1437 mot.
1014 1413 1056 1437 47.

210 1455 252 1479 21.
289 1454 407 1490 Eamque
430 1453 605 1490 (pecuniam)
632 1454 662 1479 ab
689 1464 719 1480 eo
743 1455 779 1485 iS‚
804 1455 848 1489 qui
872 1454 922 1480 hoc
946 1455 1056 1491 imperio

211 1497 303 1524 ulitur.
323 1498 447 1533 exigeret,
468 1497 483 1523 i.
498 1508 519 1522 e.
534 1497 628 1533 pignus
649 1496 785 1533 capiendo,
799 1507 895 1534 corpus
910 1497 1056 1529 retinendo,

211 1538 318 1565 multam
339 1539 461 1565 dicendo.
485 1539 515 1565 fr.
536 1541 559 1565 9.
584 1540 606 1573 3.
626 1540 650 1565 6.
676 1539 708 1565 ad
727 1539 756 1566 L.
776 1540 823 1566 lul.
848 1540 932 1577 pecul.
953 1542 995 1567 48.
1016 1542 1055 1567 13.

210 1581 251 1608 Ex
271 1592 348 1608 causa
368 1593 380 1608 a
401 1587 567 1618 competente
587 1582 672 1608 iudice
692 1583 785 1610 multa.
806 1593 854 1620 pro
874 1584 1056 1610 iurisdictione
1077 1595 1079 1618 1

212 1624 315 1656 iudicis,
332 1625 505 1651 damnabitur.
526 1625 555 1651 l'r.
575 1628 599 1651 2.
620 1626 642 1659 3.
664 1627 686 1651 1.
706 1627 729 1651 si
749 1636 790 1662 qu.
812 1627 838 1652 in
857 1627 897 1652 ius
918 1636 973 1652 voe.
989 1628 1012 1653 2.
1031 1629 1054 1652 5.
1101 1628 1130 1654 fr,
1153 1630 1192 1654 13,
1213 1638 1251 1664 pr.
1273 1627 1305 1654 (le
1326 1626 1356 1653 V.
1377 1628 1403 1652 S.
1418 1629 1459 1652 50.
1481 1628 1520 1652 16.
1558 1625 1648 1653 Mater.
1669 1626 1762 1652 Mulier
1782 1627 1942 1663 (parturiens

211 1666 323 1694 Praese-s
343 1667 384 1694 Pr.
405 1669 428 1694 si
448 1667 562 1698 multam,
583 1678 659 1704 quam
672 1670 806 1704 irrogavit,
826 1679 858 1695 ex
871 1669 1055 1706 praesentibus
1077 1680 1079 1708 J

212 1710 380 1737 facultatibus
401 1721 499 1743 eorum,
519 1711 615 1747 quibus
636 1721 691 1737 eam
707 1711 780 1742 dixit,
802 1712 883 1748 redigi
904 1722 955 1738 non
974 1722 1055 1749 posse

212 1752 424 1789 deprehenderit.
450 1753 480 1779 l'r.
500 1755 524 1780 6.
550 1754 572 1787 3.
592 1756 615 1780 9.
641 1754 673 1780 de
698 1754 742 1780 osl‘.
762 1754 850 1781 l'raes.
871 1757 893 1780 1.
916 1756 954 1781 18.
980 1755 1010 1781 sr.
1030 1756 1054 1780 2.
1077 1779 1078 1794 3

212 1796 233 1829 3.
254 1800 278 1821 ὅ.
298 1795 330 1821 de
349 1796 427 1822 iudic.
447 1798 471 1822 5.
493 1798 514 1822 1.
535 1796 565 1822 fr.
588 1798 644 1822 131.
664 1797 730 1830 3.1.
750 1796 780 1823 sr.
800 1799 859 1823 244.
880 1797 912 1823 de
926 1797 956 1824 V.
972 1797 998 1823 S.
1013 1800 1054 1823 50.

213 1840 255 1864 16.
293 1839 407 1864 Senatus
429 1840 538 1871 censuit,
553 1855 585 1859 —
601 1844 626 1865 et
646 1838 751 1865 multam
772 1841 871 1867 statuit.
891 1841 921 1866 l‘r.
938 1842 959 1866 1.
979 1840 1053 1874 331.

211 1891 251 1917 sq.
278 1880 310 1907 (lv
339 1881 438 1917 fugitiv.
464 1883 504 1908 ll.
529 1885 555 1908 4.
599 1882 720 1907 statutus
749 1884 844 1919 priscis
873 1883 1054 1910 sanctionibus

211 1923 308 1949 inultae
329 1924 431 1950 modus.
453 1923 503 1950 Th.
523 1923 554 1950 C.
574 1924 618 1950 XI.
638 1926 680 1950 30.
701 1935 721 1951 c.
742 1929 782 1952 65.
804 1926 836 1952 de
854 1937 912 1963 app.
933 1932 959 1953 et
978 1936 1054 1963 poen.

211 1967 392 2002 Argentariam
416 1967 537 1998 multam,
557 1982 589 1986 -
613 1967 679 1993 Auri
698 1966 793 2000 libraS,
820 1969 917 1995 multae
941 1971 1054 2000 nomine.

211 2009 329 2042 (inferre,
349 2019 370 2036 s.
391 2010 541 2047 expendere
562 2011 639 2045 cogi.)
662 2010 699 2036 lb.
720 2010 776 2037 111.
790 2014 814 2037 8.
835 2022 855 2038 c.
873 2014 895 2038 7.
916 2012 948 2038 (le
967 2017 1054 2040 metat.

210 2052 255 2078 XI.
275 2054 316 2078 36.
337 2063 358 2078 c.
372 2054 413 2079 20.
435 2054 518 2088 Quor.
539 2063 599 2090 app.
620 2064 643 2080 n.
663 2064 714 2080 ree.
729 2070 759 2073 -
780 2055 811 2088 ξ.
826 2056 861 2081 2.
883 2056 1053 2083 Coe'rcitio

213 2098 384 2128 quaelibet.
419 2095 438 2122 I.
457 2097 520 2130 Sy.
540 2096 731 2134 Mancipiormn
749 2097 838 2123 multa.
867 2097 982 2124 'Numero
1002 2108 1054 2125 ser-

212 2147 302 2165 vorum
326 2138 438 2165 multari.
470 2138 632 2165 Multatieius
656 2150 757 2167 servus.
789 2139 884 2166 Poena.
909 2140 945 2167 lb.
965 2140 1009 2167 IV.
1030 2142 1052 2167 S.

214 2189 235 2205 c.
256 2182 278 2206 1.
297 2182 377 2215 33.1.
398 2191 457 2218 sqq.
478 2181 511 2208 (le
529 2182 631 2208 liberali
651 2193 672 2209 c.

250 2224 448 2255 Mulctare,
471 2235 492 2250 S.
512 2226 689 2252 Multam.
715 2226 745 2259 §-
766 2229 800 2253 1.
821 2229 1052 2253 Pecuniariam
1075 2247 1076 2252 ,

213 2275 344 2298 poenum
369 2269 539 2301 imponere.
575 2267 593 2294 1.
619 2269 681 2302 Sy.
709 2268 817 2295 Multam
840 2270 962 2305 irrogare.
988 2280 1008 2296 e.
1029 2272 1052 2296 5.

214 2307 265 2342 Qu.
286 2317 392 2344 provoe.
412 2319 436 2335 n.
457 2315 497 2336 est
516 2321 572 2336 nec.
587 2313 610 2336 7.
625 2312 666 2337 64.
695 2311 724 2337 II.
739 2313 806 2345 ⁰1).
821 2311 917 2338 Totum
932 2312 1053 2339 damnum

214 2351 348 2376 sarcietur.
364 2367 393 2370 —
413 2351 471 2378 Non
486 2353 552 2380 ultra
567 2354 810 2381 condemnationem
824 2365 908 2381 noxae
920 2355 1053 2382 multanda
1074 2363 1076 2394 j

1074 2403 1076 2422 1
1097 2399 1234 2426 Paterlam.
1264 2398 1335 2425 Paul.
1355 2399 1385 2425 11.
1405 2400 1446 2424 24.
1466 2399 1488 2432 3
1509 2400 1531 2424 7.
1552 2398 1582 2424 fr.
1601 2399 1642 2423 22.
1672 2397 1723 2432 Qu.
1748 2396 1816 2423 mod.
1841 2397 1936 2424 ususfr.

214 2394 271 2419 crit.
292 2393 374 2419 1“ι“.21.
395 2394 416 2426 3.
429 2396 452 2420 2.
473 2395 505 2421 (le
524 2402 572 2422 act.
594 2407 642 2423 rer.
664 2402 740 2423 amot.
753 2399 794 2424 25.
809 2400 833 2423 2.
860 2397 902 2423 111.
916 2399 981 2425 Cn.
1001 2398 1052 2425 Pro

214 2437 395 2462 aestimatione
419 2436 526 2470 iudicis,
555 2445 626 2466 extra
653 2440 770 2467 ordinem
796 2442 946 2477 pecuniaria
968 2451 1052 2478 poena

214 2478 327 2505 multari.
352 2478 381 2505 11.
403 2481 425 2504 1.
451 2479 471 2512 3.
492 2481 515 2506 6.
538 2481 571 2508 de
593 2483 691 2519 postul.
711 2485 735 2509 3.
758 2485 779 2509 1.
816 2483 882 2510 Eum
902 2485 961 2520 quis
980 2483 1053 2511 volet

214 2522 380 2557 magistratus
406 2521 530 2554 multare.
551 2540 580 2544 —
602 2525 687 2552 liceto.
716 2526 758 2552 Fr.
777 2525 807 2553 L.
828 2526 908 2553 Siliae
927 2527 960 2553 de
978 2527 1051 2564 publ.

214 2564 352 2601 ponderib.
373 2564 480 2597 (Festus
499 2575 523 2591 V.
540 2564 647 2594 Publica
666 2569 803 2606 pondera.)
840 2569 1051 2602 Animadversio,

215 2623 247 2627 —
267 2612 295 2633 ut
319 2612 362 2633 aut
385 2607 465 2633 multa
484 2607 609 2634 multetur
628 2616 676 2638 ete.
700 2612 731 2639 fr.
752 2615 774 2639 1.
799 2614 821 2647 3.
840 2616 864 2640 4.
889 2613 922 2639 de
945 2612 1051 2639 aleator.

215 2652 256 2676 ll.
276 2652 299 2676 5.
337 2649 427 2685 Magna
455 2651 565 2687 pecunia
593 2651 702 2680 multare
726 2655 879 2689 (heredes.)
905 2656 933 2682 [ι’.
953 2658 995 2682 27.
1019 2656 1052 2682 (lc

216 2693 291 2720 cond.
317 2698 342 2719 et
366 2693 433 2719 dem.
453 2695 494 2719 35.
516 2695 538 2719 l.
575 2693 722 2728 Bonorum,
747 2708 767 2724 s.
788 2698 954 2730 patrimonii,
978 2703 1052 2736 part-e

214 2736 327 2762 multari.
350 2735 420 2762 Paul.
441 2735 471 2762 V.
491 2738 532 2762 23.
552 2737 574 2770 3.
595 2739 618 2763 4.
639 2737 668 2764 fr.
690 2740 730 2765 13.
754 2741 775 2774 3.
795 2743 819 2768 7.
838 2741 870 2768 de
890 2742 914 2768 11.
935 2752 978 2778 qn.
998 2747 1051 2768 not.

215 2778 301 2805 infam.
321 2780 345 2805 3.
364 2781 388 2804 2.
417 2778 466 2805 Τ11.
488 2778 519 2805 C.
538 2779 582 2806 IX.
604 2782 644 2806 17.
670 2789 690 2807 c.
710 2782 733 2807 6.
758 2782 790 2810 de
813 2785 913 2821 sepulc.
937 2784 1000 2811 viol.
1022 2801 1052 2805 —-

216 2821 247 2854 ἓ.
264 2823 300 2848 2.
321 2824 455 2848 Poenam
478 2825 729 2858 qualemcunque
748 2826 915 2859 imponere.
951 2828 970 2854 I.
991 2829 1053 2862 Sy·

1886 180 1949 209 603

1108 244 1194 281 Poena
1213 255 1333 282 adficere.
1354 256 1383 283 sr.
1406 258 1444 283 10.
1466 258 1487 291 3
1507 259 1530 283 2.
1551 256 1583 283 de
1602 267 1679 294 poen.
1699 258 1740 283 48.
1758 259 1797 284 19.
1822 258 1865 284 111.
1881 261 1947 286 Cn.

1085 321 1086 340 1
1106 297 1218 330 Exsilio,
1238 309 1261 325 v.
1283 298 1372 336 Opere
1392 301 1558 336 temporario,
1578 300 1689 326 multari.
1714 301 1744 327 fr.
1764 304 1787 327 4.
1812 302 1832 334 3.
1856 303 1895 328 11.
1915 302 1947 329 de

1106 340 1137 366 R.
1157 341 1189 368 M.
1209 342 1250 368 49.
1271 343 1310 368 16.
1336 342 1365 368 1ἰ·.
1389 345 1427 368 10.
1455 343 1476 376 3.
1497 345 1523 368 2.
1549 342 1580 369 de
1599 353 1675 380 poen.
1694 345 1736 370 ts.
1758 345 1796 370 19.
1834 344 1867 371 Vi
1892 346 1947 381 qui—

1084 403 1085 411 ,
1106 383 1164 409 dem
1185 384 1313 410 bonorum
1332 390 1466 422 raptorum
1486 396 1537 411 non
1558 386 1702 415 tenebitur.
1723 386 1770 413 sed
1789 387 1864 414 aliter
1883 388 1947 414 mul-

1106 426 1211 453 tabitur.
1232 427 1261 453 fr.
1280 429 1306 453 2.
1328 428 1410 462 318.
1431 428 1463 454 (le
1482 430 1507 454 vi
1526 428 1587 455 bon.
1608 434 1674 466 rapt.
1693 431 1735 456 47.
1754 434 1778 456 ὅ.
1815 430 1946 457 Adversa-

1106 470 1160 495 rius
1174 471 1230 507 pari
1249 480 1357 496 numero
1377 480 1512 497 servorum
1532 471 1663 498 multetur.
1684 472 1733 499 Th.
1748 472 1778 499 C.
1790 472 1868 499 IV.8.
1889 484 1910 500 c.
1923 476 1945 500 1.

1106 513 1127 546 3.
1150 515 1170 539 l.
1191 513 1223 539 de
1243 513 1345 539 liberali
1365 524 1386 540 c.
1412 530 1443 532 —
1469 514 1499 547 ξ.
1520 515 1555 541 2.
1566 516 1609 541 A.
1636 517 1778 542 Privari.
1815 515 1858 542 III.
1879 518 1946 544 Gn.

1105 555 1188 582 Actor
1208 572 1239 575 ——
1260 558 1362 583 actione
1381 557 1513 583 multetur.
1535 568 1555 583 c.
1575 560 1598 583 5.
1619 558 1640 591 3
1663 560 1683 584 l.
1704 558 1736 584 de
1761 559 1851 585 iurisd.
1876 570 1944 586 omn.

1083 585 1084 635 ἶ
1106 598 1158 624 iud.
1177 600 1202 625 3.
1224 601 1263 626 13.
1289 616 1320 619 —
1346 600 1376 633 §-
1395 602 1432 627 3.
1460 601 1546 627 Male
1570 603 1723 636 adficere.
1761 602 1802 628 HI.
1824 604 1890 630 Gn.
1913 602 1946 629 Vt.

1106 651 1173 672 rum,
1194 643 1285 678 qui-
1306 643 1337 669 ad
1356 644 1554 680 possessionem
1573 644 1682 670 venerit.
1702 644 1838 677 multandi,
1858 645 1946 683 expel-

1083 694 1084 699 ¹
1105 683 1176 710 leudi
1197 685 1290 712 babeat
1310 688 1363 718 (sc.
1384 686 1523 719 (lominus)
1544 686 1701 712 facultatem.
1725 686 1774 713 Τ11.
1795 688 1825 714 C.
1845 687 1900 715 Yll.
1920 693 1943 715 8.

1106 737 1127 753 e.
1150 729 1188 753 10.
1209 729 1274 761 3.1.
1295 729 1326 755 tle
1346 734 1432 755 metat.

1140 780 1356 811 Bluletatio,
1387 790 1407 806 s.
1438 780 1625 806 Munatio.
1669 781 1800 807 Jlulcta.
1838 781 1857 808 I.
1882 783 1943 817 Sy.

1105 820 1193 847 Multa.
1215 822 1250 847 Ib.
1272 822 1314 849 Vl.
1336 825 1359 849 4.
1380 833 1400 849 r.
1420 825 1444 848 2.
1465 833 1504 858 sq.
1526 822 1558 848 (le
1577 822 1661 849 Praet.
1682 828 1707 849 et
1727 825 1778 858 Qu.

1140 874 1410 904 Mulctatieius.
1431 883 1450 900 s.
1471 873 1718 900 Multafieius.
1743 874 1873 906 (Adiect.)
1901 877 1946 902 Aa

1105 919 1259 943 mulctam
1279 923 1436 950 spectans.
1474 916 1514 942 Cl'.
1534 926 1558 941 v.
1578 915 1681 942 Mutela.
1703 916 1724 949 3.
1744 919 1768 942 2.

1139 967 1349 993 Muliebris.
1374 967 1503 999 (Atliert.)
1540 968 1571 1000 ξ.
1588 968 1622 993 1.
1643 969 1690 993 Ad
1707 969 1857 994 mulieres
1876 960 1944 1002 spc-

1105 1016 1206 1036 clans.
1236 1010 1267 1036 11.
1283 1011 1350 1044 01).
1370 1009 1461 1036 Yirilis
1476 1011 1570 1042 (vestis
1585 1011 1647 1041 etc.)
1667 1009 1738 1036 Paul.
1753 1009 1794 1036 111.
1808 1012 1832 1037 6.
1852 1011 1889 1044 33.
1903 1012 1943 1038 80.

1105 1063 1144 1089 sq.
1165 1053 1195 1079 l'r.
1215 1054 1256 1079 31.
1277 1063 1315 1089 pr.
1336 1053 1401 1086 3.1.
1423 1053 1454 1079 de
1474 1053 1533 1078 (lon.
1555 1054 1599 1078 int.
1616 1052 1702 1078 5124.
1718 1055 1740 1078 1.
1761 1053 1863 1079 11:110.
1885 1054 1943 1088 3.1.

1105 1095 1136 1121 ile
1156 1095 1187 1122 V.
1209 1095 1241 1122 O.
1262 1097 1302 1122 45.
1325 1098 1345 1122 l.
1389 1095 1431 1121 111.
1453 1097 1518 1123 Cn.
1544 1095 1657 1121 Mundus
1681 1095 1824 1122 muliebris.
1863 1096 1945 1123 Orna-

1104 1144 1189 1165 menta
1210 1139 1354 1165 muliebria.
1376 1139 1405 1165 fr.
1428 1140 1449 1164 1.
1470 1149 1508 1175 pr.
1532 1138 1562 1164 fr.
1582 1141 1623 1164 25.
1649 1138 1669 1171 3
1691 1140 1731 1164 10.
1752 1139 1782 1165 sr.
1800 1140 1842 1165 32.
1862 1140 1899 1174 33.
1919 1142 1942 1166 6.

1081 1182 1082 1191 ’
1104 1192 1142 1218 sq.
1164 1182 1195 1208 de
1215 1192 1277 1208 auro
1298 1193 1348 1217 arg.
1363 1184 1442 1208 312.
1464 1180 1535 1207 Paul.
1556 1181 1572 1207 l.
1594 1181 1609 1206 l.
1630 1181 1651 1213 3.
1665 1183 1749 1208 33.—
1771 1183 1801 1215 ἕ.
1818 1184 1853 1209 2.
1875 1184 1943 1209 Mu-

1103 1227 1224 1251 liebri«
1251 1227 1292 1262 (p.
1314 1236 1342 1251 se
1362 1226 1436 1262 lios.)
1462 1225 1478 1250 i.
1499 1236 1520 1250 e.
1547 1226 1662 1251 coitus
1686 1226 1854 1258 Tenet-eus,
1881 1236 1942 1252 mu-

1103 1270 1216 1294 lierum
1246 1278 1329 1295 more
1361 1269 1578 1295 sustinendus.
1616 1266 1634 1293 1.
1659 1268 1721 1301 Sy.
1750 1267 1871 1304 Corpore
1895 1278 1943 1294 suo

1102 1310 1238 1337 muliebria
1258 1312 1320 1348 pati.
1341 1311 1470 1348 Stuprari.
1491 1310 1521 1336 l'r.
1543 1312 1564 1336 1.
1585 1310 1605 1344 3.
1627 1312 1649 1336 6.
1671 1309 1703 1336 de
1722 1311 1820 1347 postul.
1840 1313 1864 1338 3.
1886 1313 1907 1337 1.

1135 1362 1386 1389 Mulieluffter.
1406 1361 1520 1396 (Advb.)
1543 1363 1752 1388 Feminarum
1772 1372 1862 1388 more.
1900 1361 1942 1388 111.

1103 1405 1168 1432 Cn.
1193 1404 1276 1430 Visite
1296 1415 1405 1442 corpus,
1431 1404 1536 1431 mulieb.
1558 1405 1743 1434 constitutum,
1768 1404 1845 1431 alieni
1865 1415 1944 1431 sexus

1102 1447 1224 1473 damnare
1248 1449 1380 1484 patientia.
1408 1448 1457 1474 Th.
1479 1448 1509 1474 C.
1530 1447 1574 1473 IX.
1600 1449 1622 1473 7.
1648 1458 1669 1473 r.
1689 1448 1712 1473 6.
1737 1446 1769 1473 ad
1793 1447 1822 1474 L.
1843 1447 1889 1474 Iul.
1912 1447 1944 1474 d«—

1102 1490 1181 1517 adult.
1202 1490 1285 1523 (Call.
1307 1490 1359 1517 LL.
1379 1491 1412 1517 M.
1433 1490 1463 1516 V.
1484 1491 1522 1522 3.)

1136 1542 1286 1569 Mulier.
1324 1543 1355 1575 ᾖ.
1369 1544 1402 1568 l.
1424 1543 1565 1567 Femina.
1603 1540 1620 1566 1.
1641 1541 1702 1574 Sy.
1722 1540 1836 1567 femina.
1857 1540 1897 1567 Cf.
1917 1541 1942 1567 11.

1101 1595 1125 1611 v.
1164 1584 1244 1619 Virgo
1265 1584 1446 1621 (viripotens.)
1473 1583 1501 1609 fr.
1522 1585 1562 1609 Sl.
1583 1584 1646 1616 3.1.
1668 1583 1699 1609 (le
1719 1583 1793 1619 legat.
1814 1583 1855 1609 111.
1876 1584 1943 1617 (32.)

1101 1672 1163 1702 etc.)
1184 1670 1254 1697 Paul.
1275 1670 1304 1697 H.
1324 1672 1366 1696 24.
1386 1671 1407 1703 3.
1428 1671 1451 1695 6.
1472 1668 1514 1695 IV.
1535 1671 1558 1695 9.
1579 1670 1658 1703 33.1.
1679 1671 1703 1694 3.
1723 1671 1747 1695 5.
1762 1670 1785 1695 9.
1807 1670 1835 1695 1“1·.
1852 1671 1891 1695 15.
1910 1669 1943 1695 de

1100 1719 1170 1740 statu
1190 1714 1258 1739 hom.
1280 1715 1302 1739 1.
1322 1715 1345 1739 5.
1384 1712 1426 1738 III.
1448 1714 1513 1740 (711.
1538 1712 1705 1739 Muneribus.
1730 1717 1839 1748 propter
1863 1722 1942 1738 sexus

1100 1756 1319 1787 imbecillitatem,
1340 1755 1525 1787 (subvenire.)
1554 1754 1584 1780 fr.
1605 1756 1628 1780 2.
1650 1755 1670 1788 3.
1690 1758 1714 1780 2.
1734 1754 1766 1780 ad
1786 1754 1852 1781 S.C.
1872 1754 1941 1781 Veli.

1102 1800 1141 1824 16.
1160 1801 1180 1824 l.
1207 1809 1228 1824 e.
1248 1800 1289 1824 20.
1314 1798 1346 1824 de
1371 1798 1430 1823 (lon.
1456 1798 1487 1823 Λ.
1508 1796 1538 1824 N.
1560 1800 1583 1823 5.
1603 1799 1626 1823 3.
1664 1797 1771 1829 Mulier,
1791 1808 1839 1823 nec
1858 1798 1942 1824 miles.

1099 1852 1147 1868 nec
1167 1843 1252 1867 minor
1270 1840 1347 1867 XXV
1367 1842 1450 1867 annis.
1473 1841 1501 1866 l'r.
1516 1844 1539 1866 S.
1559 1841 1596 1874 33.
1612 1842 1633 1866 1.
1648 1850 1688 1876 sq.
1709 1840 1761 1876 Qu.
1781 1840 1872 1867 satisd.
1888 1851 1941 1877 cog.

1098 1887 1122 1910 2.
1137 1888 1160 1910 S.
1192 1884 1356 1915 Malim-ibim.
1378 1882 1530 1920 pupillisve,
1551 1883 1625 1915 (dare
1641 1886 1762 1914 tutores.)
1783 1884 1839 1909 Gai.
1854 1883 1871 1910 1.
1885 1884 1940 1909 18⁴.

1099 1927 1128 1954 II.
1149 1929 1190 1953 47.
1216 1926 1276 1964 le.
1296 1926 1341 1953 Xl.
1365 1929 1403 1953 115.
1423 1928 1464 1952 24.
1508 1926 1614 1957 Mulier,
1639 1936 1705 1962 quae
1729 1927 1875 1952 manumitti
1900 1926 1942 1953 de-

1100 1970 1164 1997 buit.
1185 1970 1257 1996 Paul.
1270 1969 1301 1996 Il.
1315 1971 1356 1995 24.
1377 1970 1398 2003 3.
1414 1971 1437 1995 4.
1458 1969 1487 1995 fr.
1510 1971 1549 1995 15.
1570 1968 1602 1995 de
1621 1974 1691 1995 statu
1710 1969 1778 1995 hom.
1795 1971 1816 1995 l.
1831 1971 1853 1995 5.
1875 1968 1942 1996 Cum

1099 2015 1156 2050 ipsa
1175 2013 1269 2039 mulier
1283 2012 1365 2039 llbera
1380 2017 1538 2049 permaneat,
1558 2011 1670 2038 liberum
1684 2013 1775 2049 pariat.
1796 2011 1852 2038 Gai.
1866 2011 1884 2038 1.
1899 2013 1939 2038 84.

1099 2056 1153 2092 Qui
1172 2061 1307 2082 vacantem
1327 2055 1461 2082 mulierem
1481 2056 1575 2092 rapuit,
1595 2055 1638 2081 vel
1658 2060 1772 2092 nuptam.
1793 2054 1823 2081 l'r.
1837 2057 1860 2080 5.
1881 2055 1902 2088 3.
1916 2057 1940 2082 2.

1075 2085 1077 2123 l
1098 2099 1130 2125 ad
1150 2098 1179 2126 L.
1200 2099 1246 2125 lul.
1269 2099 1300 2125 de.
1319 2100 1345 2125 vi
1364 2098 1427 2135 pub.
1447 2099 1488 2124 118.
1508 2100 1531 2124 6.
1569 2097 1664 2124 Mulier
1683 2099 1716 2124 ita
1736 2103 1818 2129 arcta,
1840 2103 1868 2124 ut
1887 2108 1941 2124 mu-

1098 2142 1148 2169 lier
1167 2144 1224 2168 lieri
1245 2152 1296 2168 non
1315 2143 1410 2179 possit.
1435 2141 1465 2167 sr.
1487 2142 1526 2166 14.
1552 2142 1573 2175 3
1594 2143 1615 2167 7.
1642 2141 1674 2166 dv
1692 2140 1779 2166 Aedil.
1803 2139 1879 2167 edict.
1898 2142 1939 2166 21.

1075 2208 1076 2211 ,
1100 2187 1122 2211 1.
1151 2185 1223 2215 Mul..
1243 2195 1309 2221 quae
1329 2195 1433 2222 semper
1453 2189 1570 2210 mortuos
1590 2185 1665 2221 parit.
1692 2183 1763 2211 Mul..
1784 2193 1849 2219 quae
1863 2183 1939 2210 edere

1098 2229 1191 2265 possit.
1213 2228 1242 2254 fr.
1265 2230 1303 2254 14.
1329 2238 1367 2265 pr.
1388 2228 1422 2254 ib.
1442 2229 1482 2253 21.
1506 2229 1527 2253 l.
1552 2227 1582 2253 fr.
1604 2229 1660 2252 141.
1686 2226 1718 2253 de
1737 2226 1769 2252 V.
1790 2226 1817 2253 S.
1837 2228 1878 2252 50.
1899 2227 1937 2252 16.

1099 2287 1130 2291 -
1150 2272 1181 2304 §.
1199 2272 1234 2297 2.
1275 2273 1368 2297 Uxor.
1407 2270 1425 2297 1.
1445 2272 1506 2304 Sy.
1533 2269 1674 2295 Materl'am.
1709 2268 1790 2295 onr.
1817 2268 1846 2294 sr.
1864 2270 1888 2294 2.
1907 2268 1936 2294 fr.

1097 2316 1139 2341 23.
1159 2315 1181 2348 3.
1195 2317 1219 2340 2.
1240 2313 1273 2340 tle
1292 2324 1354 2340 auro
1374 2323 1425 2349 arg.
1445 2314 1486 2339 34.
1500 2315 1524 2338 2.
1562 2311 1592 2338 ll.
1612 2313 1679 2345 01).
1704 2311 1793 2347 Virgo.
1814 2310 1872 2348 le.
1892 2311 1936 2338 Xl.

1097 2359 1138 2384 20.
1164 2357 1194 2383 l'r.
1216 2358 1255 2382 ll.
1280 2357 1301 2390 3.
1325 2358 1346 2382 l.
1371 2356 1403 2382 dc
1427 2360 1510 2382 contr.
1531 2360 1590 2381 emt.
1617 2357 1655 2381 ls.
1684 2357 1704 2381 l.
1736 2355 1852 2380 Maritus¹
1881 2353 1936 2380 Vir.

1098 2445 1120 2469 7.
1140 2445 1164 2469 4.
1185 2442 1214 2468 1“1·.
1234 2443 1275 2468 23.
1296 2442 1318 2475 3.
1338 2444 1361 2467 2.
1382 2441 1415 2467 de
1435 2452 1497 2468 auro
1517 2451 1568 2477 arg.
1589 2442 1629 2467 34.
1650 2442 1672 2465 2.
1714 2438 1756 2464 Ill.
1777 2440 1842 2466 Gn.
1864 2439 1936 2472 Mul..

1097 2496 1163 2522 quae
1187 2486 1213 2511 iu
1238 2485 1431 2511 matrimonium
1455 2494 1483 2511 se
1508 2484 1622 2513 dederit,
1642 2493 1665 2508 v.
1686 2483 1712 2507 in
1731 2491 1834 2508 manum
1851 2483 1936 2509 mariti

1097 2529 1257 2555 convenerit.
1277 2527 1308 2553 fr.
1321 2529 1363 2554 37.
1384 2527 1405 2560 3.
1419 2529 1443 2553 2.
1464 2527 1495 2553 ad
1509 2527 1631 2562 municip.
1652 2526 1692 2550 51).
1708 2526 1729 2550 1.
1768 2523 1824 2550 Gai.
1844 2524 1862 2551 I.
1877 2527 1935 2552 113.

1097 2581 1137 2608 sq.
1157 2571 1198 2597 111.
1218 2572 1259 2596 «52.
1279 2569 1322 2596 IV.
1336 2571 1378 2596 38.
1416 2569 1454 2601 Si,
1473 2573 1655 2606 praegnantem
1676 2567 1721 2600 (ex
1735 2568 1805 2599 viro)
1826 2578 1854 2594 se
1868 2578 1934 2599 esse,

1097 2614 1190 2641 mulier
1209 2613 1414 2640 denunciaverit.
1446 2612 1518 2639 Paul.
1538 2611 1567 2637 11.
1587 2612 1628 2636 2-1.
1649 2610 1685 2643 33.
1699 2612 1723 2636 5.
1744 2620 1801 2646 sqq.
1827 2610 1863 2637 Vt
1874 2621 1936 2638 ven-

1098 2658 1145 2683 tris
1165 2657 1270 2682 nomine
1288 2657 1314 2682 in
1333 2657 1530 2694 possessionem
1549 2653 1609 2679 mul.
1628 2654 1753 2679 mittatur.
1773 2653 1802 2679 fr.
1823 2654 1845 2680 4.
1870 2654 1891 2687 3.
1913 2656 1933 2680 l.

1098 2699 1130 2725 (le
1150 2698 1194 2725 off.
1215 2700 1279 2725 eius.
1300 2702 1324 2726 1.
1343 2701 1384 2725 21.
1411 2698 1467 2724 Gai.
1487 2696 1530 2722 IV.
1552 2698 1608 2722 177.
1640 2696 1742 2723 Mortua
1760 2697 1787 2722 in
1806 2697 1935 2722 matrimo-

1074 2749 1075 2757 ¹
1097 2743 1141 2768 nio
1160 2741 1276 2768 muliere.
1297 2758 1329 2762 --
1354 2740 1461 2771 Mulier.
1486 2739 1599 2765 divortio
1625 2738 1702 2765 factio
1723 2744 1771 2765 etc.
1808 2738 1869 2776 le.
1890 2738 1932 2765 VI.

1097 2787 1121 2812 4.
1141 2787 1165 2812 6.
1191 2795 1230 2821 sq.
1252 2787 1292 2810 lo.
1317 2794 1374 2820 sqq.
1415 2783 1488 2814 Dos,
1513 2792 1589 2818 quam
1617 2787 1691 2819 pater
1713 2782 1831 2809 mulieris
1854 2781 1932 2808 dedit.

1098 2828 1134 2854 lb.
1150 2827 1194 2854 VI.
1213 2830 1237 2854 2,
1252 2837 1291 2863 sq.
1330 2826 1358 2852 Si
1373 2827 1481 2852 maritus
1500 2835 1548 2862 pro
1568 2824 1676 2852 muliere
1695 2836 1723 2852 se
1744 2825 1875 2861 obligavit.
1896 2823 1931 2849 lb.

1435 2870 1490 2895 76
