2197 3121
943 161 1024 194 SAC
1037 180 1076 186 —
1090 162 1179 193 SAE.

199 255 253 272 cus.
278 247 318 272 48.
338 247 362 272 2.
399 245 476 272 Miles
501 260 533 264 -
558 243 626 270 solvi
651 248 825 276 sacramento,
852 243 1038 281 deportat-ique

198 288 284 315 debet.
305 288 335 315 fr.
356 290 395 315 ll.
415 288 436 322 §.
458 289 480 314 l.
500 286 532 314 ad
550 286 579 313 L.
600 286 646 314 lul.
667 286 699 313 de
718 286 798 313 adult.
818 288 859 313 48.
873 289 897 313 5.
918 286 948 313 cf.
969 287 1037 313 sr.⁴2.

198 332 221 365 ᾗ.
240 333 263 357 3.
284 331 317 357 de
336 330 360 358 h.
382 341 424 367 qu.
444 335 498 356 not.
518 329 562 356 inf.
582 331 606 356 3.
625 331 649 356 2.
687 329 729 356 Ad
755 329 843 356 nullos
862 339 974 366 unquam
993 329 1037 355 ho-

198 384 286 406 nores.
305 373 376 400 nulla
395 382 505 411 prorsus
524 377 684 399 sacramenta
701 374 862 410 perveniant.
882 372 932 399 Th.
948 372 978 399 C.
992 372 1036 399 IX.

200 419 239 443 14.
260 427 281 443 c.
294 419 318 443 3.
333 427 372 454 pr.
391 416 423 442 ad
442 416 471 443 L.
487 415 567 442 Corn.
588 415 620 442 de
639 416 714 442 sicar.
752 415 858 452 Cinguli
877 419 1037 441 sacramenta

198 459 356 486 desiderare.
392 458 510 485 Alterius
524 457 619 494 gradus
632 464 792 486 sacramenta
806 468 912 485 merere.
933 457 968 483 Ib.
981 457 1036 484 Vll.

197 504 222 529 2.
242 513 263 529 c.
283 504 307 529 2,
327 502 378 538 Qu.
398 501 473 539 prob.
492 501 552 528 deb.
572 501 638 528 Vssl.
659 504 682 528 4.
703 512 724 528 c.
744 503 766 528 8.
787 511 826 538 pr.
846 500 879 527 de
898 500 1024 527 cohortal.

233 545 465 573 §aex-arium.
495 544 526 577 §.
540 546 574 571 1.
595 546 843 579 Receptacnlnm
863 553 1036 570 sacrorum.

197 587 228 614 11.
247 589 314 621 (Dp.
334 587 414 614 Sacer
432 586 516 619 locus,
536 592 577 613 est
595 586 670 613 locus
689 591 870 617 consecratus;
890 586 1036 612 Sacrarium

197 635 238 657 est
256 630 344 663 locus,
369 631 395 657 in
415 640 466 667 quo
486 640 559 656 sacra
579 634 749 666 reponuntur.
775 629 805 656 fr.
824 630 849 656 9,
868 629 890 663 ᾗ.
909 631 933 655 2.
954 629 986 655 (18
1004 628 1037 654 R.

196 673 231 700 D.
252 675 273 699 l.
288 674 312 699 8.
332 672 362 699 fr.
378 675 399 699 1.
420 674 441 707 ξ.
457 675 479 699 1.
499 683 532 699 ne
551 683 593 709 qu.
613 673 638 698 in
658 672 717 698 loco
736 682 787 698 sac.
807 673 848 698 43.
862 673 886 698 6.
907 688 939 691 -
958 672 1036 705 §.20

196 718 365 743 Palatium
385 718 564 750 Principis.
602 715 644 741 111.
665 716 730 742 Gn.
748 714 853 749 Legati.
879 715 922 751 qui
946 714 978 740 ad
997 724 1037 740 sa-

196 759 307 785 crarium
326 758 458 796 Principis
478 760 625 785 mittuntur.
651 757 681 784 fr.
704 759 742 784 18.
768 759 789 792 §.
811 760 850 784 12.
871 757 904 784 (18
922 767 990 784 mun.
1011 762 1036 783 et

195 800 256 827 hon.
281 803 322 827 50.
341 803 365 827 4.
390 801 439 828 Th.
462 801 492 828 C.
517 800 574 828 XII.
595 802 634 826 12.
658 810 678 826 c.
698 801 722 826 8.
747 810 768 826 c.
790 802 828 826 16.
853 800 886 827 de
909 800 984 836 legat.
1011 805 1036 826 et
1056 823 1058 836 Ι

194 842 264 870 decr.
284 843 315 871 V.
335 843 381 881 Sp.
407 844 563 870 Ex-comite
588 844 671 869 nostri
694 844 808 869 sacrarii.
832 843 868 869 lb.
888 842 906 869 I.
926 844 948 869 1.
971 852 992 868 c.
1011 845 1034 868 5.

194 885 310 919 (ch.)
336 886 369 913 de
389 891 472 913 const.
492 886 534 913 Pr.
558 900 589 904 —-
613 887 644 919 ξ.
664 887 700 913 3.
723 888 886 912 Scrinium
906 887 1035 912 Princi-
1056 897 1058 921 ,3

192 931 253 963 pis.
290 929 333 956 III.
354 931 420 957 Gn.
439 928 542 955 Nullam
562 928 711 955 huiusmodi
730 929 891 954 sanctionem
911 938 925 954 e
943 932 1035 954 nostro
1056 955 1058 963 ⁴

193 973 309 998 sacrario
332 972 499 1009 profluxisse.
524 971 559 997 lb.
578 971 648 998 XVI.
668 974 692 997 5.
718 981 738 997 c.
761 972 800 997 16.
825 970 857 997 (18
880 970 977 997 haeret.
1003 987 1033 991 —

193 1015 225 1048 ἓ.
242 1016 330 1042 3.Α.
353 1016 574 1041 secretarium
600 1016 730 1040 iudicis.
766 1013 811 1040 III.
831 1015 896 1041 Cn.
924 1013 968 1040 Sic
987 1024 1035 1051 pro
1056 1020 1058 1051 f

194 1056 298 1083 iudiciis
322 1057 451 1094 putabunt
473 1066 532 1082 sese
552 1056 670 1083 homines
690 1058 716 1083 in
735 1058 856 1083 sacrariis
876 1058 942 1083 sisti.
968 1067 989 1083 c.
1009 1059 1033 1083 2.

192 1100 215 1133 ξ.
235 1102 259 1125 ὅ.
279 1099 311 1125 (18
331 1100 435 1126 iuretur.
456 1109 495 1136 pr.
516 1098 562 1125 cal.
583 1102 607 1125 2.
627 1101 668 1125 59.
691 1115 724 1119 —
747 1101 778 1133 ἓ.
801 1102 840 1127 l·-
862 1102 1034 1127 Aerarium

195 1144 371 1176 Principis.
407 1141 450 1168 111,
471 1143 537 1169 Cn.
563 1141 677 1168 Sacrarii
697 1142 744 1175 [al.
765 1142 839 1169 Sacri
859 1144 967 1177 aerarii]
991 1153 1035 1169 no·
1056 1158 1057 1174 ς

192 1185 241 1211 stri
259 1186 427 1211 incrementis
447 1184 572 1211 accedant
592 1184 782 1219 (donationes.)
803 1185 851 1212 Th.
873 1186 904 1213 C.
924 1186 995 1213 XVI.
1009 1188 1033 1213 5.
1055 1179 1057 1218 l

193 1238 214 1253 c.
234 1228 275 1253 49.

227 1271 421 1297 sacratus
442 1270 563 1304 (Partic.)
583 1270 831 1298 Sacrosanctus.
868 1271 886 1298 I.
907 1273 969 1306 Sy.
989 1272 1034 1298 Di·
1055 1297 1056 1305 ¹

191 1316 264 1339 catus
283 1312 369 1346 (deo.)
393 1312 434 1339 Cf.
455 1313 479 1340 h.
500 1324 523 1340 v.
543 1314 685 1345 Aeternus.
704 1314 848 1350 Augustus.
868 1314 917 1341 Th.
939 1315 969 1341 C.
990 1314 1033 1341 Vl.

189 1357 214 1382 2.
234 1366 255 1382 c.
275 1357 299 1382 5.
319 1355 352 1382 de
372 1355 460 1382 Senat.
484 1361 509 1382 et
529 1356 561 1383 dc
580 1356 647 1393 gleb.
666 1357 736 1383 XIII.
756 1360 780 1383 5.
805 1368 826 1383 c.
845 1359 887 1384 32.
913 1357 945 1384 de
965 1359 1034 1384 navi-

192 1397 242 1424 eul.
282 1397 375 1431 Sacra,
402 1399 585 1426 Sacratissima
609 1404 686 1436 atque,
710 1410 802 1426 arcana
823 1401 926 1433 (vasa.)
951 1412 972 1427 c.
990 1403 1032 1427 21.

188 1440 222 1467 (18
246 1440 296 1467 SS.
321 1441 384 1468 eccl.
411 1444 433 1468 l.
451 1444 475 1469 2.
506 1442 705 1469 sacrosanctus.
731 1443 773 1469 Cl'.
797 1443 821 1469 h.
841 1453 866 1470 v.
903 1443 944 1470 111,
966 1445 1032 1471 Cn.

189 1483 374 1510 Sacratissimo
394 1486 494 1511 numini
514 1487 661 1512 servientes
684 1485 816 1519 (clerici.)
843 1485 892 1512 Th.
914 1486 944 1513 C.
963 1486 1034 1513 Xlll.

189 1528 213 1552 l.
234 1537 256 1553 c.
274 1528 314 1553 16.
334 1527 366 1553 de
386 1527 462 1554 lustr.
483 1527 543 1554 coll.
581 1527 716 1565 Princeps.
735 1539 756 1555 S.
777 1528 930 1566 Imperator.
949 1539 1033 1555 sacra—

188 1570 316 1596 tissimus.
337 1569 394 1596 Gai.
414 1569 432 1596 I.
452 1572 493 1597 53.
513 1570 543 1597 fr.
564 1572 587 1597 9.
608 1571 639 1597 ad
660 1571 687 1597 S.
697 1572 728 1598 C.
749 1571 822 1598 Tert.
841 1573 883 1598 38.
905 1573 944 1598 17.
980 1572 1032 1599 Ex-

189 1613 256 1638 actio
276 1628 307 1632 -—
327 1614 488 1650 perpetuarii
502 1615 575 1644 iuris.
596 1614 637 1640 vel
651 1616 844 1641 sacratissimae
860 1614 960 1641 domus.
981 1614 1031 1641 Th.

189 1654 221 1681 C.
240 1655 259 1681 1.
280 1657 320 1682 ll.
341 1666 361 1682 c.
383 1658 405 1682 1.
426 1655 538 1689 (ch.)
563 1656 595 1683 du
615 1657 658 1683 off.
679 1657 754 1684 Com.
775 1659 812 1684 rei
831 1667 870 1695 pr.
890 1657 974 1694 Leges
993 1668 1032 1684 sa·
1052 1663 1054 1672 ¹

189 1699 290 1724 cratiss.
311 1709 331 1725 c.
351 1700 375 1725 9.
396 1698 429 1725 de
448 1698 500 1725 LL.
522 1701 543 1726 l.
567 1702 605 1726 14.

223 1741 463 1769 sacrificare.
491 1744 562 1769 Rem
577 1745 845 1779 dirinamfacere
858 1744 1030 1780 (paganorum

190 1783 264 1816 ritu.)
300 1783 318 1810 1.
335 1786 397 1819 Sy.
423 1784 532 1817 Facere,
558 1785 714 1817 Celebrate,
738 1787 903 1812 sacrificium.
929 1786 978 1812 Th.
999 1786 1030 1813 C.

188 1825 259 1852 XVI.
281 1828 322 1853 10.
341 1837 361 1853 c.
382 1829 405 1854 9.
430 1838 451 1854 c.
473 1830 512 1855 ll.
533 1838 591 1865 sqq.
616 1828 648 1855 de
667 1838 758 1865 pagan.
796 1828 838 1855 lII.
854 1830 920 1857 (711.
940 1828 1031 1855 Immo-

188 1867 242 1894 Iare
261 1868 387 1902 hostiam,
411 1871 614 1898 sacrificaturus.
651 1871 680 1897 In
700 1871 806 1908 templis
826 1888 858 1891 —
878 1871 930 1898 tale
951 1873 1031 1899 sacri-

188 1911 285 1937 ficandi
304 1921 385 1947 genus
404 1922 534 1940 exercere.
557 1914 594 1940 lb.
615 1925 636 1941 c.
658 1916 697 1940 12.
717 1914 755 1948 §§.
778 1916 799 1940 l.
819 1916 843 1941 3.
863 1915 880 1941 l.

221 1955 473 1983 Sacrificium.
510 1959 568 1983 Res
588 1959 713 1989 (lirina,
738 1960 817 1994 (quae
836 1958 867 1984 fit
886 1958 937 1984 diis
957 1958 1030 1995 quid-

186 1998 256 2034 piam
275 1997 423 2030 offerendo.
447 2004 490 2025 aut
508 2000 639 2026 victimam
659 2000 814 2032 caedendo.)
852 2000 894 2027 111.
915 2002 982 2028 Cn.
1001 2001 1029 2027 In

187 2039 290 2077 dapem,
308 2041 325 2066 i.
340 2050 361 2066 e.
382 2041 407 2066 in
421 2042 587 2075 sacrificium⁷
606 2042 765 2080 impendere.
786 2043 841 2070 Gai.
856 2043 899 2069 lv.
913 2044 954 2069 28.
983 2043 1030 2070 So-

186 2081 266 2109 lemni
284 2083 415 2109 sacrificio
436 2084 511 2116 facto,
532 2086 557 2111 in
577 2096 629 2122 quo
649 2087 724 2122 panis
744 2096 849 2122 quoque
868 2086 968 2112 farreus
987 2086 1030 2112 ad-

186 2123 299 2152 hibetur.
324 2124 383 2163 le.
408 2126 451 2152 lx.
472 2129 494 2153 1.
520 2127 576 2154 Gai.
596 2128 614 2154 I.
636 2130 693 2155 112.
731 2129 783 2164 Qui
810 2128 876 2155 mala
900 2129 1028 2155 sacrificia

186 2166 292 2200 fecerit,
319 2168 448 2195 habuerit.
473 2169 502 2196 fr.
525 2172 563 2197 13.
589 2171 621 2197 ad
639 2170 668 2197 L.
689 2170 769 2198 Corn.
795 2171 828 2198 de
847 2173 923 2198 sicar.
942 2173 984 2198 48.
1004 2173 1027 2198 8.

188 2208 220 2235 cf.
245 2209 292 2236 Th.
316 2211 347 2237 C.
374 2211 418 2238 lx.
443 2213 481 2238 16.
507 2223 528 2239 c.
549 2215 570 2240 7.
596 2213 628 2239 de
652 2213 761 2240 malefic.
786 2214 856 2241 XVI.
878 2217 916 2241 10.
942 2225 963 2241 c.
986 2217 1027 2241 23.
1049 2205 1051 2250 3

188 2262 209 2278 c.
228 2254 269 2278 25.
289 2252 321 2279 de
340 2264 428 2290 pagan.
449 2254 498 2281 SS.
518 2256 652 2292 religionis
673 2256 745 2283 cultu
764 2273 796 2276 —
816 2257 979 2289 desciscere.
1000 2268 1028 2284 ac

187 2305 216 2321 se
236 2295 371 2322 sacrificiis
390 2299 545 2335 mancipare.
567 2299 603 2325 lb.
623 2298 694 2325 XVI.
715 2301 738 2326 Τ.
758 2309 780 2325 e.
794 2302 818 2326 5.
838 2310 859 2326 c.
874 2302 896 2326 7.
918 2301 938 2334 ξ.
952 2303 975 2327 3.
996 2300 1028 2327 de

187 2342 300 2375 apostat.

222 2381 427 2414 Sam-nege.
451 2383 563 2417 (Advb.)
589 2386 711 2411 Contra
730 2387 922 2420 religionem
942 2387 1028 2412 chri-

186 2425 338 2450 stianum.
375 2423 417 2449 III.
433 2425 497 2451 Gn.
518 2426 650 2464 Sacrilege
669 2427 826 2454 desciscere.
847 2427 896 2454 Th.
911 2427 942 2454 C.
956 2428 1027 2455 XVI.

186 2467 211 2492 5.
231 2476 251 2492 c.
271 2468 312 2492 5⁴2.
332 2476 369 2503 pr.
391 2465 423 2492 de
442 2466 537 2494 haeret.

220 2509 483 2543 Sacrilegiuul·
520 2511 551 2543 §.
567 2513 602 2539 1.
622 2516 739 2540 Rerum
759 2519 1026 2540 consecratarum

186 2553 346 2585 direptio,
370 2558 427 2578 aut
450 2554 652 2588 profanatio.
689 2555 732 2582 HI.
754 2557 820 2583 Cn.
839 2555 893 2581 Res
912 2557 1027 2592 privato·
1048 2570 1049 2579 κ

186 2603 259 2625 rum,
279 2595 302 2620 si
320 2595 346 2619 in
366 2593 456 2620 aedem
475 2604 574 2621 sacrani
593 2595 741 2633 depositae.
761 2598 903 2636 subreptae
922 2598 1026 2628 fuerint.

185 2636 248 2663 furti
268 2637 405 2668 actionem,
426 2647 477 2663 non
497 2637 626 2673 sacrilegii
646 2649 712 2666 esse.
732 2640 763 2667 fr.
777 2644 800 2667 5.
821 2651 860 2678 sq.
881 2641 913 2667 ad
931 2640 960 2668 L.
978 2641 1024 2668 Iul.

185 2678 271 2717 pecul.
291 2680 331 2705 48.
353 2681 392 2705 13.
429 2679 580 2706 Proximum
604 2681 739 2718 sacrilegio
759 2685 855 2711 crimen
875 2689 928 2716 est.
953 2685 1025 2721 quod

186 2722 330 2748 maiestatis
351 2721 453 2749 dicitur.
472 2722 502 2749 fr.
524 2725 546 2749 1.
567 2733 605 2760 pr.
626 2723 657 2749 ad
676 2723 705 2750 L.
725 2725 771 2752 Iul.
791 2728 849 2754 mai.
868 2729 909 2754 43.
929 2729 954 2754 4.
974 2727 1023 2754 Th.

185 2763 218 2791 C.
237 2764 281 2790 IX.
301 2765 341 2789 38.
362 2774 384 2790 c.
403 2766 426 2791 7.
446 2764 478 2791 de
497 2765 595 2802 indulg.
615 2766 686 2792 crim.
723 2766 752 2793 In
773 2768 824 2796 hoc
845 2780 927 2807 genus
947 2772 1025 2797 sacri-

185 2805 248 2843 legii
267 2816 446 2844 prorumpere,
466 2812 494 2834 ut
512 2809 539 2835 in
559 2808 700 2835 catholicas
715 2809 838 2838 ecclesias
853 2814 955 2840 irruens
974 2819 1022 2840 etc.

1861 167 1923 197 ⁸55

1059 244 1061 255 ¹
1082 243 1121 271 lb.
1139 243 1209 271 XVI.
1228 246 1251 271 2.
1276 254 1297 271 c.
1316 246 1358 272 31.
1380 256 1418 283 pr.
1444 246 1475 273 de
1499 247 1580 284 episc.
1604 245 1666 273 eccl.
1692 262 1723 265 —
1752 247 1783 279 ξ.
1802 248 1837 273 2.
1866 249 1920 273 Te-

1082 289 1218 314 meratio
1243 298 1345 315 merae
1370 290 1633 316 Christianorum
1652 291 1750 325 fidei.
1788 289 1828 315 III.
1853 290 1919 317 Gn·

1081 329 1130 356 Est
1147 330 1174 356 in
1193 330 1309 357 haeresis
1329 332 1457 368 pravitate
1476 333 1635 364 coniunctio,
1658 337 1684 359 et
1702 348 1734 352 ·-—
1753 331 1822 358 idem
1841 333 1920 358 sacri-

1081 372 1184 409 legium.
1209 383 1230 400 c.
1250 374 1273 399 8.
1297 374 1319 407 §.
1344 375 1369 400 2.
1395 373 1427 400 de
1450 374 1547 401 haeret.
1575 377 1595 402 1.
1616 378 1638 402 5.
1676 375 1767 401 Ariani
1790 374 1919 411 sacrilegii

1080 425 1216 442 venenum.
1237 415 1286 443 Th.
1305 416 1336 442 C.
1350 416 1420 443 XVI.
1439 418 1463 444 5.
1484 428 1504 444 c.
1519 419 1542 444 6.
1562 418 1584 451 §.
1600 420 1622 444 1.
1642 418 1700 445 eod.
1736 417 1765 444 In
1784 417 1920 453 sacrilegia

1082 458 1280 495 templorum—
1295 460 1441 486 transiisse.
1461 460 1498 486 lb.
1511 460 1581 487 XVI.
1597 463 1618 487 7.
1639 472 1660 487 c.
1680 463 1703 487 3.
1724 461 1745 495 ξ
1768 462 1790 486 1.
1809 460 1841 486 (18
1860 470 1921 497 apo-

1081 505 1140 527 stat.
1167 518 1199 521 —
1223 502 1255 535 δ.
1272 503 1310 528 3.
1331 503 1487 538 Defectus
1505 506 1707 531 reverentiae
1726 513 1804 539 erga
1823 505 1919 530 Prin-

1058 537 1059 540 *
1080 546 1185 579 cipem.
1222 544 1263 570 III.
1285 545 1350 572 Gn.
1370 544 1453 571 Nemo
1467 555 1511 572 eas
1524 547 1581 572 sine
1594 556 1694 573 summo
1709 546 1846 582 sacrilegio
1859 555 1919 583 pos-

1081 588 1214 614 sessiones
1239 588 1373 614 existimet
1396 588 1577 625 postulandas.
1601 589 1637 615 lb.
1662 589 1695 615 X.
1716 592 1755 616 10.
1780 600 1800 616 c.
1823 591 1862 615 16.
1887 588 1920 615 dc

1081 631 1153 666 petit.
1173 635 1198 657 et
1217 630 1286 656 ultro
1305 630 1357 657 dat.
1395 630 1531 667 Sacrilegii
1544 642 1636 668 poena⁷
1656 642 1721 667 quae
1735 632 1858 659 divalium
1871 632 1920 658 sci-

1080 678 1166 699 torum
1190 672 1333 699 violatores
1356 673 1442 711 palam
1464 675 1618 711 insequitur.
1648 675 1684 701 lb.
1704 674 1760 701 VII.
1783 677 1805 700 4.
1833 685 1854 701 c.
1877 676 1919 701 30.

1080 715 1113 742 de
1132 726 1202 752 erog.
1220 715 1274 742 mil.
1294 726 1352 742 ann.
1373 716 1404 743 cf.
1425 716 1469 743 IX.
1489 718 1530 743 38.
1551 727 1572 743 c..
1592 718 1616 743 6.
1636 717 1669 744 de
1688 718 1786 754 indulg.
1806 719 1878 744 crim.

1113 759 1341 793 sacrilegus.
1388 760 1419 793 ᾗ.
1444 761 1479 786 1.
1518 762 1580 793 Qui
1606 770 1668 787 rem
1695 767 1919 788 consecratam

1075 803 1228 837 furatur.
1264 801 1282 828 1.
1299 803 1361 836 Sy.
1381 802 1435 838 Qui
1454 803 1558 840 publica
1579 813 1651 829 sacra
1671 803 1830 840 compilavit.
1850 803 1880 830 fr.
1895 805 1919 830 9.

1057 841 1058 847 ¹
1080 844 1101 877 ξ.
1123 846 1144 870 1.
1164 843 1195 870 ad
1214 844 1244 871 L.
1264 844 1310 871 Iul.
1331 845 1416 882 pecul.
1437 847 1478 872 45.
1500 847 1539 872 13.
1576 845 1619 872 III.
1635 847 1701 874 Cn.
1722 846 1861 881 Sacrilegi.
1886 846 1920 872 la-

1080 891 1182 919 trenes.
1206 887 1338 924 plagiarii.
1364 888 1479 921 (sures.)
1510 888 1539 915 fr.
1564 890 1588 915 4.
1613 889 1634 923 ξ.
1653 891 1677 915 2.
1702 888 1737 915 ib.
1761 891 1802 916 48.
1824 891 1863 915 13.
1888 889 1919 916 cf.

1080 928 1110 955 fr.
1131 931 1169 956 13.
1190 940 1229 967 pr.
1254 930 1286 956 de
1310 931 1353 957 oll'.
1381 930 1468 958 Praes.
1489 933 1510 958 1.
1533 933 1572 959 18.
1610 931 1771 968 SacrileguS.
1795 933 1821 958 in
1844 933 1920 958 maie-

1056 967 1058 976 ⁴
1079 977 1148 998 state
1171 982 1231 998 reus
1255 977 1304 999 etc.
1330 973 1379 1000 Th.
1399 974 1430 1000 C.
1450 974 1494 1001 IX.
1514 976 1555 1001 38.
1580 985 1602 1001 c.
1621 976 1645 1001 3.
1670 974 1702 1001 de
1726 974 1823 1011 indulg.
1848 976 1919 1001 crim.

1081 1032 1110 1035 —
1133 1015 1163 1048 ξ.
1183 1016 1219 1042 2.
1248 1016 1346 1042 Ferae
1367 1018 1638 1044 Christianorum
1656 1019 1748 1054 fidei
1769 1019 1919 1054 infestus.

1079 1057 1121 1084 111.
1140 1059 1205 1086 Cn.
1229 1057 1333 1084 Polluta
1357 1057 1414 1085 loca
1438 1060 1581 1097 sacrilegus
1600 1065 1740 1087 temerator
1758 1061 1863 1088 intrare.
1883 1060 1919 1087 lb.

1079 1099 1148 1127 XVI.
1170 1103 1208 1127 10.
1230 1111 1251 1127 c.
1272 1102 1311 1127 ll.
1332 1100 1363 1127 cf.
1385 1112 1406 1127 c.
1428 1104 1466 1129 19.
1487 1103 1508 1136 ξ.
1528 1106 1551 1130 3.
1572 1103 1605 1130 de
1623 1114 1713 1140 pagan.
1733 1104 1920 1141 Apostatarum

1079 1143 1235 1179 sacrilegum
1259 1153 1361 1170 nomen.
1392 1144 1427 1171 Ib.
1453 1145 1523 1172 XVI.
1548 1147 1570 1172 7.
1595 1157 1616 1173 c.
1642 1148 1665 1172 7.
1689 1157 1728 1183 pr.
1753 1146 1785 1173 de
1808 1151 1919 1184 apostat.

1055 1222 1057 1224 Υ
1079 1185 1139 1213 ’Νοιι
1158 1186 1236 1212 modo
1256 1186 1395 1218 notabilis.
1414 1197 1505 1215 verum
1525 1190 1600 1215 etiam
1619 1189 1762 1225 sacrilegus
1781 1189 1920 1220 iudicetur,

1056 1225 1057 1229 ¹
1078 1230 1121 1266 qui
1142 1234 1189 1256 etc.
1211 1229 1246 1256 Ib.
1267 1229 1334 1256 VIII.
1354 1233 1378 1255 ὅ.
1398 1240 1418 1256 c.
1438 1232 1461 1256 3.
1483 1230 1515 1257 de
1535 1236 1681 1258 exsecutor.
1702 1248 1734 1251 —
1755 1233 1785 1265 ξ.
1801 1234 1837 1259 3.
1862 1233 1917 1258 Te·

1078 1279 1225 1299 met-ator.
1263 1272 1306 1298 111.
1327 1273 1393 1300 Cn.
1417 1273 1557 1300 Adulterio
1580 1275 1705 1311 probato,
1726 1292 1756 1296 —
1777 1275 1919 1311 sacrilegos

1078 1316 1225 1352 nuptiarum
1250 1331 1282 1335 -—
1306 1316 1412 1342 insuere
1436 1316 1511 1343 culeo
1538 1318 1622 1344 vivos.
1652 1317 1688 1343 lb.
1712 1317 1757 1344 XI.
1782 1319 1823 1344 36.
1850 1328 1871 1344 c.
1896 1319 1920 1344 4.

1079 1358 1160 1393 Quor.
1185 1357 1243 1395 adp.
1268 1368 1291 1384 n.
1317 1368 1368 1384 rec.
1397 1375 1429 1379 —
1460 1360 1490 1392 ξ.
1516 1361 1554 1386 4.
1582 1362 1719 1394 Impius,
1750 1361 1921 1396 Nefarium

1076 1399 1118 1427 III.
1137 1402 1203 1428 Cn.
1228 1400 1361 1437 Sacrilega
1380 1402 1461 1427 vitem
1480 1401 1545 1429 falce
1564 1402 1709 1429 succidere.
1733 1402 1770 1429 lb.
1790 1402 1857 1429 Xlll.
1881 1405 1920 1428 11.

1077 1454 1098 1470 c.
1120 1445 1142 1469 1.
1167 1443 1199 1470 de
1219 1445 1343 1470 censitor.
1380 1443 1515 1481 Sacrilego
1539 1446 1624 1472 animo
1648 1446 1794 1472 adsumere.
1818 1445 1856 1472 lb.
1874 1445 1919 1472 IX.

1076 1487 1118 1512 42.
1138 1496 1159 1512 c.
1179 1487 1202 1513 6.
1223 1486 1255 1512 de
1274 1486 1335 1513 bon.
1356 1497 1457 1523 proscr.

1111 1529 1396 1556 SacrosanctuS.
1428 1529 1568 1563 (Adiect.)
1606 1532 1671 1558 Deo
1694 1538 1919 1563 consecratus,

1077 1574 1182 1598 Sacer.
1219 1571 1236 1598 I.
1252 1573 1313 1606 Sy.
1334 1572 1444 1598 Dieatus
1465 1572 1549 1606 (deo.)
1570 1572 1610 1600 Cf.
1631 1574 1656 1600 h.
1675 1584 1699 1600 v.
1725 1574 1848 1600 Divinus.
1869 1573 1919 1601 Th.

1076 1614 1107 1641 C.
1121 1614 1166 1641 IX.
1179 1617 1221 1641 45.
1241 1625 1263 1641 c.
1277 1616 1300 1641 4.
1321 1625 1358 1652 pr.
1379 1616 1399 1649 ξ.
1422 1617 1443 1641 1.
1464 1615 1496 1642 de
1515 1615 1539 1642 h.
1561 1626 1603 1652 qu.
1623 1616 1655 1643 ad
1676 1617 1738 1643 eccl.
1758 1617 1918 1653 Religiosus.

1076 1657 1117 1684 Cf.
1138 1657 1162 1684 h.
1182 1668 1206 1684 v.
1226 1658 1247 1692 ξ.
1269 1659 1291 1683 l.
1312 1658 1445 1685 Sacratus.
1466 1658 1507 1685 Cf.
1526 1669 1550 1686 v.
1571 1659 1690 1686 Dicatus.
1727 1659 1770 1686 III.
1784 1661 1850 1687 Gn.
1870 1659 1919 1686 Ca-

1075 1700 1173 1727 tholica
1191 1706 1359 1727 sacrosancta
1380 1700 1499 1727 ecclesia.
1525 1701 1574 1728 Th.
1595 1701 1625 1729 C.
1645 1701 1714 1729 XVI.
1735 1705 1759 1729 5.
1780 1713 1800 1729 c.
1821 1704 1861 1729 47.
1886 1702 1920 1729 de

1075 1743 1173 1769 haeret.
1203 1743 1234 1769 cl'.
1259 1743 1290 1770 V.
1314 1745 1339 1769 3.
1369 1754 1390 1770 c.
1416 1746 1438 1770 l.
1469 1743 1501 1770 de
1525 1744 1585 1771 bon.
1612 1744 1698 1771 cleric.
1736 1745 1918 1772 Sacrosanctis

1075 1787 1209 1821 mysteriis
1231 1787 1387 1813 servientes.
1412 1786 1450 1813 lb.
1473 1787 1530 1814 XII.
1552 1790 1575 1814 1.
1601 1798 1621 1814 c.
1643 1790 1700 1814 123.
1725 1789 1747 1822 ᾖ.
1772 1790 1796 1814 5.
1821 1788 1853 1815 de
1877 1788 1919 1814 de-

1076 1830 1174 1855 curion.

1109 1873 1280 1898 Sacrum.
1310 1872 1438 1905 (Subst.)
1475 1873 1506 1907 §0
1526 1874 1561 1899 1.
1588 1875 1704 1906 Sacra,
1730 1875 1746 1900 i.
1766 1884 1785 1900 e.
1807 1875 1917 1900 Sacri-

1051 1916 1205 1951 .ficium,
1231 1917 1290 1942 Res
1310 1917 1432 1942 divina.
1467 1915 1594 1944 111.(711.
1614 1915 1745 1944 Pontifex.
1765 1916 1826 1943 dum
1845 1926 1917 1942 sacra

1052 1963 1053 1969 ¹
1074 1957 1143 1984 facit.
1162 1957 1193 1984 fr.
1211 1959 1235 1983 2.
1256 1957 1288 1984 de
1308 1959 1334 1984 iu
1354 1959 1394 1984 ius
1413 1968 1470 1984 voc.
1490 1960 1514 1984 2.
1535 1961 1558 1985 4.
1584 1958 1666 1985 Vatic.
1686 1959 1708 1993 ξ.
1732 1960 1786 1985 148.
1825 1958 1860 1985 Vt
1879 1969 1917 1985 es-

1074 2005 1145 2032 sent,
1170 2001 1214 2037 qui
1237 2010 1309 2027 sacra
1334 2000 1457 2027 facerent.
1482 2000 1539 2028 Gai.
1559 2001 1590 2028 11.
1609 2003 1650 2028 55.
1690 2002 1769 2037 Quod
1791 2001 1823 2027 ad
1842 2011 1915 2028 sacra

1074 2048 1182 2074 tantum.
1203 2059 1234 2062 ——
1255 2044 1281 2070 in
1300 2054 1377 2070 manu
1396 2054 1462 2070 esse.
1482 2043 1551 2070 1d.1.
1569 2046 1625 2071 136.
1663 2045 1717 2080 Qui
1737 2055 1809 2071 sacra
1828 2045 1915 2082 impia,

1050 2085 1052 2101 ¹
1074 2091 1242 2117 nocturn-ave,
1262 2101 1295 2105 —
1315 2086 1432 2113 fecerint.
1456 2086 1529 2113 Paul.
1550 2087 1581 2113 V.
1601 2089 1641 2113 23.
1665 2088 1686 2121 §.
1709 2089 1748 2113 15.
1773 2102 1803 2106 —-
1829 2087 1860 2120 §.
1881 2089 1915 2114 2.

1073 2131 1148 2160 Res,
1167 2131 1274 2156 cultui
1293 2131 1404 2156 divino
1418 2132 1595 2156 destinata.
1620 2130 1662 2156 111.
1678 2131 1743 2157 Gn.
1762 2129 1841 2156 Sacra
1855 2130 1915 2156 inde¹

1050 2177 1051 2204 l
1073 2181 1190 2198 evocare.
1214 2171 1244 2197 fr.
1269 2173 1293 2198 9.
1318 2172 1339 2205 ξ.
1364 2174 1388 2198 2.
1415 2172 1447 2199 de
1471 2173 1501 2199 R.
1526 2172 1559 2199 D.
1586 2175 1607 2199 l.
1627 2176 1649 2199 S.
1687 2172 1727 2199 Ne
1750 2171 1915 2199 funestentur

1073 2224 1145 2240 sacra
1165 2215 1286 2240 civitatis.
1306 2214 1378 2241 Paul.
1399 2215 1417 2241 1.
1437 2217 1478 2241 21.
1499 2216 1520 2248 ξ.
1540 2217 1564 2241 2.
1586 2230 1617 2233 --
1638 2215 1668 2247 ἓ.
1687 2216 1723 2241 3.
1746 2217 1914 2250 llfyssterz'a.

1049 2259 1051 2295 i
1072 2257 1114 2283 III.
1136 2259 1200 2285 011.
1229 2257 1328 2283 Initiari
1357 2259 1443 2284 curiae
1471 2259 1561 2283 sacris.
1590 2257 1640 2283 Th.
1666 2256 1696 2284 C.
1720 2257 1776 2284 XII.
1799 2261 1822 2284 5.
1849 2268 1870 2284 c.
1889 2260 1913 2284 3.

1049 2303 1050 2308 ¹
1074 2300 1200 2335 Quemad.
1221 2310 1290 2326 mun.
1312 2301 1360 2326 civ.
1382 2316 1413 2320 —
1437 2301 1468 2334 ἕ.
1486 2302 1524 2326 -l-
1549 2302 1718 2326 Vinculum
1735 2304 1913 2335 polestatis

1072 2345 1274 2370 domesticae.
1311 2343 1329 2369 I.
1349 2344 1410 2377 Sy.
1430 2343 1546 2369 Familia.
1567 2353 1588 2369 c.
1611 2345 1648 2369 12.
1669 2342 1701 2369 de
1721 2343 1807 2369 collat.
1827 2345 1851 2370 6.
1870 2346 1913 2370 20.

1071 2385 1201 2412 Potestas.
1227 2385 1276 2411 Th.
1298 2386 1328 2411 C.
1349 2385 1416 2412 YIII.
1438 2388 1477 2413 18.
1503 2397 1523 2412 c.
1546 2388 1569 2413 l.
1593 2396 1632 2422 pr.
1657 2386 1678 2419 ξ.
1700 2388 1721 2411 1.
1746 2385 1778 2412 (18
1802 2391 1911 2413 matern.

1072 2428 1132 2454 hon.
1170 2428 1198 2453 ll.
1219 2429 1286 2461 Op.
1312 2428 1339 2454 In
1360 2430 1442 2454 sacris
1462 2430 1636 2460 constitutus.
1661 2439 1680 2455 s.
1701 2438 1788 2464 agens.
1809 2445 1841 2448 —-
1866 2429 1912 2456 Sui

1048 2473 1049 2496 l
1073 2472 1138 2497 iuris
1158 2471 1275 2496 effectus.
1298 2471 1492 2508 Eumneipatus.
1518 2483 1537 2498 c.
1556 2473 1599 2498 37.
1624 2472 1661 2505 ἐξ.
1683 2473 1704 2497 1.
1724 2482 1764 2508 sq.
1789 2471 1821 2498 de
1840 2473 1911 2499 inoff.

1072 2518 1173 2539 testam.
1197 2514 1220 2538 3
1240 2514 1282 2539 28.
1309 2513 1357 2540 Th.
1379 2514 1409 2540 C.
1430 2513 1497 2540 VIII.
1520 2516 1557 2539 16.
1583 2525 1604 2540 c.
1625 2516 1647 2540 6.
1673 2514 1694 2547 ξ.
1717 2516 1737 2540 1.
1762 2514 1795 2541 (18
1819 2515 1843 2541 h.
1869 2526 1910 2552 qu.

1071 2555 1166 2582 admin.
1203 2555 1245 2582 111.
1265 2557 1331 2583 Gn.
1357 2557 1410 2592 Qui
1432 2558 1458 2583 in
1478 2557 1559 2582 sacris
1580 2556 1691 2582 familiae
1711 2561 1769 2583 tuae
1788 2564 1910 2585 remanet.

1072 2609 1092 2625 c.
1114 2600 1152 2624 11.
1174 2597 1206 2623 de
1225 2598 1312 2626 donat.
1332 2601 1356 2626 8.
1376 2602 1417 2625 54.
1456 2599 1530 2625 Solvi
1550 2598 1661 2630 familia,
1685 2605 1711 2625 et
1729 2602 1812 2627 sacris
1831 2601 1912 2639 expli—

1071 2642 1130 2668 cari.
1151 2639 1200 2666 Th.
1215 2640 1245 2667 C.
1260 2642 1316 2668 XII.
1332 2644 1353 2668 ].
1369 2653 1389 2669 c.
1405 2644 1427 2668 7.
1447 2642 1480 2668 de
1499 2641 1632 2668 decurion.
1654 2641 1694 2668 Cf.
1707 2641 1790 2670 Vatic.
1804 2644 1825 2678 ᾗ.
1839 2646 1898 2671 248.

1104 2685 1330 2711 Saecularis.
1350 2684 1479 2717 (Adiect.)
1499 2687 1606 2711 Extra
1626 2687 1808 2713 clericalem
1822 2690 1909 2714 ordio

1068 2737 1133 2753 nem
1158 2730 1368 2754 constitutus.
1404 2729 1581 2763 Profanus.
1617 2727 1635 2754 I.
1655 2729 1716 2762 Sy.
1737 2728 1908 2766 Temporalis.

1069 2769 1110 2796 Cf.
1126 2770 1150 2796 h.
1167 2780 1190 2797 v.
1211 2771 1232 2804 ᾗ.
1251 2772 1275 2796 3.
1314 2770 1343 2796 11.
1365 2772 1431 2804 Op.
1451 2769 1672 2803 sanctimonialis,
1691 2771 1771 2798 Beata
1791 2774 1910 2804 (eonver-

1068 2814 1149 2846 satio,
1174 2823 1195 2840 s.
1216 2814 1295 2846 vita.)
1316 2823 1336 2840 c.
1356 2815 1397 2840 56.
1416 2823 1456 2850 pr.
1477 2813 1508 2840 de
1528 2814 1608 2850 episc.
1628 2819 1654 2841 et
1673 2814 1734 2842 cler.
1756 2817 1778 2841 l.
1797 2817 1820 2841 3.
1841 2814 1907 2840 Νῦν.
