2197 3121
261 173 324 204 556

295 255 447 282 lautum·
471 255 571 281 Terra
590 255 720 280 humore
738 254 855 279 uoluta.
883 251 926 279 [11.
941 252 1007 279 Gn.
1027 250 1101 278 Fimo

262 302 386 335 corrupto
399 296 512 333 aliquem
525 295 691 334 perfundere,
706 305 798 328 coeno,
812 294 868 322 luto
882 294 1008 321 oblinere.
1028 293 1102 322 Paul.

261 340 293 368 V.
314 343 337 366 4.
358 341 378 374 ξ.
401 341 440 366 13.

297 384 390 409 Lux.
410 383 486 416 §.l-
507 384 679 416 Splendor,
695 382 854 408 Claritas.
892 380 922 407 ll.
937 381 1005 414 ⁰1).
1026 380 1103 407 Chri-

261 427 361 453 stianae
379 424 512 460 religionis
532 424 586 451 lux.
606 439 637 444 -—
663 423 801 451 Tenebrae
820 424 1027 461 superstitionis.
1051 422 1101 450 Th.

261 468 375 495 xvhs.
405 478 426 494 e.
446 470 487 493 25.
514 466 546 493 de
569 466 624 494 lud.
650 466 682 494 cf.
706 467 765 494 XV.
785 469 808 493 5.
839 477 859 493 c.
879 468 902 493 5.
931 465 964 492 de
987 470 1102 503 spectac.
1124 490 1125 495 ,

261 511 303 538 111.
324 512 390 539 Cn.
415 510 466 536 Pro
490 511 618 547 sapientia
643 520 672 536 ac
695 509 755 537 luce
780 509 914 545 dignitatis
933 518 1002 535 suae.
1028 508 1057 536 fr.
1081 510 1102 535 l.

261 555 283 588 §.
306 556 327 581 l.
348 554 380 580 de
399 553 442 579 off.
457 552 509 579 Prf.
524 552 566 580 Pr.
588 555 609 580 l.
631 555 670 579 11.
708 552 878 583 Testimonia,
898 551 994 588 quibus
1013 552 1103 589 potius

261 596 306 624 lux
325 597 442 623 veritatis
462 595 575 623 adsistit.
595 595 625 622 fr.
645 597 687 622 21.
707 596 728 630 ξ.
748 597 772 621 3.
793 594 826 621 de
845 594 933 621 testib.
951 596 994 620 22.
1010 596 1034 621 5.
1054 593 1105 620 Va-

262 641 305 666 tic.
324 639 346 672 §.
365 641 407 666 35.
444 638 630 666 Iustructionis
654 638 713 665 luce
737 637 873 664 evidenter
895 637 1028 673 adgnosci.
1054 636 1103 663 Th.
1125 635 1126 653 ¹

261 682 293 709 C.
309 682 342 708 X.
360 684 400 708 10.
421 692 442 708 c.
459 683 501 708 26.
521 681 553 709 de
572 683 646 720 petit.
666 686 691 707 et
711 680 780 707 ultro
800 680 851 707 dat.
864 697 892 701 —
914 681 946 714 δ.
960 682 996 707 2.
1017 681 1103 706 Dies.

260 725 304 752 III.
317 726 383 753 Gn·
404 725 505 760 Quavis
525 724 588 752 hora
609 724 684 751 lucis.
704 723 733 750 fr.
753 725 777 750 8.
797 723 830 750 de
848 723 929 750 seriis,
948 725 973 750 2.
990 725 1030 750 12.
1051 722 1105 759 Qui

260 773 377 805 segetem
396 767 456 794 luce
474 773 553 794 secat.
579 768 609 794 fr.
629 769 671 793 21.
695 777 734 804 pr.
755 766 788 793 de
807 766 867 793 furt.
887 768 928 793 ⁴7.
947 768 971 793 2.
1008 765 1105 798 Palam,

261 811 326 843 luci,
357 811 481 844 (iuranto
509 810 578 848 apud
604 810 806 846 Quaestorem.)
830 809 872 836 Fr.
897 809 963 846 legis
986 809 1104 836 indiciar.

260 853 406 892 (Spangbg.
427 864 452 890 p.
473 855 513 880 77.
534 854 565 880 cf.
585 863 610 890 p.
631 854 685 886 75.)
711 869 741 873 —
766 853 798 886 ξ.
818 854 856 879 3.
884 853 967 879 Vita.
1003 851 1022 878 I.
1043 853 1104 886 Sy.

260 897 289 924 Iu
309 896 379 923 hunc
398 896 497 928 orbem,
517 896 560 923 Ad
579 895 664 922 lucem
683 894 811 928 (devolvi,
831 905 852 921 s.
873 895 977 932 redigi.)
997 905 1018 921 c.
1031 896 1056 922 3.
1073 894 1106 921 de

260 939 347 978 posth.
373 939 460 966 hered.
481 941 505 965 6.
524 940 565 965 29.
603 938 646 965 III.
667 939 733 966 Gn.
757 937 845 964 Partui
870 939 896 964 in
920 937 971 964 hoc
995 938 1105 970 favetur,

261 988 289 1010 ut
301 978 335 1009 *in
354 981 439 1008 lucem
458 981 627 1019 producatur.
647 980 678 1007 fr.
691 983 712 1008 1.
733 981 754 1015 §.
771 983 810 1008 15.
831 980 863 1007 de
882 985 974 1007 ventre
992 982 1018 1007 in
1032 991 1105 1018 poss.

259 1028 301 1053 37.
322 1027 345 1052 9.
382 1025 424 1052 Ab
444 1024 493 1051 bac
512 1024 571 1050 luce
590 1023 718 1051 subtrahi.

754 1024 863 1051 Munere
882 1023 949 1050 lucis
969 1024 1104 1051 excedere.

259 1069 302 1096 De
326 1068 384 1095 luce
407 1069 526 1104 migrare.
553 1066 584 1093 fr.
606 1069 645 1093 13.
670 1068 692 1101 §.
715 1069 736 1094 1.
761 1067 793 1094 de
815 1067 876 1094 don.
901 1067 946 1093 int.
967 1066 998 1094 V.
1018 1068 1060 1093 24.
1082 1068 1104 1093 1.
1126 1074 1128 1105 ξ

260 1123 281 1139 c.
300 1113 324 1138 3.
345 1111 377 1138 de
396 1115 482 1147 agent.
501 1111 528 1136 iu
547 1109 600 1137 reb.
623 1112 662 1137 12.
682 1112 724 1136 20.
752 1109 802 1136 Th.
823 1109 854 1136 C.
873 1109 903 1136 Π.
923 1112 965 1136 22.
986 1120 1007 1136 c.
1029 1111 1052 1136 l.
1072 1109 1105 1136 de

259 1155 349 1182 hered.
364 1159 416 1192 pet,
442 1153 578 1180 Libertate
597 1151 648 1179 frui
667 1163 725 1179 cum
745 1152 812 1179 lucis
831 1152 992 1179 auctoribus.
1011 1151 1103 1179 lb.lv.

259 1202 283 1225 8.
303 1209 324 1225 c.
339 1200 362 1224 4.
382 1196 487 1231 (ch.)
508 1195 541 1222 de
561 1195 665 1222 liberali
684 1206 705 1222 c.

296 1241 479 1271 Luxuria,
499 1248 520 1265 s.
541 1239 741 1265 Luxuries.
770 1238 800 1272 ἕ.
816 1240 850 1265 1.
870 1240 1104 1265 Retlundantia

259 1285 431 1319 quaelibet.
468 1282 487 1309 I.
503 1283 565 1317 Sy.
585 1281 731 1308 Sublucare
750 1281 877 1307 arborem.
908 1280 1049 1308 Luxuriem
1067 1291 1105 1307 ra-

259 1336 360 1354 morum
386 1335 562 1363 compescere.
589 1323 662 1350 Paul.
682 1323 713 1350 V.
733 1326 756 1351 6.
777 1325 798 1358 §.
820 1326 859 1350 13.
884 1340 916 1343 —
941 1325 972 1358 §-
992 1325 1028 1351 2.
1052 1325 1104 1351 Ιη-

259 1371 480 1401 eontinentia,
497 1369 702 1395 Petulantia.
727 1366 745 1393 l.
760 1369 821 1401 Sy.
841 1366 966 1393 Deliciae.
988 1366 1028 1394 Cf.
1042 1366 1068 1393 h.
1080 1377 1103 1393 v.

259 1412 423 1448 Negligentia
443 1421 538 1442 crassa,
559 1415 584 1436 et
604 1411 682 1436 nimia
701 1412 837 1436 securitas.
862 1409 893 1436 fr.
913 1411 937 1436 6.
958 1409 991 1436 de
1010 1410 1058 1436 iur.
1079 1414 1105 1436 et

259 1455 320 1482 facti
340 1456 390 1491 ign.
404 1457 445 1481 22.
460 1456 484 1481 6.
505 1454 534 1481 fr.
551 1455 590 1479 ll.
611 1453 643 1480 de
662 1453 765 1480 incend.
785 1454 867 1480 ruina.
881 1455 923 1480 47.
934 1455 958 1480 9.
983 1452 1025 1479 111.
1038 1454 1104 1480 Cn.

259 1497 295 1525 Vt
314 1508 367 1524 non
387 1508 418 1524 ex
438 1497 549 1528 luxuria,
569 1496 617 1522 sed
637 1506 669 1523 ex
688 1496 793 1523 adfectu
806 1496 998 1523 descendentes
1013 1505 1104 1522 causas

259 1541 380 1578 probent.
406 1540 436 1566 sr.
458 1541 496 1566 16.
518 1550 556 1577 pr.
577 1539 609 1565 de
628 1549 694 1566 man.
715 1539 786 1566 vind.
806 1541 847 1566 40.
867 1541 891 1566 2.
928 1538 1045 1565 Luxuria
1065 1549 1105 1565 ca-

259 1585 352 1620 stigata
372 1583 403 1609 ab
423 1584 616 1620 expugnatione
629 1582 780 1619 pudicitiae.
800 1581 867 1608 Νῦν.
881 1581 971 1608 Maior.
986 1581 1018 1608 de
1032 1581 1104 1608 adul-

259 1632 306 1653 ter.
319 1626 398 1653 1V.8.
410 1636 430 1652 c.
444 1628 466 1652 1.
480 1640 512 1645 —
532 1625 609 1659 §.³.
630 1627 799 1661 I'rofusio,
811 1627 1052 1660 Prodigalitas.
1072 1624 1103 1651 11.

259 1671 327 1703 Op.
348 1668 482 1695 Honestus
495 1668 597 1695 modus.
612 1683 643 1687 —
657 1667 828 1694 immoderata
843 1667 951 1694 luxuria.
967 1667 996 1694 fr.
1010 1669 1052 1693 40.
1063 1677 1103 1705 pr.

259 1712 292 1739 de
307 1712 391 1739 damn.
411 1711 455 1738 int.
475 1713 517 1738 39.
531 1713 555 1737 2.
580 1710 622 1737 111.
638 1712 704 1738 οη.
724 1711 818 1737 Emere
837 1711 868 1737 ad
888 1710 1007 1737 luxuriae
1025 1715 1104 1737 mate-

259 1756 331 1787 riam,
351 1759 481 1791 ungueuta
501 1754 576 1781 forte.
596 1753 627 1780 fr.
640 1755 664 1780 3.
684 1754 706 1788 §.
721 1756 744 1781 6.
766 1753 798 1780 de
817 1754 843 1780 in
858 1763 912 1780 rem
927 1763 994 1780 vers.
1008 1755 1046 1780 15.
1060 1755 1084 1780 3.

294 1798 516 1825 Luxurioso.
541 1796 654 1830 (Advb.)
691 1799 849 1833 Profuse,
871 1798 1028 1823 Molliter.
1060 1795 1102 1822 111.

259 1841 326 1868 Cn.
345 1840 457 1872 Mulieri,
477 1850 543 1877 quae
562 1839 615 1866 lux.
635 1841 709 1872 vivit,
730 1840 825 1873 (bonis
845 1839 968 1866 interdici
986 1839 1102 1876 potest.)

259 1883 289 1910 fr.
312 1885 351 1910 15.
370 1893 408 1920 pr.
429 1883 462 1910 de
481 1893 534 1909 cur.
554 1882 645 1910 furios.
664 1885 705 1909 27.
727 1885 766 1909 10.
787 1882 859 1909 Paul.
879 1882 921 1909 111.
941 1882 996 1909 4A.
1019 1882 1041 1916 ᾖ.
1061 1884 1085 1909 6.

300 1926 544 1953 Luxuriosus.
587 1926 726 1960 (Adiect.)
769 1927 941 1953 Luxuriae
963 1928 1100 1952 deditum

259 1969 301 1996 111.
322 1971 388 1997 Cn·
419 1968 583 1995 Luxuriosus
609 1974 687 2006 atque
710 1969 852 2006 prodigus,
876 1974 920 1995 aut
943 1968 1007 1995 alias
1031 1967 1100 1994 vilis.

259 2012 289 2039 sr.
311 2014 351 2039 11.
371 2012 393 2046 §.
416 2014 436 2038 l.
458 2011 490 2038 de
510 2011 533 2037 d.
554 2021 585 2038 m.
605 2014 629 2038 4.
648 2014 673 2038 3.
711 2012 765 2048 Qui
785 2023 798 2038 a
822 2011 971 2043 luxurioso,
998 2016 1023 2037 et
1043 2021 1102 2048 pro·
1122 2021 1124 2035 ι

260 2057 329 2082 tinus
354 2059 442 2082 scorto
468 2054 561 2081 daturo
580 2056 730 2092 pecuniam,
750 2065 842 2081 servos
862 2055 931 2081 emit.
957 2054 987 2081 l'r.
1007 2056 1031 2080 8.
1052 2064 1101 2091 pro

260 2104 319 2125 enit.
339 2100 380 2125 41.
400 2099 423 2124 4.
451 2098 481 2125 cs.
509 2097 538 2124 [ι’.
562 2099 600 2124 12.
626 2099 708 2132 §.11.
733 2097 818 2124 mand.
844 2099 884 2124 17.
905 2099 928 2124 1.
966 2097 995 2124 Si
1015 2098 1101 2123 —ita

260 2140 395 2167 luxuriosa
415 2146 455 2167 est
474 2142 527 2174 (sc.
547 2140 670 2174 mulier,)
691 2145 719 2167 ut
738 2150 874 2167 commune
892 2139 1023 2167 lavacrum
1043 2150 1101 2167 cum

260 2185 324 2210 viris
344 2184 461 2210 libidinis
481 2193 558 2210 causa
578 2183 674 2210 habere
694 2183 794 2210 audeat.
819 2193 841 2209 c.
863 2185 902 2209 11.
926 2184 948 2218 §.
967 2186 992 2210 2.
1011 2183 1044 2210 de
1064 2193 1102 2210 re-

259 2226 321 2265 pud.
341 2228 365 2253 5.
388 2229 426 2253 17.

296 2271 434 2296 LuxuS.
468 2270 593 2302 (Subst.)
629 2271 791 2296 Luxuria.
832 2268 875 2295 Ill.
901 2269 967 2296 Cn.
996 2269 1101 2305 Quibus

261 2313 406 2349 flagitiosus
431 2312 508 2338 luxus
533 2318 586 2344 est,
610 2312 686 2339 virile
705 2321 802 2349 corpus
821 2311 986 2338 muliebriter
1005 2313 1102 2338 consti·

261 2361 345 2382 tutum
374 2355 451 2382 alieni
475 2365 554 2381 sexus
579 2355 701 2382 damnare
727 2356 860 2392 patientia.
893 2354 963 2382 Coll.
988 2353 1041 2381 LL.
1067 2355 1100 2382 M.

261 2399 292 2425 V.
311 2400 335 2425 3.

296 2441 426 2475 Lybin.
465 2440 505 2467 Cf.
526 2451 549 2467 v.
564 2440 655 2476 Libya.

296 2484 501 2518 Lycaonia.
548 2486 649 2519 Regio
685 2485 785 2510 Asiae
817 2485 973 2516 minoris,
1015 2485 1102 2510 inter

262 2529 441 2562 Phrygiam
460 2534 489 2554 et
504 2529 682 2554 Galatiam.
709 2526 750 2552 111.
763 2528 828 2554 Cn.
849 2526 969 2559 Praeses,
987 2536 1011 2553 v.
1025 2526 1102 2552 Prae.-

264 2574 311 2601 tor,
331 2570 485 2605 Lycaoniae.
507 2570 552 2597 lul.
573 2580 613 2607 ep.
634 2578 694 2595 nov.
721 2579 741 2594 c.
764 2571 802 2595 la.
822 2570 858 2603 §§
879 2571 920 2595 64.
940 2579 979 2606 sq.
1000 2579 1021 2596 c.
1043 2571 1100 2595 120.

263 2613 284 2645 ς’,
304 2615 361 2638 525.

298 2655 484 2687 Lychnus.
522 2657 677 2682 Lucerna.
715 2653 758 2679 Ill.
774 2654 839 2681 Cn.
859 2653 976 2681 Tabulae
991 2671 1020 2675 —
1042 2664 1101 2690 erga

262 2697 388 2734 parietem
408 2698 519 2724 adfixae.
545 2702 589 2724 aut
607 2698 630 2724 si
649 2696 770 2723 similiter
789 2696 929 2723 cohaerent
947 2697 1045 2733 lychni.
1070 2697 1100 2724 sr.
1123 2698 1124 2704 ¹

262 2741 322 2766 245.
345 2747 383 2776 pr.
404 2739 435 2765 dc
455 2740 485 2766 V.
506 2741 533 2767 S.
554 2743 595 2767 50.
616 2742 656 2767 16.

299 2782 426 2816 Lycia.
470 2785 568 2817 Regio
595 2785 693 2810 Asiae
721 2784 872 2814 minoris,
900 2784 986 2808 inter
1012 2784 1102 2809 Pam—

263 2827 407 2861 phyliam
436 2831 464 2851 ει
492 2827 630 2853 Cariam.
672 2826 715 2852 111.
740 2827 806 2853 Cn.
835 2826 1014 2861 Quaecunque
1038 2825 1123 2879 mihi¹

999 169 1087 200 LUT
1102 187 1141 192 -
1155 167 1259 207 MAG.

1146 254 1292 288 supersunt
1310 251 1338 276 in
1355 249 1518 288 Pamphylia.
1538 250 1627 288 Lycia.
1648 251 1678 278 fr.
1699 253 1740 278 77.
1759 251 1782 285 §.
1800 253 1842 279 20.
1862 252 1895 279 de
1915 252 1989 289 legat.

1146 293 1176 320 11.
1196 294 1265 327 (31.)
1301 292 1439 321 Provincia
1457 294 1547 331 Lycia.
1568 294 1618 322 Th.
1639 293 1669 320 C.
1689 293 1734 321 lx.
1753 296 1795 321 38.
1816 305 1837 322 c.
1857 297 1880 322 9.
1901 295 1934 322 de
1953 297 1991 322 in-

1147 335 1218 372 dulg.
1239 337 1310 363 crim.

1182 379 1330 412 Lycius.
1350 378 1480 412 (Adiect.)
1518 382 1566 407 Ad
1581 381 1714 415 Lyciam
1731 381 1909 415 pertinens.
1945 381 1988 407 111·

1148 422 1214 449 Cn.
1235 421 1310 449 Civis
1329 421 1437 457 LyciuS.
1462 421 1499 449 lb.
1519 433 1540 450 c.
1560 425 1584 449 9.
1606 422 1621 449 l.
1642 422 1659 449 l.

1182 465 1315 498 Lydia.
1353 466 1451 492 Atiae
1469 467 1606 492 minoris
1625 467 1731 501 regio.
1758 466 1927 501 Phrygiae
1944 468 1990 493 vi-

1147 508 1229 534 cina.
1259 507 1303 534 III.
1318 509 1384 535 Cn.
1407 506 1458 534 Per
1470 507 1631 544 Bithyniam,
1645 508 1857 546 Paphlagoniam,
1871 507 1990 544 Lydiam,

1147 549 1358 588 Hellespontum,
1380 567 1410 571 —-
1430 560 1459 577 ac
1478 549 1617 587 Phrygiam
1636 551 1776 578 salutarem
1795 556 1844 578 etc.
1864 550 1914 578 Th.
1927 551 1958 578 C.
1970 551 1990 578 1.

1148 594 1172 619 6.
1193 604 1214 620 c.
1236 596 1258 620 1.
1278 593 1381 627 (Wek.)
1402 593 1434 620 de
1453 594 1496 620 off.
1517 593 1569 620 Prs.
1589 593 1635 621 Vr.

1184 636 1448 670 Lympharius.
1485 635 1527 663 Cf.
1547 646 1570 663 v.
1590 636 1694 664 Linteo.

1184 679 1315 713 Iaytae.
1358 681 1421 712 Qui
1448 686 1565 714 quarto
1593 690 1675 708 anno
1699 682 1992 714 iurisprudentiae

1149 723 1259 748 studio
1277 728 1404 749 vacant.
1442 721 1484 748 111.
1504 723 1571 749 Cn.
1595 722 1664 758 Quia
1688 722 1795 749 solitum
1819 724 1880 750 anni
1905 723 1991 760 quarti

1150 763 1286 791 studiosos
1309 774 1402 801 gracco
1426 770 1452 792 et
1476 769 1603 792 consueto
1623 765 1736 802 quodam
1759 765 1889 793 vocabulo
1909 765 1991 802 Lytas

1150 806 1285 845 adpellari.
1305 807 1399 844 Copst.
1419 807 1532 835 Omnem
1551 809 1615 846 reip.
1635 809 1657 843 §.
1677 811 1700 836 5.

1149 961 1359 1008 Macedo.
1379 981 1497 1008 Nomen
1515 983 1912 1018 improbifoeneratorie,
1932 982 1999 1019 (qui

1150 1033 1253 1050 causam
1267 1022 1340 1050 dedit
1353 1022 1441 1050 S.Cto
1461 1023 1493 1050 de
1510 1025 1620 1061 pecunia
1635 1023 1757 1051 filiisfam.
1773 1034 1826 1050 uon
1840 1023 1991 1058 credenda.)

1148 1065 1191 1092 111.
1207 1067 1273 1094 011.
1293 1065 1380 1093 Verba
1400 1066 1467 1094 S.C.
1486 1066 1666 1093 Macedoniani
1686 1067 1749 1094 haec
1769 1072 1847 1094 sunt:
1868 1067 1936 1094 Cum
1955 1068 1992 1094 in—

1148 1113 1189 1135 ter
1216 1114 1332 1135 caeteras
1356 1109 1465 1136 sceleris
1490 1119 1581 1136 causas
1600 1110 1722 1142 Macedo,
1749 1120 1813 1147 quas
1837 1110 1876 1137 illi
1900 1115 1991 1137 natura

1148 1151 1357 1180 administrabat.
1376 1153 1453 1179 etiam
1472 1162 1516 1179 aes
1535 1151 1648 1179 alienum
1667 1152 1832 1180 adhibuisset
1848 1158 1897 1180 etc.
1916 1153 1947 1180 l'r.
1968 1155 1992 1180 l.

1149 1204 1188 1232 pr.
1209 1194 1241 1221 de
1261 1194 1287 1221 S.
1297 1194 1328 1222 C.
1347 1195 1412 1222 Mac.
1434 1197 1473 1222 14.
1493 1196 1517 1222 6.

1184 1238 1422 1265 Macedonia.
1460 1240 1613 1272 Europae
1631 1240 1736 1274 regio,
1756 1237 1869 1272 (habens
1883 1238 1914 1265 ab
1926 1239 1991 1266 Oce.

1149 1291 1220 1307 mare
1243 1280 1358 1313 lonium,
1383 1281 1414 1307 ab
1435 1280 1482 1308 Or.
1502 1291 1572 1308 mare
1590 1281 1743 1318 Aegaeum.)
1780 1281 1822 1307 111.
1847 1283 1913 1310 (111.
1941 1281 1993 1309 Per

1149 1323 1283 1356 Achaiam,
1302 1323 1490 1356 Macedoniam,
1510 1329 1648 1361 totumque
1667 1323 1808 1360 Illyricum.
1838 1324 1887 1352 Th.
1902 1324 1933 1352 C.
1947 1324 1991 1352 VI.

1149 1370 1173 1393 4.
1193 1377 1214 1393 c.
1237 1368 1276 1393 ll.
1302 1366 1335 1393 de
1354 1366 1439 1394 Praet.
1459 1372 1485 1394 et
1505 1367 1557 1403 Qu.
1577 1366 1676 1393 Vicarii
1695 1366 1835 1400 Thraciae,
1854 1367 1946 1400 Ponti,
1966 1372 1992 1394 et

1148 1410 1236 1442 Asiae,
1257 1414 1283 1436 et
1301 1409 1470 1437 Macedoniae
1488 1415 1536 1437 etc.
1557 1420 1578 1437 c.
1595 1412 1635 1436 10.
1655 1409 1688 1436 de
1707 1409 1759 1436 div.
1780 1410 1848 1437 offic.
1872 1413 1911 1438 12.
1931 1412 1973 1437 60.

1183 1453 1496 1481 macedonianus.
1515 1451 1645 1486 (Adiect.)
1673 1453 1704 1486 §.
1720 1454 1755 1480 l.
1775 1455 1822 1480 Ad
1839 1456 1865 1481 S.
1873 1456 1903 1481 C.
1923 1465 1992 1489 spe—

1147 1502 1254 1528 ctans,
1292 1498 1374 1531 quod
1400 1507 1416 1523 a
1445 1498 1620 1523 Macedone
1642 1497 1856 1532 foeneratore
1883 1507 1992 1524 nomen

1148 1540 1284 1565 invenit.
1322 1537 1342 1565 I.
1364 1540 1426 1574 Sy.
1450 1538 1529 1571 S.C.,
1554 1540 1624 1576 (quo
1648 1538 1782 1566 foenerare
1806 1539 1930 1566 filiissam.
1951 1544 1992 1566 est

1147 1581 1331 1618 prohibitum.)
1368 1581 1583 1609 Macedonianum
1597 1582 1634 1618 (p.
1650 1582 1700 1614 se.)
1720 1581 1750 1608 fr.
1764 1584 1806 1609 26.
1825 1583 1846 1616 §.
1860 1584 1883 1609 9.
1905 1582 1934 1609 fr.
1948 1584 1990 1609 40.

1148 1634 1187 1661 pr.
1207 1624 1240 1650 de
1260 1623 1336 1650 cond.
1355 1624 1444 1652 indeb.
1466 1627 1504 1652 12.
1524 1626 1548 1651 6.
1569 1624 1598 1651 fr.
1620 1626 1660 1650 14.
1680 1624 1713 1650 de
1732 1624 1762 1651 R.
1777 1624 1807 1652 C.
1829 1627 1868 1652 12.
1890 1627 1912 1652 l.
1932 1635 1952 1652 c.
1966 1627 1990 1652 3.

1148 1677 1169 1693 c.
1189 1668 1214 1693 5.
1233 1677 1273 1703 sq.
1299 1666 1332 1693 ad
1352 1667 1418 1694 S.C.
1438 1667 1502 1694 Mac.
1523 1669 1546 1694 4.
1565 1670 1607 1694 28.
1632 1667 1663 1694 fr.
1685 1669 1725 1694 14.
1750 1667 1806 1694 eod.
1828 1670 1867 1694 14.
1887 1670 1911 1695 6.
1948 1667 1990 1695 111.

1148 1710 1215 1737 Gn.
1243 1709 1272 1735 In
1292 1709 1408 1736 filiatam.
1428 1709 1644 1737 Macedonianum
1664 1720 1780 1742 cessare,
1799 1721 1823 1738 v.
1843 1711 1930 1738 locum
1948 1710 1992 1738 ha-

1147 1752 1217 1779 bere.
1238 1751 1269 1779 fr.
1291 1754 1312 1779 1.
1333 1753 1354 1786 §.
1374 1755 1398 1779 3.
1419 1752 1453 1779 ib.
1476 1754 1514 1779 14.
1528 1754 1552 1779 6.
1572 1752 1602 1780 sr.
1616 1755 1658 1779 47.
1678 1754 1700 1787 ξ.
1717 1755 1739 1780 l.
1760 1753 1793 1780 de
1812 1753 1891 1780 solut.
1911 1755 1952 1781 46.
1965 1755 1990 1780 3.

1146 1795 1277 1832 Exceptio
1296 1794 1362 1822 S.C.
1383 1794 1572 1822 Macedoniani.
1592 1796 1622 1822 fr.
1638 1798 1677 1823 19.
1698 1796 1730 1822 ad
1749 1795 1816 1823 S.C.
1836 1796 1900 1823 Mac.
1913 1797 1952 1823 14.
1965 1797 1990 1823 6.

1149 1855 1178 1858 -
1199 1838 1230 1871 ξ.
1244 1839 1279 1865 8.
1300 1840 1347 1865 Ad
1363 1840 1511 1865 haeresin
1532 1840 1728 1870 Macedonii,
1748 1841 1896 1874 episcopi
1915 1841 1991 1866 Con-

1146 1883 1380 1915 stantinopol.,
1398 1883 1578 1915 pertinens.
1615 1881 1658 1908 ΙΙΙ.
1678 1883 1744 1909 011.
1769 1881 1899 1909 Vitiorum
1917 1882 1990 1908 insti-

1146 1925 1221 1955 tutio,
1233 1940 1264 1943 —
1277 1924 1438 1950 Eunomiana
1449 1923 1559 1956 scilicet,
1571 1924 1675 1957 Ariana,
1687 1924 1871 1952 Macedoniana
1881 1929 1928 1952 etc.
1938 1923 1986 1951 Th.

1147 1967 1177 1994 C.
1194 1966 1266 1993 XVI.
1280 1969 1304 1993 5.
1325 1977 1347 1993 c.
1364 1969 1402 1994 12.
1423 1966 1456 1993 de
1474 1966 1597 1994 haeretic.
1634 1967 1799 2000 Eunomiani,
1818 1968 1917 1999 Ariani,
1936 1966 1989 1994 Ma-

1147 2010 1299 2042 cedoniani,
1319 2009 1549 2037 Pneumatomachi
1569 2015 1619 2037 etc.
1644 2010 1682 2037 lb.
1702 2020 1723 2037 c.
1744 2012 1784 2036 11.
1805 2020 1825 2037 c.
1846 2012 1885 2037 13.
1905 2019 1926 2036 c.
1946 2010 1987 2037 59.

1146 2063 1158 2079 s
1182 2075 1186 2080 .
1206 2053 1222 2080 l.
1243 2052 1259 2080 l.

1161 2063 1462 2123 qltlacedonieus.
1504 2094 1649 2129 (Adiect.)
1692 2097 1739 2122 Ad
1765 2096 1987 2122 Macedoniam

1144 2141 1318 2173 pertinens.
1356 2137 1374 2164 I.
1394 2139 1455 2172 Sy.
1475 2137 1634 2164 Macedonia.
1659 2137 1798 2164 Dioecesis
1811 2137 1987 2164 Macedonica.

1147 2181 1182 2208 lb.
1202 2181 1235 2208 X.
1258 2182 1297 2207 19.
1318 2191 1339 2207 e.
1360 2182 1384 2207 7.
1403 2190 1442 2217 sq.
1464 2180 1496 2207 de
1515 2180 1612 2207 metali.

1180 2226 1392 2251 Macen-are.
1414 2225 1519 2250 Macie
1538 2226 1730 2254 admallare,
1749 2229 1919 2249 conterere.
1943 2221 1986 2249 111.

1147 2268 1213 2295 Gn.
1233 2266 1345 2303 Expulsi
1365 2282 1397 2286 —
1418 2266 1569 2297 solitudine,
1589 2275 1665 2302 quam
1684 2264 1791 2301 eligunt,
1813 2270 1986 2292 macerentur.

1147 2310 1196 2337 Th.
1218 2309 1248 2337 C.
1268 2309 1338 2336 ΧΠ.
1358 2311 1382 2335 5.
1402 2319 1423 2335 c.
1442 2310 1484 2336 62.
1504 2308 1536 2335 de
1555 2308 1676 2335 haeretic.
1699 2307 1740 2334 Cf.
1761 2308 1805 2335 IX.
1824 2310 1848 2335 3.
1869 2318 1891 2335 c.
1910 2310 1934 2335 6.
1953 2307 1987 2335 de

1147 2353 1249 2380 custod.
1270 2362 1336 2379 reor.

1181 2396 1438 2423 Macen-atum.
1459 2395 1648 2422 Mac-cratia.
1688 2392 1729 2419 111.
1747 2394 1813 2420 011.
1832 2393 1874 2420 De.
1885 2393 1986 2426 salinis,

1146 2438 1271 2469 alumine,
1293 2453 1322 2457 —
1344 2437 1389 2463 lini
1409 2441 1567 2463 maceratura
1587 2435 1690 2469 (tituli.)
1725 2435 1792 2463 Nov.
1813 2436 1869 2463 val.
1889 2436 1931 2463 111.
1953 2435 1986 2463 de

1146 2482 1236 2508 tribut.
1257 2481 1313 2507 fise.
1333 2480 1364 2506 11.
1385 2481 1424 2506 19.
1445 2489 1465 2505 c.
1488 2481 1509 2505 l.
1529 2479 1550 2512 §.
1568 2480 1589 2505 1.

1180 2524 1362 2551 Macerin-
1398 2523 1513 2549 Partes
1537 2524 1590 2548 sub
1609 2524 1661 2548 dio
1678 2524 1817 2556 positus.
1855 2521 1898 2548 111.
1917 2523 1984 2550 Gn.

1146 2567 1235 2594 Paries
1256 2571 1304 2598 est,
1324 2566 1380 2592 sive.
1398 2574 1487 2591 murus
1508 2565 1563 2591 sive
1582 2565 1692 2591 maceria
1712 2569 1759 2590 est.
1779 2564 1809 2591 fr.
1825 2566 1882 2592 157.
1895 2575 1934 2602 pr.
1951 2563 1983 2591 de

1147 2609 1178 2636 V.
1198 2609 1226 2636 S.
1245 2611 1286 2634 50.
1308 2610 1347 2635 16.
1368 2607 1399 2634 cf.
1420 2608 1449 2634 l'r.
1470 2609 1493 2633 6.
1514 2608 1534 2641 §.
1558 2609 1578 2634 l.
1601 2608 1631 2633 sr.
1653 2609 1694 2633 l7.
1713 2617 1804 2633 comm.
1825 2607 1913 2644 praed.
1923 2608 1946 2633 8.
1957 2607 1981 2632 4.

1146 2653 1215 2679 Intra
1235 2652 1370 2678 maceriam
1390 2650 1590 2687 sepulchrorum
1614 2650 1712 2681 hortis,
1736 2649 1778 2676 vel
1803 2651 1911 2676 caeteris
1930 2647 1982 2675 cul-

1147 2696 1226 2726 turis,
1250 2693 1308 2720 loca
1331 2703 1396 2731 pura
1420 2699 1529 2721 seriata.
1555 2694 1585 2720 sr.
1606 2695 1645 2719 73.
1669 2693 1692 2727 ξ.
1714 2695 1735 2720 l.
1759 2692 1792 2719 de
1816 2697 1896 2719 contr.
1921 2695 1980 2717 emt.

1148 2740 1186 2764 18.
1209 2739 1229 2764 1.

1181 2780 1370 2807 Machina.
1395 2779 1426 2812 ξ.
1442 2780 1477 2806 l.
1498 2781 1752 2807 lustramentum
1771 2778 1981 2808 tractorium,

1146 2826 1194 2851 vel
1212 2825 1425 2855 scansorium,
1445 2825 1521 2849 item
1541 2816 1744 2858 adfariuam
1762 2821 1980 2854 subigendam.
