2197 3121
277 153 359 183 1024

277 233 359 262 usufr.
379 243 430 259 ear.
450 242 499 259 rer.
520 233 542 258 7.
562 233 586 258 5.
624 230 666 258 Ill.
686 232 752 259 οη.
776 230 870 257 Emere
889 230 938 263 (sc.
958 229 1074 263 servos.)
1093 234 1122 256 ut
1144 230 1146 257 ἶ

276 279 335 315 ipse
349 276 464 307 haberet,
485 280 561 312 atque
581 276 618 301 eis
632 274 664 301 ad
678 274 791 311 aliquam
805 284 860 300 rem
873 278 998 300 uteretur.
1018 272 1048 300 fr.
1061 274 1121 299 203.
1144 281 1146 311 1

278 320 311 347 de
331 319 360 346 V.
381 319 407 346 S.
427 321 468 345 50.
490 320 529 345 16.
559 318 588 345 Si
608 328 662 344 rem
686 317 734 344 tibi
753 316 876 343 utendam
896 316 1021 348 dederim,
1042 321 1067 342 et
1086 317 1123 342 in·
1144 321 1146 348 i

277 364 359 390 vicem
379 362 455 389 aliam
474 371 528 388 rem
548 360 671 387 utendam
690 361 844 397 acceperim.
865 358 921 386 Gai.
937 359 979 386 111.
1002 361 1060 386 144.
1080 358 1122 385 Cf.

278 405 364 433 Vatic.
383 406 404 439 5.
424 407 483 432 269.
504 404 532 431 fr.
553 406 595 431 34.
616 403 648 430 de
667 404 723 430 iure
743 402 796 430 dot.
816 404 858 428 23.
877 404 902 430 3.
922 401 951 428 Si
971 403 1030 439 quis
1050 406 1124 428 uten-

279 448 339 476 dam
358 458 412 475 rem
431 447 570 484 acceperit,
586 456 695 483 eamque
714 447 740 472 in
760 445 838 472 alium
858 455 932 472 usum
952 444 1123 472 transtulerit.

279 491 338 519 Gai.
352 491 393 517 111.
410 491 466 517 196.
481 500 520 526 sq.
544 489 574 516 fr.
598 491 635 516 10.
655 499 694 527 pr.
715 488 746 516 cf.
768 488 797 515 fr.
818 490 840 515 1.
860 489 881 522 5.
904 490 924 515 l.
946 488 976 516 fr.
998 490 1037 515 19.
1057 498 1124 514 com·

280 533 348 561 mod.
371 535 409 559 13.
430 534 453 560 6.
490 532 645 564 possidere,
668 533 758 568 utique
779 531 838 558 frui.
861 531 945 558 vatic.
966 532 1004 566 55.
1023 533 1064 558 90.
1084 540 1124 567 sq.

280 575 428 607 Intendere,
450 592 479 596 —
500 577 541 602 ius
555 575 662 612 aliquod
676 575 753 601 nobis
767 579 925 612 competere,
940 574 1012 601 velut
1026 573 1125 605 utendi,

280 624 323 646 aut
343 618 433 645 utendi
452 618 569 650 fruendi,
595 618 686 650 eundi,
711 617 804 654 agendi
823 622 872 643 etc.
898 616 954 644 Gai.
975 616 1018 644 IV.
1037 619 1062 644 3.
1082 616 1125 644 Cf.

280 661 352 689 Paul.
372 661 389 688 1.
411 664 450 688 ll.
469 662 490 696 5.
505 664 529 688 2.
548 661 591 688 111.
605 662 628 687 6.
649 662 670 695 5.
683 663 725 687 27.
746 660 813 687 Cum
832 661 945 697 primum
964 660 1053 696 itaque.
1073 669 1126 686 non

280 706 395 732 inveniet
414 704 532 737 alterum.
553 705 597 741 qui
611 704 662 730 sibi
676 708 823 735 concurrat,
843 702 918 730 solus
933 708 1020 729 utetur
1034 707 1126 729 totum.

282 747 365 774 Vatic.
386 748 406 782 5.
428 750 468 775 77.
489 747 517 774 In
536 752 581 774 tuo
602 747 702 784 aliquid
721 752 789 779 utor,
809 747 859 773 etsi
879 747 954 783 quasi
975 745 1044 772 facto
1064 756 1128 782 quo—

281 791 340 817 dam
359 790 492 828 possideo.
517 790 548 817 fr.
566 792 608 816 20.
628 800 666 827 pr.
687 790 719 817 de
739 790 766 816 S.
786 789 813 816 P.
835 789 865 816 V.
888 792 911 816 8.
931 791 955 816 2,
993 788 1028 815 Vt
1048 799 1081 815 ne
1100 789 1126 815 in

282 845 365 861 meam
385 839 484 872 partem
504 832 577 860 fundi
597 832 683 865 aliam,
709 843 785 869 quam
804 832 836 859 ad
857 842 933 869 quam
952 833 1066 858 servitus
1085 831 1128 858 ad·
1148 833 1151 850 ¹

281 878 377 915 quisita
396 878 440 909 sit,
459 877 497 903 uti
516 887 544 903 ea
564 877 663 913 possim
685 875 733 910 [al.
752 875 861 913 possit]
887 875 917 902 fr.
936 877 978 902 24.
999 874 1031 901 de
1051 874 1078 901 S.
1098 874 1127 901 P.

281 921 312 947 11.
332 923 356 948 8.
375 922 399 947 3.
437 919 496 946 Non
516 919 613 946 utendo
633 920 760 946 amittitur
780 918 891 950 ususfr..
915 919 937 945 si
956 918 1128 955 possessione

281 963 356 991 fundi
375 963 481 990 biennio
501 962 658 989 fructuarius
677 972 729 988 non
749 967 843 988 utatur.
864 961 936 988 Paul.
950 961 992 988 111.
1006 962 1030 987 6.
1050 961 1072 995 5.
1086 962 1127 987 30.

283 1006 368 1033 Vatic.
388 1007 409 1040 5.
431 1008 471 1033 75.
492 1005 522 1032 fr.
544 1006 601 1032 126.
626 1005 648 1038 5.
670 1007 692 1031 1.
716 1004 748 1031 de
767 1004 797 1031 V.
819 1004 852 1031 Ο.
872 1006 913 1031 45.
936 1006 958 1031 l.
984 1021 1015 1025 —
1040 1004 1072 1037 ἓ.
1092 1004 1127 1030 2.

283 1051 460 1081 Eser-cere,
485 1050 645 1083 Exseqni,
671 1050 836 1075 Adlcibere.
878 1047 897 1074 1.
917 1048 979 1082 Sy.
1003 1046 1128 1083 Exsequi.

283 1092 325 1119 Cf.
345 1092 370 1119 h.
389 1103 412 1118 v.
433 1093 491 1126 5.1.
511 1092 648 1128 Excipere.
669 1091 834 1128 Exeeptione
853 1091 898 1116 uti.
918 1089 948 1116 fr.
967 1091 991 1115 2.
1011 1089 1033 1122 5.
1054 1091 1077 1115 4.
1099 1088 1128 1115 fr.
1150 1090 1152 1104 ¹

283 1137 306 1161 4.
327 1135 349 1168 5.
371 1137 392 1161 l.
414 1135 446 1161 de
465 1134 488 1161 d.
509 1145 542 1161 m.
563 1144 618 1161 exc.
639 1135 679 1160 44.
700 1135 724 1160 4.
754 1133 895 1160 Yindicare
913 1132 964 1158 sibi
985 1132 1130 1158 excusatio-

283 1188 350 1204 nem.
370 1178 547 1205 Excusatione
567 1178 612 1204 uti.
633 1176 665 1203 fr.
688 1178 710 1203 1.
735 1169 775 1214 pr.
799 1177 821 1210 5.
843 1178 865 1202 l.
890 1175 922 1202 de
941 1180 1023 1201 vacat.
1043 1179 1069 1201 et
1088 1185 1130 1201 ex-

283 1231 338 1247 cus.
359 1223 400 1247 50.
421 1223 444 1248 5.
480 1220 524 1246 111.
550 1221 616 1248 Cn.
646 1219 709 1246 Sive
729 1218 910 1256 principaliter
928 1218 979 1244 hoc
998 1218 1129 1253 negotium

283 1268 368 1301 gerat,
392 1265 447 1290 sive
471 1263 578 1289 alterius
602 1263 788 1299 negotiationis
813 1262 965 1287 accessione
984 1266 1079 1288 utatur.
1099 1260 1128 1288 fr.

283 1308 307 1333 4.
328 1307 349 1340 5.
368 1308 393 1332 2.
414 1305 447 1332 de
466 1305 491 1332 h.
516 1306 560 1342 qui
584 1311 638 1332 not.
663 1304 707 1331 iuf.
731 1306 756 1330 3.
776 1306 800 1330 2.
838 1304 923 1330 Posse
943 1303 1081 1330 detrahere
1100 1314 1131 1330 ex

284 1349 394 1377 aedibus
414 1350 478 1381 suis,
497 1364 529 1368 —
550 1354 576 1375 et
594 1348 621 1375 id
649 1347 697 1383 [al.
717 1358 747 1374 eo
767 1347 798 1374 ad
819 1346 860 1381 id]
886 1357 953 1384 opus
973 1347 1018 1373 uti.
1039 1346 1068 1373 fr.
1088 1348 1130 1373 41.

284 1393 306 1428 5.
321 1394 344 1419 5.
366 1391 488 1428 delegat.
504 1391 523 1419 Ι.
539 1392 606 1425 (30.)
626 1391 692 1418 Arte
712 1400 766 1419 sua,
787 1394 877 1416 contra
897 1394 1023 1427 patronae
1041 1389 1131 1416 volun-

285 1440 373 1467 tatem,
394 1436 439 1461 uti.
460 1434 490 1461 fr.
512 1436 551 1461 ll.
572 1434 604 1461 de
624 1434 734 1469 obsequ.
756 1443 808 1470 par.
828 1434 870 1459 37.
891 1435 931 1458 15.
952 1433 1005 1469 Qui
1026 1444 1038 1459 a
1060 1443 1132 1470 prae-

286 1483 392 1516 ceptore
414 1494 442 1498 —-
464 1477 540 1513 fugit,
565 1478 624 1513 quia
643 1475 814 1503 immoderate
839 1486 870 1502 eo
890 1475 1019 1503 utebatur.
1040 1475 1070 1503 fr.
1092 1477 1130 1502 17.

284 1522 306 1556 5.
326 1523 350 1547 3.
372 1520 403 1547 de
422 1519 488 1546 Aed.
509 1519 585 1546 edict.
608 1521 649 1546 21.
672 1521 693 1545 l.
730 1518 798 1546 Male
825 1523 916 1544 nostro
942 1520 998 1545 iure
1022 1520 1060 1545 uti
1080 1528 1132 1545 non

285 1564 419 1591 debemus.
440 1562 496 1589 Gai.
510 1562 528 1588 1.
542 1564 583 1588 53.
604 1562 705 1589 Habeat
725 1577 756 1581 —-
776 1566 945 1598 potestatem,
965 1566 1053 1588 utatur
1071 1561 1132 1598 legi-

286 1608 335 1634 bus
356 1611 404 1633 etc.
425 1605 475 1632 Th.
496 1605 526 1632 C.
541 1605 572 1631 11.
594 1607 616 1631 1.
638 1615 658 1632 c.
676 1606 714 1631 ll.
736 1604 769 1630 de
789 1604 880 1631 iurisd.
901 1604 943 1632 Cf.
965 1604 995 1631 fr.
1009 1607 1051 1631 21.
1072 1605 1093 1638 5.
1110 1607 1130 1631 l.

287 1650 316 1676 fr.
335 1651 377 1676 36.
397 1649 465 1682 5.1.
486 1648 519 1674 de
538 1652 654 1674 excusat.
673 1649 716 1674 27.
738 1649 759 1673 l.
786 1647 843 1674 lure
863 1657 912 1674 suo
932 1649 983 1678 uti.
1003 1648 1132 1684 (eumque
1154 1655 1156 1659 ’

286 1691 472 1724 exheredare.)
498 1691 527 1717 fr.
547 1692 571 1717 3.
596 1692 617 1725 5.
638 1693 661 1717 5.
686 1690 719 1717 de
742 1690 772 1717 B.
793 1690 822 1716 P.
847 1701 869 1717 (“,
890 1695 907 1717 t.
931 1692 972 1717 37.
993 1692 1016 1717 4.
1041 1690 1071 1716 fr.
1092 1692 1132 1716 14.
1154 1686 1156 1707 ἶ

287 1746 325 1774 pr.
346 1734 378 1761 de
398 1734 472 1771 legat.
493 1738 590 1771 praest.
611 1735 652 1760 37.
671 1736 695 1760 5.
721 1732 928 1760 Praedicendum
948 1734 980 1765 ei,
1001 1743 1052 1759 non
1073 1743 1133 1760 usu·
1154 1733 1156 1748 ⁴

287 1789 343 1806 rum
363 1788 420 1804 eum
441 1776 592 1814 privilegio.
618 1778 640 1803 si
660 1777 838 1802 conveniatur.
864 1776 893 1802 fr.
915 1777 938 1802 7.
959 1786 998 1813 pr.
1023 1776 1076 1812 Qui
1096 1787 1133 1803 sa-

288 1821 349 1848 tisd.
370 1830 425 1856 cog.
444 1822 468 1846 2.
489 1821 512 1846 8.
533 1819 562 1846 Si
582 1820 641 1856 quis
660 1820 806 1846 intentione¹
826 1818 945 1855 ambigua
960 1835 990 1839 -
1008 1829 1071 1846 usus
1092 1820 1134 1846 sit.

289 1865 319 1892 fr.
340 1866 381 1890 66.
402 1863 434 1890 de
453 1862 530 1890 indic.
551 1865 574 1889 5.
594 1864 615 1889 l.
636 1862 664 1889 Si
684 1862 802 1899 suscepit
822 1863 961 1894 actionem,
981 1878 1011 1883 —
1032 1867 1058 1888 et
1077 1862 1135 1889 aliis

289 1906 489 1935 defensionibus
514 1915 591 1938 usus»,
618 1905 683 1932 hanc
707 1905 803 1931 omisit.
829 1904 859 1931 fr.
879 1906 920 1931 52.
946 1915 984 1942 pr.
1005 1905 1038 1932 de
1057 1905 1134 1932 iudic.

290 1953 313 1977 5.
336 1953 357 1977 l.
395 1950 424 1976 Si
444 1949 569 1975 adversus
588 1953 721 1986 petentem
741 1948 875 1974 dominum
896 1949 933 1975 uti
956 1950 1075 1986 coeperit.
1095 1959 1136 1976 ex-

292 1994 442 2031 ceptionem
463 1991 510 2026 [al.
531 1991 710 2028 exceptione]
733 1991 762 2018 fr.
783 1993 806 2018 7.
827 1991 847 2025 5.
868 1992 891 2018 6.
912 2001 960 2028 pro
980 1997 1039 2018 emt.
1059 1993 1135 2018 41.«1.

292 2053 323 2058 ·-
343 2037 374 2071 §-
390 2037 426 2063 3.
442 2036 581 2062 Observa
591 2044 628 2060 re.
662 2034 704 2060 111.
720 2036 786 2062 οη.
807 2034 836 2060 Si
852 2051 881 2054 —
899 2034 950 2061 alio
970 2035 1026 2061 iure
1045 2036 1136 2062 civitas

292 2081 348 2106 eius
369 2081 417 2111 (sc.
439 2078 581 2115 peregrini)
602 2081 697 2103 utatur.
718 2077 774 2103 Gai.
795 2077 836 2104 111.
853 2079 909 2104 120.
930 2077 982 2109 lus,
1002 2088 1053 2114 quo
1074 2077 1136 2104 urbs

293 2122 374 2149 Roma
395 2122 484 2148 utitur.
506 2120 536 2147 fr.
555 2121 596 2146 32.
618 2130 656 2157 pr.
677 2119 708 2146 cf.
729 2119 759 2146 fr.
779 2121 820 2146 37.
841 2119 874 2146 de
893 2119 970 2156 legib.
992 2123 1014 2147 l.
1029 2122 1053 2148 3.
1073 2120 1137 2148 Lata

295 2170 335 2190 est
361 2164 388 2190 L.
410 2163 540 2194 Falcidia,
564 2173 614 2199 qua
638 2167 740 2189 cautum
766 2167 804 2188 est
829 2168 877 2188 etc.
898 2179 930 2183 —-
951 2168 976 2189 et
1000 2164 1050 2191 hoc
1069 2174 1138 2190 nunc
1158 2178 1161 2197 ς

295 2210 351 2234 inre
372 2208 474 2234 utimur.
501 2205 539 2232 ld.
558 2205 588 2233 11.
606 2207 665 2232 227.
685 2205 716 2232 cf.
737 2205 779 2232 111.
798 2206 839 2232 64.
869 2205 940 2232 Olim
960 2204 1139 2234 varie‘ohser-

297 2250 417 2281 xahatur.
444 2266 472 2269 —
498 2248 545 2275 sed
568 2248 646 2275 hodie
670 2253 741 2275 certo
766 2249 821 2275 iure
845 2249 954 2281 utimur.
978 2254 1028 2275 tam
1051 2260 1082 2276 ex
1102 2260 1140 2276 rc-

296 2294 404 2330 scriptis
419 2292 547 2323 divorum.
568 2302 643 2328 quam
658 2302 688 2319 ex
703 2291 937 2318 constitutionibus
951 2291 1139 2329 Imperatorum

297 2341 456 2362 nostrorum.
477 2334 560 2360 tatic.
581 2335 681 2368 5125.
703 2335 734 2361 cf.
754 2335 776 2368 5
799 2336 855 2361 120.
876 2334 1050 2362 Gai.ll.195.
1070 2335 1139 2362 llaec
1161 2339 1162 2346 ¹

297 2380 348 2414 Qu.
370 2378 471 2405 Mucius
492 2377 586 2409 refertg
607 2383 632 2403 et
650 2388 709 2404 vera
730 2382 797 2403 sunt.
813 2393 844 2398 --
865 2377 920 2403 ‘Nec
940 2378 1036 2404 utimur
1056 2377 1140 2405 Servii

297 2422 442 2451 sententia,
468 2422 511 2457 qui
532 2420 640 2458 putabat
659 2425 707 2446 etc.
733 2420 762 2447 fr.
783 2422 824 2446 76.
845 2420 877 2446 dc
897 2420 957 2447 furt.
977 2421 1018 2446 47.
1038 2422 1062 2447 2,
1083 2420 1140 2447 Gai.

299 2465 315 2491 1.
340 2466 385 2490 135
425 2463 461 2490 lta
482 2469 505 2489 et
528 2463 643 2490 Sabinus
664 2468 686 2489 et
709 2462 805 2489 Celsus
824 2463 957 2495 scribunt.
983 2473 1066 2499 eoque
1086 2464 1141 2489 iure
1162 2466 1163 2470 ’

300 2508 402 2533 utimur.
424 2506 453 2533 fr.
468 2510 491 2533 8.
513 2507 548 2540 55
572 2508 593 2532 1.
608 2507 629 2532 7.
652 2506 684 2532 de
704 2516 802 2543 precor.
822 2508 864 2532 43.
880 2508 922 2533 26.
943 2505 996 2532 Sed
1016 2505 1066 2532 alio
1086 2507 1142 2533 iure

301 2551 408 2577 utimur.
432 2555 455 2575 vt
483 2554 561 2575 recte.
588 2548 644 2575 Gai.
665 2548 707 2575 lV.
730 2550 786 2575 1653.
806 2549 837 2575 cf.
858 2549 899 2576 111.
919 2550 978 2576 224.
1017 2548 1142 2575 Vidcmur
1163 2550 1165 2585 ἶ,

301 2592 350 2618 hoc
369 2593 424 2618 iur«¹
444 2593 489 2623 uti.
511 2597 537 2618 ut
557 2597 604 2618 etc.
626 2591 707 2618 Vatic.
728 2592 749 2625 5.
772 2593 828 2618 133.
849 2591 889 2619 Cf.
911 2592 967 2618 Gai.
988 2591 1018 2618 11.
1040 2593 1141 2618 10&—
1163 2608 1164 2613 .

301 2635 333 2667 ξ.
353 2636 392 2661 4.
413 2637 545 2669 Cupiunt
566 2645 647 2666 esse,
668 2636 862 2669 competere.
906 2634 924 2661 I.
944 2636 1006 2668 Sy.
1032 2633 1141 2660 Habere.

303 2675 397 2703 Valere
417 2679 476 2713 pati.
498 2677 527 2704 fr.
551 2679 570 2703 1.
592 2687 628 2714 pr.
650 2677 713 2710 5.1.
735 2676 764 2703 fr.
784 2678 807 2703 3.
830 2677 852 2710 5.
872 2678 896 2703 3.
916 2677 967 2712 Qu.
987 2678 1073 2713 quisq.
1094 2678 1140 2704 iur.

301 2722 325 2745 2.
338 2721 362 2745 2.
382 2717 548 2755 Competere.
570 2719 640 2746 Vtile
655 2730 721 2751 esse,
742 2719 822 2746 'fueri
836 2729 873 2751 se,
894 2718 938 2746 Vti
952 2729 1040 2756 posse.
1060 2720 1090 2746 fr.
1105 2721 1142 2746 16.

303 2763 326 2788 si
346 2762 435 2788 servit.
455 2765 478 2787 8.
493 2764 514 2788 5,
536 2763 565 2789 fr.
585 2765 625 2788 25.
646 2763 704 2796 5.1.
726 2762 755 2789 fr.
769 2764 811 2789 26.
831 2762 863 2789 ad
883 2761 910 2788 S.
925 2761 956 2788 C.
976 2761 1043 2788 toll.
1065 2764 1104 2789 16.
1121 2764 1142 2788 l.

304 2804 333 2832 fr.
347 2807 370 2831 3.
392 2805 427 2838 55.
442 2806 464 2831 5.
479 2806 501 2830 7.
522 2815 578 2841 sqq.
600 2807 636 2832 uti
657 2805 755 2843 possid.
771 2807 810 2832 43.
829 2806 865 2832 16.
887 2804 917 2831 fr.
931 2807 955 2831 2.
976 2804 997 2838 5.
1012 2806 1036 2831 2.
1057 2804 1086 2832 sr.
1102 2807 1141 2831 17.
1164 2786 1166 2848 l

1101 147 1186 178 VTI.

1167 228 1199 256 de
1218 239 1318 267 precar.
1338 230 1380 256 43.
1398 230 1440 256 26.
1463 229 1519 257 Gai.
1540 230 1584 258 IV.
1603 232 1645 259 29.
1667 234 1708 259 74.
1729 234 1787 259 125.
1809 234 1867 260 139.
1888 235 1945 261 147.
1981 235 2013 262 11.

1171 273 1238 306 ΟΡ.
1262 271 1307 299 Vti
1326 282 1407 310 posse
1430 272 1580 305 (commodo
1601 274 1663 307 etc.)
1688 291 1720 294 —
1746 275 1847 303 Arceri.
1873 276 2014 313 Denegari.
2034 277 2037 280 ⁴

1166 314 1197 341 fr.
1211 318 1235 342 4.
1247 314 1277 342 fr.
1291 317 1333 342 27.
1347 315 1368 349 5.
1386 317 1424 342 10.
1439 315 1470 343 fr.
1481 317 1523 342 30.
1539 327 1576 354 pr.
1591 317 1622 344 ad
1637 317 1793 345 S.C.Treb.
1807 320 1849 346 36.
1865 321 1886 345 1.
1900 319 1930 346 fr.
1944 322 1969 346 4.
1983 319 2016 347 de

1168 358 1246 385 Carb.
1267 357 1345 385 edict.
1363 360 1406 385 37.
1428 360 1467 385 10.
1504 359 1548 386 111.
1565 361 1630 387 οη.
1651 360 1845 388 Consularibus
1866 362 2016 399 insignibus

1145 419 1147 435 3
1168 402 1213 428 uti.
1234 400 1269 428 Vl
1288 397 1469 428 t'ascibus‘uti.
1489 401 1520 428 fr.
1537 403 1575 429 14.
1596 402 1628 429 de
1647 403 1691 430 off.
1711 403 1787 431 Proc.
1808 409 1834 431 et
1852 403 1914 441 Leg.
1936 407 1959 432 l.
1974 406 2015 432 16.

1168 443 1198 471 fr.
1218 446 1243 471 2.
1261 454 1301 482 pr.
1322 443 1355 471 de
1374 444 1398 471 h.
1419 445 1464 481 qui
1482 449 1536 472 not.
1561 445 1606 472 inf.
1624 447 1649 473 3.
1668 449 1693 473 2.
1722 448 1893 474 Ornamentis
1912 452 2016 474 senato-

1168 488 1215 514 riis
1235 489 1280 514 uti.
1301 487 1331 514 fr.
1352 489 1409 514 100.
1430 487 1462 514 de
1484 486 1512 514 V.
1533 487 1560 515 S.
1580 490 1621 515 50.
1643 490 1682 516 16.

1204 531 1326 558 Vtica.
1366 532 1442 557 Vrbs
1463 532 1604 567 Africae
1623 534 1775 565 minoris,
1795 534 1834 566 (in
1854 532 1932 560 litore
1952 532 2017 560 Car-

1170 573 1337 610 thaginensi.)
1374 572 1417 600 111.
1437 574 1503 601 011.
1534 573 1562 600 In
1586 573 1676 601 Africa
1696 574 1841 613 Carthago,
1870 575 1946 603 Vtica
1965 576 2016 610 [al.

1170 616 1276 649 Vticea,
1301 626 1324 643 v.
1345 615 1445 650 Vtice‚]
1474 615 1567 654 Leptis
1591 627 1682 654 magua
1701 634 1734 638 —
1758 619 1823 646 iuris
1846 618 1932 646 Italici
1954 619 2017 646 facti

1170 664 1239 687 sunt.
1259 659 1289 686 fr.
1309 660 1333 686 8.
1353 659 1375 693 5.
1396 661 1437 686 11.
1457 658 1490 686 de
1510 660 1611 687 censib.
1630 662 1671 687 50.
1693 662 1732 687 15.

1205 703 1327 730 Vtilis.
1355 701 1484 736 (Adiect.)
1511 703 1542 736 §.
1562 705 1597 730 1.
1617 705 1664 730 Ad
1682 714 1770 730 usum
1789 705 1924 737 habilis,
1944 707 2018 732 Pro-

1165 747 1290 782 ficuus.
1327 745 1346 772 1.
1367 746 1429 780 Sy.
1456 744 1644 778 Commodum,
1673 746 1744 773 Vtile
1763 746 1807 780 (ad
1827 746 2018 782 habitandum.)

1148 800 1150 824 ἶ
1172 788 1202 816 fr.
1221 789 1263 815 60.
1282 799 1322 826 pr.
1342 788 1419 815 locat.
1441 790 1480 815 19.
1500 791 1524 815 2.
1549 788 1580 816 fr.
1602 790 1658 816 183.
1683 789 1716 816 de
1739 788 1770 816 V.
1791 789 1818 816 S.
1838 792 1879 817 50.
1901 792 1940 818 16.
1975 791 2018 818 Ex

1173 831 1270 868 quibus
1290 831 1391 858 reditus
1411 831 1566 869 adquiritur,
1586 831 1673 858 Vtiles
1693 833 1860 869 (impensae.)
1883 833 1914 860 fr.
1934 835 1975 861 79.
1994 834 2017 868 5.

1174 876 1196 901 1.
1216 874 1251 901 ib.
1270 876 1311 901 50.
1334 876 1373 901 16.
1393 874 1454 912 le.
1474 875 1518 902 VI.
1539 876 1578 901 16.
1599 874 1670 901 Vtile
1689 885 1757 902 esse.
1775 875 1916 913 Expedire.
1937 875 1978 904 Cf.
1993 876 2017 903 h.

1172 927 1196 944 v.
1216 918 1237 951 5.
1257 918 1281 944 4.
1318 917 1349 943 11.
1370 919 1438 952 Op.
1461 917 1643 945 Necessarius.
1668 918 1710 945 Cf.
1730 918 1755 945 h.
1776 929 1801 945 v.
1819 919 1841 953 5.
1862 921 1884 946 1.
1907 918 2018 947 Inutilis.

1172 959 1202 986 fr.
1224 962 1246 986 1.
1267 970 1306 997 pr.
1326 960 1359 986 de
1379 965 1462 987 contr.
1482 966 1543 987 emt.
1565 962 1604 987 18.
1626 962 1647 987 l.
1684 961 1727 988 111.
1748 963 1814 989 οη.
1839 961 1919 997 Quod
1938 963 2020 990 omni-

1173 1003 1223 1029 bus
1243 1002 1413 1029 utilissimum
1433 1008 1483 1035 est,
1502 1003 1544 1029 vel
1559 1003 1630 1040 quod
1649 1003 1739 1030 malint
1758 1003 1912 1040 litigatores.
1931 1005 1962 1032 fr.
1975 1007 2018 1032 21.

1174 1056 1265 1072 comm.
1286 1045 1339 1072 div.
1361 1047 1400 1072 10.
1420 1047 1445 1072 3.
1483 1045 1559 1081 Quae
1583 1045 1615 1072 ad
1640 1045 1809 1073 refectionem
1829 1047 1902 1074 utilia
1922 1053 2019 1076 essent.

1174 1088 1249 1123 Quae
1278 1088 1406 1115 aediliciis
1435 1093 1496 1115 sunt
1525 1088 1607 1116 utilia.
1637 1088 1667 1116 fr.
1686 1091 1712 1115 4.
1734 1099 1771 1126 pr.
1800 1089 1833 1116 dc
1857 1091 1913 1118 itin.
1933 1096 2018 1128 actuq.

1173 1132 1240 1169 priv.
1265 1133 1306 1158 43.
1329 1132 1368 1157 19.
1393 1131 1423 1158 fr.
1446 1133 1468 1158 1.
1488 1132 1553 1165 5.1.
1579 1131 1611 1158 de
1634 1133 1706 1168 tigno
1730 1133 1809 1159 iuuet.
1829 1135 1870 1161 47.
1889 1136 1914 1160 3.
1951 1134 2020 1161 Vasa

1174 1173 1247 1201 utilia
1269 1173 1393 1201 culturae.
1419 1174 1449 1200 fr.
1469 1176 1493 1201 8.
1514 1185 1552 1212 pr.
1578 1175 1611 1201 de
1635 1176 1709 1201 instr.
1734 1174 1784 1211 leg.
1802 1177 1845 1202 33.
1866 1178 1888 1203 7.
1926 1177 2020 1204 Fundo

1151 1249 1153 1252 .
1175 1233 1205 1238 —-
1226 1218 1382 1244 servitutem
1402 1218 1514 1255 imponi,
1543 1219 1593 1244 etsi
1622 1228 1675 1244 non
1704 1217 1777 1245 utilis
1804 1220 1846 1245 sit.
1871 1219 1902 1246 fr.
1923 1221 1963 1247 19.
1988 1220 2021 1247 de.

1174 1261 1265 1287 servit.
1284 1261 1308 1287 8.
1331 1262 1352 1287 l.
1391 1260 1581 1288 Contractibus
1601 1260 1682 1288 licitis
1702 1260 1782 1288 utiles
1801 1277 1834 1281 —-
1853 1271 1882 1288 se
1895 1262 2021 1290 exhibere

1175 1304 1224 1337 (sc.
1244 1304 1426 1341 proxenetas.)
1445 1304 1476 1331 fr.
1495 1306 1519 1331 3.
1539 1304 1572 1332 de
1590 1309 1728 1342 proxenet.
1747 1305 1790 1330 50.
1811 1305 1851 1331 1—1.
1872 1320 1904 1324 —
1933 1306 1963 1338 ξ.
1983 1307 2020 1334 2.

1176 1348 1390 1379 Conveniens,
1411 1349 1557 1379 Idoneus,
1576 1349 1729 1384 Efficax.
1758 1346 1778 1374 1.
1792 1348 1854 1382 Sy.
1875 1346 1919 1374 vti
1932 1357 2020 1385 posse.

1175 1389 1248 1416 Vtile
1268 1399 1335 1417 esse.
1362 1389 1404 1417 Cf.
1424 1400 1449 1417 v.
1469 1390 1522 1417 Vti.
1542 1391 1565 1425 5.
1584 1393 1609 1417 4.
1635 1389 1738 1417 Valere.
1764 1389 1820 1416 Gai.
1840 1389 1870 1417 II.
1896 1391 1956 1416 211.
1980 1401 2020 1428 sq.

1174 1433 1235 1459 218.
1254 1434 1314 1459 222.
1339 1432 1369 1460 fr.
1392 1435 1431 1461 10.
1456 1434 1478 1468 5.
1497 1435 1521 1462 2.
1547 1434 1579 1460 de
1602 1438 1705 1460 testam.
1730 1438 1778 1460 tut.
1797 1434 1839 1460 26.
1858 1434 1882 1459 2.
1920 1433 2022 1462 Efficax

1176 1485 1249 1508 esse,
1278 1475 1445 1513 Competere.
1475 1476 1517 1504 Cf.
1541 1487 1566 1504 v.
1590 1476 1701 1504 Efficax.
1720 1476 1742 1510 5.
1764 1478 1786 1503 l.
1822 1475 1908 1512 Agere
1931 1486 2021 1513 posse,

1175 1518 1273 1545 Vtilem
1294 1518 1389 1546 babere
1409 1520 1538 1547 actionem
1556 1521 1602 1554 (ex
1620 1520 1730 1549 locato.)
1750 1518 1778 1545 fr.
1798 1519 1841 1546 38.
1860 1519 1897 1552 55.
1917 1521 1959 1546 21.
1978 1521 2020 1547 ⁴25.

1177 1561 1210 1588 de
1229 1561 1260 1588 V.
1281 1561 1314 1588 Ο.
1333 1564 1374 1589 45,
1397 1564 1419 1589 l.
1456 1562 1487 1589 H.
1509 1564 1576 1597 Op.
1596 1562 1691 1589 Inanis.
1713 1562 1754 1589 Cf.
1774 1561 1799 1589 h.
1819 1572 1843 1588 v.
1863 1562 1885 1596 5.
1905 1563 1931 1590 3.
1959 1561 2022 1589 Nul-

1176 1604 1228 1631 lius
1247 1606 1380 1632 momenti.
1399 1605 1512 1632 Inutilis.
1537 1605 1579 1633 Cf.
1599 1605 1623 1633 h.
1644 1616 1668 1632 v.
1689 1605 1711 1639 5
1730 1606 1754 1631 2.
1791 1604 1834 1631 111.
1855 1605 1920 1632 cn.
1941 1605 2022 1641 Quod

1154 1679 1156 1684 .
1177 1647 1344 1685 impossibile
1363 1653 1416 1679 est,
1436 1658 1522 1685 neque
1541 1654 1619 1686 pacto
1639 1658 1723 1682 neque
1742 1646 1914 1684 stipulatione
1933 1654 2023 1685 potest

1178 1690 1379 1727 comprehendi,
1404 1695 1433 1717 ut
1456 1690 1547 1717 utilem
1573 1693 1704 1718 actionem
1728 1695 1772 1717 aut
1796 1690 1891 1718 factum
1917 1690 2022 1718 efficere

1154 1756 1156 1769 ⁴
1177 1734 1272 1770 possit.
1292 1732 1321 1760 fr.
1342 1735 1383 1760 31.
1404 1733 1437 1760 de
1455 1733 1486 1760 R.
1505 1733 1523 1760 1.
1543 1736 1584 1761 50.
1600 1736 1640 1760 17.
1677 1733 1738 1761 Non
1758 1737 1798 1759 est
1812 1732 1936 1760 creditori
1955 1744 2023 1760 nova

1178 1777 1280 1802 actione
1310 1786 1391 1813 opus,
1420 1787 1478 1803 cum
1504 1776 1587 1813 Quasi
1616 1777 1743 1803 Serviana
1767 1791 1801 1796 -
1825 1777 1851 1803 in
1880 1775 1921 1802 his
1950 1776 2023 1803 utilis

1178 1820 1220 1845 sit.
1241 1818 1270 1846 fr.
1292 1821 1331 1846 13.
1351 1820 1416 1853 5.1.
1437 1819 1469 1846 ad
1488 1819 1555 1846 S.C.
1575 1819 1642 1847 vell.
1665 1821 1703 1846 16.
1727 1821 1748 1846 1.
1769 1818 1800 1846 cf.
1821 1818 1877 1846 Gai.
1899 1818 1940 1846 111.
1960 1822 2021 1847 209.

1178 1862 1209 1889 Εἰ
1230 1866 1329 1888 tantum
1349 1862 1413 1889 utile
1433 1867 1474 1889 est
1493 1864 1541 1895 (sc.
1562 1862 1672 1900 adipisc.
1692 1872 1810 1899 possess.
1831 1861 2022 1895 interdictum.)

1180 1906 1224 1941 qui
1244 1915 1313 1931 nunc
1333 1906 1444 1942 primum
1464 1910 1574 1932 conatur
1594 1911 1642 1932 etc.
1663 1905 1698 1932 ld.
1719 1904 1762 1932 IV.
1784 1906 1840 1932 144.
1862 1905 1892 1932 ct'.
1907 1904 1979 1932 Paul.
1994 1904 2023 1932 V.

1180 1950 1203 1974 6.
1223 1948 1244 1982 5.
1264 1950 1288 1974 3.
1318 1947 1404 1975 Verba
1428 1948 1501 1975 utilia
1526 1948 1799 1975 fideicommissorum.
1829 1948 1885 1974 Gai.
1909 1947 1940 1974 11.
1964 1949 2024 1976 249.

1180 1989 1240 2027 le.
1269 1990 1354 2018 XXV.
1378 1994 1403 2018 2.
1432 2007 1464 2012 --
1496 1992 1527 2026 ᾗ.
1552 1993 1589 2019 3.
1619 1993 1793 2018 Secundum
1822 1992 2023 2025 nequitatem

1180 2036 1385 2069 compositus.
1422 2034 1441 2061 I.
1456 2035 1518 2069 Sy.
1537 2034 1655 2071 Aequus.
1675 2032 1706 2061 fr.
1724 2035 1766 2060 3-3.
1787 2033 1809 2068 5.
1823 2035 1847 2059 2.
1867 2033 1900 2060 de
1918 2043 2022 2071 procur.

1180 2078 1204 2103 3.
1223 2078 1247 2103 3.
1294 2076 1336 2103 111.
1361 2078 1428 2105 011.
1459 2077 1494 2104 Et
1512 2078 1614 2108 veriuS,
1640 2082 1665 2103 et
1684 2075 1774 2103 utilius
1795 2075 1907 2103 videtur.
1932 2076 1962 2103 fr.
1981 2078 2022 2102 54.

1181 2129 1219 2157 pr.
1239 2119 1325 2146 mand.
1346 2121 1386 2146 17.
1408 2121 1429 2146 1.
1451 2120 1482 2146 cf.
1497 2120 1526 2147 fr.
1542 2122 1583 2147 53.
1604 2120 1636 2146 de
1649 2119 1725 2146 cond.
1739 2118 1826 2146 iudeb.
1842 2120 1880 2145 12,
1895 2119 1919 2146 6.
1939 2118 2024 2154 Quae-

1181 2163 1254 2190 ritur.
1274 2163 1308 2189 Et
1327 2162 1442 2199 Pegasus
1467 2163 1549 2190 fertur
1573 2164 1746 2190 existimasse.
1768 2178 1798 2183 -
1823 2160 1962 2189 Caeterum
1986 2171 2024 2188 ra-

1159 2227 1161 2242 4
1183 2206 1219 2232 tio
1239 2205 1300 2232 facit
1320 2211 1368 2233 etc.
1389 2220 1422 2225 -
1450 2205 1504 2233 Sed
1524 2205 1616 2242 Pegasi
1635 2206 1766 2232 sententia
1786 2203 1874 2231 utilior
1887 2208 1934 2229 est.
1954 2203 1984 2230 fr.
2003 2206 2022 2231 1.

1182 2249 1203 2282 5.
1223 2250 1247 2275 -3
1268 2249 1289 2275 si
1309 2259 1370 2286 pars
1390 2248 1478 2276 hered.
1503 2250 1526 2276 5.
1547 2251 1570 2276 4.
1608 2247 1774 2275 Generaliter
1796 2248 1829 2274 ita
1853 2256 1944 2272 omnes
1969 2248 2023 2283 opi-

1184 2296 1286 2324 nantur,
1307 2297 1331 2318 ct
1352 2291 1415 2318 utile
1434 2291 1538 2318 videtur
1558 2296 1585 2318 ut
1599 2296 1647 2318 etc.
1669 2291 1698 2318 fr.
1713 2293 1736 2317 4.
1751 2300 1788 2327 pr.
1809 2288 1840 2315 de
1860 2288 1884 2315 h.
1905 2290 1948 2324 qni
1968 2294 2021 2316 not.

1184 2334 1228 2361 inf.
1248 2336 1272 2361 3.
1292 2337 1316 2361 2.
1354 2334 1468 2362 Habebit
1487 2334 1694 2361 haesitationem.
1732 2331 1785 2359 Sed
1806 2330 1895 2358 utilius
1916 2336 1956 2358 est
1974 2337 2022 2358 etc.

1184 2377 1212 2404 fr.
1233 2379 1256 2404 5.
1277 2377 1298 2411 5.
1321 2379 1342 2404 l.
1362 2378 1383 2405 si
1405 2387 1465 2415 pars
1484 2377 1574 2404 bered.
1593 2379 1617 2404 5.
1636 2378 1658 2403 ⁴.
1694 2375 1776 2402 Recte
1795 2374 1897 2401 facient.
1918 2391 1948 2395 -
1968 2373 2024 2401 Vti-

1185 2419 1235 2447 lius
1255 2425 1339 2447 antem
1359 2421 1441 2447 visum
1462 2425 1502 2446 cst
1523 2425 1571 2447 etc.
1591 2419 1620 2446 fr.
1643 2421 1662 2445 Ι.
1677 2418 1713 2452 55.
1734 2420 1756 2443 -1,
1777 2427 1815 2453 sq.
1836 2416 1917 2444 usufr.
1936 2427 2024 2454 quem·

1185 2462 1224 2488 ad.
1246 2473 1300 2489 cav.
1320 2465 1342 2490 7.
1363 2465 1386 2490 9.
1424 2462 1521 2490 Vtilius
1541 2467 1582 2489 est
1601 2461 1695 2489 dicere.
1716 2460 1795 2497 idque
1814 2460 1940 2498 Pompon.
1960 2461 2024 2487 scri-

1186 2504 1231 2532 bit.
1252 2505 1282 2531 fr.
1302 2507 1326 2532 3.
1347 2505 1379 2532 de.
1404 2505 1475 2542 relig.
1498 2508 1537 2532 11.
1558 2507 1580 2531 7.
1600 2519 1631 2524 —
1661 2504 1691 2536 ἓ.
1712 2504 1799 2530 3.Α.
1829 2505 1903 2530 Cum
1931 2505 2023 2530 Iaxa-

1185 2556 1287 2575 menro
1307 2551 1462 2583 temporis
1485 2550 1725 2582 computandus.
1763 2545 1780 2572 l.
1801 2546 1862 2580 Sy.
1887 2546 1948 2581 Quo
1972 2547 2023 2583 pri-

1186 2600 1253 2617 mum
1273 2591 1429 2628 experiundi
1448 2595 1565 2628 potestas
1585 2589 1669 2616 fuerit.
1689 2588 1719 2616 fr.
1739 2589 1762 2615 6.
1783 2589 1805 2622 5
1822 2590 1861 2615 1⁴.
1882 2588 1934 2624 Qu.
1948 2589 1974 2615 in
1994 2588 2023 2615 l'r.

1164 2631 1165 2649 l
1186 2633 1254 2661 cred.
1274 2636 1314 2661 42.
1335 2638 1358 2661 8.
1379 2634 1409 2661 t'r.
1430 2635 1452 2661 1.
1472 2643 1510 2670 pr.
1530 2633 1567 2659 nti
1586 2631 1685 2670 possid.
1706 2632 1746 2658 43.
1768 2633 1806 2658 17.
1827 2630 1856 2658 fr.
1878 2633 1900 2658 1.
1919 2630 1952 2658 de
1971 2631 2015 2657 div

1187 2682 1263 2714 temp.
1288 2687 1403 2713 praescr.
1426 2677 1467 2702 44.
1493 2677 1516 2702 ·3.
1554 2675 1583 2702 11.
1604 2676 1672 2709 ΟΡ.
1697 2674 1855 2701 Continuus.
1880 2673 1922 2700 Cf.
1948 2673 1972 2700 h.
1998 2683 2022 2700 v.

1164 2748 1166 2756 θ
1187 2720 1207 2753 5.
1227 2721 1250 2746 3.
1288 2719 1330 2746 111.
1352 2721 1417 2748 οη.
1441 2718 1477 2745 lta
1498 2723 1582 2745 autem
1602 2717 1665 2745 utile
1685 2722 1786 2755 tempus
1807 2721 1860 2747 est,
1880 2721 1908 2743 ut
1927 2715 2023 2752 singuli

1187 2762 1242 2789 dies
1261 2763 1287 2789 in
1307 2772 1337 2789 eo
1357 2761 1434 2789 utiles
1453 2762 1518 2793 sinn
1542 2760 1645 2788 scilicet
1668 2764 1696 2787 ut
1715 2770 1760 2796 per
1779 2758 1897 2795 singulos
1922 2759 1979 2786 dies
1997 2763 2023 2784 et

1187 2806 1283 2837 scierit,
1303 2810 1328 2831 ct
1349 2805 1462 2842 potuerit
1482 2804 1627 2831 admittere.
1647 2802 1677 2830 fr.
1697 2804 1721 2829 2.
1741 2813 1779 2841 pr.
1800 2803 1822 2837 5.
1845 2804 1865 2829 l.
1886 2802 1937 2838 Qu.
1957 2800 2021 2828 ordo
