2197 3121
1001 173 1094 206 ADS.

187 261 275 289 testib.
299 263 340 287 22.
354 262 378 287 5.
410 259 553 286 Veritatem
566 258 622 285 ads.
642 257 786 294 (precibus⁷
806 266 829 282 v.
845 255 1014 291 adlegationi)

187 315 208 331 c.
230 306 252 330 l.
276 305 299 330 si
323 303 380 330 adv.
400 303 495 330 dotem.
519 304 543 328 2.
562 303 604 328 34.
633 311 654 327 c.
673 303 696 326 5.
721 301 744 326 si
764 309 805 336 qn.
826 298 900 325 alteri
920 309 943 325 v.
963 298 1024 326 sibi.

186 349 210 373 4.
230 349 271 373 50.

223 390 441 417 Adsociare.
490 388 642 419 Sociare,
679 387 881 412 Adtrihuere.
923 383 941 410 I.
967 385 1024 418 sy.

185 432 327 459 Vindicare
346 432 433 465 (fisco.
453 441 489 457 sc.
510 431 586 457 bona.
606 440 630 456 v.
651 429 728 461 loca).
757 427 826 454 Call.
845 426 898 453 LL.
920 426 951 452 M.
965 425 1023 452 XV.

185 478 210 502 3.
247 475 296 502 Th.
323 474 354 501 C.
378 473 448 500 XVI.
476 475 515 499 10.
546 484 567 499 c.
595 474 633 498 12.
661 473 682 506 3.
707 474 731 497 2.
761 470 793 496 de.
820 479 911 506 pagan.
939 468 1024 495 sacrif.

186 518 228 544 ΠΙ.
253 519 320 545 Gn.
349 517 402 552 Qui
422 518 471 549 (sc.
492 516 607 551 magistri
629 514 756 551 equitum)
777 513 902 539 adsociati
921 512 1025 548 partiei-

186 560 260 598 paIes
280 570 356 586 curae
376 560 428 592 (ut)
449 558 556 584 militiae
575 559 654 594 gratia
674 556 815 583 serumlam
834 559 896 592 post
910 564 954 580 eos
975 557 1024 586 (sc.

186 603 346 635 dictatores)
370 606 529 639 potestatem
548 605 674 637 gererent.
704 600 733 626 fr.
755 601 778 625 l.
797 609 836 636 pr.
858 597 890 623 de
909 597 952 623 oss.
974 596 1024 623 I'ri'.

186 645 228 672 Pr.
251 647 273 671 l.
294 647 335 671 11.

221 688 453 715 Adsoeietas.

187 736 228 757 cet
247 731 279 757 de
298 730 445 756 veteribuS.
471 735 587 766 quotque
606 730 659 754 sint
679 733 703 754 et
723 727 813 764 quales
833 727 931 753 recenti
951 725 1025 751 adso-

187 775 280 800 cietate
300 772 402 799 delecti.
432 772 481 798 Th.
497 771 646 798 C.X111.5.
668 781 688 796 c.
704 772 744 795 14.
765 770 786 803 3.
800 771 824 795 2.
845 769 877 795 de
896 768 1007 795 navicul.

220 817 386 843 Adsolet.
425 818 521 841 Solet.
558 814 600 840 III.
621 815 686 841 Cn.
719 812 755 838 Yt
777 811 932 849 plerumque
951 811 1025 837 adso-

186 859 230 885 let.
260 859 290 885 fr.
312 860 352 884 14.
377 858 409 884 de
433 858 475 883 off.
500 857 587 883 Praos.
614 858 636 882 1.
658 857 697 882 18.
735 854 769 881 Vt
790 865 868 891 saepe
892 854 946 881 ads.
975 853 1024 880 Th.

187 901 218 928 C.
238 901 294 928 VII.
317 903 356 927 12.
383 911 404 927 c.
423 902 447 926 3.
473 899 505 925 de
525 903 658 925 commeat.
695 897 729 924 Vt
749 898 806 924 {ieri
826 898 880 924 ads.
905 898 935 923 I'r.
954 899 978 923 3.
1003 898 1025 922 si
1046 922 1047 934 ἵ

186 955 229 981 qu.
257 944 288 970 al.
315 948 374 970 test.
398 942 500 980 prohib.
530 944 571 969 29.
592 943 615 968 6.
659 941 758 967 Eodem
778 940 868 973 modo.
894 950 945 977 quo
970 940 1024 966 ads.
1046 940 1047 952 ³

187 988 315 1025 (quaeri).
344 986 374 1012 [Γ.
394 987 435 1012 46.
456 985 488 1012 (le
507 985 538 1011 A.
559 996 582 1011 v.
602 985 633 1011 A.
654 984 681 1011 Ρ,
702 986 743 1010 41.
763 986 787 1010 2.

221 1031 427 1063 Adspargo.
466 1030 655 1062 Adspersio,
675 1028 866 1054 Submersio.
896 1025 937 1051 III.
960 1027 1025 1053 (711.
1046 1030 1048 1051 t

492 688 648 714 Societas.
685 684 727 710 III.
749 685 814 711 (711.
843 684 916 719 Quot
934 681 1026 708 videli-

187 1072 216 1099 Si
236 1072 391 1109 adspargine
411 1070 461 1104 [nl.
481 1070 652 1107 adspergine]
676 1075 786 1107 propter
809 1071 904 1096 iactum
923 1080 964 1096 res
984 1069 1026 1095 de-

186 1116 297 1142 teriores
317 1114 399 1140 sactae
418 1118 487 1139 sunt.
513 1113 542 1139 sr.
563 1115 586 1140 4.
606 1114 628 1147 3
648 1115 672 1139 2.
693 1113 725 1139 de
744 1112 773 1139 L.
793 1112 879 1139 led.
900 1114 939 1138 14.
959 1114 983 1138 2.

220 1158 441 1190 Adspectus.
479 1157 510 1190 δ.
530 1158 564 1183 1.
595 1158 725 1190 Species
754 1166 856 1182 rerum
881 1161 1024 1182 externa.

186 1199 229 1226 III.
250 1201 311 1227 Cn.
341 1199 502 1234 Margaritae.
523 1209 589 1235 quae
608 1200 642 1225 ita
660 1200 818 1225 ornamentis
838 1214 870 1218 ——
890 1203 1026 1224 contextae

185 1247 255 1270 sunt.
277 1247 302 1268 ut
323 1242 349 1267 in
369 1241 409 1267 his
430 1242 571 1278 adspectus
590 1243 644 1268 auri
665 1243 798 1279 potentior
812 1243 854 1267 sit.
874 1241 904 1267 fr.
915 1243 956 1267 32.
968 1242 989 1275 3
1004 1243 1025 1267 l.

185 1285 217 1313 cf.
231 1286 253 1319 3.
267 1287 291 1311 5.
311 1284 343 1310 dc
357 1294 418 1310 auro
434 1295 485 1321 arg.
504 1286 546 1311 34.
560 1287 584 1310 2.
615 1284 643 1310 Si
659 1284 772 1321 publicis
787 1285 916 1311 nitoribus
936 1284 1025 1311 faciem

186 1328 328 1365 adspectus
349 1326 487 1353 deterioris
507 1327 614 1353 inducit.
644 1327 693 1354 Th.
715 1327 745 1354 C.
764 1328 822 1354 XV.
845 1330 866 1354 l.
887 1339 907 1354 c.
927 1330 968 1354 25.
994 1328 1026 1354 de

186 1381 248 1408 opp.
267 1370 330 1408 pub.
369 1370 448 1405 Quod
469 1370 560 1397 oculos
580 1370 713 1396 hominum
728 1370 847 1397 infaustis
862 1372 969 1397 incestat
985 1370 1027 1396 ad-

185 1414 331 1451 spectibus.
365 1412 467 1438 11).ΙΧ.
494 1414 533 1439 17.
561 1423 582 1439 c.
601 1415 625 1440 5.
650 1413 682 1440 de.
701 1414 801 1450 sepulc.
820 1413 882 1440 viol.
914 1413 944 1439 cs.
971 1412 1026 1440 VII.

188 1459 210 1483 l.
232 1468 253 1483 c.
275 1458 315 1482 13.
336 1455 368 1482 de
387 1455 418 1481 R.
438 1455 471 1481 111.
496 1471 529 1474 -
552 1457 582 1489 §0
603 1458 638 1483 2.
668 1458 872 1491 Conspectus.
904 1456 946 1482 HI.
961 1458 1026 1484 (Ἢ.

186 1499 243 1527 Sub
263 1499 390 1536 adspectu
409 1498 504 1535 plebis.
525 1499 714 1525 adsistentibus
735 1499 945 1526 Christianorum
965 1501 1028 1525 anti-

185 1542 302 1569 stitibus.
339 1552 359 1567 c.
380 1543 403 1567 1.
430 1540 462 1567 de
481 1541 505 1567 11.
526 1551 569 1577 qu.
589 1543 615 1567 in
639 1542 702 1568 eccl.
728 1544 749 1568 l.
771 1544 810 1568 13.
848 1542 895 1571 Vt.
920 1544 1027 1579 integris

186 1585 314 1612 aedificiis
329 1584 472 1621 depositiS.
492 1584 614 1621 publicus
628 1584 788 1611 deformetur
802 1585 950 1622 adspectus.
971 1597 991 1612 c.
1002 1588 1026 1612 2.

186 1628 219 1655 de
238 1627 314 1654 aedis.
334 1628 400 1664 priv.
421 1627 444 1652 8.
462 1628 500 1653 10.
537 1627 623 1654 Aurae
640 1629 784 1654 communis
804 1628 898 1655 haustu
918 1634 943 1655 et.
961 1629 1027 1655 lucis

187 1670 314 1707 adspectu
335 1670 379 1696 din
398 1670 501 1706 priyati.
536 1669 585 1696 Th.
607 1669 636 1696 C.
657 1670 701 1697 IX.
721 1673 762 1697 4⁰.
788 1682 809 1698 c.
829 1674 870 1698 22.
895 1672 928 1698 de
950 1682 1026 1709 poen.

188 1729 221 1732 —
251 1714 281 1746 §.
303 1714 339 1739 3.
369 1714 544 1746 Inspectio.
582 1713 704 1741 111011.
733 1714 818 1740 Minor
836 1715 921 1741 XXV.
941 1716 1028 1743 annis.

188 1755 258 1782 adito
283 1755 419 1783 Praeside.
450 1765 482 1781 ex
510 1755 636 1792 adspectu
665 1758 784 1793 corporis
813 1757 878 1783 falso
907 1758 1028 1795 probavit

188 1798 329 1835 perfectam
353 1803 470 1824 aetatem.
503 1798 534 1824 fr.
553 1800 595 1824 32.
624 1799 656 1825 de
681 1801 742 1825 min.
770 1801 794 1826 4.
814 1802 838 1826 4.
879 1800 1029 1827 Praetorem

189 1841 254 1867 adiri
274 1857 306 1860 —
327 1846 353 1867 ut
373 1841 499 1878 adspectu
518 1846 593 1867 atrox
612 1843 705 1868 iniuria
724 1844 882 1870 aestimetur.
902 1843 932 1869 fr.
952 1845 976 1869 2.
997 1843 1029 1869 de

190 1883 271 1910 seriis.
295 1886 319 1910 2.
342 1886 381 1910 12.

223 1927 473 1960 Adspergere.
511 1927 685 1962 Infligere.
722 1928 765 1955 III.
783 1930 848 1956 Cn.
882 1928 960 1954 Nulla
979 1939 1029 1954 ma-

189 1968 255 1997 cula.
274 1968 316 1995 vel
336 1970 443 1995 crimine
463 1968 587 1995 delatoris
602 1969 774 2006 adspergitur.
795 1982 816 1997 c.
829 1973 853 1998 3.
874 1971 906 1998 dc
920 1972 1027 1998 delator.

189 2013 229 2038 10.
245 2013 285 2038 ll.
314 2011 405 2038 Potius
419 2011 602 2038 verecundiam
615 2022 731 2043 onerare.
752 2024 828 2050 quam
842 2014 921 2040 ullam
941 2016 1028 2041 existi-

188 2055 311 2081 mationis
331 2054 457 2081 maculam
476 2054 579 2080 videtur
598 2055 671 2092 adsp.
693 2067 713 2082 c.
726 2058 765 2083 17.
786 2067 818 2083 ex
838 2067 880 2093 qu.
901 2068 921 2084 c.
942 2057 1027 2084 insam.

187 2098 212 2123 2.
234 2099 273 2123 12.
303 2097 333 2124 sr.
354 2099 394 2124 17.
414 2098 435 2131 3.
457 2099 479 2123 1.
510 2097 541 2124 de
568 2099 624 2125 iure
642 2104 744 2135 patron.
767 2101 809 2126 37,
830 2102 870 2126 14.
907 2100 1028 2127 Infamiae

189 2139 311 2177 adspergi
329 2141 409 2167 vitiis.
437 2140 487 2167 Th'.
508 2140 538 2167 C.
558 2140 587 2167 II.
610 2143 648 2167 19.
669 2152 690 2168 c.
710 2143 733 2168 3.
754 2142 786 2169 de.
805 2143 877 2169 inoff.
897 2148 957 2170 test.

223 2184 429 2217 Adspergo.
462 2182 503 2209 Cf.
522 2193 546 2210 v.
566 2183 713 2221 Adspargo.

224 2226 521 2258 Adspernanter.
552 2226 673 2260 (Advb.)
711 2229 944 2262 Contemptim,
970 2231 1028 2256 Su-

188 2269 290 2301 perbe.
327 2267 368 2294 III.
384 2269 449 2295 Gn.
478 2268 561 2296 Nemo
582 2280 613 2296 ex
633 2270 686 2302 his,
707 2280 774 2306 quos
793 2270 883 2297 licebit
902 2273 1027 2308 accipere,

193 2325 226 2329 -
246 2309 433 2347 adspernanter
451 2311 551 2338 habeat.
576 2323 597 2339 c.
618 2314 641 2339 6.
662 2314 683 2347 ᾖ.
702 2314 726 2339 3.
747 2313 779 2339 de
798 2314 895 2350 postul.
915 2316 938 2340 2.
952 2316 976 2341 6.

226 2353 473 2386 Adspernari.
515 2357 687 2388 Aversari,
724 2358 940 2384 Contemnere.
986 2357 1028 2384 III.

191 2396 258 2423 Gn.
298 2395 357 2422 Non
381 2396 486 2434 repellit
510 2398 700 2432 (variantem),
729 2403 755 2425 et
782 2409 834 2426 non
858 2400 1029 2437 adspernatur

192 2437 345 2471 (consilium
362 2440 507 2473 mutantis).
532 2440 562 2467 sr.
576 2444 600 2468 fl.
621 2441 654 2468 de
668 2442 727 2468 coll.
741 2442 833 2469 honor.
851 2444 893 2469 37.
907 2444 931 2470 6.
963 2443 1029 2477 Cogi

192 2490 273 2517 posse
295 2480 417 2507 heredem
440 2483 588 2510 institutum
611 2484 695 2517 adire,
721 2501 754 2504 —
778 2495 836 2511 cum
861 2486 934 2523 adsp.
953 2472 1028 2513 heres

192 2533 245 2549 non
264 2523 372 2550 deberet
390 2534 527 2560 personam
548 2529 672 2562 cogentis.
698 2528 728 2554 fr.
748 2530 789 2554 22.
810 2529 831 2562 3.
852 2530 874 2555 l.
899 2529 930 2555 ad
950 2528 976 2555 S.
997 2529 1027 2556 C.

192 2565 272 2592 Treb.
292 2567 333 2592 36.
349 2568 371 2593 l.
409 2567 540 2595 Summam
553 2569 631 2596 habet
644 2572 808 2607 aequitatem.
827 2587 860 2591 —-
880 2571 947 2607 Quis
961 2573 1029 2599 euim

193 2609 394 2645 adspernabitur
413 2611 479 2636 ctu?
508 2611 537 2638 fr.
557 2615 580 2639 1.
598 2622 638 2650 pr.
664 2613 715 2648 Qu.
736 2616 821 2651 quisq.
841 2616 889 2640 iur.
908 2617 932 2641 2.
951 2617 976 2641 2.

227 2652 444 2685 Adspicere.
494 2654 525 2687 §-
553 2656 587 2682 1.
635 2658 783 2689 Intueri,
826 2659 1027 2692 conspicere.

192 2694 236 2720 ΠΙ.
264 2695 329 2721 Gn.
371 2694 400 2721 Si
423 2696 544 2722 dominns
568 2697 731 2734 adspexerit,
759 2700 790 2726 ab
819 2700 1028 2727 administratore

193 2736 288 2763 multas
307 2738 439 2774 impensas
458 2739 558 2765 utiliter
576 2740 664 2768 factas.
693 2752 714 2768 c.
733 2744 774 2769 24.
795 2743 826 2769 de
846 2742 877 2769 N.
892 2743 922 2770 G.
942 2746 965 2770 2.
988 2746 1028 2771 19.

194 2779 269 2814 Quae
293 2790 325 2806 ex
349 2782 404 2807 suis
428 2781 562 2808 laboribus
586 2783 637 2809 sibi
660 2794 784 2820 possessa
809 2791 884 2818 sunt,
908 2786 939 2812 ad
963 2786 1027 2813 alios

193 2822 372 2850 transferenda
391 2824 575 2862 adspicientes,
595 2827 660 2859 (non
678 2827 823 2864 lugebunt).
843 2840 864 2856 c.
878 2830 902 2856 6.
922 2829 954 2856 de
967 2829 1028 2856 bon.

1869 172 1911 202 39

1070 266 1112 293 qn.
1132 255 1177 282 Iib.
1197 256 1221 281 6.
1240 256 1281 281 61.
1313 271 1346 274 —
1376 255 1407 288 ξ.
1428 256 1463 282 2.
1494 255 1673 288 Inspicere,
1698 254 1908 279 Examinare.

1069 299 1087 325 I.
1113 300 1173 333 Sy.
1202 298 1314 325 Intueri.
1334 298 1474 335 Inspicere.
1504 297 1534 324 I'r.
1555 299 1578 323 7.
1598 297 1635 330 33.
1657 298 1678 322 l.
1699 306 1739 332 sq.
1760 295 1792 321 do
1812 295 1908 332 snpell.

1069 341 1117 378 leg.
1136 343 1238 368 3310.
1264 340 1293 367 fr.
1313 343 1354 366 22.
1380 341 1412 367 de
1437 340 1504 366 alim.
1524 349 1548 365 v.
1569 339 1618 365 cib.
1643 340 1684 365 34.
1707 340 1729 365 l.
1774 337 1816 364 III.
1843 339 1909 365 Gn·

1069 384 1231 411 Sententiam
1251 385 1306 409 eius
1327 384 1384 419 (qui
1404 383 1549 419 legaverit).
1569 382 1668 418 adspici
1688 385 1818 417 oportere.
1840 380 1869 406 I'r.
1885 382 1908 406 7.

1069 428 1090 461 3.
1104 430 1128 454 2.
1149 427 1181 453 de
1199 426 1294 463 snpell.
1314 426 1361 462 leg.
1381 428 1477 452 3310.
1515 425 1574 452 Vim
1594 424 1665 451 illius
1685 423 1749 457 logis
1769 423 1909 460 adspicito,

1069 471 1144 507 eique
1163 471 1266 507 pareto!
1296 469 1344 495 Th.
1366 469 1396 495 C,
1421 468 1488 495 VIII.
1510 470 1548 494 15.
1569 478 1589 494 c.
1610 469 1633 493 4.
1654 466 1686 493 de
1706 466 1728 492 h.
1750 476 1792 502 qu.
1813 466 1908 492 admin.

1069 529 1101 532 —-
1120 514 1150 547 ἓ.
1171 514 1208 539 ³.
1241 515 1408 547 Spectare.
1430 513 1601 538 Rationem
1624 512 1742 536 habere.
1780 509 1821 535 Ill.
1843 510 1909 536 (711.

1069 555 1097 581 In
1117 555 1294 593 percipiendis
1314 554 1442 580 fructibus
1463 555 1543 589 magis
1564 554 1682 590 eorporis
1702 553 1755 579 ius.
1780 568 1812 571 —
1833 562 1910 587 quain

1069 600 1189 629 seminis.
1213 615 1246 618 -
1270 597 1422 634 adspicitur.
1457 596 1486 622 sr.
1511 598 1552 622 25.
1578 597 1599 630 3.
1622 598 1641 622 1.
1673 595 1706 621 de
1730 605 1800 621 usur.
1824 598 1865 621 22.
1887 596 1909 620 l.

1070 641 1136 676 Qui,
1157 657 1189 660 —
1208 651 1260 667 non
1286 640 1349 677 quid
1368 640 1525 666 utilitatibus
1550 639 1664 676 publicis
1689 654 1722 657 —-
1748 639 1909 669 conveniret,

1069 683 1226 721 adspexerit.
1265 683 1314 710 Th.
1335 683 1366 709 C.
1386 683 1404 709 1.
1423 685 1447 709 2.
1468 693 1489 709 c.
1510 686 1534 708 ὅ.
1555 682 1666 715 (ch.)
1687 681 1719 707 (Ie
1739 681 1790 707 div.
1811 691 1891 707 rescr.

1104 728 1323 760 Adspirate.
1361 728 1555 762 Adfectare,
1577 726 1712 750 Ambire.
1749 724 1766 750 I.
1782 725 1844 758 sy.
1864 723 1910 749 Pe-

1069 774 1124 795 tere
1144 769 1292 802 (honores).
1318 769 1349 795 fr.
1364 771 1387 795 7.
1407 769 1428 803 3.
1448 771 1490 794 22.
1511 768 1543 794 de
1562 767 1655 794 interd.
1676 772 1701 793 et
1715 767 1792 801 releg.
1812 769 1853 792 4⁸.
1866 768 1909 792 22.

1069 812 1180 838 Admitti
1199 812 1231 838 ad
1251 812 1408 847 (legitimam
1426 811 1623 843 hereditatem).
1654 809 1724 835 Paul.
1744 809 1788 836 IV.
1810 812 1849 836 lo.
1870 810 1909 843 33.

1071 857 1092 881 1.
1111 857 1135 881 3.
1172 855 1214 881 III.
1236 856 1301 882 Cn.
1334 855 1417 892 Adsp.
1443 854 1475 881 ad
1498 864 1595 880 novum
1620 854 1805 888 magistratum.
1835 853 1864 878 l'r.
1886 853 1908 878 l.

1069 899 1090 931 3.
1101 900 1124 924 5.
1145 897 1177 924 de
1196 897 1294 934 postnl.
1313 899 1336 924 3.
1358 900 1380 924 1.
1419 898 1472 933 Qui
1496 913 1529 916 —
1547 896 1579 922 ad
1599 896 1715 922 scholam
1735 896 1864 931 agentium
1883 895 1909 920 iu

1070 941 1148 967 rebus
1167 941 1381 978 adspiravernnt,
1407 940 1448 966 vel
1468 939 1586 966 translati
1606 944 1674 965 sunt.
1713 937 1762 965 Th.
1784 938 1815 964 C.
1842 938 1859 964 I.
1884 939 1908 963 9.

1071 994 1092 1009 c.
1113 986 1135 1010 l.
1156 984 1268 1017 (ch.)
1293 984 1325 1010 de
1345 984 1387 1009 off.
1408 993 1471 1019 mag.
1492 983 1560 1009 offic.
1602 981 1645 1008 Ad
1664 982 1818 1018 petitionem
1838 980 1910 1006 Iidei-

1070 1028 1202 1053 commissi
1221 1027 1294 1064 adsp.
1315 1037 1335 1053 c.
1353 1028 1392 1052 11.
1413 1026 1444 1052 de
1464 1026 1618 1052 Iideieomm.
1638 1027 1661 1050 (i.
1677 1026 1717 1050 42.
1757 1024 1810 1059 Qui
1830 1022 1909 1048 salsas

1070 1069 1172 1095 tabulas
1198 1070 1307 1101 dixerit,
1332 1080 1380 1096 nec
1404 1070 1559 1096 obtinuerit.
1590 1068 1620 1094 ad
1645 1068 1760 1094 defuncti
1784 1066 1910 1092 iudicium

1070 1112 1143 1149 adsp.
1162 1122 1214 1138 non
1233 1118 1329 1150 potest.
1351 1123 1371 1139 c.
1391 1115 1414 1138 fi.
1435 1112 1467 1138 ad
1486 1111 1514 1138 L.
1535 1111 1597 1138 Cor.
1617 1110 1649 1136 de
1669 1110 1726 1136 sals.
1745 1112 1768 1136 9.
1787 1111 1829 1135 22.

1104 1157 1278 1183 Adstare.
1316 1157 1498 1186 Adsistere,
1519 1157 1654 1181 Praesto
1674 1164 1746 1179 esse.
1784 1152 1826 1178 III.
1843 1152 1909 1179 Gn.

1070 1198 1098 1224 In
1118 1200 1275 1225 consistorio
1289 1199 1408 1225 adstante
1428 1215 1460 1217 —
1481 1197 1511 1224 V.
1527 1197 1568 1223 CI.
1583 1198 1730 1232 Quaestore
1744 1200 1791 1221 etc.
1811 1195 1848 1220 11).
1863 1194 1909 1220 XI.

1069 1243 1110 1268 39.
1131 1252 1152 1268 c.
1172 1244 1195 1268 5.
1222 1242 1254 1268 de
1272 1242 1324 1268 fide
1344 1246 1403 1267 test.
1439 1241 1565 1269 Inductis.
1586 1255 1618 1259 —-
1638 1244 1663 1265 et
1683 1239 1792 1265 caeteris
1813 1238 1909 1274 princi-

1070 1284 1174 1322 palibus
1193 1285 1412 1311 Antiochensium
1431 1283 1596 1310 adstantibus
1616 1287 1663 1309 etc.
1684 1293 1705 1308 c.
1724 1284 1748 1308 2.
1769 1280 1801 1307 de
1821 1290 1909 1306 excus.

1070 1338 1139 1354 mun.
1160 1330 1200 1354 10.
1220 1330 1261 1354 47.

1104 1370 1352 1404 Adstipulari.

1071 1417 1224 1440 accedere.
1262 1413 1292 1440 II.
1314 1415 1380 1448 ΟΡ.
1411 1413 1465 1440 Suo
1489 1413 1594 1439 nomine
1618 1411 1648 1437 ab
1674 1410 1755 1436 altero
1780 1410 1843 1446 quid
1867 1410 1911 1436 sti-

1071 1457 1164 1494 pulari.
1189 1473 1221 1477 —-
1247 1457 1331 1484 Alteri
1351 1456 1513 1494 adstipulari.
1547 1455 1589 1482 Pr.
1608 1454 1678 1481 Aelii
1698 1453 1767 1480 Galli
1785 1453 1840 1479 lcti.
1860 1453 1910 1490 Ap.

1072 1500 1178 1527 Festum
1197 1511 1221 1527 v.
1240 1499 1320 1526 Reus.
1357 1499 1399 1526 III.
1421 1501 1485 1527 Gn.
1520 1499 1548 1525 Si
1573 1508 1619 1535 ego
1639 1499 1673 1523 ita
1693 1496 1833 1533 stipulatus
1852 1497 1911 1528 sim,

1071 1560 1104 1563 —
1124 1543 1169 1569 ille
1188 1545 1241 1577 (sc.
1261 1543 1451 1580 adstipulator)
1477 1543 1515 1568 sic
1540 1540 1694 1577 adstipulari
1718 1544 1814 1576 potest.
1853 1538 1909 1565 Gai.

1072 1587 1114 1613 III.
1130 1589 1188 1613 112.
1208 1586 1239 1613 cf.
1255 1588 1312 1612 114.
1333 1602 1365 1606 —
1385 1587 1415 1619 ᾖ.
1430 1588 1464 1612 2.
1491 1585 1708 1621 Suffragari,
1729 1584 1910 1609 Adsentire.

1072 1629 1114 1656 III.
1135 1631 1200 1657 Cn.
1229 1629 1258 1655 Si
1278 1631 1337 1666 quis
1357 1645 1389 1648 -
1409 1628 1576 1658 adstruxerit.
1597 1631 1622 1653 etv
1640 1626 1709 1652 idem
1729 1642 1761 1645 —
1781 1626 1911 1661 scriptura

1073 1672 1248 1709 adstipuletur
1267 1673 1383 1698 interior.
1416 1671 1465 1697 Th.
1491 1670 1521 1697 C.
1542 1670 1585 1696 Vl.
1609 1671 1650 1695 22.
1677 1679 1698 1695 c.
1719 1671 1740 1694 l.
1766 1668 1798 1694 de
1817 1667 1909 1693 honor.

1073 1716 1154 1742 codic.
1192 1715 1444 1741 Honestissimornm
1464 1713 1597 1739 hominum
1620 1712 1770 1738 testimonio
1795 1710 1910 1747 adstipu-

1073 1759 1149 1785 lante.
1178 1758 1214 1784 Ih.
1235 1757 1290 1784 VII.
1310 1760 1333 1783 2.
1355 1767 1375 1783 c.
1397 1759 1418 1782 l.
1440 1756 1490 1791 Qu.
1511 1755 1585 1792 prob.
1605 1755 1664 1781 deb.

1108 1800 1373 1834 Adstipulatio.
1411 1800 1649 1835 Suffragasto,
1668 1798 1910 1824 Patrocinium.

1073 1844 1114 1870 III.
1133 1845 1198 1871 Cn.
1232 1843 1384 1879 incorrupta
1408 1841 1508 1867 ordinis
1531 1840 1734 1878 adstipulatione
1757 1839 1908 1877 perdocere.

1072 1887 1108 1913 Ib.
1128 1886 1184 1912 XII.
1206 1888 1228 1912 1.
1248 1896 1269 1912 c.
1292 1887 1347 1911 177.
1368 1895 1406 1922 pr.
1427 1884 1459 1910 de
1479 1884 1612 1910 decurion.

1106 1929 1378 1962 Austipulator.
1427 1929 1489 1961 Qui
1518 1928 1739 1961 stipulationi
1765 1927 1909 1953 alterius

1071 1974 1249 1999 creditoris
1274 1973 1409 1998 accedit.
1450 1970 1480 1996 ll.
1502 1972 1568 2004 Op.
1598 1969 1751 2006 Stipulator.
1790 1968 1846 1995 Gai.
1866 1968 1908 1995 III.

1071 2017 1130 2041 215.
1168 2014 1300 2052 Sponsor.
1321 2014 1534 2051 fidepromissor.
1552 2012 1701 2039 fideiussor.
1732 2012 1769 2038 Ib.
1789 2012 1831 2038 III.
1851 2014 1909 2038 117.

1074 2060 1129 2084 1⁴26.
1149 2057 1192 2084 IV.
1214 2059 1270 2084 113.
1308 2057 1349 2084 III.
1365 2059 1430 2085 Gn.
1454 2056 1497 2083 Ad
1509 2056 1544 2085 id,
1564 2055 1635 2092 quod
1648 2055 1812 2092 stipulamur,
1832 2055 1909 2081 alium

1512 1370 1741 1403 stipulationi
1768 1369 1910 1394 alterius

1390 1371 1421 1404 ξ.
1441 1371 1476 1397 1.

1072 2101 1195 2127 adhibere
1215 2101 1259 2137 qui
1278 2100 1346 2126 idem
1365 2099 1518 2137 stipuletur,
1543 2109 1619 2135 quem
1642 2098 1720 2135 vulgo
1740 2098 1910 2135 adstipulato-

1072 2155 1126 2170 rem
1145 2153 1276 2170 vocamus.
1304 2143 1341 2169 Ib.
1360 2142 1402 2169 ΙΙΙ.
1419 2145 1475 2169 llo.
1512 2142 1661 2169 Adhibetur
1679 2141 1861 2178 adstipulator.
1881 2145 1909 2167 ut:

1072 2188 1094 2213 is
1118 2191 1308 2224 postmortem
1327 2191 1443 2212 nostram
1466 2191 1529 2222 agat.
1563 2185 1600 2212 Il).
1621 2187 1678 2211 117.
1715 2185 1743 2210 In
1767 2183 1908 2221 adstipula—

1072 2235 1169 2261 torem.5
1194 2231 1239 2266 qui
1258 2230 1393 2266 pecuniam
1413 2230 1439 2255 in
1458 2228 1575 2255 fraudem
1594 2228 1757 2266 stipulatoris
1777 2231 1907 2264 acceptam

1072 2273 1176 2305 fecerit,
1196 2289 1228 2292 —
1247 2274 1312 2299 tanti
1332 2273 1399 2299 actio
1419 2273 1594 2298 constituitur.
1623 2271 1659 2298 lb.
1678 2273 1737 2297 215.

1106 2316 1322 2343 Anisa-ictio.
1359 2317 1546 2342 Gravamen.
1578 2314 1620 2341 III.
1635 2315 1700 2342 Cn.
1727 2313 1774 2339 llis
1788 2322 1848 2348 ergo
1862 2311 1908 2338 tali

1072 2359 1120 2385 sub
1145 2359 1315 2385 adstrictione
1343 2358 1483 2390 damnatis⁷
1511 2357 1648 2384 indultum.
1680 2367 1701 2383 c.
1719 2358 1743 2382 3.
1775 2355 1806 2381 de
1825 2355 1906 2392 episc.

1073 2402 1130 2428 aud.
1151 2404 1174 2428 1.
1193 2403 1217 2427 4.

1106 2444 1330 2472 Adstrictum.
1360 2443 1479 2477 (partic.)
1511 2444 1542 2477 ξ.
1556 2445 1590 2470 l.
1611 2444 1761 2470 strictus.
1786 2439 1906 2468 Iltcn.

1072 2486 1178 2513 Minime
1201 2487 1339 2523 quisquam
1362 2486 1499 2523 privilegio
1523 2487 1654 2523 dignitatis
1677 2484 1785 2510 alicuius
1809 2484 1840 2510 ab
1865 2483 1907 2510 ad-

1072 2531 1204 2556 strictiore,
1222 2530 1392 2565 inquisitione
1411 2529 1571 2555 defendatur.
1605 2528 1653 2554 Th.
1673 2527 1704 2553 C.
1723 2527 1768 2553 IX.
1792 2528 1815 2553 5.
1841 2537 1862 2553 c.
1884 2528 1906 2553 l.

1072 2583 1111 2610 pr.
1131 2572 1163 2599 ad
1181 2572 1210 2598 L.
1225 2572 1272 2598 Iul.
1292 2573 1349 2599 mai.
1370 2589 1402 2592 -—
1422 2573 1452 2606 §.
1467 2574 1502 2598 2.
1530 2573 1721 2605 Obligatus,
1740 2572 1905 2596 Addictas.

1072 2616 1113 2642 IH.
1135 2617 1200 2643 Gn.
1228 2615 1264 2641 Vt
1283 2615 1321 2647 hi,
1342 2616 1466 2651 religione
1485 2614 1616 2645 adstricti,
1641 2629 1673 2632 —
1698 2612 1799 2639 iurandi
1818 2622 1907 2639 neces-

1072 2660 1175 2684 sitatem
1193 2658 1327 2684 haberent.
1347 2658 1377 2685 fr.
1392 2660 1431 2684 44.
1446 2668 1484 2694 pr.
1504 2657 1536 2683 de
1549 2655 1651 2682 liberali
1670 2666 1691 2682 c.
1710 2658 1751 2682 40.
1767 2658 1806 2682 12.
1839 2655 1906 2682 Cum

1072 2702 1164 2727 honori
1176 2701 1330 2738 primipilari
1344 2703 1380 2727 sis
1394 2701 1542 2727 adstrictus.
1560 2698 1643 2725 Vatic.
1655 2700 1675 2732 ξ.
1686 2700 1744 2725 278.
1764 2698 1906 2724 Fructuum

1072 2744 1288 2781 praestandorum
1306 2745 1461 2770 necessitate
1474 2742 1623 2769 adstrictus.
1648 2742 1678 2769 fr.
1692 2743 1715 2768 3.
1730 2752 1768 2779 pr.
1788 2741 1820 2768 de
1835 2751 1904 2767 usur.

1071 2790 1113 2814 22.
1133 2789 1155 2814 1.

1106 2830 1363 2865 Adstringere·
1398 2828 1430 2863 ξ.
1445 2830 1479 2856 l.
1509 2830 1681 2865 Obligare,
1701 2829 1904 2862 Compellere.
