2197 3121
1021 165 1124 197 CON.
1871 164 1930 194 197

211 255 317 287 cialiter.
337 253 379 280 vel
399 253 556 279 nominatim.
592 250 744 287 Propalam,
765 265 796 269 —-
816 248 866 275 Per
886 258 1046 284 consequen·
1068 282 1069 288 ἵ
1132 248 1351 276 Conserere.
1407 248 1616 273 Committere
1658 246 1931 276 (colluctationis

210 299 279 324 tiam.
300 296 465 330 (introduci).
495 295 555 331 le.
575 293 620 320 XI.
639 295 663 319 3.
684 292 713 319 fr.
728 295 751 319 3.
772 303 810 329 pr.
831 291 863 318 de
882 291 952 327 legit.
966 296 1045 317 tutor.
1068 293 1069 300 ¹
1088 293 1230 324 gratia).
1267 290 1309 316 111.
1331 292 1395 317 (711.
1424 290 1452 315 Si
1473 291 1517 326 qui
1536 291 1562 315 in
1581 290 1637 316 iure
1656 298 1758 314 manum
1777 292 1927 313 conserunt.

210 342 251 366 26.
271 341 294 366 4.
332 340 449 366 Dirccto.
470 354 502 358 ——
522 337 571 363 Per
591 337 801 373 consequentias.
830 334 860 361 fr.
882 336 903 360 l.
923 335 944 368 5.
964 336 988 360 3.
1013 334 1045 359 de
1068 351 1070 368 2
1090 333 1119 360 L.
1130 333 1187 360 XII.
1207 332 1291 360 Tabb.
1311 332 1354 359 VI.
1375 335 1398 358 5.
1434 332 1475 358 Ex
1494 334 1549 358 iure
1568 342 1644 358 manu
1663 336 1814 358 consertum
1832 331 1929 356 vocari.

210 384 286 409 iniur.
306 384 347 408 47.
370 384 408 408 10.
440 380 481 407 ΙΙΙ.
498 381 562 407 Gn.
583 379 667 406 Prima
688 380 753 405 ratio
773 378 936 403 auctoritatis
956 387 983 402 ea
999 381 1046 407 est.
1069 397 1070 403 .
1091 376 1176 403 Valer.
1196 376 1298 402 Probus
1319 376 1351 402 de
1371 380 1426 401 not.
1447 375 1476 401 lt.
1498 375 1552 407 (lit.
1573 376 1638 411 sing.
1660 376 1685 401 iu
1705 374 1813 405 action.)

210 436 257 462 per
276 425 477 461 consequentias
497 424 620 459 contigit.
641 427 667 449 ut
689 426 736 448 etc.
767 420 797 447 fr.
819 422 840 446 1.
860 430 899 456 pr.
925 419 956 445 de
980 423 1046 444 auct.
1069 421 1070 448 i
1127 420 1330 446 Conserva-
1373 420 1628 445 Contubernalis
1656 419 1748 444 servi.
1792 416 1833 442 111.
1864 417 1930 443 (7110

211 473 236 495 et
256 478 328 494 cous.
348 469 389 493 26.
410 471 434 493 ὅ.
471 465 530 492 Non
551 470 591 491 est
611 464 760 491 absurdum.
780 473 827 500 per
846 462 1047 497 consequentias
1069 458 1071 484 ἶ
1093 462 1226 496 Quaedam
1246 462 1299 494 (sc.
1318 462 1463 497 mancipia)
1484 477 1515 480 -
1536 461 1654 489 abducta.
1674 459 1773 486 relictis
1793 469 1931 485 conserva-

211 516 236 537 et
255 527 287 530 —
307 510 395 537 dolum
414 510 585 546 praeteritum
606 507 708 534 deduci.
728 506 758 532 sr.
771 507 813 531 27.
833 505 854 538 5-
874 506 898 530 3.
919 504 950 530 de
970 503 1001 529 R.
1016 503 1047 529 Υ.
1092 505 1142 530 hus
1162 509 1187 530 et.
1205 504 1268 530 filiis
1287 505 1350 533 suis.
1370 509 1395 529 et
1414 503 1540 539 quaedam
1560 504 1685 530 matribus
1706 507 1731 529 et
1749 502 1878 539 patribus.
1898 501 1929 527 fr.

210 555 234 580 6.
256 555 277 579 l.
315 552 419 588 Quodsi
438 553 502 578 socii
523 552 589 582 siut,
608 555 717 587 propter
743 558 814 578 eum.
835 548 878 583 qui
899 557 980 583 capax
1000 551 1048 575 est.
1070 542 1071 566 l
1092 549 1134 573 27.
1154 548 1175 580 5.
1197 549 1219 573 l.
1240 547 1271 573 de
1290 548 1364 573 instr.
1385 546 1433 582 leg.
1453 548 1494 572 313.
1516 548 1538 571 7.

211 601 237 622 ct
256 595 300 622 ille
319 596 388 632 capit
407 605 454 632 per
474 595 675 630 consequentias
700 597 748 618 etc.
778 590 809 616 fr.
829 592 871 616 29.
897 589 928 616 de
947 589 1048 615 liberat..
1070 594 1072 632 t
1129 590 1376 618 conservare.
1413 590 1443 623 §·
1464 590 1498 615 1.
1529 590 1715 621 Custodire‚
1742 589 1929 617 Coutinere,

212 638 260 674 leg,
280 640 321 664 34,
343 640 366 663 3.
393 637 424 663 cf.
445 636 474 662 l'r.
497 638 536 662 19.
556 636 588 662 de
608 636 631 662 d.
651 646 683 662 111.
703 636 726 661 4.
746 635 769 659 3.
813 632 880 658 Cum
900 632 970 659 nulla
990 632 1050 668 legi·
1095 635 1299 659 Abs-candere.
1335 632 1377 658 ΙΙΙ.
1402 633 1468 659 Gn.
1502 631 1576 666 Quae
1596 631 1818 667 quaerendorum.
1840 639 1931 666 cogen-

211 682 272 707 tima
296 680 482 716 consequentia
509 680 535 705 in
565 677 713 705 huiusmodi
741 676 864 713 personis
894 675 1049 701 custoditur.
1072 675 1073 712 ]
1095 675 1199 702 dorum.
1225 674 1464 701 conservandorum
1489 684 1578 700 eorum
1604 676 1658 705 (sc.
1679 673 1825 705 fructuum)
1850 673 1931 708 gratia

212 734 233 750 c.
255 725 294 750 12.
315 723 346 749 de
365 727 450 748 natur.
473 721 548 748 liber.
568 724 592 748 5.
611 723 653 747 27.
678 736 710 739 —
739 720 769 753 §-
795 720 832 745 3.
862 720 1049 745 concentus.
1072 746 1073 750 Ἰ
1095 719 1169 744 liunt.
1200 717 1230 743 fr.
1249 719 1290 743 36.
1315 719 1336 751 5.
1356 720 1379 743 5.
1405 717 1436 743 de
1456 716 1544 743 hered.
1565 721 1617 753 pet.
1642 719 1664 742 5.
1685 718 1708 742 3.
1742 716 1814 742 Paul.
1839 715 1882 741 111.
1906 716 1930 741 6.

211 767 241 793 II.
263 768 329 800 ΟΡ.
357 765 415 791 Vna
436 764 586 796 eoncordia.
605 774 654 790 una
674 763 869 798 consequentia.
890 777 923 780 —
941 760 1051 786 Antino-
1072 775 1073 798 3
1095 761 1132 794 55.
1151 763 1192 786 35.
1213 770 1271 797 sqq.
1297 761 1325 787 fr.
1345 762 1369 786 8.
1391 770 1430 796 pr.
1451 759 1482 786 de
1504 761 1578 785 instr.
1600 759 1647 795 leg.
1672 761 1713 785 33.
1734 760 1756 784 7.
1794 758 1822 784 Si
1843 758 1931 795 operis

211 810 268 835 mia.
294 819 316 835 e.
339 810 360 834 1.
381 809 401 842 5.
422 809 446 834 8.
467 807 499 833 de
518 812 570 833 vet.
590 808 645 832 iure
664 805 747 832 enucl.
770 807 791 831 l.
812 806 852 831 17.
1071 804 1073 833 l
1095 803 1194 840 aliquid
1214 803 1302 835 saciat,
1328 814 1379 840 quo
1403 803 1483 838 magis
1508 812 1599 838 aquam
1619 806 1770 828 conservet.
1789 801 1831 827 vel
1851 801 1932 827 conti·

247 851 448 884 Consequi-
485 851 515 884 §0
536 851 570 876 l·
600 851 711 883 Sequi,
733 849 898 881 Subsequi.
927 845 1049 873 111011.
1071 853 1073 883 ξ
1095 851 1161 872 neat.
1191 846 1220 872 sr.
1240 848 1264 872 3.
1284 857 1323 883 pr.
1350 846 1381 872 de
1400 847 1447 871 riv.
1474 847 1515 872 43.
1535 847 1576 871 21.
1615 845 1776 880 Qunestores
1796 859 1828 862 —
1848 844 1932 879 inqui-

211 894 240 920 Si
265 893 355 920 eodem
381 893 422 919 die
446 893 552 930 nuptiae
575 892 671 918 fuerint
695 895 859 917 consecutae.
896 889 926 915 sr.
950 890 992 914 27.
1018 888 1049 914 de
1071 887 1073 910 ἶ
1095 888 1190 915 rendae
1216 893 1240 914 et
1268 888 1462 914 conservandae
1488 889 1614 925 pecuniae
1642 897 1718 913 causa
1742 887 1821 912 creati
1851 891 1930 912 erant.

211 937 271 964 don.
292 938 337 963 int.
359 936 390 962 V.
409 938 450 962 24.
467 938 489 961 1.
526 934 596 960 Inter
615 944 682 970 quos
702 935 757 960 iura
777 933 940 969 adgnatiouis
960 941 1050 957 conse·
1071 935 1072 968 t
1095 932 1124 959 fr.
1144 935 1168 958 2.
1188 932 1209 965 5.
1229 933 1271 957 22.
1292 931 1323 957 de
1344 931 1376 957 O.
1396 931 1414 957 l.
1441 933 1463 957 1.
1483 933 1507 957 2.
1554 930 1633 968 Apud
1657 940 1724 966 quos
1753 929 1861 960 adfinis.
1889 928 1931 954 vel

211 984 328 1016 quuntur
352 980 405 1011 (sc.
425 977 619 1014 adoptionem).
651 976 681 1003 fr.
702 979 724 1003 7.
750 976 782 1003 de
808 975 896 1012 adopt.
923 977 944 1001 1.
965 976 988 1000 7.
1017 990 1049 993 ——
1071 974 1072 1005 ff
1094 980 1220 1011 cognatus
1245 974 1311 1000 latro
1336 979 1506 1000 conservatus
1532 979 1579 1000 est.
1609 974 1638 1000 fr.
1663 976 1687 999 2.
1716 972 1748 999 de
1776 976 1931 1009 receptator.

211 1023 242 1056 §-
266 1024 301 1048 2.
330 1022 485 1055 Adseqni,
511 1021 765 1054 Adprehendere.
802 1019 845 1045 ΙΙΙ,
866 1020 931 1045 Cn.
959 1017 989 1043 Si
1009 1016 1051 1043 de·
1071 1017 1072 1045 l
1094 1020 1135 1044 47.
1158 1020 1198 1044 16.
1219 1033 1252 1036 —
1272 1018 1302 1049 ξ.
1323 1018 1358 1042 2.
1384 1018 1534 1047 Servare,
1558 1018 1661 1044 Tueri.
1692 1015 1710 1042 I.
1730 1017 1791 1049 Sy.
1811 1015 1930 1041 Servare.

210 1065 323 1091 hitorem
343 1080 374 1084 —
395 1068 552 1089 consecutus
573 1072 658 1088 essem
678 1062 825 1098 fugientem.
856 1061 885 1087 sr.
908 1063 947 1086 10.
967 1061 1049 1094 516.
1071 1074 1073 1099 ί
1095 1061 1151 1088 Gai.
1172 1060 1214 1086 ΙΙΙ.
1240 1061 1297 1085 190.
1322 1069 1361 1095 sq.
1400 1059 1488 1085 Tueri.
1522 1059 1564 1085 Pr.
1589 1060 1626 1093 55
1648 1061 1670 1085 1.
1694 1061 1718 1085 5.
1739 1068 1778 1094 sq.
1803 1058 1821 1084 I.
1846 1057 1878 1083 de
1901 1067 1932 1083 eo

212 1108 264 1144 Qu.
285 1109 311 1133 iu
330 1106 360 1133 fr.
381 1105 450 1132 cred.
471 1107 512 1131 42.
533 1106 556 1131 8.
577 1121 610 1124 -
629 1105 659 1137 §0
684 1106 721 1131 3.
751 1107 931 1138 Compotem
946 1104 1049 1139 fieri,
1071 1106 1073 1149 ζ
1095 1105 1136 1131 cui
1156 1104 1200 1130 lib.
1222 1113 1242 1129 c.
1262 1104 1286 1129 3.
1308 1104 1347 1128 12.
1386 1101 1536 1128 Custodit-e.
1565 1102 1594 1128 fr.
1612 1104 1633 1127 l.
1647 1102 1668 1135 5.
1682 1104 1705 1127 2.
1726 1101 1758 1127 ad
1776 1101 1870 1126 munic.
1890 1101 1932 1125 50.

211 1151 406 1185 Adquirere,
426 1149 588 1182 Accipere.
626 1147 644 1173 I.
669 1149 730 1182 Sy.
759 1147 895 1175 Nancisci.
915 1146 1048 1182 Persequi.
1071 1161 1072 1172 t
1098 1149 1119 1173 l.
1145 1146 1175 1172 fr.
1198 1148 1219 1172 l.
1240 1145 1261 1178 5.
1282 1147 1306 1171 2.
1327 1144 1358 1171 de
1378 1146 1433 1171 iure
1452 1146 1557 1171 immun.
1577 1146 1618 1170 50.
1632 1145 1655 1170 6.
1692 1143 1763 1170 Dare
1782 1142 1932 1176 (actiones).

212 1193 268 1220 Gai.
288 1192 318 1218 11.
340 1193 396 1217 126.
421 1190 465 1217 IV.
485 1191 509 1216 6.
534 1200 592 1226 sqq.
630 1190 759 1227 Accipere
778 1191 939 1223 (civitatem.
966 1199 991 1215 v.
1011 1199 1049 1214 re·
1071 1201 1073 1223 ᾗ
1095 1190 1156 1227 Ylp.
1176 1188 1261 1215 XXV.
1283 1189 1323 1213 14.
1361 1187 1468 1215 Salvae.
1489 1187 1667 1214 Conservatae
1687 1187 1829 1219 (merces).
1858 1185 1888 1211 fr.
1907 1187 1931 1210 2.

210 1236 301 1263 lictum
321 1233 428 1270 aliquod
448 1232 523 1263 etc.).
552 1232 614 1270 le.
633 1233 674 1259 III.
697 1236 718 1260 l.
739 1243 797 1269 sqq.
827 1233 857 1259 fr.
877 1234 900 1259 8.
926 1233 947 1266 5.
967 1233 990 1258 6.
1017 1231 1049 1257 de
1071 1225 1072 1246 l
1094 1244 1133 1270 pr.
1153 1233 1213 1266 5.1.
1234 1231 1267 1257 dc
1279 1229 1308 1256 L.
1323 1229 1409 1256 Rhod.
1431 1232 1470 1256 14.
1489 1232 1513 1256 2.
1542 1229 1586 1256 ΙΙΙ.
1602 1231 1666 1257 Cn.
1698 1229 1795 1255 Totum
1814 1229 1854 1254 ius
1874 1238 1933 1254 con-

211 1282 334 1305 trausact.
353 1279 377 1303 2.
398 1278 438 1302 15.
474 1275 517 1302 111.
535 1277 600 1303 Gn.
628 1275 743 1302 Pretium
763 1276 867 1302 domino
887 1276 1048 1305 offerentem.
1071 1277 1072 1312 i
1095 1276 1165 1301 sistit
1189 1279 1233 1300 aut
1256 1275 1283 1300 in
1307 1273 1483 1310 adquirendo.
1509 1278 1553 1299 aut
1577 1274 1603 1299 in
1628 1271 1821 1301 conservando.
1846 1272 1933 1297 autin

210 1331 292 1358 posse
311 1325 337 1346 et
355 1319 502 1346 libertatem
522 1323 547 1344 et
566 1318 735 1345 hereditatem
756 1320 889 1355 consequi.
910 1318 940 1344 fr.
956 1320 995 1343 15.
1009 1327 1048 1354 pr.

211 1364 244 1390 de
263 1363 332 1399 vulg.
353 1367 379 1389 et
396 1372 459 1399 pup.
485 1362 527 1387 28.
547 1363 571 1387 (5.
607 1361 781 1388 Desendendo
802 1372 829 1388 se
854 1362 992 1397 consequi.
1018 1371 1050 1386 ne.
1071 1367 1072 1378 ³

211 1411 261 1433 etc.
290 1405 320 1432 fr.
341 1407 365 1431 5.
391 1405 422 1431 de
443 1414 509 1430 cess.
529 1404 590 1430 bon.
614 1406 655 1430 42.
674 1406 698 1430 3.
741 1404 853 1433 Ol'ticio.
878 1415 902 1431 v.
923 1404 1051 1431 Arbitrio.
1072 1425 1073 1430 .

210 1449 306 1476 iudicis
325 1458 397 1474 cons.
418 1448 464 1480 (ut
483 1447 550 1480 etc.)
589 1447 620 1473 sr.
639 1449 663 1474 5.
684 1448 704 1481 5.
725 1449 748 1474 6.
769 1449 790 1473 si
810 1447 891 1474 ususf.
911 1452 963 1484 pet.
984 1448 1006 1473 7.
1027 1448 1050 1472 6.
1072 1477 1073 1480 ¹

211 1492 241 1519 fr.
263 1493 302 1518 ll.
322 1491 355 1517 de
374 1501 436 1516 uox.
456 1494 505 1516 act.
525 1491 548 1516 9.
569 1491 592 1516 4.
618 1490 647 1517 fr.
667 1492 708 1517 29.
729 1491 750 1524 5.
771 1493 794 1517 3.
816 1490 847 1516 de
866 1490 953 1517 Aedil.
973 1490 1050 1516 edict.
1072 1495 1074 1522 t

210 1537 253 1562 21.
274 1537 297 1560 l.
334 1534 392 1560 Iure
412 1534 525 1570 optimo,
549 1543 574 1559 v.
598 1533 718 1569 publico,
743 1535 877 1570 consequi.
908 1533 938 1560 l'r.
958 1535 999 1559 31.
1019 1532 1051 1559 de
1072 1558 1073 1578 ¹

211 1579 304 1604 minor.
329 1578 352 1602 4.
372 1579 396 1602 4.
428 1576 457 1602 l'r.
479 1576 518 1602 18.
544 1576 609 1609 5.1.
636 1576 668 1602 de
687 1576 771 1603 damn.
797 1577 842 1603 inf.
865 1578 907 1603 39.
927 1579 951 1602 2.
998 1576 1051 1611 Qui
1072 1587 1073 1590 ¹

212 1620 319 1657 publico
338 1619 473 1651 fruuntur⁷
498 1635 530 1638 —
555 1620 611 1645 sive
635 1619 701 1645 fisco
726 1619 836 1655 vectigal
856 1619 984 1656 pendant.
1009 1617 1051 1644 vel
1072 1624 1074 1644 λ

213 1662 339 1688 tributum
367 1667 569 1698 consequantur.
606 1661 636 1688 fr.
662 1663 684 1687 l.
710 1662 732 1695 5.
759 1664 780 1689 1.
810 1662 841 1688 fr.
862 1665 901 1688 11.
925 1663 947 1696 5
967 1664 991 1688 5.
1019 1661 1051 1687 de
1073 1690 1074 1699 ¹

213 1705 343 1741 publican.
367 1707 409 1731 39.
429 1706 453 1731 4.
497 1704 608 1740 Quaque
632 1705 734 1731 actione
763 1707 877 1742 experiri
904 1715 997 1742 posse.
1027 1709 1051 1730 et
1072 1705 1074 1731 ,³

215 1749 340 1784 consequi
360 1747 404 1781 (id
424 1753 451 1774 ut
471 1749 493 1773 ei
513 1747 613 1773 salvum
633 1752 703 1773 esset
713 1748 730 1779 ).
760 1748 790 1774 sr.
809 1750 850 1774 30.
871 1747 903 1774 de
923 1747 954 1774 N.
975 1747 1007 1773 G.
1026 1748 1051 1773 3.

214 1793 238 1816 5.
275 1790 304 1816 Si
322 1795 406 1827 petat.
431 1806 463 1809 ——
487 1791 658 1826 consequitur
677 1795 726 1816 etc.
758 1790 815 1817 Gai.
835 1790 876 1816 111.
897 1792 938 1816 46.
968 1790 999 1816 cf.
1020 1789 1050 1815 II.
1073 1791 1074 1817 Ϊ

213 1835 255 1859 57.
284 1832 314 1859 fr.
333 1835 358 1858 3.
377 1833 398 1866 5.
412 1835 436 1858 4.
456 1832 488 1858 de
508 1842 538 1858 eo
558 1842 583 1868 p.
603 1842 646 1868 qu.
666 1832 725 1859 fact.
744 1835 769 1859 2.
784 1835 823 1859 10.
861 1834 903 1859 An
923 1834 1051 1870 petitione

214 1875 367 1901 hereditatis
391 1879 521 1907 teneatur,
551 1876 610 1910 quia
638 1875 703 1901 nihil
730 1875 822 1907 habet,
852 1886 900 1902 nec
925 1863 1074 1911 consequii

213 1918 319 1955 potest?
348 1917 378 1943 fr.
400 1919 438 1944 ls.
458 1927 497 1954 pr.
522 1917 554 1943 de
573 1916 661 1943 hered.
685 1923 738 1954 pet.
762 1920 785 1944 5.
805 1920 829 1944 3.
872 1918 901 1944 Si
926 1918 989 1954 quid
1008 1918 1053 1944 do·
1073 1917 1075 1951 ¹,

213 1962 300 1987 minus
320 1960 351 1986 ab
371 1970 401 1986 eo
421 1976 453 1979 —
473 1959 515 1985 vel
535 1965 692 1986 consecutus
713 1966 765 1993 est,
789 1961 831 1987 vel
851 1962 977 1997 consequi
996 1965 1053 1997 pot-
1073 1970 1075 1977 ¹

214 2008 261 2029 est.
293 2003 323 2029 sr.
343 2005 367 2029 9.
394 2003 415 2036 5.
437 2004 460 2028 1.
487 2002 518 2028 de
537 2003 622 2039 pecul.
649 2005 689 2028 15.
711 2006 732 2030 l.
778 2003 925 2030 Voluerunt
949 2008 1052 2029 veteres
1074 2010 1075 2013 ’

213 2046 339 2073 maturius
363 2045 521 2072 hereditates
548 2045 626 2075 adiri,
650 2061 683 2064 —
707 2051 735 2072 ut
754 2047 897 2073 creditores
918 2045 1051 2077 haberent.
1074 2053 1075 2073 t

215 2099 228 2115 a
247 2099 298 2125 quo
318 2098 393 2115 suum
420 2092 652 2124 consequerentur.
682 2087 738 2114 Gai.
758 2088 788 2114 II.
809 2090 850 2114 55.
879 2088 911 2115 cs.
931 2088 974 2115 III.
993 2091 1051 2115 205.
1074 2075 1075 2085 i

214 2131 268 2158 Aut
286 2147 319 2151 —
338 2133 424 2158 miuus
444 2131 581 2168 percipiat,
602 2140 678 2166 quam
698 2129 803 2166 dignum
823 2132 872 2158 erit
891 2142 949 2158 eum
963 2142 1053 2158 conse-

216 2175 269 2210 qui.
294 2174 324 2200 fr.
345 2175 384 2200 17.
404 2174 426 2208 5.
445 2176 469 2200 3.
490 2173 522 2200 de.
541 2173 630 2210 adopt.
650 2175 673 2199 l.
693 2175 716 2199 7.
754 2173 834 2208 Quod
853 2174 938 2200 minus
958 2175 992 2200 sit
1011 2174 1054 2200 ha-

215 2216 333 2249 biturus,
359 2218 493 2253 consequi.
524 2216 555 2242 fr.
576 2218 599 2242 7.
619 2226 658 2253 pr.
683 2215 714 2242 ad
732 2214 762 2241 L.
781 2216 850 2252 Aqu.
874 2217 898 2243 9.
917 2219 941 2243 2.
971 2217 1002 2243 cf.
1022 2217 1052 2243 fr.
1075 2225 1076 2237 ¹

217 2261 241 2285 7.
266 2259 289 2292 5.
310 2261 333 2285 l.
363 2259 490 2286 commod.
516 2261 556 2285 13.
575 2260 600 2285 6.
633 2257 690 2285 Gai.
710 2257 752 2284 ΠΙ.
776 2260 835 2284 214.
861 2258 905 2285 IV.
925 2260 948 2285 G.
968 2260 992 2285 8.
1012 2261 1052 2286 57.

217 2301 346 2338 Stipulari
365 2312 377 2327 a
397 2301 474 2333 Seio.
499 2306 596 2338 quanto
620 2302 705 2327 miuus
726 2311 739 2326 a
758 2300 828 2327 Titio
849 2302 975 2337 consequi
994 2312 1054 2338 pos-

217 2345 274 2370 sim.
295 2342 326 2369 fr.
339 2345 380 2369 42.
394 2355 432 2381 pr.
453 2344 485 2371 de
503 2344 535 2371 R.
551 2344 582 2370 C.
603 2346 643 2370 12.
664 2346 686 2370 1.
707 2343 737 2370 fr.
752 2345 809 2369 116.
829 2343 861 2370 dc
875 2344 907 2370 V.
922 2346 954 2370 O.
974 2346 1015 2371 45.
1032 2347 1053 2371 l.

217 2385 356 2422 Quidquid
379 2392 535 2413 consecutus
555 2388 615 2419 erit,
636 2386 749 2413 mandati
768 2386 864 2412 iudicio
884 2387 961 2413 nobis
980 2388 1055 2413 resti·

217 2433 290 2455 tuere
315 2433 429 2464 cogetur.
457 2428 512 2455 Gai.
533 2429 575 2456 111.
597 2431 654 2456 111.
676 2431 733 2456 117.
770 2428 799 2455 Si
819 2428 934 2455 creditor
952 2440 983 2456 ex
997 2440 1054 2467 pre-
1076 2424 1077 2427 ¹

217 2472 254 2497 tio
274 2472 412 2507 pignorum
431 2470 546 2498 debitum
565 2477 753 2498 consecuturus
768 2482 819 2498 nou
833 2473 875 2498 sit.
895 2471 925 2498 fr.
939 2474 980 2498 59.
994 2473 1015 2506 5.
1029 2474 1054 2499 4.
1075 2486 1077 2494 r

216 2513 302 2540 mand.
323 2515 363 2539 17.
379 2515 400 2540 1.
429 2512 479 2539 Per
497 2515 624 2541 actionem
644 2515 778 2551 consequi.
799 2514 870 2551 quod
883 2524 929 2541 sua
942 2516 1054 2542 intersit.

217 2556 248 2582 fr.
268 2558 292 2582 5.
312 2555 345 2582 de
364 2555 388 2582 d.
407 2566 439 2582 m.
460 2557 484 2581 4.
502 2557 526 2582 3.
546 2556 576 2583 fr.
589 2559 631 2584 29.
651 2558 672 2591 5.
686 2559 710 2583 2.
731 2557 762 2583 de
781 2557 846 2583 Aed.
862 2557 938 2583 edict.
957 2559 999 2584 21.
1014 2560 1036 2584 l.
1075 2553 1077 2557 ¹

254 2599 477 2625 Conserere·
514 2600 638 2632 Serere,
659 2602 833 2627 Seminare.
869 2599 911 2627 HI.
931 2601 997 2627 Gn.
1024 2600 1054 2627 In

218 2640 299 2668 fundo
320 2640 404 2666 alieno
424 2656 456 2659 —-
476 2640 632 2673 aedificasti,
651 2647 695 2668 aut
714 2644 880 2669 conseruisti.
910 2642 939 2669 fr.
959 2646 1001 2670 38.
1022 2643 1054 2670 de

217 2683 249 2710 R.
269 2683 301 2710 V.
321 2684 344 2709 6.
366 2685 388 2709 1.
408 2682 438 2709 fr.
457 2684 481 2710 9.
500 2693 540 2720 pr.
561 2683 593 2709 de
611 2684 642 2710 A.
662 2684 692 2711 R.
712 2685 746 2711 D.
765 2687 806 2712 41.
828 2687 850 2712 1.
889 2686 1053 2712 Couserendi

218 2727 272 2763 agri
292 2736 369 2752 causa
387 2726 552 2752 seminarium
570 2731 695 2763 paratum.
714 2726 744 2754 fr.
761 2730 785 2755 9.
805 2729 827 2761 5.
847 2729 870 2754 6.
891 2728 923 2755 de
942 2728 1009 2755 usuf.
1030 2731 1052 2755 7.

219 2770 242 2795 1.
280 2768 309 2795 Si
329 2784 361 2787 —
379 2767 475 2794 fundus
495 2769 635 2802 evincatur,
655 2770 755 2796 consita
772 2770 866 2797 tollere
884 2781 937 2798 non
955 2777 1052 2809 potest.

219 2810 249 2837 fr.
269 2812 310 2838 53.
330 2810 362 2837 de
380 2810 411 2837 R.
432 2810 463 2837 V.
484 2812 507 2837 6.
528 2813 550 2838 1.

1076 2641 1077 2647 ’
1099 2644 1148 2670 Th.
1169 2643 1199 2670 C.
1219 2643 1263 2669 VI.
1287 2644 1310 2669 8.
1336 2653 1356 2669 c.
1378 2644 1400 2668 l.
1425 2641 1457 2668 de
1475 2642 1599 2678 'praepos
1624 2638 1651 2665 S.
1676 2638 1758 2664 cubic.

1071 1323 1072 1339 1
1094 1317 1244 1345 minuendo.
1270 1316 1300 1342 fr.
1320 1318 1361 1342 41.
1382 1315 1415 1342 de
1433 1316 1485 1342 LL.
1507 1318 1529 1342 l.
1549 1317 1572 1341 3.
1598 1315 1629 1341 cf.
1649 1315 1680 1341 fr.
1702 1317 1723 1341 l.
1746 1315 1828 1348 516.
1848 1313 1880 1339 de
1900 1313 1932 1339 ().

1095 1362 1126 1388 N.
1147 1360 1178 1387 N.
1204 1361 1245 1386 39.
1267 1361 1290 1385 1.
1335 1359 1421 1385 Etiam
1443 1359 1556 1396 Delphis
1585 1358 1635 1384 hoc
1663 1358 1731 1384 idem
1757 1357 1885 1383 tributum
1909 1361 1934 1382 et

1095 1408 1278 1431 conservatum
1297 1407 1345 1429 est.
1364 1402 1395 1428 fr.
1417 1404 1439 1428 l.
1459 1402 1481 1436 5.
1500 1404 1524 1428 2.
1545 1401 1577 1427 ad
1595 1402 1689 1427 munic.
1709 1403 1750 1427 50.
1772 1402 1794 1426 1.
1830 1399 1934 1426 Liberis

1094 1452 1195 1473 tantum
1214 1451 1239 1472 et
1258 1445 1411 1482 parentibus
1425 1444 1534 1471 Praetor
1553 1445 1701 1481 prospexit,
1720 1453 1773 1469 non
1793 1443 1869 1469 etiam
1886 1441 1934 1468 sra-

1095 1491 1129 1516 tri
1149 1494 1174 1516 et
1193 1489 1279 1515 sorori
1299 1487 1467 1515 conservabit
1486 1487 1607 1523 legatum.
1637 1487 1667 1513 fr.
1681 1489 1705 1513 3.
1726 1487 1786 1520 5.1.
1807 1485 1839 1511 de
1857 1484 1933 1521 legat.

1096 1537 1192 1570 praest.
1211 1533 1252 1558 37.
1273 1534 1297 1558 5.
1333 1530 1473 1567 Explicarc
1498 1541 1527 1556 ac
1551 1540 1707 1556 conservare
1732 1530 1836 1563 (vetera
1859 1537 1935 1563 nego-

1096 1576 1156 1607 tia).
1185 1574 1216 1601 fr.
1229 1576 1271 1600 21.
1291 1574 1313 1608 5.
1326 1576 1350 1600 2.
1371 1574 1404 1599 de
1422 1573 1454 1599 N.
1469 1573 1501 1599 G.
1520 1575 1544 1599 3.
1558 1575 1582 1599 5.
1620 1573 1648 1599 Si
1668 1574 1694 1599 in
1713 1582 1767 1598 rem
1785 1573 1861 1597 istam
1875 1580 1935 1597 con-

1096 1617 1249 1645 servandam
1277 1618 1424 1654 impensum
1452 1621 1500 1642 est.
1539 1616 1569 1642 sr.
1593 1619 1616 1643 5.
1646 1616 1697 1651 Qu.
1721 1616 1816 1652 potior.
1844 1616 1886 1640 20.
1909 1615 1933 1639 4.

1095 1661 1246 1688 Praefectus
1266 1676 1299 1679 -
1323 1659 1430 1686 dederat
1453 1660 1622 1689 senteutiamg
1648 1674 1681 1678 -
1700 1658 1856 1684 seutentiam
1875 1666 1934 1682 con-

1096 1705 1211 1732 servavit
1229 1703 1381 1739 Imperator.
1410 1702 1440 1728 fr.
1454 1703 1478 1728 8.
1499 1702 1550 1736 Qu.
1571 1712 1592 1728 c.
1613 1711 1643 1727 eo
1664 1711 1706 1737 qu.
1727 1702 1752 1726 in
1771 1700 1802 1726 al.
1817 1704 1871 1736 pot.
1892 1700 1933 1724 14.

1095 1750 1119 1774 5.
1157 1745 1370 1773 Subveniendum
1399 1755 1470 1772 esse.
1499 1749 1527 1769 ut
1556 1745 1593 1769 eis
1622 1743 1730 1770 libertas
1754 1746 1933 1772 conservetur.

1097 1792 1186 1826 utiquc
1205 1798 1252 1825 per
1270 1787 1428 1813 Praetorem.
1457 1787 1485 1813 sr.
1501 1789 1542 1812 55.
1562 1787 1584 1820 5.
1606 1788 1628 1812 l.
1648 1786 1680 1812 de
1700 1785 1786 1812 fideic.
1807 1785 1871 1811 libb.
1891 1786 1933 1810 40.

1096 1835 1119 1858 5.
1149 1832 1181 1858 cf.
1201 1831 1231 1857 t'r.
1251 1832 1292 1856 57.
1318 1830 1350 1856 de
1370 1829 1458 1856 hered.
1479 1830 1539 1856 inst.
1560 1831 1601 1855 28.
1622 1831 1645 1855 5.
1683 1828 1741 1854 Nisi
1761 1833 1785 1854 et
1804 1827 1933 1863 reliquum

1096 1875 1159 1901 mihi
1178 1890 1210 1893 —-
1228 1878 1361 1910 praestes.
1386 1878 1411 1899 et
1434 1872 1581 1898 indemnem
1600 1882 1640 1898 me
1660 1881 1707 1908 per
1726 1871 1811 1896 onmia
1831 1880 1935 1896 conser-

1096 1928 1150 1944 ves.
1180 1917 1210 1943 sr.
1230 1918 1254 1942 5.
1280 1916 1302 1950 5.
1321 1918 1345 1942 3
1369 1915 1453 1941 mand.
1480 1917 1519 1941 17.
1541 1917 1563 1941 1.
1605 1914 1667 1940 Sive
1693 1913 1798 1940 foedere
1818 1923 1934 1949 compre-

1096 1960 1206 1986 hensum
1226 1964 1281 1991 est,
1306 1964 1334 1985 ut
1356 1960 1378 1984 is
1398 1957 1513 1996 populus
1534 1957 1641 1984 alterius
1660 1956 1753 1994 populi
1773 1957 1934 1982 maiestatem

1097 2004 1206 2029 comiter
1225 2006 1400 2028 conservaret.
1429 2001 1459 2027 fr.
1480 2003 1503 2027 7.
1523 2001 1588 2034 5.1.
1609 2000 1642 2026 de
1661 2001 1754 2036 captiv.
1774 2001 1815 2025 49.
1837 2001 1877 2025 15.

1134 2046 1398 2073 Conservator.
1432 2046 1563 2075 Custos,
1584 2045 1783 2077 sospitator.
1812 2041 1853 2067 ΙΙΙ.
1868 2042 1933 2069 (7η.

1098 2088 1278 2115 conservator
1296 2087 1390 2123 legum,
1411 2091 1581 2113 conservator
1601 2085 1778 2112 decretorum!
1807 2084 1888 2111 Gesta
1908 2085 1933 2110 in

1098 2131 1158 2158 Seu.
1188 2130 1220 2157 de
1239 2140 1290 2156 rec.
1316 2130 1365 2157 Th.
1381 2130 1411 2156 C.
1433 2129 1528 2163 (Wek.
1549 2139 1574 2165 p.
1594 2129 1635 2161 6.)

1133 2174 1357 2201 conservus.
1395 2175 1508 2200 socias
1532 2174 1564 2198 in
1582 2174 1684 2198 eodem
1703 2172 1850 2197 servitio.
1888 2168 1931 2195 III.

1099 2218 1163 2244 Cn.
1201 2215 1281 2251 Quod
1305 2225 1397 2242 servus
1421 2215 1540 2246 domino,
1567 2213 1610 2240 vel
1634 2214 1785 2245 conservis,
1809 2212 1933 2239 liberisve

1098 2259 1195 2286 domini
1219 2258 1320 2284 debeat.
1356 2258 1386 2284 fr.
1405 2259 1428 2284 6.
1450 2269 1488 2295 pr.
1514 2257 1546 2283 de
1565 2256 1649 2293 pecul.
1670 2256 1718 2292 leg.
1742 2257 1784 2282 33.
1804 2257 1827 2282 8.
1871 2254 1932 2280 Sive

1098 2302 1175 2333 mihi,
1195 2303 1251 2327 sive
1270 2301 1334 2331 sibi.
1359 2301 1415 2326 sive
1439 2310 1567 2326 conservo
1591 2309 1652 2331 suo,
1675 2300 1732 2324 sive
1755 2296 1933 2334 impersonali-

1075 2352 1077 2377 ξ
1098 2349 1138 2371 ter
1161 2344 1234 2377 (dari
1258 2353 1350 2370 servus
1373 2352 1446 2368 meus
1471 2342 1636 2379 stipuletur).
1668 2341 1697 2367 fr.
1723 2343 1761 2367 15.
1787 2340 1818 2366 de
1842 2337 1931 2375 stipul.

1098 2397 1167 2413 serv.
1186 2389 1227 2413 45.
1246 2388 1270 2413 3.
1308 2386 1337 2412 Si
1356 2387 1480 2422 proprius
1499 2395 1572 2411 meus
1592 2394 1684 2411 servus
1699 2383 1859 2418 corrupisset.
1873 2391 1933 2407 con-

1098 2440 1210 2456 servum.
1240 2429 1270 2455 fr.
1291 2431 1331 2455 14.
1351 2429 1372 2462 5.
1392 2431 1416 2454 2.
1441 2428 1473 2454 de
1493 2438 1569 2454 servo
1589 2438 1655 2454 corr.
1677 2428 1716 2452 ll.
1729 2427 1753 2450 3.
1773 2424 1803 2450 fr.
1814 2426 1855 2449 25.
1870 2424 1892 2457 5.
1907 2424 1931 2449 6.

1099 2472 1131 2499 de
1144 2472 1229 2498 Aedil.
1245 2472 1321 2498 edict.
1341 2473 1382 2497 21.
1404 2472 1426 2496 l.
1463 2471 1493 2497 Si
1512 2471 1579 2497 forte
1593 2478 1734 2496 conservus
1754 2476 1817 2492 suus
1836 2467 1863 2492 in
1882 2466 1932 2492 hoc

1100 2517 1122 2542 ei
1142 2515 1241 2551 legatus
1261 2519 1309 2541 est.
1340 2514 1370 2540 sr.
1391 2515 1430 2540 14.
1450 2514 1472 2547 5.
1493 2515 1514 2540 1.
1540 2513 1571 2540 de
1589 2522 1698 2539 manum.
1718 2508 1788 2535 vind.
1808 2510 1848 2535 40.
1868 2511 1892 2535 2.

1135 2559 1349 2585 consessus.
1370 2556 1486 2590 (Subst.)
1517 2557 1645 2586 Coetus,
1667 2554 1856 2580 Concilium.
1888 2551 1930 2577 III.

1099 2603 1165 2629 (7¹11.
1201 2600 1237 2627 Vt
1257 2601 1282 2626 in
1302 2599 1410 2626 sedibus
1430 2604 1455 2625 et
1475 2607 1600 2625 consessu
1620 2598 1641 2622 is
1662 2597 1698 2621 eis
1719 2594 1784 2621 ordo
1803 2599 1931 2620 servetur.

1800 2636 1932 2663 Omnibus

1099 2686 1286 2717 conventibus,
1306 2685 1401 2711 officiis
1421 2689 1497 2719 atque
1517 2681 1686 2708 consessibus
1707 2680 1806 2716 (legem
1825 2689 1932 2706 exsecu-

1098 2730 1164 2755 tioni
1182 2728 1273 2761 tradi).
1301 2728 1338 2754 lb.
1358 2726 1402 2753 YI.
1426 2728 1467 2752 22.
1493 2735 1514 2751 c.
1534 2728 1558 2750 ὅ.
1583 2725 1604 2757 5.
1625 2726 1647 2750 l.
1673 2723 1705 2750 de
1728 2723 1820 2749 honor.
1847 2721 1929 2749 codic.

1097 2771 1222 2798 Liberum
1241 2780 1299 2797 cum
1318 2769 1456 2795 ordinariis
1476 2767 1606 2793 iudicibus
1630 2768 1778 2803 ingressum
1801 2767 1828 2792 in
1848 2775 1931 2791 secre-

1096 2816 1191 2841 tarium
1219 2821 1424 2848 consessumque
1451 2810 1556 2837 habere.
1587 2810 1624 2836 lb.
1648 2809 1692 2836 VI.
1717 2810 1758 2836 26.
1788 2820 1808 2835 (·.
1830 2810 1869 2835 16.
1898 2807 1930 2834 de
