2197 3121
249 174 314 205 266

251 255 284 283 de
302 255 334 282 Α.
354 265 378 282 v.
399 254 432 281 Ο.
454 254 484 281 Π.
503 256 545 281 29.
564 256 589 281 2.
614 254 644 280 sr.
659 255 682 280 4.
698 263 736 291 pr.
757 253 789 280 de
809 263 837 280 re
851 252 903 280 iud.
923 254 965 279 42.
981 254 1004 278 1.
1035 251 1097 278 Per-

250 300 367 329 mittere,
394 298 575 324 Commius-re.
612 297 642 323 l'r.
666 298 704 323 15.
730 297 751 330 ξ
772 298 813 323 44.
839 296 871 323 de.
890 297 966 322 iniur.
993 297 1034 322 47.
1056 297 1096 322 10.

251 342 282 369 fr.
302 343 325 368 4,
350 342 371 375 ξ.
391 343 415 367 3.
441 340 473 368 de
500 351 558 378 app.
584 345 609 366 et
633 339 707 366 relat.
733 341 774 366 49.
801 340 823 365 l.
871 339 1020 365 Admittere
1047 338 1096 371 (B.

251 384 358 416 Pnem.)
384 384 414 410 sr.
434 385 458 410 3.
479 383 515 417 ξς.
539 385 577 408 15.
597 393 637 419 sq.
658 382 688 409 fr.
708 384 732 409 4.
752 383 774 417 §.
793 384 818 408 3.
839 382 868 409 fr.
890 384 912 408 7.
933 391 992 417 sqq.
1013 380 1046 407 de
1065 381 1095 408 B.

252 427 280 454 P.
301 438 322 453 c.
344 432 361 453 t.
381 428 422 453 37.
437 428 461 452 4.
499 425 540 451 lll.
558 426 624 452 Cn.
644 426 764 462 Aequius
785 430 834 456 est.
854 424 896 450 vel
917 424 1014 450 frustra
1034 433 1097 450 nou-

252 480 393 506 numquam
413 467 545 505 impendia
565 468 631 499 lieri,
652 479 728 505 quam
748 468 871 504 denegari
891 466 1032 503 aliquando
1053 466 1097 493 ali·

251 518 338 539 menta
358 514 380 539 ei
401 517 449 538 ete.
480 510 510 537 t'r.
532 512 555 537 l.
575 511 596 545 ξ.
617 514 640 538 2.
667 512 698 538 cs.
719 511 749 538 l'r.
770 512 793 537 6.
814 511 846 537 de
865 515 958 536 ventre
977 511 1004 536 iu
1022 520 1096 547 poss.

250 557 292 582 37.
313 556 336 582 8.
375 554 429 581 Sed
448 554 512 580 baec
532 564 616 591 neque
636 554 762 581 destricte
783 552 934 589 deneganda
953 557 1029 585 sunt,
1054 563 1097 579 ne-

252 608 304 635 que
323 599 422 635 passim
442 596 614 630 admittenda,
640 597 688 624 sed
711 608 724 623 a
744 597 868 623 Praetore.
893 606 970 622 causa
993 597 1096 632 cognita
1118 628 1119 638 ἵ

253 640 428 678 temperanda.
460 639 490 666 l‘r.
513 642 551 667 13.
573 640 605 667 de
624 650 697 678 proc.
716 642 740 666 3.
760 642 784 666 3.
828 639 942 665 Eveniet
961 644 989 665 ut
1008 649 1097 665 neces-

251 685 349 711 sarium
373 685 408 710 sit
431 683 576 710 remedium
600 683 747 714 Praetoris,
778 687 804 709 et
832 683 901 709 circa
930 681 1096 718 denegandas

251 728 336 765 primo
360 728 491 757 actiones,
517 731 543 753 et
570 727 638 753 circa
662 725 889 763 praestituendum
912 730 1017 762 tempus
1037 725 1097 751 sub-

251 771 354 797 stituto.
387 769 418 796 fr.
438 770 480 796 69.
507 769 540 796 de
565 770 596 796 A.
617 780 640 795 v.
662 770 695 795 0.
716 768 747 795 li.
772 770 813 795 29.
833 770 858 795 2.

251 813 394 850 denegetur
419 817 508 839 contra
533 813 668 838 saevitiam
692 817 741 838 etc.
775 812 805 838 fr.
825 813 849 838 2.
875 811 908 838 de
932 811 956 838 h.
983 821 1026 847 qu.
1047 812 1096 837 sui.

250 858 274 883 l.
295 858 318 882 6.
355 855 494 882 Adversus
519 866 577 881 eum
602 871 635 875 —
659 856 777 881 actiones
802 855 825 881 ei
849 865 902 881 non
926 854 1097 890 denegentur,

251 909 422 936 quascunque
445 898 582 925 intendere
606 898 678 925 velit.
714 897 746 925 sr.
765 899 807 924 24.
826 908 866 935 pr.
891 897 924 924 de
947 897 1050 924 liberali
1075 907 1096 923 c.

906 767 946 794 Ne
971 767 1096 795 auxilium

199 975 208 985 .
250 943 292 968 40.
314 943 353 968 12.

284 985 397 1012 Beni.
429 985 540 1011 Decem
563 986 725 1015 (nummi).
757 984 852 1019 [δυ.
884 983 968 1015 Deua,
988 983 1096 1009 Decem.

250 1027 280 1054 sr.
304 1029 344 1054 79.
364 1027 396 1054 de
415 1026 491 1063 legat.
511 1027 529 1054 I.
556 1028 632 1061 (30.)
662 1027 693 1054 fr.
713 1028 754 1053 57.
781 1026 812 1053 fr.
832 1029 874 1053 64.
895 1026 927 1053 de
947 1026 978 1053 V.
1000 1026 1033 1052 Ο.
1053 1028 1095 1052 45.

252 1073 274 1098 l.
321 1070 363 1097 ΠΙ.
389 1072 455 1098 Cn.
489 1070 518 1097 Si
542 1070 657 1107 legatum
681 1071 717 1096 sit
741 1069 863 1096 relictum
887 1079 984 1096 annua.
1012 1069 1095 1101 bima,

251 1114 325 1140 trima
345 1112 401 1145 die,
420 1113 499 1140 XXX
518 1113 595 1146 forte,
615 1113 680 1140 dena
700 1124 747 1150 per
766 1112 885 1149 singulos
905 1112 1035 1138 debentur
1054 1122 1096 1138 au-

250 1166 307 1183 nos.
338 1156 368 1183 fr.
388 1159 412 1183 3.
433 1166 472 1194 pr.
498 1156 531 1183 de
550 1167 609 1183 ann.
629 1156 704 1192 legat.
730 1158 816 1183 33.1.
860 1156 948 1191 Quina
973 1154 1039 1181 dena
1063 1155 1094 1181 ab

249 1205 364 1236 utroque
383 1205 503 1226 nostrum
523 1199 680 1226 conserenda
700 1209 766 1226 esse.
804 1199 835 1226 fr.
855 1202 896 1226 δῦ.
922 1198 944 1232 ς’.
965 1200 989 1224 3.
1014 1197 1047 1224 ad
1063 1197 1094 1224 L.

250 1243 320 1270 Falc.
340 1245 382 1270 35.
402 1246 426 1270 2.
462 1242 547 1269 Denis
567 1244 594 1269 in
615 1242 684 1269 diem
702 1241 801 1269 addicti
820 1242 925 1275 (servi.)
950 1240 980 1268 sr.
1002 1243 1042 1267 17.
1062 1241 1095 1268 de
1116 1239 1117 1252 ³

249 1287 277 1313 in
296 1285 365 1312 diem
384 1285 443 1312 add.
463 1286 504 1312 18.
523 1288 547 1312 2.

283 1329 501 1356 Denicales.
533 1331 708 1356 Feriarum
725 1339 844 1365 genus,
865 1330 981 1363 quibus
999 1329 1095 1355 homi-

248 1374 299 1399 nis
323 1374 444 1398 mortui
461 1374 604 1408 familia
625 1374 847 1407 purgabatur.
889 1371 932 1398 III.
952 1372 1018 1398 Cn.
1045 1370 1095 1397 Fu-

249 1424 299 1441 nns
323 1414 461 1447 familiare,
490 1415 603 1442 feriaeve
627 1414 774 1447 denicales,
804 1425 871 1451 quae
897 1424 950 1440 uon
975 1415 1031 1441 eius
1055 1415 1093 1441 rei

250 1468 326 1485 causa
346 1459 372 1484 in
392 1468 450 1484 eum
470 1458 538 1484 diem
558 1458 670 1485 collatae
689 1460 750 1485 sint.
782 1457 825 1484 Fr.
850 1457 880 1484 L.
901 1457 989 1484 Cincii
1007 1457 1026 1484 l.
1039 1456 1092 1484 Cti.

249 1501 300 1538 Ap.
323 1501 391 1527 Geli.
411 1500 481 1527 ΧΠ.
501 1503 524 1528 4.

248 1587 408 1614 Novissime.
437 1587 493 1614 Gai.
514 1587 532 1614 Ι.
552 1589 594 1614 43.
623 1587 684 1624 ΥΙΡ.
704 1587 722 1614 I.
742 1588 785 1614 24.
822 1586 864 1613 lll.
886 1588 951 1614 Cn.
970 1586 1044 1618 Item,
1059 1602 1091 1606 -

248 1635 397 1668 praeterea,
418 1646 451 1650 -
471 1630 592 1667 denique.
627 1629 683 1657 Gai.
704 1629 746 1656 III.
767 1631 808 1656 98.
828 1639 887 1666 sqq.
917 1629 947 1656 fr.
967 1631 991 1656 6.
1016 1629 1047 1656 fr.
1067 1631 1090 1656 8.

249 1674 283 1701 de
301 1675 403 1711 pigner.
422 1676 464 1700 20.
486 1676 508 1700 l.
545 1673 602 1700 Lex
621 1689 654 1693 —
673 1672 761 1705 iubet,
781 1688 813 1692 —
838 1677 864 1699 et
887 1671 1001 1709 denique
1020 1683 1092 1710 prae·

250 1718 314 1754 cipit
333 1722 382 1744 etc.
411 1716 472 1754 le.
494 1717 511 1743 Ι.
530 1719 572 1743 24.
593 1733 625 1736 -
650 1716 680 1749 ξ.
700 1718 735 1742 2.
764 1717 924 1743 Breviter.
962 1715 1004 1742 ΠΙ.
1025 1717 1091 1743 Cn·
1114 1737 1115 1748 ,

249 1760 394 1796 Quaedam,
418 1777 450 1780 —
470 1761 538 1787 sicut
557 1776 590 1780 —
609 1764 635 1786 et
654 1759 767 1795 denique
787 1758 936 1795 complures
956 1758 1021 1785 aliae
1041 1758 1092 1792 (le-
1114 1770 1115 1775 ¹

249 1804 316 1839 ges.)
347 1804 403 1830 Gai.
424 1802 467 1830 IV.
486 1805 529 1830 22.
570 1803 599 1830 In
618 1804 721 1830 actione
740 1802 865 1840 depositi,
886 1806 912 1828 et
931 1801 1045 1838 deniqne
1065 1803 1091 1828 in

251 1847 360 1873 caeteris
380 1846 509 1873 omnibus.
538 1846 575 1873 lb.
589 1845 632 1872 IV.
647 1848 688 1872 60.
726 1846 760 1872 Et
779 1845 892 1882 denique
911 1844 975 1871 aliae
995 1845 1092 1872 multae

250 1889 401 1916 huiusmodi
420 1891 531 1927 species.
559 1890 596 1916 lb.
616 1889 647 1915 H.
666 1891 725 1915 238.
750 1887 794 1915 IV.
813 1890 854 1914 46.
879 1887 909 1914 fr.
932 1889 953 1914 l.
973 1888 995 1922 §.
1017 1890 1038 1914 1.
1059 1888 1092 1915 de

250 1931 282 1959 R.
298 1932 331 1959 D.
354 1934 413 1958 1.8.
434 1948 465 1952 ·—
485 1933 516 1965 ξ.
532 1933 568 1959 3.
590 1934 696 1964 Certe,
719 1934 825 1958 Plane.
853 1930 896 1957 ΙΙΙ.
914 1932 980 1958 Cn.
1001 1931 1091 1957 Omni-

251 1975 300 2002 bus
320 1976 397 2002 etiam
415 1975 500 2001 titulis
521 1975 562 2001 hic
581 1985 651 2012 „pro
672 1975 850 2011 possessore‘⁴
870 1973 967 1999 haeret.
987 1989 1020 1993 —
1040 1974 1091 2000 De-

251 2019 330 2055 nique
352 2023 377 2045 et
395 2028 462 2056 ,.pro
482 2022 598 2044 emtor&
618 2018 695 2044 titulo
715 2018 811 2044 haeret.
837 2032 870 2036 —-
893 2016 958 2042 Item
977 2032 1009 2036 —
1028 2017 1090 2043 item

252 2066 300 2088 etc.
331 2061 361 2088 fr.
382 2064 421 2088 13.
442 2062 463 2095 ξ.
486 2063 508 2088 l.
529 2061 561 2087 de
580 2060 668 2087 hered.
689 2065 741 2098 pet.
761 2063 785 2086 5.
798 2061 823 2086 3.
859 2060 894 2086 Et
912 2064 985 2096 puto,
1005 2069 1091 2096 neque

252 2114 347 2131 nocere
366 2115 450 2141 neque
468 2104 609 2142 prodesse,
629 2115 687 2130 nam
707 2104 820 2140 denique
833 2108 859 2129 et
872 2113 1017 2140 usucapere
1030 2113 1090 2140 pos-

252 2157 310 2173 sum
330 2152 377 2173 etc.
407 2147 437 2174 fr.
457 2150 480 2174 5.
500 2158 539 2185 pr.
566 2148 598 2174 de
617 2147 668 2174 div.
690 2152 768 2184 temp.
788 2156 888 2184 praese.
909 2148 950 2172 44.
969 2148 994 2172 3.
1032 2146 1090 2173 Suf-

251 2190 307 2217 ficit
324 2190 409 2216 nudus
430 2200 583 2217 consensus.
608 2207 640 2210 —
670 2190 791 2226 Denique
811 2194 914 2216 constat
934 2194 982 2216 etc.
1014 2189 1045 2216 fr.
1065 2191 1089 2216 4.

252 2243 291 2271 pr.
311 2233 377 2267 §.1.
397 2233 429 2260 de
449 2234 565 2270 sponsal.
589 2235 630 2260 23.
652 2236 674 2260 l.
711 2234 833 2270 Denique
853 2237 939 2259 exstat
958 2232 985 2259 S.
1006 2233 1036 2259 C.
1057 2249 1090 2253 —

253 2277 413 2314 Saepissime
432 2276 544 2313 denique
564 2276 730 2303 interdictum
750 2281 798 2303 est.
827 2275 896 2302 Coll.
910 2275 963 2302 LL.
978 2276 1010 2302 M.
1031 2275 1089 2303 XV.

251 2322 276 2346 2.
297 2335 329 2339 —
349 2320 380 2353 §0
405 2321 443 2345 -l-
473 2322 625 2352 Proinde,
645 2322 694 2347 Ex
712 2321 928 2354 consequenti.
965 2318 1008 2344 ΙΙΙ,
1024 2320 1089 2346 (711.

252 2362 308 2390 Nec
327 2363 395 2389 enim
415 2362 474 2388 ideo
494 2368 534 2388 est
553 2363 692 2399 obligatus,
711 2379 744 2382 —
762 2372 853 2389 verum
868 2362 978 2393 idcirco,
997 2378 1028 2381 —
1048 2361 1091 2388 de-

253 2407 332 2442 nique
351 2410 455 2432 tenetur
474 2410 522 2431 etc..
553 2405 582 2432 fr.
603 2409 626 2432 6.
647 2407 667 2440 §.
690 2408 711 2432 1.
736 2405 821 2432 mand.
842 2407 881 2432 17.
904 2407 925 2432 l.
963 2405 1089 2431 Iudicium

253 2449 313 2476 ideo
333 2449 508 2475 necessarium
528 2448 584 2480 suit,
604 2449 674 2485 quod
694 2454 742 2476 etc.
763 2465 795 2468 —
815 2448 929 2485 denique
948 2453 1047 2480 cessat,
1067 2450 1090 2475 si

253 2497 302 2519 etc.
330 2492 360 2518 fr.
382 2494 403 2518 l.
429 2502 520 2518 comm.
546 2491 598 2518 div.
626 2494 665 2518 10.
685 2494 708 2518 3.
738 2491 770 2518 cf.
795 2492 825 2518 sr.
847 2493 869 2518 7.
893 2492 915 2525 ξ.
934 2493 959 2518 3.
984 2491 1016 2518 de
1036 2501 1088 2517 cur.

254 2535 344 2562 furios.
363 2537 405 2562 27.
427 2537 466 2561 10.
512 2534 637 2561 Officium
661 2545 766 2571 quoque
788 2535 900 2561 militare
919 2539 1033 2561 excusat.
1057 2550 1089 2553 —

253 2578 375 2615 Denique.
399 2588 457 2605 cum
477 2583 526 2605 etc.
558 2577 642 2604 Vatic.
668 2578 689 2611 ς’.
713 2580 772 2604 222.
808 2578 843 2604 Et
867 2578 962 2604 effectu
985 2577 1090 2614 quidem

254 2620 322 2647 idem
341 2631 423 2657 paene
443 2632 510 2654 esse,
530 2638 562 2642 —
582 2621 695 2658 denique
719 2630 771 2646 non
794 2622 892 2657 poterit
915 2625 964 2647 etc.
998 2620 1028 2646 [r.
1050 2622 1089 2646 10.

254 2673 292 2701 pr.
317 2663 348 2689 de
369 2673 417 2690 usu
436 2670 461 2691 et
479 2665 538 2691 hab.
564 2667 586 2692 7.
606 2666 631 2691 8.
672 2663 814 2690 Sciendum
837 2669 885 2690 est.
911 2679 943 2683 —-
968 2663 1090 2700 Denique

253 2706 340 2744 placet
360 2712 408 2733 etc.
437 2707 467 2734 fr.
486 2710 510 2734 3.
531 2708 552 2742 §.
575 2709 614 2734 15.
634 2706 666 2734 ad
686 2706 773 2733 exhib.
795 2708 834 2732 10.
854 2708 878 2732 4.
916 2706 1036 2733 Constat.
1057 2721 1089 2725 -

253 2751 376 2787 Denique
395 2751 418 2776 si
437 2756 485 2777 etc.
515 2751 544 2777 fr.
566 2753 606 2777 17.
626 2750 658 2777 de
676 2749 708 2777 N.
729 2749 760 2777 G.
779 2751 803 2776 3.
822 2751 846 2776 5.

288 2794 556 2821 Denonninare.
590 2796 636 2821 Ad
652 2795 834 2829 eligendum
851 2801 1039 2827 proponere.
1070 2790 1089 2817 Ι.

255 2838 316 2873 Sy.
344 2835 486 2863 §ominare
504 2836 576 2870 (loco
595 2837 645 2870 sui,
663 2835 862 2874 magistratum.)
882 2845 903 2862 c.
915 2836 940 2861 2.
960 2834 993 2861 de
1009 2834 1088 2872 peric.

1067 170 1169 201 DEN.

1142 252 1300 278 nominator.
1326 253 1366 278 ll.
1390 252 1432 279 33.
1474 251 1517 279 Ill.
1545 253 1610 280 (Vn.
1644 252 1729 280 Duxit
1752 263 1874 287 uxorem,
1898 265 1951 282 non
1974 266 1989 282 a

1143 300 1217 332 patre
1237 294 1397 332 desponsam
1414 295 1458 322 vel
1478 295 1648 327 destinatam,
1673 295 1715 322 vel
1734 301 1889 324 testamento
1909 298 1988 325 deno-

1142 338 1272 364 minatam.
1302 337 1332 364 sr.
1354 340 1376 364 7.
1398 348 1436 375 pr.
1457 338 1489 365 ad
1508 338 1538 365 L.
1559 338 1606 365 lul.
1628 339 1661 365 de
1680 338 1761 366 adult.
1781 341 1822 367 48.
1842 342 1866 366 5.

1176 381 1460 408 Denominatio.
1481 383 1581 408 Actus
1599 383 1839 409 denominandi.
1860 382 1902 409 Ill.
1918 384 1986 411 Gn·

1141 423 1169 450 ln
1189 428 1322 460 potestate
1345 423 1507 450 censualium
1531 423 1709 451 denominatio
1734 435 1786 452 non
1809 427 1857 458 sit,
1880 442 1914 446 -
1939 426 1988 453 sed

1141 466 1255 493 Senatus
1276 466 1385 493 arbitrio
1410 467 1555 494 sortiantur
1581 472 1629 494 etc.
1662 467 1712 494 Th.
1735 467 1767 494 C.
1788 467 1832 495 VI.
1856 470 1880 495 4.
1905 479 1926 496 c.
1946 470 1987 496 13.

1141 510 1163 544 ξ.
1184 512 1208 536 2.
1229 509 1261 536 de
1281 509 1365 536 Praet.
1387 515 1412 536 et
1433 510 1486 544 Qu.

1175 554 1384 580 Benenate.
1414 553 1444 585 §.
1462 554 1496 579 l.
1518 553 1764 585 Demonstrare,
1786 555 1987 582 Describere.

1142 595 1184 622 III.
1209 597 1274 623 Gn.
1308 598 1362 632 Qui
1381 595 1424 622 vel
1443 606 1475 622 ex
1494 596 1619 627 artificio.
1645 596 1687 623 vel
1707 596 1810 629 officio.
1830 613 1863 616 —
1882 597 1987 624 eviden-

1142 644 1182 665 ter
1201 638 1318 666 denotati
1342 644 1440 665 essent.
1473 638 1503 665 fr.
1522 641 1564 665 24.
1589 638 1622 665 de
1640 650 1750 666 manum.
1772 637 1874 667 testam.
1899 642 1942 667 40.
1961 642 1985 667 4.

1142 682 1317 717 Singula-riter
1340 682 1429 709 denot.
1453 681 1531 708 liceat
1550 686 1598 708 etc.
1632 682 1702 709 Call.
1722 682 1774 709 LL.
1795 683 1828 710 M.
1850 683 1884 710 X.
1903 685 1928 710 2.
1953 700 1987 704 —

1143 725 1173 758 §.
1195 727 1230 752 8.
1265 727 1504 759 Turpitudinis
1524 731 1629 752 notam
1649 727 1823 762 infligere.
1854 726 1898 753 III.
1919 727 1987 754 Gn·

1142 767 1242 805 Turpia
1270 767 1366 804 legata,
1395 778 1462 804 quae
1490 768 1633 795 denotandi
1660 770 1741 804 magis
1765 769 1882 805 legatarii
1905 770 1987 805 gratia

1141 811 1303 837 scribuntur.
1333 810 1364 837 fr.
1384 812 1425 837 54.
1445 821 1485 848 pr.
1505 811 1538 837 de
1557 811 1632 847 legat.
1652 810 1671 837 Ι.
1692 812 1768 845 (30.)
1805 812 1868 839 Suis
1887 813 1986 849 apertis

1119 863 1120 866 ¹
1142 854 1296 880 criminibus
1315 854 1481 881 denotentur.
1515 853 1564 880 Th.
1586 853 1617 880 C.
1636 853 1708 881 XVI.
1727 856 1751 880 5.
1776 865 1797 882 c.
1817 856 1841 882 6.
1861 856 1883 890 ᾗ.
1902 857 1926 882 3.
1953 854 1986 882 de

1141 897 1265 924 haeretic.

1175 940 1393 967 Benotath).
1430 941 1528 972 Nota,
1550 941 1763 968 Contumelia.
1794 940 1837 967 llI.
1852 942 1918 969 Cn.
1939 940 1986 968 Of-

1141 982 1265 1009 ficialium
1285 987 1322 1014 et.
1342 993 1401 1009 cum
1421 982 1602 1013 denotatione,
1628 993 1718 1010 eorum
1737 983 1854 1010 iudicum
1873 994 1986 1021 quorum

1141 1030 1190 1052 etc.
1219 1025 1270 1052 Tb.
1287 1024 1319 1052 C.
1338 1025 1382 1052 Xl.
1404 1028 1427 1052 7.
1447 1027 1513 1061 ⁰23·
1533 1025 1566 1052 de.
1585 1028 1714 1052 exaction.

1175 1071 1291 1096 Dens.
1331 1069 1461 1096 Osseunz
1486 1071 1573 1096 illud
1596 1072 1627 1096 in
1651 1080 1703 1096 ore
1723 1072 1918 1097 animalium
1937 1072 1985 1097 in-

1140 1117 1370 1144 strumentum,
1395 1114 1604 1138 eornmolendi
1626 1119 1681 1139 etc.
1719 1112 1762 1139 III.
1786 1115 1852 1140 011.
1879 1112 1985 1145 Medici,

1140 1171 1173 1175 —-
1198 1156 1242 1192 qui
1267 1155 1331 1181 certi
1356 1154 1457 1181 doloris
1482 1156 1619 1181 sanitatem
1641 1155 1814 1192 pollicentur,
1846 1161 1938 1193 utputa
1961 1156 1986 1183 si

1139 1197 1322 1229 auricularius.
1342 1199 1364 1224 si
1384 1198 1489 1224 fistulae
1502 1197 1544 1224 vel
1558 1198 1682 1224 dentium.
1703 1198 1733 1225 fr.
1749 1201 1771 1225 1.
1791 1200 1812 1233 §.
1826 1200 1850 1225 3.
1871 1199 1903 1225 de
1918 1204 1984 1226 extr.

1139 1242 1235 1277 cognit.
1255 1243 1296 1267 50.
1312 1242 1352 1267 13.
1390 1241 1462 1277 Quoi
1476 1251 1538 1267 auro
1552 1240 1645 1267 dentes
1659 1241 1741 1268 vincti
1760 1247 1860 1268 escunt.
1884 1241 1914 1269 L.
1924 1241 1983 1269 XII.

1139 1284 1205 1311 Tab.
1224 1284 1257 1310 X.
1278 1285 1302 1310 9.

1173 1327 1366 1355 Densitas.
1409 1328 1587 1354 Crebritas.
1631 1326 1674 1353 ΠΙ.
1703 1328 1770 1355 Cn.
1804 1327 1856 1354 Per
1883 1327 1984 1355 confer-

1139 1375 1190 1397 tam
1210 1369 1304 1407 populi
1326 1370 1500 1406 frequentiam
1527 1375 1551 1396 et
1578 1380 1626 1407 per
1648 1371 1786 1397 maximam
1804 1371 1985 1397 insistentium

1139 1414 1303 1440 densitatem.
1333 1408 1383 1440 Th.
1399 1412 1429 1440 C.
1450 1413 1494 1440 IX.
1516 1415 1556 1439 17.
1576 1423 1596 1439 c.
1611 1415 1635 1439 5.
1655 1413 1677 1447 ᾗ.
1693 1415 1715 1440 1.
1736 1413 1769 1440 de
1787 1413 1887 1451 sepulc.
1901 1413 1965 1440 viol.

1172 1459 1335 1484 Densus.
1356 1455 1486 1489 (Adiect.)
1512 1458 1689 1490 Frequens,
1710 1458 1901 1484 Continuus.
1938 1456 1982 1483 III.

1115 1497 1116 1508 ³
1138 1502 1204 1528 Cn.
1235 1499 1269 1526 Et
1294 1510 1343 1526 una
1368 1498 1542 1535 intelligatur,
1567 1504 1592 1525 et
1618 1500 1693 1536 quasi
1716 1499 1884 1526 densioribus
1904 1499 1983 1526 dona-

285 1544 473 1577 Denique.
503 1544 627 1578 (Advb.)
665 1545 695 1578 ἓ.
716 1545 750 1571 l.
780 1546 952 1571 Postremo.
989 1543 1009 1570 I.
1030 1539 1116 1578 Sy·[

1138 1543 1254 1569 tionibus
1275 1542 1412 1569 cumulata.
1434 1552 1455 1568 c.
1475 1544 1516 1568 34.
1537 1542 1558 1576 ξ.
1578 1543 1602 1568 4.
1623 1542 1656 1569 de
1675 1542 1763 1569 donat.
1783 1544 1807 1569 8,
1827 1544 1869 1568 54.

1172 1587 1372 1613 Dentatus.
1398 1585 1529 1618 (Adiect.)
1558 1586 1679 1612 Dentes
1697 1587 1823 1612 habens.
1854 1585 1898 1612 ΠΙ.
1914 1586 1982 1613 Gn.

1114 1622 1115 1632 ¹
1137 1629 1166 1655 Si
1185 1629 1227 1655 leo
1247 1630 1295 1660 sit,
1321 1627 1369 1654 sed
1387 1632 1553 1660 mansuetus,
1578 1627 1620 1654 vel
1645 1628 1695 1655 alia
1718 1628 1823 1655 dentata
1845 1633 1982 1655 mansueta

1137 1673 1186 1705 (sc.
1206 1671 1312 1703 bestia.)
1332 1670 1363 1697 fr.
1385 1672 1408 1696 l.
1428 1670 1450 1704 §.
1470 1672 1494 1697 6.
1514 1670 1547 1697 de
1565 1671 1665 1708 postul.
1683 1673 1708 1698 3.
1730 1673 1752 1697 l.

1172 1715 1391 1742 nonnum-e.
1431 1715 1598 1748 Spoliare,
1622 1716 1770 1741 Privare.
1807 1713 1825 1740 I.
1846 1715 1908 1749 Sy.
1927 1713 1982 1741 Nu-

1137 1758 1205 1784 dare.
1226 1768 1247 1784 c.
1269 1759 1291 1783 1.
1312 1756 1344 1783 ad
1362 1755 1392 1782 L.
1412 1755 1460 1782 Iul.
1480 1761 1562 1793 repet.
1583 1758 1607 1783 9.
1626 1759 1668 1783 27.
1706 1756 1749 1784 ΠΙ.
1770 1758 1836 1784 Cn.
1865 1757 1981 1784 Consce-

1136 1801 1226 1827 leratis
1246 1799 1448 1837 depectionibus
1468 1799 1583 1836 spoliare
1602 1805 1680 1836 atque
1704 1800 1845 1826 denudare.
1877 1799 1928 1827 Th.
1948 1799 1980 1827 C.

1136 1843 1166 1870 II.
1188 1845 1225 1869 10.
1248 1853 1268 1869 c.
1291 1845 1313 1869 1.
1338 1841 1370 1868 de
1393 1842 1493 1879 postul.
1536 1842 1686 1874 Praesidio.
1706 1853 1730 1869 v.
1751 1842 1879 1879 Cingulo,
1899 1842 1980 1870 denu-

1136 1887 1197 1913 dati.
1227 1896 1248 1912 c.
1270 1887 1309 1912 14.
1331 1885 1363 1912 de
1382 1885 1470 1912 testib.
1491 1887 1515 1912 4.
1535 1887 1577 1912 20.
1606 1885 1673 1912 Nov.
1693 1887 1735 1912 33.
1756 1896 1777 1912 c.
1799 1888 1821 1912 1.

1170 1929 1427 1957 Renuncituw.
1465 1928 1496 1961 ξ.
1519 1929 1553 1955 1.
1589 1930 1768 1960 Nune-iare,
1798 1930 1978 1956 Certiorem

1129 1974 1244 2009 facere
1267 1973 1378 1998 alium.
1416 1971 1434 1997 l.
1453 1972 1514 2005 Sy.
1543 1971 1723 2002 Proclamare,
1749 1981 1769 1997 s.
1790 1970 1976 1998 Praeclamare..

1135 2016 1165 2042 fr.
1185 2017 1227 2042 31.
1248 2014 1280 2040 ad
1298 2013 1327 2040 L.
1348 2014 1418 2050 Aqu.
1438 2015 1461 2040 9.
1479 2016 1505 2040 2.
1525 2013 1556 2039 fr.
1571 2015 1594 2040 7.
1614 2013 1646 2039 ad
1665 2012 1695 2039 L.
1709 2013 1756 2039 Iul.
1777 2013 1810 2040 de
1829 2014 1874 2040 sic.
1894 2015 1936 2040 48.
1950 2016 1975 2041 8.

1135 2057 1298 2085 praedicere.
1337 2056 1367 2083 t'r.
1386 2059 1428 2083 3³.
1448 2066 1488 2093 pr.
1517 2055 1608 2082 s1·.52.
1633 2055 1665 2082 de
1688 2055 1755 2082 Aed.
1780 2056 1857 2083 edict.
1885 2059 1927 2083 21.
1954 2059 1976 2084 l.

1135 2101 1307 2128 Renunciare.
1341 2099 1372 2125 fr.
1391 2101 1433 2125 29.
1453 2099 1474 2132 ξ
1494 2101 1518 2124 2.
1543 2098 1573 2124 fr.
1593 2100 1635 2124 55.
1655 2099 1677 2132 ξ.
1698 2101 1720 2125 l.
1740 2099 1773 2125 de
1792 2100 1914 2126 eviction.
1934 2102 1976 2126 21.

1134 2147 1159 2171 2.
1196 2143 1294 2170 Notum
1313 2141 1406 2168 facere.
1439 2142 1469 2168 fr.
1489 2143 1513 2168 5.
1533 2141 1571 2175 ἐξ.
1591 2144 1616 2168 2.
1637 2151 1676 2178 sq.
1701 2142 1752 2177 Qu.
1773 2143 1799 2168 vi
1818 2147 1861 2168 aut
1881 2142 1913 2169 el.
1933 2144 1975 2170 43.

1134 2189 1176 2213 24.
1213 2186 1361 2213 Detestari.
1381 2184 1536 2211 Testationc
1556 2184 1722 2211 denunciare.
1747 2184 1777 2211 l'r.
1796 2186 1838 2211 39.
1858 2185 1880 2219 ξ
1899 2187 1924 2211 2.
1944 2185 1976 2212 sr.

1134 2231 1193 2256 238.
1214 2230 1235 2263 ξ.
1259 2230 1280 2255 l.
1305 2229 1337 2255 de
1356 2228 1388 2255 V.
1409 2229 1436 2255 S.
1461 2230 1502 2253 50.
1524 2228 1564 2254 16.
1606 2227 1648 2254 ΙΠ.
1671 2228 1736 2255 Cn.
1769 2227 1797 2253 Si
1822 2238 1908 2264 neque
1931 2228 1975 2255 de-

1135 2274 1284 2303 nunciatum
1309 2276 1361 2298 est.
1385 2282 1471 2308 neque.
1495 2271 1597 2302 scierit,
1622 2275 1666 2296 aut
1690 2270 1830 2307 providere
1849 2272 1973 2307 potuerit.

1135 2317 1165 2343 l'r.
1184 2319 1226 2343 28.
1246 2316 1269 2349 ξ.
1290 2317 1312 2341 1.
1332 2314 1363 2341 ad
1377 2314 1405 2341 L.
1421 2315 1489 2351 Aqn.
1509 2316 1532 2340 9.
1545 2315 1570 2339 2.
1602 2314 1655 2348 Qui
1675 2313 1769 2339 celavit
1788 2313 1975 2347 adversarium,

1135 2370 1219 2396 neque
1238 2360 1261 2385 ei
1281 2358 1456 2384 denunciavit.
1481 2356 1512 2383 t'r.
1531 2358 1555 2382 3.
1575 2356 1596 2390 ξ.
1618 2358 1640 2382 7.
1665 2356 1697 2382 cf.
1718 2356 1748 2382 fr.
1767 2358 1791 2383 5.
1811 2366 1851 2394 pr.
1877 2357 1929 2393 Qu.
1947 2358 1975 2384 vi

1135 2408 1178 2429 aut
1198 2402 1229 2429 cl.
1253 2403 1295 2428 43.
1314 2402 1356 2428 24.
1398 2399 1515 2427 Debebit
1538 2404 1563 2425 et
1588 2398 1656 2425 diem
1683 2404 1708 2425 et
1727 2399 1817 2426 horam
1836 2399 1975 2426 denuncia-

1135 2447 1206 2472 tione
1226 2444 1379 2481 complecti,
1403 2459 1435 2463 —
1460 2452 1545 2478 neque
1569 2442 1717 2479 perl'usorie
1741 2447 1785 2469 aut
1805 2442 1918 2469 obscure
1937 2442 1974 2469 di-

1135 2499 1193 2515 cere
1213 2492 1257 2514 aut
1280 2487 1445 2513 denunciare.
1480 2484 1510 2511 fr.
1530 2487 1554 2511 5.
1579 2485 1599 2519 ξ.
1622 2487 1643 2511 1.
1668 2485 1703 2511 ib.
1723 2487 1764 2511 43.
1783 2487 1825 2511 24.
1866 2485 1974 2512 Denun-

1135 2531 1227 2558 ciando
1247 2530 1343 2559 facere.
1367 2539 1388 2555 s.
1408 2528 1558 2564 adquirere,
1579 2527 1707 2554 ancillam.
1736 2527 1809 2554 Paul.
1829 2527 1859 2554 II.
1878 2530 1920 2554 21.
1938 2528 1971 2554 A.

1134 2575 1171 2608 ἒξ.
1191 2576 1214 2600 3.
1234 2583 1273 2610 sq.
1298 2572 1329 2599 cf.
1349 2572 1371 2606 §.
1393 2573 1414 2597 l.
1443 2570 1500 2597 Gai.
1520 2570 1538 2597 I.
1563 2572 1603 2597 91.
1625 2572 1682 2597 160.
1719 2569 1855 2597 Testando
1875 2570 1972 2597 denun-

1135 2619 1202 2643 ciare
1221 2615 1358 2650 (emtori.)
1389 2614 1419 2640 sr.
1441 2615 1463 2640 1.
1490 2614 1511 2648 ξ.
1531 2616 1555 2640 3.
1576 2613 1609 2640 de
1627 2615 1708 2651 peric.
1728 2618 1754 2639 et
1773 2623 1865 2640 comm.
1887 2614 1926 2639 18.
1945 2614 1970 2639 6.

1133 2661 1217 2686 Actor
1235 2658 1385 2685 adversario
1398 2656 1580 2689 denunciabat,
1600 2661 1628 2683 ut
1646 2656 1678 2683 ad
1691 2656 1804 2683 iudicem
1817 2654 1971 2693 capiendum

1134 2702 1176 2729 die
1194 2701 1280 2729 XXX.
1300 2700 1413 2727 adesset.
1447 2699 1503 2726 Gai.
1524 2699 1568 2727 IV.
1590 2702 1629 2726 18.
1671 2698 1730 2726 Nisi
1753 2698 1786 2726 ad
1809 2698 1935 2729 iudicem,
1959 2708 1974 2724 a

1134 2755 1186 2783 quo
1205 2744 1256 2771 sibi
1275 2743 1459 2770 denunciatum
1478 2747 1531 2775 est,
1552 2748 1595 2769 aut
1614 2743 1688 2769 cuius
1707 2741 1803 2768 litteris
1822 2739 1865 2767 vel
1885 2739 1973 2767 edicto

1134 2792 1279 2821 conventus
1303 2791 1355 2819 est,
1380 2787 1489 2813 venerit.
1524 2784 1596 2812 Paul.
1622 2784 1654 2811 V.
1679 2787 1704 2811 5.
1723 2784 1755 2811 A.
1779 2784 1800 2818 ξ.
1820 2785 1843 2810 7.
1877 2782 1907 2810 sr.
1928 2785 1971 2810 20.

1133 2832 1171 2867 §§.
1191 2832 1215 2858 6.
1236 2832 1276 2857 ll.
1296 2829 1330 2857 de
1348 2829 1436 2857 hered.
1455 2833 1508 2867 pet.
1528 2830 1552 2855 5.
1565 2829 1590 2854 3.
1628 2827 1669 2855 Ne
1686 2828 1769 2854 invito
1788 2825 1970 2859 denuncietur,
