2197 3121
1025 153 1124 183 GRA.

215 234 423 261 dissimulatione
442 234 622 266 (admittere.)
648 232 697 259 Th.
724 232 755 259 C.
781 232 826 259 XI.
853 234 892 259 16.
918 244 939 260 c.
962 235 1001 260 ll.
1021 233 1053 260 de

215 282 280 303 extr.
300 287 320 303 s.
341 277 411 304 sord.
450 277 581 308 Gratiosa,
601 275 643 302 vel
661 277 819 302 necessitate
839 286 963 313 expressa
983 278 1054 314 (pro-

214 320 316 351 fessio.)
337 320 373 346 lh.
393 320 449 346 XII.
472 323 493 346 1.
514 330 535 346 c.
559 321 613 346 177.
634 319 655 352 ξ.
677 321 698 345 l.
719 318 751 345 de
771 319 904 345 decurion.

250 364 391 390 Gratis.
425 363 536 395 (Advb.)
570 364 645 389 Sine
664 365 817 394 mercede,
838 364 884 389 vel
899 364 1052 396 praemio.

213 405 232 431 I.
247 407 308 440 Sy.
329 406 458 432 Gratuito.
479 406 508 431 1ι·,
531 406 551 431 l.
572 405 593 438 §.
614 406 637 431 9.
664 404 696 430 de
716 404 740 431 11.
766 415 808 441 qu.
833 404 914 431 deice.
935 406 958 431 9.
978 406 1002 430 3.
1022 405 1051 431 tr.

213 450 237 474 5.
257 448 314 482 §.⁵-
319 448 376 475 .‹1e
396 449 471 475 ἰιιίιιι.
491 449 532 473 47.
554 449 592 473 10.
630 447 660 473 II.
673 449 740 481 Op.
760 447 873 474 Pecunia
887 452 1000 484 accepta.
1022 447 1051 473 fr.

214 492 237 517 4.
257 492 279 525 ξ.
302 493 323 518 l.
344 493 366 518 si
386 502 428 528 qu.
449 501 498 517 om
519 500 540 516 c.
560 495 661 516 testam.
681 492 723 517 29.
746 493 770 517 4.
808 490 837 516 Si
855 500 956 516 mercts
976 491 1054 516 inter-

212 535 322 560 venerit.
360 534 480 561 Mercede
500 538 603 559 statuta.
625 533 655 559 fr.
674 535 698 560 3.
719 534 740 567 ς’.
764 535 784 559 l.
805 537 874 558 naut.
896 543 970 570 caup.
990 535 1014 559 4.
1028 534 1052 559 9.
1075 562 1076 573 ἵ

213 576 270 603 Gai.
286 577 327 603 111.
343 578 399 603 162.
420 576 461 603 111.
475 578 540 604 Cn.
560 576 657 607 Gratis,
677 581 703 602 et
722 577 778 602 sine
797 575 937 603 sumtibus,
958 586 981 602 v.
996 577 1053 602 sine

212 619 267 646 ullo
285 620 416 656 suffragio.
437 630 458 646 c.
477 621 501 646 3.
523 619 544 652 ξ.
563 621 587 645 5.
608 629 628 645 c.
650 621 673 645 7.
693 629 732 656 pr.
752 618 784 644 de
804 618 894 644 advoc.
916 618 967 644 div.
989 618 1054 644 iudi-

213 672 279 688 cum.
298 665 322 688 2.
343 664 367 689 8.
405 661 440 688 Vt
459 662 572 699 publice.
593 666 679 687 sumtu
694 661 826 691 heredum,
846 677 879 680 —
898 661 1054 698 praebeatur

211 707 291 741 gratis
310 708 359 738 (se.
379 704 522 735 balneum.)
543 705 573 731 sr.
593 707 635 731 35.
655 705 676 738 ξ.
695 706 719 730 3.
740 703 772 730 dc
792 703 867 740 legat.
888 704 929 730 Ill,
951 706 1018 737 (32.)

246 749 435 776 Gratuita.
473 748 585 780 (Λᾶς-1).)
623 747 701 773 Idem.
740 746 758 773 1.
773 748 835 781 Sy.
856 746 953 773 Gratis.
975 748 1015 774 Ct'.
1027 747 1051 773 11.

211 801 234 817 v.
271 791 302 817 II.
329 793 395 825 Op.
416 790 445 816 In
466 791 597 817 conducto
617 789 814 824 (habitare.)-
827 789 899 816 Grat.
921 790 1014 823 (habit.
1028 801 1052 816 v.

210 834 269 865 uti.)
290 833 319 860 fr.
341 835 362 860 1.
383 835 403 868 ξ.
424 835 449 860 9.
468 833 501 859 de
520 833 544 859 11.
569 843 612 870 qu.
639 832 716 859 ess'ud.
741 834 764 858 9.
789 834 814 859 3.
839 832 869 858 fr.
889 834 930 859 32.
957 833 988 859 de
1009 832 1053 859 do-

210 881 264 903 nat.
285 879 327 903 39.
349 879 373 903 5.

245 920 455 946 Gratuitus.
476 918 604 952 (Adiect.)
629 920 707 945 Sine
724 920 884 952 praemio,
905 921 954 945 vel
973 929 1052 944 mer-

209 965 291 992 cede.
309 965 412 989 datus.
451 963 520 989 Non
539 963 673 988 debitus.
710 960 740 987 11.
760 962 828 995 Op.
859 960 1052 987 Interveniente

208 1007 328 1041 pecunia,
348 1005 472 1041 Acceptis
493 1005 614 1032 nummis.
636 1003 731 1037 (dare.)
763 1020 794 1023 —
827 1003 975 1030 Gratuitum
996 1003 1052 1036 (be-

209 1048 344 1080 neficium)
366 1052 506 1084 praestare.
528 1046 557 1073 fr.
579 1049 601 1073 l.
627 1047 648 1080 ξ
669 1048 693 1073 4.
713 1046 799 1073 mand.
820 1048 860 1073 17.
882 1049 903 1073 1.
926 1046 955 1073 fr.
974 1048 998 1072 3.
1019 1046 1051 1073 de

208 1091 319 1127 obsequ.
339 1095 440 1127 parent.
460 1091 502 1116 37.
524 1091 562 1116 15.
593 1089 720 1121 Gratuita.
741 1106 773 1109 —
792 1090 889 1116 Debita
909 1090 1051 1123 (libertas.)

209 1143 222 1160 c
252 1135 274 1159 l.
295 1133 327 1159 de
346 1132 433 1159 libert.
454 1137 479 1159 et
499 1142 551 1159 eor.
572 1132 617 1158 lib.
637 1134 661 1159 6.
683 1134 705 1159 7.
739 1132 777 1160 III
811 1134 876 1161 Cn.
897 1132 1052 1164 Gratuitam‚

208 1180 278 1202 certe
302 1177 428 1211 integram
452 1180 477 1201 et
501 1175 677 1201 abstinentem
701 1177 771 1201 omni
790 1175 879 1203 luero.
905 1179 1051 1213 (praestare

206 1218 287 1245 fidem
307 1218 425 1249 debere.)
446 1218 476 1244 fr.
490 1220 531 1245 38.
552 1217 584 1244 de
604 1218 635 1244 N.
650 1218 681 1244 G.
700 1220 724 1244 3.
745 1221 769 1245 5.
806 1218 941 1255 Hospites‚
962 1223 988 1245 et
1007 1219 1050 1255 qui

206 1262 344 1298 gratuitam
364 1260 551 1287 habitationem
572 1262 711 1298 accipiunt.
737 1261 766 1288 fr.
788 1263 827 1288 15.
854 1262 875 1295 ξ
897 1263 918 1288 1.
940 1261 972 1287 de
991 1271 1050 1298 pre-

206 1314 257 1331 car.
283 1305 325 1330 413.
350 1305 392 1329 26.
417 1303 449 1330 cf.
475 1304 532 1330 Gai.
557 1303 600 1330 IV.
624 1306 680 1330 153.
705 1304 735 1330 fr.
757 1307 796 1331 17.
821 1315 860 1342 pr.
881 1304 913 1331 de
935 1314 1048 1341 praescr.
1071 1308 1073 1321 >

205 1357 247 1373 vv.
268 1348 308 1373 19.
329 1348 352 1372 5.
391 1346 509 1373 Gratuita
535 1346 631 1373 utenda
655 1347 713 1374 data
738 1348 894 1385 (pecunia.)
919 1347 948 1373 fr.
968 1350 992 1373 2.
1017 1347 1048 1373 cf.

205 1389 236 1416 fr.
261 1391 282 1416 l.
313 1390 334 1423 ξ.
359 1392 382 1416 4.
408 1389 440 1415 de
465 1389 575 1416 calumn.
604 1392 628 1416 3.
652 1392 676 1417 6.
704 1391 735 1417 fr.
760 1394 784 1417 8.
810 1391 835 1416 in
861 1400 903 1426 qu.
930 1400 950 1416 c.
976 1391 1047 1427 pign.

204 1434 247 1458 20.
272 1436 296 1459 2.

240 1475 450 1503 Gratulari.
487 1476 518 1508 ἓ.
544 1477 579 1502 l.
620 1477 702 1502 Vota
726 1486 925 1510 nuncupare.
963 1478 1046 1503 Gra-

205 1520 272 1545 tias
292 1528 395 1553 agere.
424 1518 466 1544 III.
482 1520 547 1545 (7η.
568 1518 620 1554 Qui
640 1519 714 1545 missi
734 1523 795 1545 suut
814 1518 845 1545 ad
865 1519 1046 1555 gratulandum

205 1560 329 1598 Principi.
349 1560 379 1586 fr.
398 1562 439 1587 35.
460 1561 480 1595 ξ
506 1563 527 1587 1.
548 1572 579 1587 ex
600 1572 641 1598 qu.
662 1572 683 1588 e.
704 1563 792 1588 maior.
813 1563 837 1588 4.
851 1563 875 1587 6.
913 1562 981 1588 Cum
999 1562 1046 1588 tibi

205 1603 299 1630 debeat
317 1603 447 1639 gratulari.
469 1603 539 1640 quod
559 1604 620 1630 furti
641 1615 699 1630 eum
714 1606 817 1631 actione
836 1615 888 1631 non
903 1605 980 1631 facias
1002 1605 1046 1631 ob-

205 1647 319 1672 noxium.
345 1656 366 1672 c.
390 1648 414 1673 3.
440 1646 472 1672 de
496 1646 587 1683 depos.
613 1648 636 1673 4.
660 1649 700 1673 34.
722 1662 754 1666 —
775 1648 806 1680 ξ.
831 1649 866 1674 2.
894 1650 1045 1680 Laetori,

206 1691 359 1716 Gaudere.
378 1689 421 1715 III.
446 1691 512 1716 011.
533 1689 632 1715 Contra
652 1690 762 1716 eundem
783 1701 858 1726 agere
877 1690 1046 1719 contendant.

205 1732 318 1758 scientes
338 1732 550 1768 gratulantesque
570 1732 641 1768 quod
661 1737 708 1759 ete.
730 1733 778 1759 Th.
794 1733 824 1760 C.
838 1734 871 1760 X.
890 1736 912 1760 1.
933 1744 954 1759 e.
974 1736 993 1760 1.
1014 1733 1045 1759 de

204 1775 260 1800 iure
280 1774 346 1801 tisci.
370 1774 425 1801 Nec
446 1775 617 1811 gratulentur,
637 1785 666 1801 se
684 1776 823 1812 privilegio
843 1786 903 1802 esse
922 1777 1044 1802 munitos.
1067 1795 1068 1809 ι

204 1817 241 1843 lb.
261 1816 331 1843 XVI.
353 1819 392 1843 10.
413 1828 433 1843 c.
450 1819 489 1843 14.
505 1817 536 1844 de
549 1828 639 1854 pagan.
678 1817 785 1853 Iugatio‚
807 1829 873 1855 quae
887 1818 977 1844 talium
994 1820 1046 1855 pri-

203 1860 359 1896 vilegiorum
378 1865 450 1886 sorte
468 1860 620 1896 gratulatur.
640 1860 677 1886 Ib.
691 1860 761 1888 XVI.
776 1864 800 1887 2.
821 1872 842 1887 e.
857 1863 898 1887 40.
918 1861 950 1887 de
965 1862 1045 1898 episc.

204 1902 267 1929 eccl.

238 1945 466 1972 Gratulatio.
505 1947 727 1979 Supplicatio.
747 1946 790 1972 III.
803 1948 868 1974 Gn.
888 1946 997 1973 Publice
1016 1947 1046 1973 fit

202 1990 250 2021 (sc.
271 1987 393 2019 abolitio)
413 1988 446 2013 ob
467 1987 536 2014 diem
555 1989 696 2025 insignem,
721 1994 765 2015 aut
784 1990 916 2027 publicam
935 1990 1045 2026 gratula-
1066 1993 1068 2009 ¹

202 2032 308 2057 tionem.
329 2030 359 2056 t'r.
379 2032 403 2057 8.
424 2030 456 2056 ad
481 2030 548 2057 S.C.
569 2031 650 2068 Turp.
671 2033 712 2057 48.
734 2034 774 2058 l6.
812 2032 884 2059 'Nihil
904 2033 934 2059 ab
955 2034 1044 2059 invitis

203 2073 410 2110 provincialibus
430 2073 611 2109 gratulationis
634 2076 739 2101 nomine
758 2075 921 2112 exigendum.
943 2075 992 2102 Th.
1013 2075 1043 2102 C.

203 2116 271 2144 VIII.
292 2118 331 2142 ll.
353 2126 373 2142 c.
395 2118 418 2142 5.
437 2127 469 2143 ne
489 2127 531 2153 qu.
552 2117 614 2154 pub.
635 2116 695 2143 laet.

239 2160 389 2186 Gratus.
410 2159 538 2193 (Adiect.)
570 2160 600 2193 ἕ.
621 2162 655 2186 1.
677 2162 852 2192 luc-undas,
873 2163 1042 2195 Acceptns.

207 2198 249 2225 III.
273 2201 337 2227 Gn.
360 2201 400 2228 Ne
425 2202 488 2238 quid
512 2203 535 2229 ei
559 2202 699 2229 obiiciatur
721 2203 752 2229 ad
776 2205 916 2239 gratiorem
935 2214 1045 2241 prospe—

205 2247 274 2268 ctum
294 2247 319 2268 et
337 2243 455 2271 liberum.
476 2245 505 2271 fr.
529 2248 567 2272 15.
588 2245 620 2271 de
640 2245 665 2272 S.
687 2245 715 2272 P.
736 2245 767 2272 V.
788 2250 811 2272 8,
831 2248 856 2272 2.
894 2246 983 2273 Solem
1003 2257 1044 2273 au·
1065 2247 1066 2264 ἶ

205 2284 285 2315 serre,
309 2286 332 2311 si
356 2287 458 2322 quidem
484 2298 514 2314 eo
539 2287 604 2320 loci
630 2298 681 2325 quo
706 2293 806 2324 gratum
831 2293 885 2314 erat
909 2300 967 2316 eum
991 2300 1043 2316 nou

205 2337 271 2353 esse.
292 2327 321 2353 tr.
343 2329 382 2354 18.
401 2339 440 2366 pr.
460 2331 494 2357 ib.
516 2332 555 2357 18.
578 2349 600 2357 -.
638 2331 692 2366 Qui
712 2341 755 2357 eas
776 2332 825 2364 (sc.
843 2334 948 2363 usuras)
967 2343 980 2358 a
1001 2333 1043 2359 de·
1064 2363 1065 2368 ¹

204 2370 290 2395 bitore
309 2374 363 2401 tuo,
382 2375 411 2396 ut
429 2374 526 2407 gratior
545 2373 615 2411 apud
635 2384 692 2400 eum
708 2373 832 2400 videlicet
851 2384 934 2406 esses,
953 2380 1064 2425 peten-
1064 2370 1065 2373 ¹

204 2412 250 2438 das
271 2422 322 2438 non
341 2414 447 2449 putasti.
467 2414 497 2441 fr.
518 2418 557 2448 17,
577 2417 598 2450 ξ.
620 2419 643 2443 l.
663 2417 696 2443 de
714 2427 785 2444 usur.
805 2419 847 2443 22.
870 2419 891 2444 l.
918 2433 939 2436 —
964 2419 994 2451 S.
1006 2420 1041 2445 2.

205 2457 453 2490 Beneficiorum
472 2467 595 2485 memor
632 2459 674 2486 ΠΙ,
700 2461 765 2487 Gn.
790 2460 849 2486 Etsi
873 2471 964 2497 parum
988 2471 1042 2497 gra—

205 2503 246 2523 tus
267 2498 386 2529 exsistet
407 2499 448 2524 cui
468 2498 537 2525 (10110
556 2511 598 2527 res
618 2502 676 2528 data
695 2507 743 2530 est.
764 2502 847 2529 Vatic.
862 2503 912 2537 §.2
899 2505 956 2530 ..75.
977 2503 1041 2541 Spe-

204 2550 290 2571 rasse,
320 2539 391 2576 quod
414 2541 440 2566 in
464 2545 618 2570 testamento
645 2555 750 2582 quoque
775 2550 863 2582 gratus
889 2547 956 2572 circa
982 2557 1040 2573 eum
1061 2565 1063 2579 ,

204 2583 286 2609 fieret
307 2582 337 2608 si.
357 2583 381 2608 8.
401 2583 422 2616 §.
441 2584 465 2609 3.
486 2583 518 2609 de
536 2584 596 2611 bon.
616 2585 701 2613 libert.
721 2590 763 2614 38.
776 2591 800 2615 2,

240 2627 470 2653 Gravamen.
485 2628 729 2662 Incommodum,
751 2633 915 2658 Molestia.
929 2631 1040 2666 11⁰1».

202 2667 423 2699 Emolumentum.
442 2668 563 2696 Lucrum.
584 2679 604 2696 c.
624 2672 639 2695 5
668 2671 700 2698 de
721 2672 790 2709 legit.
810 2679 890 2701 tutor.
910 2676 934 2701 5.
953 2676 994 2701 30.
1018 2686 1038 2702 e.
1060 2689 1062 2704 ι

205 2712 226 2736 l.
251 2711 273 2744 ᾗ.
298 2712 321 2736 4.
347 2710 379 2737 de
398 2710 487 2737 eaduc.
510 2711 567 2738 toll.
591 2713 614 2738 6.
634 2714 675 2739 51.
711 2714 754 2741 ΠΙ.
784 2717 850 2743 Gn.
881 2717 1038 2745 Huiusmodi

203 2762 269 2779 onus
289 2757 315 2779 et
333 2763 470 2789 gravamen
489 2753 631 2781 functionis
652 2755 844 2792 (cognoscere.)
868 2770 889 2786 c.
909 2762 933 2787 9.
954 2771 975 2787 c.
996 2763 1035 2788 13.

204 2793 236 2821 de.
253 2795 286 2821 A.
304 2795 334 2822 E.
354 2795 386 2822 V.
406 2797 429 2823 4,
449 2797 490 2823 49.
526 2796 577 2823 Vel
595 2798 718 2831 modum,
739 2799 783 2826 vel
805 2801 876 2829 aliud
898 2812 1036 2839 gravamen

1877 157 1937 187 407

1099 234 1305 268 (introducere.)
1330 246 1350 262 c.
1371 239 1411 262 32.
1437 247 1458 263 c.
1478 238 1519 263 36.
1545 247 1583 274 pr.
1604 238 1625 271 ξ.
1649 239 1668 262 l.
1691 237 1722 263 de
1742 237 1813 263 inoff
1834 242 1935 264 testam.

1097 280 1120 303 3.
1141 279 1182 304 28,
1219 277 1261 304 Ad
1279 278 1376 305 tutelae
1395 289 1464 315 grav
1484 290 1537 306 non
1557 281 1653 306 venire.
1676 290 1696 305 c.
1711 282 1734 306 5.
1749 280 1781 306 de
1804 279 1844 315 leg
1832 281 1874 313 git
1891 285 1936 306 tut.

1098 322 1122 346 5.
1147 323 1187 347 30.

1133 365 1318 391 Gravare.
1348 364 1378 397 ξ.
1399 367 1432 391 l.
1455 368 1478 391 Ι)
1483 376 1614 397 temere,
1637 367 1787 392 onerare.
1809 365 1850 391 III.
1872 367 1937 393 Cn.

1098 405 1126 432 Si
1151 406 1253 433 adulter
1277 407 1419 433 inimicitiis
1445 418 1590 444 oppressus
1616 414 1669 436 est.
1696 408 1738 435 vel
1763 408 1835 434 salsis
1862 418 1937 444 argu*

1098 450 1206 481 mentis,
1226 450 1392 486 testibusque
1416 450 1567 477 subornatis
1591 452 1659 489 apud
1680 451 1829 478 Praesideiu
1849 461 1936 485 grava-

1098 496 1148 518 tus.
1170 492 1200 518 sr.
1222 494 1261 518 17.
1282 493 1302 526 ξ.
1323 496 1346 520 6.
1371 493 1402 519 ad
1421 493 1450 519 L.
1470 493 1517 520 Iul.
1543 494 1575 520 de
1599 494 1680 521 adult.
1700 496 1742 521 48.
1761 497 1784 520 5.
1822 493 1851 519 Si
1871 495 1937 520 satis

1097 536 1179 571 prima
1206 535 1423 562 condemnatione
1446 539 1591 572 gravaverit
1615 548 1695 564 reum.
1725 537 1756 563 fr.
1782 539 1821 563 11.
1851 536 1936 562 arbor.

1098 577 1158 603 furt.
1186 588 1253 604 caes.
1279 581 1320 605 47.
1347 580 1369 605 7.
1410 579 1450 606 Ex
1474 579 1624 606 huiusmodi
1649 581 1778 606 sententia
1807 585 1937 616 gravatam

1098 621 1186 657 potius
1207 622 1369 657 opinionem.
1390 632 1466 658 quain
1486 622 1589 649 infamia
1614 623 1745 649 adflictam
1765 633 1832 649 esse.
1853 633 1874 649 c.
1894 625 1935 649 25.

1098 662 1130 689 ad
1149 662 1178 689 L.
1199 663 1245 690 Iul.
1267 664 1298 690 de
1318 664 1398 691 adult.
1418 666 1441 691 9.
1462 668 1485 692 9.
1505 666 1536 692 cs.
1557 677 1578 692 c.
1601 668 1640 692 19.
1660 676 1690 691 ex
1711 676 1752 701 qu.
1774 676 1795 692 c.
1815 666 1935 692 infamffl.

1100 707 1138 731 12.
1160 723 1189 726 —
1211 707 1241 740 §.
1257 708 1291 733 2.
1315 708 1478 743 Obligare.
1515 708 1533 734 Ι.
1559 710 1620 743 Sy.
1640 708 1770 734 indemnis
1790 719 1856 735 esse.
1876 707 1936 734 Non

1097 750 1197 784 gravari
1218 749 1268 776 hoc
1287 751 1398 776 nomine.
1422 751 1452 777 sr.
1474 753 1496 777 l.
1521 752 1542 785 ξ.
1564 753 1602 778 15.
1628 751 1660 777 de
1680 753 1705 777 vi
1725 756 1749 777 et
1769 752 1793 777 vi
1814 761 1874 777 arm.
1894 752 1935 777 43.

1099 793 1138 817 16.
1181 791 1320 828 Subigere.
1351 793 1496 829 Subiugare
1521 793 1769 827 (lideicommisso.)
1793 804 1814 820 e.
1838 796 1879 820 30.
1904 793 1936 820 de

1097 834 1256 861 fideicomm.
1277 837 1300 862 6.
1321 838 1362 862 42.
1383 847 1404 862 c.
1427 839 1447 862 l.
1469 846 1560 863 comm.
1581 837 1613 863 de
1632 837 1706 873 legat.
1727 840 1750 863 6.
1770 838 1811 862 43.

1133 878 1315 905 Gravate.
1353 879 1466 911 (Advb.)
1511 882 1631 911 lavile,
1661 883 1770 915 Aegre.
1807 879 1849 906 III.
1871 881 1935 907 Gn.

1097 918 1153 945 Pati
1173 919 1252 946 debet
1277 921 1453 948 commendari
1478 923 1528 949 sibi
1549 924 1692 954 civitatem.
1712 923 1856 960 laudesque
1875 932 1936 948 snas

1097 972 1149 989 non
1167 973 1203 999 gr.
1224 963 1321 990 audire.
1341 964 1371 990 fr.
1393 966 1414 990 7.
1435 975 1473 1001 pr.
1494 965 1526 991 de
1546 966 1589 991 off.
1610 965 1684 992 Proc.
1705 971 1730 992 et
1749 965 1810 1002 Leg.
1833 968 1854 992 1.
1876 966 1916 991 16.

1133 1007 1336 1033 (ἓῐῆῐᾱιΐιις.
1374 1006 1493 1039 (Pal-tie.)
1535 1010 1684 1069 [wat-us
1707 1008 1726 1035 l.
1747 1010 1808 1043 Sy.
1826 1008 1935 1035 Laesus.

1097 1047 1163 1074 Nov
1185 1048 1303 1075 1.(1.111
1324 1049 1356 1076 de
1376 1049 1483 1086 palatin.
1504 1051 1533 1077 ll.
1640 1070 1662 1078 ...
1644 1053 1703 1086 '.§
1723 1054 1747 1078 2.

1133 1092 1335 1119 (ἓτειῐίᾱιις.
1361 1093 1490 1126 (Adiect.)
1515 1062 1718 1129 Pr¹ae⁰gnans
1738 1094 1756 1121 I.
1773 1096 1834 1129 Sy.
1855 1094 1935 1120 Gravi

1073 1162 1074 1172 ἵ
1097 1139 1180 1160 utem
1200 1134 1357 1171 Praegnans.
1378 1136 1491 1163 Gravida
1512 1136 1638 1167 (mulier.)
1658 1137 1738 1206 Paull.l
1750 1138 1779 1164 II.
1799 1138 1840 1163 24.
1860 1137 1896 1170 ἐξ.
1910 1138 1934 1163 5,

1580 1181 1642 1205 .1,]
1663 1180 1824 1206 11-..de
1819 1190 1874 1206 inre
1894 1190 1934 1205 co-

1096 1187 1155 1213 sqq.
1177 1177 1206 1204 lr.
1226 1180 1250 1205 2.
1271 1179 1292 1210 §-
1312 1181 1336 1205 4.
1356 1181 1379 1205 si
1399 1190 1441 1216 qu.
1463 1184 1542 1205 cautt.

1097 1220 1146 1246 dic.
1166 1222 1207 1246 29.
1232 1223 1255 1247 7.

1131 1264 1280 1291 Gravis.
1310 1264 1439 1298 (Adiect.)
1469 1266 1500 1298 §.
1521 1267 1554 1291 1.
1576 1267 1750 1300 Copiosus,
1772 1268 1934 1299 Repletus.

1095 1305 1137 1332 111.
1162 1308 1227 1333 sn.
1260 1307 1313 1342 Qui
1336 1309 1408 1344 gravi
1432 1313 1507 1334 utero
1531 1318 1640 1335 uxorem
1664 1319 1723 1335 esse
1742 1308 1884 1344 ignorabat.
1904 1308 1933 1334 fr.

1096 1351 1134 1375 ll.
1155 1348 1187 1375 de
1206 1350 1262 1375 iure
1282 1350 1364 1377 codic.
1384 1352 1429 1377 29.
1451 1353 1473 1377 7.
1511 1351 1547 1377 Vt
1565 1353 1651 1387 gravis
1672 1362 1729 1377 sors
1749 1362 1797 1388 pro
1818 1362 1859 1379 ea.
1885 1361 1934 1387 qua

1094 1391 1137 1425 [al.
1159 1392 1236 1428 quae]
1256 1393 1397 1421 resederit.
1416 1394 1583 1431 portiuncula
1604 1394 1703 1421 navalis
1724 1404 1783 1421 esse
1802 1404 1854 1420 non
1874 1403 1934 1430 pos-

1092 1436 1135 1466 sit,
1155 1445 1213 1461 cum
1233 1435 1290 1461 aliis
1311 1436 1389 1462 fuerit
1408 1436 1556 1474 dispendiis
1581 1437 1699 1464 liberata.
1724 1437 1773 1464 Th.
1795 1437 1825 1464 C.
1846 1436 1889 1462 VI.
1909 1438 1933 1462 2.

1092 1489 1112 1504 c.
1135 1480 1174 1505 13.
1195 1478 1227 1504 de
1247 1478 1335 1505 Senat.
1357 1484 1381 1505 et
1401 1479 1434 1506 de
1453 1480 1520 1516 gleb.
1542 1496 1573 1499 —
1592 1481 1623 1513 ξ.
1644 1482 1679 1507 2.
1701 1482 1869 1507 Constans.
1889 1479 1932 1505 III.

1092 1523 1157 1548 Gn.
1178 1520 1306 1557 Congruit
1331 1522 1400 1548 bono
1426 1528 1451 1549 et
1475 1524 1545 1559 gravi
1566 1522 1684 1549 Praesidi
1709 1533 1812 1554 curare⁷
1837 1527 1865 1548 ut
1884 1527 1932 1548 ete.

1091 1563 1120 1590 sr.
1144 1566 1182 1590 13.
1202 1574 1241 1601 pr.
1267 1564 1298 1590 de
1325 1566 1367 1591 off.
1390 1565 1477 1591 Praes.
1506 1568 1526 1592 1.
1549 1567 1588 1593 18.
1630 1565 1710 1602 Apud
1729 1565 1814 1591 bonos
1835 1570 1860 1591 et
1879 1575 1932 1601 gra-

1091 1617 1136 1633 ves
1156 1608 1325 1644 (opinionem
1350 1609 1405 1634 eius
1432 1610 1567 1641 onerant.)
1588 1620 1608 1635 c.
1631 1610 1669 1634 13.
1690 1619 1722 1634 ex
1742 1618 1784 1644 qu.
1805 1618 1825 1634 c.
1846 1608 1931 1634 insam.

1090 1652 1112 1676 2.
1136 1652 1175 1676 12.
1197 1667 1227 1670 —
1248 1651 1278 1683 §.
1300 1652 1337 1677 3.
1369 1653 1534 1678 Molestus.
1571 1651 1590 1678 I.
1611 1653 1672 1685 Sy.
1708 1651 1846 1677 Onerosus
1866 1652 1932 1684 (cre-

1091 1692 1182 1725 ditor.)
1203 1693 1232 1719 sr.
1253 1695 1294 1719 25.
1315 1693 1347 1719 de.
1366 1695 1436 1730 pign.
1457 1699 1505 1720 act.
1527 1696 1566 1720 13.
1588 1696 1601 1720 7
1648 1694 1678 1720 II.
1700 1696 1767 1728 Op.
1800 1693 1931 1720 Graviori-

1089 1735 1147 1766 bus.
1169 1751 1201 1754 —-
1220 1735 1378 1762 Levioribus
1393 1736 1519 1768 (vinculis
1533 1737 1632 1773 primi.)
1653 1736 1684 1763 fr.
1697 1739 1721 1763 8.
1735 1738 1756 1770 ξ.
1771 1739 1793 1763 6.
1809 1736 1841 1762 de
1854 1746 1930 1773 poen.

1090 1779 1130 1804 48.
1152 1780 1190 1804 19.
1228 1777 1355 1809 Facilius,
1380 1784 1405 1805 et
1429 1779 1533 1805 levibus
1558 1781 1654 1806 usuris.
1676 1796 1708 1799 —
1728 1780 1886 1807 Difficilius.
1906 1784 1931 1806 et

1089 1820 1212 1856 gravibus
1232 1822 1327 1847 usuris.
1348 1821 1378 1847 fr.
1397 1823 1421 1848 3
1446 1822 1479 1848 de
1503 1832 1533 1848 eo
1558 1833 1600 1859 qu.
1621 1833 1642 1848 c.
1664 1822 1713 1849 loc.
1734 1824 1773 1849 13.
1794 1824 1817 1848 4.
1839 1822 1867 1849 fr.
1890 1824 1930 1848 12.

1066 1882 1068 1904 ⁴]
1090 1864 1111 1896 §.
1131 1865 1155 1889 9.
1174 1863 1259 1889 mand.
1281 1865 1320 1889 17.
1343 1866 1364 1890 l.
1385 1864 1415 1891 fr,
1437 1867 1476 1891 12.
1502 1865 1534 1891 de
1559 1875 1629 1891 usur.
1654 1868 1696 1892 22.
1719 1868 1739 1892 l.
1765 1866 1795 1892 fr.
1817 1867 1839 1891 7.
1864 1865 1885 1899 §.
1906 1866 1929 1891 8.

1090 1905 1120 1932 fr.
1141 1907 1164 1932 9.
1185 1906 1206 1940 §.
1226 1908 1250 1932 4.
1271 1906 1303 1933 de
1322 1907 1388 1933 adm.
1410 1913 1435 1934 et
1454 1909 1534 1945 peric.
1554 1909 1595 1933 ⁵26.

1617 1910 1639 1934 7.
1676 1908 1717 1934 ΙΙΙ.
1739 1910 1804 1936 Cn.
1833 1908 1931 1934 Remit-

1090 1953 1158 1979 tere,
1187 1959 1252 1985 quae
1275 1949 1407 1976 venditori
1431 1952 1518 1986 gravia
1542 1956 1622 1977 erant.
1652 1950 1681 1976 fr.
1706 1952 1730 1977 4.
1755 1952 1776 1985 ς’
1804 1953 1827 1978 6.
1852 1951 1884 1977 de
1903 1952 1929 1977 in

1091 1991 1159 2017 diem
1179 1991 1237 2018 add.
1259 1994 1298 2019 18.
1318 1995 1341 2018 2.
1380 1993 1409 2019 Si
1430 2010 1460 2014 -
1480 2003 1558 2029 grave
1582 2004 1626 2019 aes
1650 1993 1763 2020 alienum
1786 1996 1833 2025 sit,
1859 1994 1930 2031 quod

1090 2045 1121 2060 ex
1140 2045 1224 2072 poena
1244 2037 1345 2061 crescit.
1367 2036 1396 2062 sr.
1416 2038 1456 2062 23.
1477 2037 1498 2069 ξ.
1518 2038 1542 2062 3.
1563 2035 1595 2062 de
1614 2036 1702 2062 liered.
1722 2038 1782 2063 inst.
1796 2040 1838 2063 28.
1852 2040 1876 2063 5.
1896 2036 1927 2063 cf.

1066 2110 1067 2115 Ἰ
1089 2077 1119 2104 fr.
1141 2080 1180 2104 11.
1200 2078 1221 2111 ξ.
1241 2080 1264 2104 5.
1285 2078 1316 2105 de
1336 2080 1426 2105 minor.
1447 2081 1471 2105 4.
1492 2081 1514 2106 4.
1553 2079 1581 2105 Si
1595 2079 1709 2105 honores
1724 2081 1767 2106 isti
1782 2080 1929 2106 habueruut

1065 2142 1067 2146 ,
1089 2121 1195 2146 mixtam
1219 2130 1353 2147 munerum
1377 2132 1481 2157 gravem
1506 2123 1657 2158 impensam.
1682 2122 1712 2148 fr.
1738 2124 1759 2149 7.
1785 2123 1805 2156 ξ.
1829 2126 1871 2151 22.
1896 2123 1928 2150 de

1089 2163 1182 2189 interd.
1203 2168 1229 2189 et
1247 2163 1325 2200 releg.
1345 2166 1387 2191 48,
1407 2167 1448 2191 22.
1475 2164 1506 2191 cf.
1532 2164 1561 2190 fr.
1581 2166 1604 2190 6.
1630 2165 1661 2191 de
1686 2166 1741 2191 iure
1761 2166 1865 2192 immun.
1885 2168 1925 2192 50.

1065 2198 1066 2230 l
1089 2207 1112 2231 6.
1132 2222 1164 2225 -
1185 2207 1215 2239 ς’.
1237 2208 1276 2233 4.
1296 2209 1460 2243 Infestus,
1491 2209 1665 2234 Vehemens.
1703 2207 1733 2234 11.
1756 2210 1823 2242 Op.
1849 2208 1926 2245 Capi-

1088 2248 1163 2281 tales,
1183 2249 1254 2275 sel
1248 2251 1417 2283 gravissimae
1439 2251 1597 2276 inimicitiae.
1619 2267 1651 2269 —
1670 2249 1749 2277 Levis
1769 2252 1819 2277 off·
1816 2261 1875 2277 ·nsa.
1895 2250 1924 2276 sr.

1087 2292 1110 2317 3.
1131 2291 1152 2325 ᾗ,
1175 2294 1214 2318 ll.
1239 2292 1268 2318 fr.
1289 2294 1330 2318 22.
1355 2293 1387 2319 de
1412 2292 1486 2319 adim.
1512 2292 1586 2329 hgat.
1611 2295 1652 2320 34.
1672 2296 1696 2320 4.
1732 2293 1774 2320 III.
1797 2295 1860 2320 Cn.
1881 2293 1923 2319 Ob

1087 2344 1190 2369 gravem
1210 2335 1387 2361 infirmitatem
1406 2336 1467 2371 (pro
1488 2335 1614 2362 derelicto
1634 2336 1731 2363 habete
1749 2336 1873 2367 sei-uun.)
1892 2335 1922 2362 fr.

1086 2379 1110 2403 2,
1131 2377 1182 2412 Qu.
1204 2379 1261 2403 siue
1284 2388 1395 2404 manum.
1420 2380 1460 2404 40.
1486 2383 1510 2405 8.
1548 2378 1576 2405 Si
1601 2381 1660 2416 quis
1685 2381 1711 2405 iu
1734 2380 1803 2415 gravi
1824 2378 1893 2411 [al.
1886 2389 1923 2404 ln-

1063 2409 1165 2455 gravi,
1185 2431 1209 2447 v.
1229 2421 1438 2457 ingravescente]
1462 2421 1614 2449 valetudine
1633 2422 1749 2448 adfectus
1769 2424 1858 2458 (opem
1878 2421 1922 2447 do-

1062 2430 1100 2479 1ῢ
1085 2464 1155 2489 mino
1175 2462 1242 2489 serre
1262 2473 1315 2489 non
1333 2465 1470 2500 potuerit.)
1491 2464 1520 2491 fr.
1540 2467 1564 2491 3.
1583 2475 1623 2502 pr.
1643 2465 1675 2491 de
1694 2464 1759 2490 SC.
1780 2463 1861 2490 Silan.
1880 2466 1921 2492 29.

1086 2507 1110 2531 5.
1129 2520 1162 2524 —-
1183 2506 1213 2538 §.
1229 2507 1266 2532 5.
1286 2508 1406 2539 Atrox,
1427 2509 1575 2538 Severus,
1596 2509 1713 2533 Durus.
1732 2506 1823 2541 [Sy.
1837 2507 1921 2534 Atrox

1086 2549 1212 2581 (iniuria.)
1233 2548 1303 2575 Coll.
1322 2548 1376 2575 LL.
1395 2549 1512 2576 M.11.2.
1550 2549 1669 2579 Gravior,
1689 2549 1788 2575 Durior
1806 2553 1921 2581 (senten-

1085 2592 1128 2622 tia.
1148 2601 1171 2617 v.
1192 2592 1290 2625 causa.)
1310 2591 1341 2618 fr.
1363 2594 1403 2618 13.
1423 2593 1444 2626 ξ.
1466 2595 1487 2619 7.
1509 2592 1540 2618 de
1559 2591 1583 2617 11.
1609 2601 1651 2627 qu.
1672 2596 1724 2617 not.
1745 2592 1832 2619 infam.
1852 2594 1876 2619 3.
1896 2596 1912 2620 2

1084 2633 1114 2659 fr.
1135 2635 1158 2660 3.
1178 2644 1217 2670 pr.
1238 2634 1266 2660 fr.
1286 2637 1310 2660 5.
1329 2645 1369 2672 pr.
1389 2635 1421 2661 de
1441 2635 1518 2660 solut.
1539 2636 1579 2659 46.
1599 2635 1622 2659 3.
1661 2634 1690 2660 II.
1719 2637 1785 2669 Op.
1811 2636 1919 2663 Gravio-

1083 2686 1142 2703 res.
1163 2691 1194 2694 —
1214 2676 1341 2704 Leviores
1365 2678 1494 2710 (mores.)
1519 2675 1643 2712 Wlp.V.1
1671 2679 1710 2703 12.
1747 2677 1867 2711 Gravior,
1890 2694 1918 2697 —-

1082 2718 1162 2745 Levis
1182 2719 1292 2756 (culpa.)
1311 2720 1341 2747 fr
1361 2722 1402 2745 54.
1425 2720 1481 2752 §.2
1485 2718 1542 2744 ,(1(.Ι
1561 2718 1591 2744 A.
1607 2718 1638 2745 R.
1651 2719 1684 2746 D.
1704 2722 1745 2746 41.
1762 2723 1783 2747 1.
1820 2721 1917 2747 Medio-

1083 2772 1149 2791 cres
1169 2778 1201 2782 —
1222 2762 1322 2789 Graves
1343 2761 1455 2798 (culpae
1475 2771 1498 2787 v.
1519 2762 1633 2795 causae.)
1653 2762 1703 2789 Th.
1723 2763 1754 2790 C
1774 2763 1916 2790 111.16.c

1080 2806 1104 2831 2.
1123 2815 1162 2842 pr.
1182 2804 1214 2831 de
1233 2805 1323 2842 repud,
1360 2803 1402 2830 ΠΙ.
1428 2805 1494 2831 011.
1513 2803 1599 2830 Poena
1619 2807 1730 2841 gravior,
1750 2806 1816 2832 ultra
1835 2806 1916 2841 legem
