<?xml version="1.0" encoding="UTF-8"?>
<!DOCTYPE html PUBLIC "-//W3C//DTD XHTML 1.0 Transitional//EN"
    "http://www.w3.org/TR/xhtml1/DTD/xhtml1-transitional.dtd">
<html xmlns="http://www.w3.org/1999/xhtml" xml:lang="en" lang="en">
 <head>
  <title>
</title>
<meta http-equiv="Content-Type" content="text/html;charset=utf-8" />
  <meta name='ocr-system' content='tesseract 3.04.00' />
  <meta name='ocr-capabilities' content='ocr_page ocr_carea ocr_par ocr_line ocrx_word'/>
</head>
<body>
  <div class='ocr_page' id='page_1' title='image "./manualelatinitat00dirk_0093.png"; bbox 0 0 2197 3121; ppageno 0'>
   <div class='ocr_carea' id='block_1_1' title="bbox 1018 167 1114 199">
    <p class='ocr_par' dir='ltr' id='par_1_1' title="bbox 1018 167 1114 199">
     <span class='ocr_line' id='line_1_1' title="bbox 1018 167 1114 199; baseline 0.01 -2"><span class='ocrx_word' id='word_1_1' title='bbox 1018 167 1114 199; x_wconf 75' lang='lat' dir='ltr'><em>ARC.</em></span> 
     </span>
    </p>
   </div>
   <div class='ocr_carea' id='block_1_2' title="bbox 201 249 1043 802">
    <p class='ocr_par' dir='ltr' id='par_1_2' title="bbox 201 249 1043 802">
     <span class='ocr_line' id='line_1_2' title="bbox 204 249 835 286; baseline -0.006 -7"><span class='ocrx_word' id='word_1_2' title='bbox 204 263 270 279; x_wconf 82' lang='lat' dir='ltr'>arca.</span> <span class='ocrx_word' id='word_1_3' title='bbox 291 252 320 278; x_wconf 78' lang='lat' dir='ltr'>fr.</span> <span class='ocrx_word' id='word_1_4' title='bbox 339 253 363 278; x_wconf 85' lang='lat'>3.</span> <span class='ocrx_word' id='word_1_5' title='bbox 383 252 405 286; x_wconf 86' lang='lat'>3.</span> <span class='ocrx_word' id='word_1_6' title='bbox 425 254 448 278; x_wconf 87' lang='grc'>2.</span> <span class='ocrx_word' id='word_1_7' title='bbox 469 251 501 277; x_wconf 88' lang='lat' dir='ltr'>de</span> <span class='ocrx_word' id='word_1_8' title='bbox 521 251 564 277; x_wconf 82' lang='lat' dir='ltr'><em>off.</em></span> <span class='ocrx_word' id='word_1_9' title='bbox 584 249 636 276; x_wconf 80' lang='lat' dir='ltr'>Prf.</span> <span class='ocrx_word' id='word_1_10' title='bbox 657 249 730 286; x_wconf 61' lang='lat' dir='ltr'><em>VIgg.</em></span> <span class='ocrx_word' id='word_1_11' title='bbox 754 251 774 276; x_wconf 95' lang='lat'>1.</span> <span class='ocrx_word' id='word_1_12' title='bbox 796 251 835 276; x_wconf 85' lang='lat'>15.</span> 
     </span>
     <span class='ocr_line' id='line_1_3' title="bbox 204 293 1043 326; baseline -0.004 -5"><span class='ocrx_word' id='word_1_13' title='bbox 204 297 358 326; x_wconf 82' lang='lat' dir='ltr'>cisceretur.</span> <span class='ocrx_word' id='word_1_14' title='bbox 379 311 412 314; x_wconf 97' lang='lat'><strong>—</strong></span> <span class='ocrx_word' id='word_1_15' title='bbox 431 305 515 321; x_wconf 85' lang='lat' dir='ltr'>arcam</span> <span class='ocrx_word' id='word_1_16' title='bbox 534 293 633 319; x_wconf 77' lang='lat' dir='ltr'>clusam</span> <span class='ocrx_word' id='word_1_17' title='bbox 652 303 709 319; x_wconf 87' lang='lat' dir='ltr'>cnm</span> <span class='ocrx_word' id='word_1_18' title='bbox 729 298 804 319; x_wconf 76' lang='lat' dir='ltr'>veste</span> <span class='ocrx_word' id='word_1_19' title='bbox 823 297 849 319; x_wconf 85' lang='lat' dir='ltr'>et</span> <span class='ocrx_word' id='word_1_20' title='bbox 862 293 1043 318; x_wconf 76' lang='lat' dir='ltr'>instrumentis</span> 
     </span>
     <span class='ocr_line' id='line_1_4' title="bbox 205 335 1042 373; baseline -0.004 -9"><span class='ocrx_word' id='word_1_21' title='bbox 205 338 404 365; x_wconf 69' lang='lat' dir='ltr'>commendmit.</span> <span class='ocrx_word' id='word_1_22' title='bbox 433 337 464 364; x_wconf 78' lang='lat' dir='ltr'>fr.</span> <span class='ocrx_word' id='word_1_23' title='bbox 484 339 526 363; x_wconf 77' lang='grc'>26.</span> <span class='ocrx_word' id='word_1_24' title='bbox 546 347 584 373; x_wconf 86' lang='lat' dir='ltr'>pr.</span> <span class='ocrx_word' id='word_1_25' title='bbox 605 336 696 373; x_wconf 64' lang='lat' dir='ltr'>depos</span> <span class='ocrx_word' id='word_1_26' title='bbox 724 338 762 362; x_wconf 89' lang='grc'>16.</span> <span class='ocrx_word' id='word_1_27' title='bbox 782 338 806 362; x_wconf 91' lang='lat'>3.</span> <span class='ocrx_word' id='word_1_28' title='bbox 850 335 878 361; x_wconf 86' lang='lat' dir='ltr'>Si</span> <span class='ocrx_word' id='word_1_29' title='bbox 899 335 1042 371; x_wconf 78' lang='lat' dir='ltr'>inquilinus</span> 
     </span>
     <span class='ocr_line' id='line_1_5' title="bbox 203 378 1042 411; baseline -0.004 -4"><span class='ocrx_word' id='word_1_30' title='bbox 203 392 288 407; x_wconf 85' lang='lat' dir='ltr'>arcam</span> <span class='ocrx_word' id='word_1_31' title='bbox 308 386 419 407; x_wconf 80' lang='lat' dir='ltr'>aeratam</span> <span class='ocrx_word' id='word_1_32' title='bbox 443 382 469 407; x_wconf 90' lang='lat' dir='ltr'>in</span> <span class='ocrx_word' id='word_1_33' title='bbox 488 380 566 406; x_wconf 84' lang='lat' dir='ltr'>aedes</span> <span class='ocrx_word' id='word_1_34' title='bbox 586 379 734 405; x_wconf 80' lang='lat' dir='ltr'>contulerit.</span> <span class='ocrx_word' id='word_1_35' title='bbox 765 378 794 405; x_wconf 88' lang='lat' dir='ltr'>fr.</span> <span class='ocrx_word' id='word_1_36' title='bbox 818 380 855 405; x_wconf 89' lang='grc'>19.</span> <span class='ocrx_word' id='word_1_37' title='bbox 876 378 898 411; x_wconf 93' lang='lat'>3.</span> <span class='ocrx_word' id='word_1_38' title='bbox 918 381 941 405; x_wconf 85' lang='lat'>5.</span> <span class='ocrx_word' id='word_1_39' title='bbox 967 378 1042 404; x_wconf 87' lang='lat' dir='ltr'>locat.</span> 
     </span>
     <span class='ocr_line' id='line_1_6' title="bbox 206 421 1043 457; baseline -0.004 -7"><span class='ocrx_word' id='word_1_40' title='bbox 206 426 245 450; x_wconf 88' lang='lat'>19.</span> <span class='ocrx_word' id='word_1_41' title='bbox 263 426 289 450; x_wconf 74' lang='lat'>2.</span> <span class='ocrx_word' id='word_1_42' title='bbox 310 440 342 443; x_wconf 82' lang='lat'>—</span> <span class='ocrx_word' id='word_1_43' title='bbox 362 425 392 457; x_wconf 72' lang='lat'>§-</span> <span class='ocrx_word' id='word_1_44' title='bbox 413 425 448 450; x_wconf 70' lang='lat'>2.</span> <span class='ocrx_word' id='word_1_45' title='bbox 472 425 572 450; x_wconf 81' lang='lat' dir='ltr'>Theca</span> <span class='ocrx_word' id='word_1_46' title='bbox 592 423 799 456; x_wconf 71' lang='lat' dir='ltr'>sepulcralis.</span> <span class='ocrx_word' id='word_1_47' title='bbox 835 421 877 447; x_wconf 90' lang='lat' dir='ltr'><em>Ill.</em></span> <span class='ocrx_word' id='word_1_48' title='bbox 900 423 964 448; x_wconf 63' lang='lat'><em>(711.</em></span> <span class='ocrx_word' id='word_1_49' title='bbox 990 422 1043 456; x_wconf 75' lang='lat' dir='ltr'>Qui</span> 
     </span>
     <span class='ocr_line' id='line_1_7' title="bbox 205 464 1042 503; baseline -0.005 -10"><span class='ocrx_word' id='word_1_50' title='bbox 205 468 230 493; x_wconf 94' lang='lat' dir='ltr'>in</span> <span class='ocrx_word' id='word_1_51' title='bbox 251 467 357 493; x_wconf 86' lang='lat' dir='ltr'>alterius</span> <span class='ocrx_word' id='word_1_52' title='bbox 377 477 461 492; x_wconf 81' lang='lat' dir='ltr'>arcani</span> <span class='ocrx_word' id='word_1_53' title='bbox 481 465 618 503; x_wconf 67' lang='lat' dir='ltr'>lapideam,</span> <span class='ocrx_word' id='word_1_54' title='bbox 639 467 664 491; x_wconf 90' lang='lat' dir='ltr'>in</span> <span class='ocrx_word' id='word_1_55' title='bbox 685 475 734 501; x_wconf 87' lang='lat' dir='ltr'>qua</span> <span class='ocrx_word' id='word_1_56' title='bbox 754 464 838 490; x_wconf 86' lang='lat' dir='ltr'>adhuc</span> <span class='ocrx_word' id='word_1_57' title='bbox 857 469 976 490; x_wconf 81' lang='lat' dir='ltr'>mortuus</span> <span class='ocrx_word' id='word_1_58' title='bbox 991 474 1042 489; x_wconf 83' lang='lat' dir='ltr'>non</span> 
     </span>
     <span class='ocr_line' id='line_1_8' title="bbox 204 506 1042 542; baseline -0.004 -7"><span class='ocrx_word' id='word_1_59' title='bbox 204 511 255 535; x_wconf 88' lang='lat' dir='ltr'>erit</span> <span class='ocrx_word' id='word_1_60' title='bbox 274 509 410 539; x_wconf 79' lang='lat' dir='ltr'>conditus.</span> <span class='ocrx_word' id='word_1_61' title='bbox 430 514 561 535; x_wconf 88' lang='lat' dir='ltr'>mortuum</span> <span class='ocrx_word' id='word_1_62' title='bbox 581 508 705 535; x_wconf 88' lang='lat' dir='ltr'>intulerit.</span> <span class='ocrx_word' id='word_1_63' title='bbox 734 507 764 534; x_wconf 82' lang='lat' dir='ltr'>sr.</span> <span class='ocrx_word' id='word_1_64' title='bbox 786 509 808 534; x_wconf 90' lang='lat'>7.</span> <span class='ocrx_word' id='word_1_65' title='bbox 828 508 893 541; x_wconf 91' lang='lat'><em>3.1.</em></span> <span class='ocrx_word' id='word_1_66' title='bbox 919 506 951 533; x_wconf 87' lang='lat' dir='ltr'>de</span> <span class='ocrx_word' id='word_1_67' title='bbox 970 506 1042 542; x_wconf 71' lang='lat' dir='ltr'>relig.</span> 
     </span>
     <span class='ocr_line' id='line_1_9' title="bbox 205 552 1041 586; baseline -0.004 -8"><span class='ocrx_word' id='word_1_68' title='bbox 205 554 245 578; x_wconf 92' lang='grc'>11.</span> <span class='ocrx_word' id='word_1_69' title='bbox 266 554 289 578; x_wconf 87' lang='grc'>7.</span> <span class='ocrx_word' id='word_1_70' title='bbox 321 568 353 571; x_wconf 92' lang='grc'>-</span> <span class='ocrx_word' id='word_1_71' title='bbox 382 552 412 585; x_wconf 64' lang='grc' dir='ltr'>ξ.</span> <span class='ocrx_word' id='word_1_72' title='bbox 433 554 469 578; x_wconf 80' lang='grc'>3.</span> <span class='ocrx_word' id='word_1_73' title='bbox 498 553 749 586; x_wconf 77' lang='lat' dir='ltr'>Rcceptaeulnm</span> <span class='ocrx_word' id='word_1_74' title='bbox 775 552 950 584; x_wconf 58' lang='lat' dir='ltr'>pecuniae,</span> <span class='ocrx_word' id='word_1_75' title='bbox 979 556 1041 576; x_wconf 78' lang='lat' dir='ltr'>tam</span> 
     </span>
     <span class='ocr_line' id='line_1_10' title="bbox 201 593 1042 630; baseline -0.004 -9"><span class='ocrx_word' id='word_1_76' title='bbox 201 597 372 629; x_wconf 68' lang='lat' dir='ltr'>publicae,</span> <span class='ocrx_word' id='word_1_77' title='bbox 401 605 492 630; x_wconf 83' lang='lat' dir='ltr'>quam</span> <span class='ocrx_word' id='word_1_78' title='bbox 519 597 680 628; x_wconf 72' lang='lat' dir='ltr'>privatae.</span> <span class='ocrx_word' id='word_1_79' title='bbox 717 593 759 619; x_wconf 91' lang='grc'>111.</span> <span class='ocrx_word' id='word_1_80' title='bbox 786 595 851 620; x_wconf 63' lang='lat'><em>(711.</em></span> <span class='ocrx_word' id='word_1_81' title='bbox 879 593 908 618; x_wconf 92' lang='lat' dir='ltr'>In</span> <span class='ocrx_word' id='word_1_82' title='bbox 928 604 955 618; x_wconf 85' lang='lat' dir='ltr'>ea</span> <span class='ocrx_word' id='word_1_83' title='bbox 976 603 1042 621; x_wconf 79' lang='lat' dir='ltr'>arca.</span> 
     </span>
     <span class='ocr_line' id='line_1_11' title="bbox 203 636 1043 674; baseline -0.004 -11"><span class='ocrx_word' id='word_1_84' title='bbox 203 638 229 663; x_wconf 92' lang='lat' dir='ltr'>in</span> <span class='ocrx_word' id='word_1_85' title='bbox 250 648 299 674; x_wconf 83' lang='lat' dir='ltr'>qua</span> <span class='ocrx_word' id='word_1_86' title='bbox 319 639 489 664; x_wconf 83' lang='lat' dir='ltr'>instrumenta</span> <span class='ocrx_word' id='word_1_87' title='bbox 514 642 538 663; x_wconf 86' lang='lat' dir='ltr'>et</span> <span class='ocrx_word' id='word_1_88' title='bbox 558 638 692 663; x_wconf 74' lang='lat' dir='ltr'>cautiones</span> <span class='ocrx_word' id='word_1_89' title='bbox 716 636 864 662; x_wconf 83' lang='lat' dir='ltr'>debitorum</span> <span class='ocrx_word' id='word_1_90' title='bbox 889 640 974 663; x_wconf 78' lang='lat' dir='ltr'>erant.</span> <span class='ocrx_word' id='word_1_91' title='bbox 1000 646 1043 672; x_wconf 86' lang='lat' dir='ltr'>pe-</span> 
     </span>
     <span class='ocr_line' id='line_1_12' title="bbox 203 678 1042 715; baseline -0.002 -9"><span class='ocrx_word' id='word_1_92' title='bbox 203 682 279 706; x_wconf 83' lang='lat' dir='ltr'>cunia</span> <span class='ocrx_word' id='word_1_93' title='bbox 299 685 431 707; x_wconf 82' lang='lat' dir='ltr'>numerata</span> <span class='ocrx_word' id='word_1_94' title='bbox 451 681 555 706; x_wconf 75' lang='lat' dir='ltr'>inventa</span> <span class='ocrx_word' id='word_1_95' title='bbox 576 685 624 706; x_wconf 79' lang='lat' dir='ltr'>est.</span> <span class='ocrx_word' id='word_1_96' title='bbox 645 679 674 705; x_wconf 91' lang='lat' dir='ltr'>sr.</span> <span class='ocrx_word' id='word_1_97' title='bbox 695 680 735 705; x_wconf 90' lang='grc'>64.</span> <span class='ocrx_word' id='word_1_98' title='bbox 756 679 788 705; x_wconf 77' lang='lat' dir='ltr'>de</span> <span class='ocrx_word' id='word_1_99' title='bbox 809 679 883 715; x_wconf 75' lang='lat' dir='ltr'>legat.</span> <span class='ocrx_word' id='word_1_100' title='bbox 904 678 945 704; x_wconf 94' lang='grc'>111.</span> <span class='ocrx_word' id='word_1_101' title='bbox 967 680 1042 709; x_wconf 75' lang='grc'>(32.)</span> 
     </span>
     <span class='ocr_line' id='line_1_13' title="bbox 204 721 1041 760; baseline -0.004 -11"><span class='ocrx_word' id='word_1_102' title='bbox 204 725 336 758; x_wconf 74' lang='lat' dir='ltr'>Quantum</span> <span class='ocrx_word' id='word_1_103' title='bbox 357 724 434 760; x_wconf 86' lang='lat' dir='ltr'>pretii</span> <span class='ocrx_word' id='word_1_104' title='bbox 459 724 485 748; x_wconf 90' lang='lat' dir='ltr'>in</span> <span class='ocrx_word' id='word_1_105' title='bbox 512 733 569 749; x_wconf 84' lang='lat' dir='ltr'>arca</span> <span class='ocrx_word' id='word_1_106' title='bbox 594 723 684 748; x_wconf 85' lang='lat' dir='ltr'>habco.</span> <span class='ocrx_word' id='word_1_107' title='bbox 716 722 745 748; x_wconf 70' lang='lat' dir='ltr'>l&#39;r.</span> <span class='ocrx_word' id='word_1_108' title='bbox 767 724 789 748; x_wconf 89' lang='lat'>7.</span> <span class='ocrx_word' id='word_1_109' title='bbox 810 722 832 755; x_wconf 86' lang='lat'>3.</span> <span class='ocrx_word' id='word_1_110' title='bbox 854 724 876 747; x_wconf 97' lang='lat' dir='ltr'>l.</span> <span class='ocrx_word' id='word_1_111' title='bbox 903 721 935 747; x_wconf 83' lang='lat' dir='ltr'>de</span> <span class='ocrx_word' id='word_1_112' title='bbox 960 726 1041 746; x_wconf 81' lang='lat' dir='ltr'>contr.</span> 
     </span>
     <span class='ocr_line' id='line_1_14' title="bbox 203 765 1042 802; baseline -0.004 -10"><span class='ocrx_word' id='word_1_113' title='bbox 203 771 263 793; x_wconf 81' lang='lat' dir='ltr'>emt.</span> <span class='ocrx_word' id='word_1_114' title='bbox 285 767 324 792; x_wconf 75' lang='lat'>18.</span> <span class='ocrx_word' id='word_1_115' title='bbox 346 768 368 792; x_wconf 98' lang='lat'>1.</span> <span class='ocrx_word' id='word_1_116' title='bbox 405 765 512 802; x_wconf 66' lang='lat' dir='ltr'>Legare,</span> <span class='ocrx_word' id='word_1_117' title='bbox 532 776 555 792; x_wconf 91' lang='lat' dir='ltr'>v.</span> <span class='ocrx_word' id='word_1_118' title='bbox 570 765 725 791; x_wconf 79' lang='lat' dir='ltr'>Promittere</span> <span class='ocrx_word' id='word_1_119' title='bbox 739 765 885 802; x_wconf 73' lang='lat' dir='ltr'>stipulanti,</span> <span class='ocrx_word' id='word_1_120' title='bbox 905 765 1042 801; x_wconf 83' lang='lat' dir='ltr'>pecuniam</span> 
     </span>
    </p>
   </div>
   <div class='ocr_carea' id='block_1_3' title="bbox 878 249 1043 286">
    <p class='ocr_par' dir='ltr' id='par_1_3' title="bbox 878 249 1043 286">
     <span class='ocr_line' id='line_1_15' title="bbox 878 249 1043 286; baseline 0 -11"><span class='ocrx_word' id='word_1_121' title='bbox 878 249 945 275; x_wconf 85' lang='lat' dir='ltr'>Cum</span> <span class='ocrx_word' id='word_1_122' title='bbox 966 250 1043 286; x_wconf 85' lang='lat' dir='ltr'>proti-</span> 
     </span>
    </p>
   </div>
   <div class='ocr_carea' id='block_1_4' title="bbox 203 807 1065 887">
    <p class='ocr_par' dir='ltr' id='par_1_4' title="bbox 203 807 1065 887">
     <span class='ocr_line' id='line_1_16' title="bbox 203 807 1065 845; baseline -0.002 -10"><span class='ocrx_word' id='word_1_123' title='bbox 203 819 270 845; x_wconf 82' lang='lat' dir='ltr'>quae</span> <span class='ocrx_word' id='word_1_124' title='bbox 288 810 314 835; x_wconf 90' lang='lat' dir='ltr'>in</span> <span class='ocrx_word' id='word_1_125' title='bbox 334 819 391 835; x_wconf 82' lang='lat' dir='ltr'>arca</span> <span class='ocrx_word' id='word_1_126' title='bbox 413 814 459 835; x_wconf 81' lang='lat' dir='ltr'>est.</span> <span class='ocrx_word' id='word_1_127' title='bbox 490 808 520 834; x_wconf 85' lang='lat' dir='ltr'>sr.</span> <span class='ocrx_word' id='word_1_128' title='bbox 540 810 580 834; x_wconf 83' lang='grc'>30.</span> <span class='ocrx_word' id='word_1_129' title='bbox 606 809 626 842; x_wconf 96' lang='lat'>3</span> <span class='ocrx_word' id='word_1_130' title='bbox 647 809 670 834; x_wconf 88' lang='grc'>6.</span> <span class='ocrx_word' id='word_1_131' title='bbox 696 808 726 834; x_wconf 86' lang='lat' dir='ltr'>sr.</span> <span class='ocrx_word' id='word_1_132' title='bbox 746 810 787 834; x_wconf 86' lang='grc'>34.</span> <span class='ocrx_word' id='word_1_133' title='bbox 814 809 834 842; x_wconf 88' lang='lat'><em>3</em></span> <span class='ocrx_word' id='word_1_134' title='bbox 855 810 878 834; x_wconf 86' lang='lat'>4.</span> <span class='ocrx_word' id='word_1_135' title='bbox 900 808 930 834; x_wconf 65' lang='lat' dir='ltr'>l&#39;r.</span> <span class='ocrx_word' id='word_1_136' title='bbox 950 810 991 833; x_wconf 85' lang='grc'>51.</span> <span class='ocrx_word' id='word_1_137' title='bbox 1012 807 1041 833; x_wconf 81' lang='lat' dir='ltr'>fr.</span> <span class='ocrx_word' id='word_1_138' title='bbox 1063 834 1065 840; x_wconf 41' lang='lat'><strong>¹</strong></span> 
     </span>
     <span class='ocr_line' id='line_1_17' title="bbox 204 850 1065 887; baseline -0.002 -9"><span class='ocrx_word' id='word_1_139' title='bbox 204 854 261 878; x_wconf 68' lang='lat'><em>108.</em></span> <span class='ocrx_word' id='word_1_140' title='bbox 281 852 363 885; x_wconf 87' lang='lat'><em>3.10.</em></span> <span class='ocrx_word' id='word_1_141' title='bbox 385 851 417 878; x_wconf 79' lang='lat' dir='ltr'>de</span> <span class='ocrx_word' id='word_1_142' title='bbox 436 852 511 887; x_wconf 69' lang='lat' dir='ltr'>legat.</span> <span class='ocrx_word' id='word_1_143' title='bbox 532 851 550 876; x_wconf 87' lang='grc'>1.</span> <span class='ocrx_word' id='word_1_144' title='bbox 571 852 638 883; x_wconf 81' lang='grc'>(30.)</span> <span class='ocrx_word' id='word_1_145' title='bbox 659 851 689 877; x_wconf 79' lang='grc' dir='ltr'>1”ι“.</span> <span class='ocrx_word' id='word_1_146' title='bbox 711 853 732 877; x_wconf 96' lang='lat'>1.</span> <span class='ocrx_word' id='word_1_147' title='bbox 753 851 774 885; x_wconf 93' lang='lat'>3.</span> <span class='ocrx_word' id='word_1_148' title='bbox 796 853 818 877; x_wconf 89' lang='lat'>7.</span> <span class='ocrx_word' id='word_1_149' title='bbox 839 851 871 877; x_wconf 83' lang='lat' dir='ltr'>de</span> <span class='ocrx_word' id='word_1_150' title='bbox 891 850 952 877; x_wconf 80' lang='lat' dir='ltr'>dote</span> <span class='ocrx_word' id='word_1_151' title='bbox 970 861 1043 887; x_wconf 84' lang='lat' dir='ltr'>prae·</span> <span class='ocrx_word' id='word_1_152' title='bbox 1064 874 1065 884; x_wconf 28' lang='lat'>¹</span> 
     </span>
    </p>
   </div>
   <div class='ocr_carea' id='block_1_5' title="bbox 201 894 1043 1058">
    <p class='ocr_par' dir='ltr' id='par_1_5' title="bbox 201 894 1043 1058">
     <span class='ocr_line' id='line_1_18' title="bbox 202 894 1041 931; baseline -0.001 -11"><span class='ocrx_word' id='word_1_153' title='bbox 202 894 251 930; x_wconf 72' lang='lat' dir='ltr'>leg.</span> <span class='ocrx_word' id='word_1_154' title='bbox 264 896 306 921; x_wconf 83' lang='lat'>33.</span> <span class='ocrx_word' id='word_1_155' title='bbox 321 896 344 920; x_wconf 90' lang='lat'>4.</span> <span class='ocrx_word' id='word_1_156' title='bbox 369 894 398 920; x_wconf 85' lang='lat' dir='ltr'>In</span> <span class='ocrx_word' id='word_1_157' title='bbox 413 904 574 920; x_wconf 84' lang='lat' dir='ltr'>communem</span> <span class='ocrx_word' id='word_1_158' title='bbox 589 904 672 920; x_wconf 83' lang='lat' dir='ltr'>arcam</span> <span class='ocrx_word' id='word_1_159' title='bbox 692 895 817 931; x_wconf 78' lang='lat' dir='ltr'>pecuniae</span> <span class='ocrx_word' id='word_1_160' title='bbox 837 904 936 920; x_wconf 78' lang='lat' dir='ltr'>versae.</span> <span class='ocrx_word' id='word_1_161' title='bbox 957 894 986 920; x_wconf 86' lang='lat' dir='ltr'>sr.</span> <span class='ocrx_word' id='word_1_162' title='bbox 1000 897 1041 919; x_wconf 55' lang='lat'>52.</span> 
     </span>
     <span class='ocr_line' id='line_1_19' title="bbox 202 936 1043 974; baseline -0.001 -11"><span class='ocrx_word' id='word_1_163' title='bbox 202 947 250 974; x_wconf 92' lang='lat' dir='ltr'>pro</span> <span class='ocrx_word' id='word_1_164' title='bbox 270 947 324 963; x_wconf 85' lang='lat' dir='ltr'>soc.</span> <span class='ocrx_word' id='word_1_165' title='bbox 346 939 385 963; x_wconf 79' lang='lat'>17.</span> <span class='ocrx_word' id='word_1_166' title='bbox 405 939 429 963; x_wconf 81' lang='grc'>2.</span> <span class='ocrx_word' id='word_1_167' title='bbox 466 936 509 962; x_wconf 85' lang='lat' dir='ltr'>Ad</span> <span class='ocrx_word' id='word_1_168' title='bbox 533 937 682 974; x_wconf 79' lang='lat' dir='ltr'>exemplum</span> <span class='ocrx_word' id='word_1_169' title='bbox 706 938 771 974; x_wconf 84' lang='lat' dir='ltr'>reip.</span> <span class='ocrx_word' id='word_1_170' title='bbox 792 937 888 964; x_wconf 78' lang='lat' dir='ltr'>hahere</span> <span class='ocrx_word' id='word_1_171' title='bbox 913 947 955 963; x_wconf 81' lang='lat' dir='ltr'>res</span> <span class='ocrx_word' id='word_1_172' title='bbox 975 946 1043 962; x_wconf 89' lang='lat' dir='ltr'>com-</span> 
     </span>
     <span class='ocr_line' id='line_1_20' title="bbox 201 980 1041 1013; baseline -0.001 -7"><span class='ocrx_word' id='word_1_173' title='bbox 201 990 307 1011; x_wconf 42' lang='lat' dir='ltr'>munem</span> <span class='ocrx_word' id='word_1_174' title='bbox 328 990 412 1006; x_wconf 87' lang='lat' dir='ltr'>arcam</span> <span class='ocrx_word' id='word_1_175' title='bbox 431 990 607 1011; x_wconf 75' lang='lat' dir='ltr'>communem⁷</span> <span class='ocrx_word' id='word_1_176' title='bbox 628 985 653 1006; x_wconf 81' lang='lat' dir='ltr'>et</span> <span class='ocrx_word' id='word_1_177' title='bbox 672 985 786 1006; x_wconf 83' lang='lat' dir='ltr'>actorem</span> <span class='ocrx_word' id='word_1_178' title='bbox 807 985 855 1006; x_wconf 85' lang='lat' dir='ltr'>etc.</span> <span class='ocrx_word' id='word_1_179' title='bbox 882 980 912 1006; x_wconf 84' lang='lat' dir='ltr'>t&#39;r.</span> <span class='ocrx_word' id='word_1_180' title='bbox 934 982 956 1006; x_wconf 91' lang='lat'>1.</span> <span class='ocrx_word' id='word_1_181' title='bbox 976 980 997 1013; x_wconf 92' lang='lat'>3.</span> <span class='ocrx_word' id='word_1_182' title='bbox 1020 981 1041 1005; x_wconf 96' lang='lat'>1.</span> 
     </span>
     <span class='ocr_line' id='line_1_21' title="bbox 202 1023 599 1058; baseline 0.003 -10"><span class='ocrx_word' id='word_1_183' title='bbox 202 1023 254 1058; x_wconf 76' lang='lat' dir='ltr'>Qu.</span> <span class='ocrx_word' id='word_1_184' title='bbox 275 1024 323 1049; x_wconf 88' lang='lat' dir='ltr'>cni.</span> <span class='ocrx_word' id='word_1_185' title='bbox 344 1023 413 1048; x_wconf 83' lang='lat' dir='ltr'>univ.</span> <span class='ocrx_word' id='word_1_186' title='bbox 439 1033 506 1048; x_wconf 90' lang='lat' dir='ltr'>nom.</span> <span class='ocrx_word' id='word_1_187' title='bbox 531 1024 555 1048; x_wconf 96' lang='lat'>3.</span> <span class='ocrx_word' id='word_1_188' title='bbox 576 1024 599 1049; x_wconf 87' lang='lat'>4.</span> 
     </span>
    </p>
   </div>
   <div class='ocr_carea' id='block_1_6' title="bbox 201 1065 1042 1099">
    <p class='ocr_par' dir='ltr' id='par_1_6' title="bbox 201 1065 1042 1099">
     <span class='ocr_line' id='line_1_22' title="bbox 201 1065 1042 1099; baseline 0 -8"><span class='ocrx_word' id='word_1_189' title='bbox 201 1076 275 1091; x_wconf 79' lang='lat' dir='ltr'>arcae</span> <span class='ocrx_word' id='word_1_190' title='bbox 295 1065 492 1097; x_wconf 65' lang='lat' dir='ltr'>frumentariae,</span> <span class='ocrx_word' id='word_1_191' title='bbox 512 1082 544 1085; x_wconf 89' lang='lat'><strong>—</strong></span> <span class='ocrx_word' id='word_1_192' title='bbox 565 1076 681 1092; x_wconf 88' lang='lat' dir='ltr'>annonae</span> <span class='ocrx_word' id='word_1_193' title='bbox 701 1066 804 1092; x_wconf 71' lang='lat' dir='ltr'>divisio.</span> <span class='ocrx_word' id='word_1_194' title='bbox 831 1067 861 1093; x_wconf 76' lang='lat' dir='ltr'>t&#39;r.</span> <span class='ocrx_word' id='word_1_195' title='bbox 883 1069 904 1092; x_wconf 94' lang='lat'>1.</span> <span class='ocrx_word' id='word_1_196' title='bbox 925 1066 946 1099; x_wconf 91' lang='lat'>3</span> <span class='ocrx_word' id='word_1_197' title='bbox 966 1067 990 1091; x_wconf 89' lang='grc'>2.</span> <span class='ocrx_word' id='word_1_198' title='bbox 1011 1065 1042 1091; x_wconf 91' lang='lat' dir='ltr'>de</span> 
     </span>
    </p>
   </div>
   <div class='ocr_carea' id='block_1_7' title="bbox 641 1022 1042 1051">
    <p class='ocr_par' dir='ltr' id='par_1_7' title="bbox 641 1022 1042 1051">
     <span class='ocr_line' id='line_1_23' title="bbox 641 1022 1042 1051; baseline -0.002 -3"><span class='ocrx_word' id='word_1_199' title='bbox 641 1022 765 1049; x_wconf 82' lang='lat' dir='ltr'>Publicae</span> <span class='ocrx_word' id='word_1_200' title='bbox 790 1025 846 1049; x_wconf 73' lang='lat' dir='ltr'>viae</span> <span class='ocrx_word' id='word_1_201' title='bbox 870 1024 1028 1049; x_wconf 79' lang='lat' dir='ltr'>munitiones</span> <span class='ocrx_word' id='word_1_202' title='bbox 1036 1043 1042 1051; x_wconf 82' lang='grc'>,</span> 
     </span>
    </p>
   </div>
   <div class='ocr_carea' id='block_1_8' title="bbox 202 1108 1042 1144">
    <p class='ocr_par' dir='ltr' id='par_1_8' title="bbox 202 1108 1042 1144">
     <span class='ocr_line' id='line_1_24' title="bbox 202 1108 1042 1144; baseline 0 -10"><span class='ocrx_word' id='word_1_203' title='bbox 202 1119 270 1135; x_wconf 92' lang='lat' dir='ltr'><em>mun.</em></span> <span class='ocrx_word' id='word_1_204' title='bbox 291 1113 316 1134; x_wconf 83' lang='lat' dir='ltr'>ct</span> <span class='ocrx_word' id='word_1_205' title='bbox 335 1108 395 1134; x_wconf 89' lang='lat' dir='ltr'>hon.</span> <span class='ocrx_word' id='word_1_206' title='bbox 417 1111 457 1134; x_wconf 86' lang='lat'>50.</span> <span class='ocrx_word' id='word_1_207' title='bbox 478 1109 501 1134; x_wconf 93' lang='lat'>4.</span> <span class='ocrx_word' id='word_1_208' title='bbox 540 1108 620 1144; x_wconf 80' lang='lat' dir='ltr'>Quod</span> <span class='ocrx_word' id='word_1_209' title='bbox 640 1109 751 1135; x_wconf 81' lang='lat' dir='ltr'>rel&#39;ertur</span> <span class='ocrx_word' id='word_1_210' title='bbox 771 1110 796 1135; x_wconf 93' lang='lat' dir='ltr'>in</span> <span class='ocrx_word' id='word_1_211' title='bbox 817 1109 940 1141; x_wconf 56' lang='lat' dir='ltr'>conditis.</span> <span class='ocrx_word' id='word_1_212' title='bbox 960 1108 1002 1134; x_wconf 74' lang='lat' dir='ltr'>vel</span> <span class='ocrx_word' id='word_1_213' title='bbox 1016 1110 1042 1134; x_wconf 88' lang='lat' dir='ltr'>in</span> 
     </span>
    </p>
   </div>
   <div class='ocr_carea' id='block_1_9' title="bbox 201 1150 1041 1188">
    <p class='ocr_par' dir='ltr' id='par_1_9' title="bbox 201 1150 1066 1189">
     <span class='ocr_line' id='line_1_25' title="bbox 201 1150 1041 1188; baseline 0 -11"><span class='ocrx_word' id='word_1_214' title='bbox 201 1162 258 1178; x_wconf 81' lang='lat' dir='ltr'>arca</span> <span class='ocrx_word' id='word_1_215' title='bbox 277 1152 433 1177; x_wconf 80' lang='lat' dir='ltr'>continetur.</span> <span class='ocrx_word' id='word_1_216' title='bbox 464 1150 514 1177; x_wconf 86' lang='lat' dir='ltr'>Th.</span> <span class='ocrx_word' id='word_1_217' title='bbox 534 1150 564 1178; x_wconf 84' lang='lat' dir='ltr'>C.</span> <span class='ocrx_word' id='word_1_218' title='bbox 578 1151 636 1178; x_wconf 77' lang='lat' dir='ltr'><em>XII.</em></span> <span class='ocrx_word' id='word_1_219' title='bbox 656 1154 679 1178; x_wconf 84' lang='lat'>9.</span> <span class='ocrx_word' id='word_1_220' title='bbox 700 1162 721 1178; x_wconf 88' lang='lat' dir='ltr'>c.</span> <span class='ocrx_word' id='word_1_221' title='bbox 740 1154 764 1178; x_wconf 79' lang='grc'>2.</span> <span class='ocrx_word' id='word_1_222' title='bbox 785 1152 817 1178; x_wconf 84' lang='lat' dir='ltr'>de</span> <span class='ocrx_word' id='word_1_223' title='bbox 832 1154 863 1178; x_wconf 89' lang='lat' dir='ltr'>iis</span> <span class='ocrx_word' id='word_1_224' title='bbox 878 1163 920 1188; x_wconf 86' lang='lat' dir='ltr'>qu.</span> <span class='ocrx_word' id='word_1_225' title='bbox 935 1162 966 1178; x_wconf 83' lang='lat' dir='ltr'>ex</span> <span class='ocrx_word' id='word_1_226' title='bbox 980 1151 1041 1188; x_wconf 90' lang='lat' dir='ltr'><em>puh.</em></span> 
     </span>
    </p>
   </div>
   <div class='ocr_carea' id='block_1_10' title="bbox 200 1193 1042 1274">
    <p class='ocr_par' dir='ltr' id='par_1_10' title="bbox 200 1193 1042 1274">
     <span class='ocr_line' id='line_1_26' title="bbox 201 1193 1042 1231; baseline -0.001 -11"><span class='ocrx_word' id='word_1_227' title='bbox 201 1194 288 1220; x_wconf 85' lang='lat' dir='ltr'>collat.</span> <span class='ocrx_word' id='word_1_228' title='bbox 309 1194 340 1220; x_wconf 81' lang='lat' dir='ltr'>ct&#39;.</span> <span class='ocrx_word' id='word_1_229' title='bbox 359 1193 404 1220; x_wconf 68' lang='lat' dir='ltr'>XI.</span> <span class='ocrx_word' id='word_1_230' title='bbox 418 1195 460 1220; x_wconf 75' lang='grc'>28.</span> <span class='ocrx_word' id='word_1_231' title='bbox 481 1205 502 1220; x_wconf 90' lang='lat' dir='ltr'>c.</span> <span class='ocrx_word' id='word_1_232' title='bbox 517 1195 539 1220; x_wconf 96' lang='lat'>9.</span> <span class='ocrx_word' id='word_1_233' title='bbox 555 1204 576 1220; x_wconf 87' lang='lat' dir='ltr'>c.</span> <span class='ocrx_word' id='word_1_234' title='bbox 593 1196 631 1220; x_wconf 87' lang='grc'>16.</span> <span class='ocrx_word' id='word_1_235' title='bbox 652 1194 684 1220; x_wconf 89' lang='lat' dir='ltr'>de.</span> <span class='ocrx_word' id='word_1_236' title='bbox 704 1194 801 1231; x_wconf 69' lang='lat' dir='ltr'>indulg.</span> <span class='ocrx_word' id='word_1_237' title='bbox 823 1195 935 1221; x_wconf 79' lang='lat' dir='ltr'>debitor.</span> <span class='ocrx_word' id='word_1_238' title='bbox 968 1196 1042 1229; x_wconf 72' lang='lat' dir='ltr'>Quae</span> 
     </span>
     <span class='ocr_line' id='line_1_27' title="bbox 200 1237 1042 1274; baseline 0 -11"><span class='ocrx_word' id='word_1_239' title='bbox 200 1242 252 1263; x_wconf 87' lang='lat' dir='ltr'>tam</span> <span class='ocrx_word' id='word_1_240' title='bbox 272 1237 304 1263; x_wconf 86' lang='lat' dir='ltr'>ad</span> <span class='ocrx_word' id='word_1_241' title='bbox 328 1247 412 1263; x_wconf 79' lang='lat' dir='ltr'>arcam</span> <span class='ocrx_word' id='word_1_242' title='bbox 437 1237 587 1263; x_wconf 81' lang='lat' dir='ltr'>sublimium</span> <span class='ocrx_word' id='word_1_243' title='bbox 611 1242 785 1274; x_wconf 84' lang='lat' dir='ltr'>potestatum.</span> <span class='ocrx_word' id='word_1_244' title='bbox 811 1248 888 1274; x_wconf 73' lang='lat' dir='ltr'>qnam</span> <span class='ocrx_word' id='word_1_245' title='bbox 913 1237 943 1264; x_wconf 88' lang='lat' dir='ltr'>ad</span> <span class='ocrx_word' id='word_1_246' title='bbox 969 1238 1042 1273; x_wconf 67' lang='lat' dir='ltr'>largi-</span> 
     </span>
    </p>
   </div>
   <div class='ocr_carea' id='block_1_11' title="bbox 200 1279 1041 1318">
    <p class='ocr_par' dir='ltr' id='par_1_11' title="bbox 200 1272 1066 1318">
     <span class='ocr_line' id='line_1_28' title="bbox 200 1279 1041 1318; baseline -0.001 -12"><span class='ocrx_word' id='word_1_247' title='bbox 200 1281 286 1306; x_wconf 86' lang='lat' dir='ltr'>tiones</span> <span class='ocrx_word' id='word_1_248' title='bbox 310 1281 450 1316; x_wconf 79' lang='lat' dir='ltr'>pertinent.</span> <span class='ocrx_word' id='word_1_249' title='bbox 484 1279 520 1306; x_wconf 92' lang='lat' dir='ltr'>Ib.</span> <span class='ocrx_word' id='word_1_250' title='bbox 546 1290 567 1306; x_wconf 90' lang='lat' dir='ltr'>c.</span> <span class='ocrx_word' id='word_1_251' title='bbox 588 1282 611 1307; x_wconf 91' lang='grc'>6.</span> <span class='ocrx_word' id='word_1_252' title='bbox 637 1280 653 1306; x_wconf 91' lang='lat' dir='ltr'>l.</span> <span class='ocrx_word' id='word_1_253' title='bbox 674 1279 690 1306; x_wconf 94' lang='lat' dir='ltr'>l.</span> <span class='ocrx_word' id='word_1_254' title='bbox 721 1280 752 1306; x_wconf 77' lang='lat' dir='ltr'>cf.</span> <span class='ocrx_word' id='word_1_255' title='bbox 777 1291 798 1307; x_wconf 85' lang='lat' dir='ltr'>c.</span> <span class='ocrx_word' id='word_1_256' title='bbox 818 1283 841 1307; x_wconf 83' lang='lat'>3.</span> <span class='ocrx_word' id='word_1_257' title='bbox 863 1291 901 1318; x_wconf 87' lang='lat' dir='ltr'>pr.</span> <span class='ocrx_word' id='word_1_258' title='bbox 931 1280 976 1307; x_wconf 74' lang='lat' dir='ltr'>XI.</span> <span class='ocrx_word' id='word_1_259' title='bbox 1000 1283 1041 1306; x_wconf 75' lang='grc'>20.</span> 
     </span>
    </p>
   </div>
   <div class='ocr_carea' id='block_1_12' title="bbox 200 1322 1043 1534">
    <p class='ocr_par' dir='ltr' id='par_1_12' title="bbox 200 1322 1043 1534">
     <span class='ocr_line' id='line_1_29' title="bbox 201 1322 1041 1360; baseline 0 -11"><span class='ocrx_word' id='word_1_260' title='bbox 201 1334 222 1349; x_wconf 93' lang='lat' dir='ltr'>c.</span> <span class='ocrx_word' id='word_1_261' title='bbox 242 1325 266 1349; x_wconf 86' lang='grc'>6.</span> <span class='ocrx_word' id='word_1_262' title='bbox 286 1333 325 1360; x_wconf 87' lang='lat' dir='ltr'>pr.</span> <span class='ocrx_word' id='word_1_263' title='bbox 346 1322 378 1348; x_wconf 66' lang='lat' dir='ltr'>de</span> <span class='ocrx_word' id='word_1_264' title='bbox 398 1322 484 1349; x_wconf 89' lang='lat' dir='ltr'>collat.</span> <span class='ocrx_word' id='word_1_265' title='bbox 499 1322 587 1349; x_wconf 84' lang='lat' dir='ltr'>donat.</span> <span class='ocrx_word' id='word_1_266' title='bbox 616 1323 679 1349; x_wconf 75' lang='lat' dir='ltr'>Sive</span> <span class='ocrx_word' id='word_1_267' title='bbox 699 1334 772 1349; x_wconf 77' lang='lat' dir='ltr'>arcae</span> <span class='ocrx_word' id='word_1_268' title='bbox 792 1324 960 1350; x_wconf 84' lang='lat' dir='ltr'>sublimitatis</span> <span class='ocrx_word' id='word_1_269' title='bbox 975 1329 1041 1353; x_wconf 73' lang='lat' dir='ltr'>tuae.</span> 
     </span>
     <span class='ocr_line' id='line_1_30' title="bbox 201 1366 1041 1397; baseline 0.001 -5"><span class='ocrx_word' id='word_1_270' title='bbox 201 1367 257 1392; x_wconf 77' lang='lat' dir='ltr'>sive</span> <span class='ocrx_word' id='word_1_271' title='bbox 287 1366 432 1397; x_wconf 78' lang='lat' dir='ltr'>thesauris.</span> <span class='ocrx_word' id='word_1_272' title='bbox 464 1367 520 1392; x_wconf 83' lang='lat' dir='ltr'>sive</span> <span class='ocrx_word' id='word_1_273' title='bbox 551 1376 625 1392; x_wconf 87' lang='lat' dir='ltr'>sacro</span> <span class='ocrx_word' id='word_1_274' title='bbox 658 1366 788 1393; x_wconf 86' lang='lat' dir='ltr'>debentur</span> <span class='ocrx_word' id='word_1_275' title='bbox 818 1368 925 1393; x_wconf 77' lang='lat' dir='ltr'>aerario.</span> <span class='ocrx_word' id='word_1_276' title='bbox 974 1366 1041 1393; x_wconf 66' lang='lat' dir='ltr'>Nov.</span> 
     </span>
     <span class='ocr_line' id='line_1_31' title="bbox 200 1408 1043 1445; baseline 0.001 -10"><span class='ocrx_word' id='word_1_277' title='bbox 200 1409 321 1436; x_wconf 84' lang='lat' dir='ltr'>Marcian.</span> <span class='ocrx_word' id='word_1_278' title='bbox 351 1408 383 1435; x_wconf 82' lang='lat' dir='ltr'>de.</span> <span class='ocrx_word' id='word_1_279' title='bbox 407 1408 505 1445; x_wconf 77' lang='lat' dir='ltr'>indulg,</span> <span class='ocrx_word' id='word_1_280' title='bbox 529 1408 621 1445; x_wconf 71' lang='lat' dir='ltr'>reliqu,</span> <span class='ocrx_word' id='word_1_281' title='bbox 648 1409 690 1435; x_wconf 90' lang='lat' dir='ltr'><em>III.</em></span> <span class='ocrx_word' id='word_1_282' title='bbox 715 1412 738 1436; x_wconf 81' lang='lat'>2.</span> <span class='ocrx_word' id='word_1_283' title='bbox 769 1419 789 1436; x_wconf 92' lang='lat' dir='ltr'>c.</span> <span class='ocrx_word' id='word_1_284' title='bbox 818 1412 838 1436; x_wconf 97' lang='lat' dir='ltr'>l.</span> <span class='ocrx_word' id='word_1_285' title='bbox 865 1410 935 1444; x_wconf 92' lang='lat'><em>3.1.</em></span> <span class='ocrx_word' id='word_1_286' title='bbox 974 1410 1043 1436; x_wconf 86' lang='lat' dir='ltr'>Scri-</span> 
     </span>
     <span class='ocr_line' id='line_1_32' title="bbox 200 1451 1040 1486; baseline 0.001 -8"><span class='ocrx_word' id='word_1_287' title='bbox 200 1453 284 1483; x_wconf 75' lang='lat' dir='ltr'>nium.</span> <span class='ocrx_word' id='word_1_288' title='bbox 310 1451 471 1483; x_wconf 79' lang='lat' dir='ltr'>Ratiocinia.</span> <span class='ocrx_word' id='word_1_289' title='bbox 497 1462 578 1478; x_wconf 81' lang='lat' dir='ltr'>arcae.</span> <span class='ocrx_word' id='word_1_290' title='bbox 617 1462 638 1478; x_wconf 87' lang='lat' dir='ltr'>c.</span> <span class='ocrx_word' id='word_1_291' title='bbox 660 1454 681 1478; x_wconf 96' lang='grc'>1.</span> <span class='ocrx_word' id='word_1_292' title='bbox 706 1453 727 1486; x_wconf 95' lang='lat'>3.</span> <span class='ocrx_word' id='word_1_293' title='bbox 748 1456 771 1479; x_wconf 72' lang='grc' dir='ltr'>ὃ.</span> <span class='ocrx_word' id='word_1_294' title='bbox 798 1453 830 1479; x_wconf 86' lang='lat' dir='ltr'>de</span> <span class='ocrx_word' id='word_1_295' title='bbox 854 1454 897 1480; x_wconf 78' lang='lat' dir='ltr'><em>olI&#39;.</em></span> <span class='ocrx_word' id='word_1_296' title='bbox 922 1453 974 1479; x_wconf 78' lang='lat' dir='ltr'>Prr.</span> <span class='ocrx_word' id='word_1_297' title='bbox 1000 1453 1040 1479; x_wconf 88' lang='lat' dir='ltr'><em>Pr.</em></span> 
     </span>
     <span class='ocr_line' id='line_1_33' title="bbox 201 1494 936 1534; baseline 0.003 -13"><span class='ocrx_word' id='word_1_298' title='bbox 201 1495 258 1521; x_wconf 86' lang='lat' dir='ltr'>Asr.</span> <span class='ocrx_word' id='word_1_299' title='bbox 281 1497 303 1521; x_wconf 91' lang='lat'>1.</span> <span class='ocrx_word' id='word_1_300' title='bbox 323 1497 364 1521; x_wconf 75' lang='lat'>27.</span> <span class='ocrx_word' id='word_1_301' title='bbox 394 1494 443 1521; x_wconf 90' lang='lat' dir='ltr'><em>Th.</em></span> <span class='ocrx_word' id='word_1_302' title='bbox 465 1494 495 1521; x_wconf 87' lang='lat' dir='ltr'>C.</span> <span class='ocrx_word' id='word_1_303' title='bbox 513 1495 570 1521; x_wconf 75' lang='lat' dir='ltr'><em>XII.</em></span> <span class='ocrx_word' id='word_1_304' title='bbox 590 1496 613 1521; x_wconf 87' lang='grc'>6.</span> <span class='ocrx_word' id='word_1_305' title='bbox 634 1505 655 1521; x_wconf 88' lang='lat' dir='ltr'>c.</span> <span class='ocrx_word' id='word_1_306' title='bbox 675 1496 716 1521; x_wconf 84' lang='lat'>30.</span> <span class='ocrx_word' id='word_1_307' title='bbox 738 1495 770 1522; x_wconf 87' lang='lat' dir='ltr'>de</span> <span class='ocrx_word' id='word_1_308' title='bbox 789 1502 936 1534; x_wconf 80' lang='lat' dir='ltr'>susceptor.</span> 
     </span>
    </p>
   </div>
   <div class='ocr_carea' id='block_1_13' title="bbox 202 1545 1043 1668">
    <p class='ocr_par' dir='ltr' id='par_1_13' title="bbox 202 1545 1043 1668">
     <span class='ocr_line' id='line_1_34' title="bbox 236 1545 1043 1579; baseline 0.004 -8"><span class='ocrx_word' id='word_1_309' title='bbox 236 1545 487 1572; x_wconf 72' lang='lat' dir='ltr'>ArcadianuS·</span> <span class='ocrx_word' id='word_1_310' title='bbox 517 1545 646 1579; x_wconf 74' lang='lat' dir='ltr'>(Adiect.)</span> <span class='ocrx_word' id='word_1_311' title='bbox 684 1548 719 1573; x_wconf 86' lang='lat' dir='ltr'><em>In</em></span> <span class='ocrx_word' id='word_1_312' title='bbox 739 1548 885 1574; x_wconf 71' lang='lat' dir='ltr'>honorem</span> <span class='ocrx_word' id='word_1_313' title='bbox 906 1549 1043 1574; x_wconf 66' lang='lat' dir='ltr'>Arcadii</span> 
     </span>
     <span class='ocr_line' id='line_1_35' title="bbox 202 1588 740 1624; baseline 0.002 -9"><span class='ocrx_word' id='word_1_314' title='bbox 202 1591 278 1623; x_wconf 82' lang='lat' dir='ltr'><em>Imp.</em></span> <span class='ocrx_word' id='word_1_315' title='bbox 307 1591 567 1624; x_wconf 76' lang='lat' dir='ltr'>cognominatus.</span> <span class='ocrx_word' id='word_1_316' title='bbox 608 1588 650 1615; x_wconf 90' lang='lat'><em>111.</em></span> <span class='ocrx_word' id='word_1_317' title='bbox 675 1591 740 1616; x_wconf 72' lang='lat' dir='ltr'>Cn.</span> 
     </span>
     <span class='ocr_line' id='line_1_36' title="bbox 202 1632 1040 1668; baseline 0.004 -11"><span class='ocrx_word' id='word_1_318' title='bbox 202 1632 388 1658; x_wconf 85' lang='lat' dir='ltr'>Constantiani</span> <span class='ocrx_word' id='word_1_319' title='bbox 417 1633 531 1657; x_wconf 84' lang='lat' dir='ltr'>nominis</span> <span class='ocrx_word' id='word_1_320' title='bbox 561 1637 690 1668; x_wconf 87' lang='lat' dir='ltr'>praetura.</span> <span class='ocrx_word' id='word_1_321' title='bbox 722 1648 754 1652; x_wconf 84' lang='lat'>-—</span> <span class='ocrx_word' id='word_1_322' title='bbox 786 1632 988 1660; x_wconf 82' lang='lat' dir='ltr'>Theodosianns</span> <span class='ocrx_word' id='word_1_323' title='bbox 1018 1639 1040 1660; x_wconf 87' lang='lat' dir='ltr'>et</span> 
     </span>
    </p>
   </div>
   <div class='ocr_carea' id='block_1_14' title="bbox 781 1589 1042 1617">
    <p class='ocr_par' dir='ltr' id='par_1_14' title="bbox 781 1589 1042 1617">
     <span class='ocr_line' id='line_1_37' title="bbox 781 1589 1042 1617; baseline 0.008 -2"><span class='ocrx_word' id='word_1_324' title='bbox 781 1589 992 1617; x_wconf 76' lang='lat' dir='ltr'>Constantiniani</span> <span class='ocrx_word' id='word_1_325' title='bbox 1017 1596 1042 1617; x_wconf 81' lang='lat' dir='ltr'>et</span> 
     </span>
    </p>
   </div>
   <div class='ocr_carea' id='block_1_15' title="bbox 200 1674 1065 1713">
    <p class='ocr_par' dir='ltr' id='par_1_15' title="bbox 200 1674 1065 1713">
     <span class='ocr_line' id='line_1_38' title="bbox 200 1674 1065 1713; baseline 0.005 -13"><span class='ocrx_word' id='word_1_326' title='bbox 200 1674 363 1700; x_wconf 85' lang='lat' dir='ltr'>Arcadianus</span> <span class='ocrx_word' id='word_1_327' title='bbox 388 1680 531 1711; x_wconf 81' lang='lat' dir='ltr'>praetores.</span> <span class='ocrx_word' id='word_1_328' title='bbox 565 1674 602 1701; x_wconf 90' lang='lat' dir='ltr'>lb.</span> <span class='ocrx_word' id='word_1_329' title='bbox 622 1674 666 1701; x_wconf 63' lang='lat' dir='ltr'>Vl.</span> <span class='ocrx_word' id='word_1_330' title='bbox 685 1677 709 1702; x_wconf 86' lang='lat'>4.</span> <span class='ocrx_word' id='word_1_331' title='bbox 735 1686 755 1702; x_wconf 89' lang='lat' dir='ltr'>c.</span> <span class='ocrx_word' id='word_1_332' title='bbox 775 1678 816 1702; x_wconf 82' lang='grc'>25.</span> <span class='ocrx_word' id='word_1_333' title='bbox 837 1687 875 1713; x_wconf 83' lang='lat' dir='ltr'>pr.</span> <span class='ocrx_word' id='word_1_334' title='bbox 901 1677 933 1703; x_wconf 86' lang='lat' dir='ltr'>de</span> <span class='ocrx_word' id='word_1_335' title='bbox 957 1677 1040 1704; x_wconf 83' lang='lat' dir='ltr'>Praet.</span> <span class='ocrx_word' id='word_1_336' title='bbox 1064 1689 1065 1695; x_wconf 61' lang='lat'>¹</span> 
     </span>
    </p>
   </div>
   <div class='ocr_carea' id='block_1_16' title="bbox 201 1717 1042 1848">
    <p class='ocr_par' dir='ltr' id='par_1_16' title="bbox 201 1717 1042 1848">
     <span class='ocr_line' id='line_1_39' title="bbox 201 1717 307 1752; baseline 0.009 -10"><span class='ocrx_word' id='word_1_337' title='bbox 201 1722 234 1743; x_wconf 83' lang='lat' dir='ltr'>et.</span> <span class='ocrx_word' id='word_1_338' title='bbox 255 1717 307 1752; x_wconf 84' lang='lat' dir='ltr'>Qu.</span> 
     </span>
     <span class='ocr_line' id='line_1_40' title="bbox 236 1767 1041 1805; baseline 0.004 -12"><span class='ocrx_word' id='word_1_339' title='bbox 236 1769 440 1794; x_wconf 75' lang='lat' dir='ltr'>Arcanuln.</span> <span class='ocrx_word' id='word_1_340' title='bbox 469 1767 596 1801; x_wconf 79' lang='lat' dir='ltr'>(Subst.)</span> <span class='ocrx_word' id='word_1_341' title='bbox 634 1772 810 1802; x_wconf 80' lang='lat' dir='ltr'>Secrelum,</span> <span class='ocrx_word' id='word_1_342' title='bbox 840 1772 1041 1805; x_wconf 73' lang='lat' dir='ltr'>Mysterium.</span> 
     </span>
     <span class='ocr_line' id='line_1_41' title="bbox 202 1809 1042 1848; baseline 0.004 -12"><span class='ocrx_word' id='word_1_343' title='bbox 202 1810 243 1836; x_wconf 93' lang='grc'>111.</span> <span class='ocrx_word' id='word_1_344' title='bbox 265 1811 330 1837; x_wconf 68' lang='lat'><em>011.</em></span> <span class='ocrx_word' id='word_1_345' title='bbox 367 1809 396 1836; x_wconf 87' lang='lat' dir='ltr'>Si</span> <span class='ocrx_word' id='word_1_346' title='bbox 415 1810 457 1836; x_wconf 67' lang='lat' dir='ltr'>vel</span> <span class='ocrx_word' id='word_1_347' title='bbox 477 1821 550 1841; x_wconf 74' lang='lat' dir='ltr'>sero,</span> <span class='ocrx_word' id='word_1_348' title='bbox 570 1816 655 1838; x_wconf 83' lang='lat' dir='ltr'>tamen</span> <span class='ocrx_word' id='word_1_349' title='bbox 675 1813 806 1848; x_wconf 74' lang='lat' dir='ltr'>incognita</span> <span class='ocrx_word' id='word_1_350' title='bbox 836 1813 933 1844; x_wconf 76' lang='lat' dir='ltr'>adhuc,</span> <span class='ocrx_word' id='word_1_351' title='bbox 959 1815 1042 1839; x_wconf 72' lang='lat' dir='ltr'>cousi-</span> 
     </span>
    </p>
   </div>
   <div class='ocr_carea' id='block_1_17' title="bbox 200 1853 1065 1889">
    <p class='ocr_par' dir='ltr' id='par_1_17' title="bbox 200 1853 1065 1889">
     <span class='ocr_line' id='line_1_42' title="bbox 200 1853 1065 1889; baseline 0.003 -11"><span class='ocrx_word' id='word_1_352' title='bbox 200 1853 295 1879; x_wconf 83' lang='lat' dir='ltr'>liorum</span> <span class='ocrx_word' id='word_1_353' title='bbox 315 1863 406 1879; x_wconf 84' lang='lat' dir='ltr'>arcana</span> <span class='ocrx_word' id='word_1_354' title='bbox 426 1853 585 1889; x_wconf 81' lang='lat' dir='ltr'>patefecerit.</span> <span class='ocrx_word' id='word_1_355' title='bbox 614 1854 650 1881; x_wconf 90' lang='lat' dir='ltr'>Ib.</span> <span class='ocrx_word' id='word_1_356' title='bbox 670 1854 715 1881; x_wconf 82' lang='lat' dir='ltr'>IX.</span> <span class='ocrx_word' id='word_1_357' title='bbox 736 1857 775 1882; x_wconf 85' lang='grc'>14.</span> <span class='ocrx_word' id='word_1_358' title='bbox 797 1866 817 1881; x_wconf 93' lang='lat' dir='ltr'>c.</span> <span class='ocrx_word' id='word_1_359' title='bbox 837 1857 861 1882; x_wconf 80' lang='lat'>3.</span> <span class='ocrx_word' id='word_1_360' title='bbox 882 1856 902 1889; x_wconf 95' lang='lat'>3.</span> <span class='ocrx_word' id='word_1_361' title='bbox 923 1857 946 1882; x_wconf 83' lang='lat'>6.</span> <span class='ocrx_word' id='word_1_362' title='bbox 967 1855 999 1881; x_wconf 89' lang='lat' dir='ltr'>ad</span> <span class='ocrx_word' id='word_1_363' title='bbox 1012 1855 1041 1881; x_wconf 95' lang='lat' dir='ltr'>L.</span> <span class='ocrx_word' id='word_1_364' title='bbox 1064 1859 1065 1877; x_wconf 76' lang='grc'>1</span> 
     </span>
    </p>
   </div>
   <div class='ocr_carea' id='block_1_18' title="bbox 200 1895 1041 2060">
    <p class='ocr_par' dir='ltr' id='par_1_18' title="bbox 200 1895 1041 2060">
     <span class='ocr_line' id='line_1_43' title="bbox 201 1895 1040 1933; baseline 0.001 -10"><span class='ocrx_word' id='word_1_365' title='bbox 201 1896 263 1923; x_wconf 87' lang='lat' dir='ltr'>Cor.</span> <span class='ocrx_word' id='word_1_366' title='bbox 289 1896 321 1921; x_wconf 81' lang='lat' dir='ltr'>de</span> <span class='ocrx_word' id='word_1_367' title='bbox 346 1897 391 1922; x_wconf 83' lang='lat' dir='ltr'>sic.</span> <span class='ocrx_word' id='word_1_368' title='bbox 430 1895 617 1933; x_wconf 66' lang='lat' dir='ltr'>Philosophiae</span> <span class='ocrx_word' id='word_1_369' title='bbox 636 1907 728 1923; x_wconf 88' lang='lat' dir='ltr'>arcana</span> <span class='ocrx_word' id='word_1_370' title='bbox 748 1899 842 1925; x_wconf 85' lang='lat' dir='ltr'>rimari.</span> <span class='ocrx_word' id='word_1_371' title='bbox 871 1898 908 1924; x_wconf 89' lang='lat' dir='ltr'>lb.</span> <span class='ocrx_word' id='word_1_372' title='bbox 927 1897 997 1924; x_wconf 65' lang='lat' dir='ltr'><em>XIV.</em></span> <span class='ocrx_word' id='word_1_373' title='bbox 1017 1900 1040 1924; x_wconf 87' lang='lat'>9.</span> 
     </span>
     <span class='ocr_line' id='line_1_44' title="bbox 202 1938 1041 1976; baseline 0.002 -11"><span class='ocrx_word' id='word_1_374' title='bbox 202 1949 222 1965; x_wconf 92' lang='lat' dir='ltr'>c.</span> <span class='ocrx_word' id='word_1_375' title='bbox 243 1940 267 1965; x_wconf 79' lang='lat'>3.</span> <span class='ocrx_word' id='word_1_376' title='bbox 288 1939 353 1972; x_wconf 89' lang='lat'><em>3.1.</em></span> <span class='ocrx_word' id='word_1_377' title='bbox 374 1938 406 1964; x_wconf 89' lang='lat' dir='ltr'>de</span> <span class='ocrx_word' id='word_1_378' title='bbox 425 1938 494 1964; x_wconf 78' lang='lat' dir='ltr'>stud.</span> <span class='ocrx_word' id='word_1_379' title='bbox 515 1938 615 1966; x_wconf 88' lang='lat' dir='ltr'>liberal.</span> <span class='ocrx_word' id='word_1_380' title='bbox 636 1940 692 1966; x_wconf 89' lang='lat' dir='ltr'>urb.</span> <span class='ocrx_word' id='word_1_381' title='bbox 706 1940 737 1967; x_wconf 88' lang='lat' dir='ltr'>R.</span> <span class='ocrx_word' id='word_1_382' title='bbox 776 1941 829 1976; x_wconf 79' lang='lat' dir='ltr'>Qui</span> <span class='ocrx_word' id='word_1_383' title='bbox 843 1940 869 1967; x_wconf 92' lang='lat' dir='ltr'>S.</span> <span class='ocrx_word' id='word_1_384' title='bbox 891 1941 1041 1967; x_wconf 79' lang='lat' dir='ltr'>consistorii</span> 
     </span>
     <span class='ocr_line' id='line_1_45' title="bbox 200 1982 1040 2010; baseline 0.004 -3"><span class='ocrx_word' id='word_1_385' title='bbox 200 1983 285 2008; x_wconf 90' lang='lat' dir='ltr'>nostri</span> <span class='ocrx_word' id='word_1_386' title='bbox 309 1982 409 2008; x_wconf 85' lang='lat' dir='ltr'>arcanis</span> <span class='ocrx_word' id='word_1_387' title='bbox 434 1983 563 2008; x_wconf 78' lang='lat' dir='ltr'>interesse</span> <span class='ocrx_word' id='word_1_388' title='bbox 587 1989 745 2010; x_wconf 85' lang='lat' dir='ltr'>meruerunt.</span> <span class='ocrx_word' id='word_1_389' title='bbox 780 1984 817 2010; x_wconf 86' lang='lat' dir='ltr'>Ib.</span> <span class='ocrx_word' id='word_1_390' title='bbox 842 1983 884 2009; x_wconf 67' lang='lat' dir='ltr'>W.</span> <span class='ocrx_word' id='word_1_391' title='bbox 909 1985 932 2010; x_wconf 84' lang='grc'>4.</span> <span class='ocrx_word' id='word_1_392' title='bbox 959 1994 979 2009; x_wconf 93' lang='lat' dir='ltr'>c.</span> <span class='ocrx_word' id='word_1_393' title='bbox 1000 1985 1040 2010; x_wconf 81' lang='grc'>28.</span> 
     </span>
     <span class='ocr_line' id='line_1_46' title="bbox 201 2024 1018 2060; baseline 0 -8"><span class='ocrx_word' id='word_1_394' title='bbox 201 2025 233 2052; x_wconf 82' lang='lat' dir='ltr'>de</span> <span class='ocrx_word' id='word_1_395' title='bbox 252 2025 337 2052; x_wconf 82' lang='lat' dir='ltr'>Pract.</span> <span class='ocrx_word' id='word_1_396' title='bbox 359 2030 383 2051; x_wconf 86' lang='lat' dir='ltr'>et</span> <span class='ocrx_word' id='word_1_397' title='bbox 404 2024 455 2060; x_wconf 81' lang='lat' dir='ltr'>Qu.</span> <span class='ocrx_word' id='word_1_398' title='bbox 476 2024 519 2050; x_wconf 76' lang='lat' dir='ltr'>VI.</span> <span class='ocrx_word' id='word_1_399' title='bbox 539 2027 581 2051; x_wconf 72' lang='lat'>22.</span> <span class='ocrx_word' id='word_1_400' title='bbox 602 2036 622 2051; x_wconf 88' lang='lat' dir='ltr'>c..</span> <span class='ocrx_word' id='word_1_401' title='bbox 643 2027 666 2052; x_wconf 72' lang='lat'>8.</span> <span class='ocrx_word' id='word_1_402' title='bbox 687 2027 708 2060; x_wconf 91' lang='lat'>3.</span> <span class='ocrx_word' id='word_1_403' title='bbox 730 2029 752 2053; x_wconf 89' lang='lat'>1.</span> <span class='ocrx_word' id='word_1_404' title='bbox 773 2026 804 2053; x_wconf 81' lang='lat' dir='ltr'>de</span> <span class='ocrx_word' id='word_1_405' title='bbox 823 2027 915 2053; x_wconf 90' lang='lat' dir='ltr'>honor.</span> <span class='ocrx_word' id='word_1_406' title='bbox 937 2026 1018 2053; x_wconf 87' lang='lat' dir='ltr'>codic.</span> 
     </span>
    </p>
   </div>
   <div class='ocr_carea' id='block_1_19' title="bbox 200 2075 1041 2232">
    <p class='ocr_par' dir='ltr' id='par_1_19' title="bbox 200 2075 1041 2232">
     <span class='ocr_line' id='line_1_47' title="bbox 235 2075 1039 2112; baseline 0.002 -11"><span class='ocrx_word' id='word_1_407' title='bbox 235 2077 419 2102; x_wconf 60' lang='lat' dir='ltr'>Art-anus.</span> <span class='ocrx_word' id='word_1_408' title='bbox 456 2075 593 2109; x_wconf 74' lang='lat' dir='ltr'>(Adiect.)</span> <span class='ocrx_word' id='word_1_409' title='bbox 637 2078 809 2112; x_wconf 78' lang='lat' dir='ltr'>Mysleriis</span> <span class='ocrx_word' id='word_1_410' title='bbox 844 2079 1039 2104; x_wconf 74' lang='lat' dir='ltr'>destinatus.</span> 
     </span>
     <span class='ocr_line' id='line_1_48' title="bbox 200 2117 1040 2155; baseline 0.001 -10"><span class='ocrx_word' id='word_1_411' title='bbox 200 2119 242 2145; x_wconf 90' lang='lat' dir='ltr'><em>III.</em></span> <span class='ocrx_word' id='word_1_412' title='bbox 264 2120 329 2146; x_wconf 75' lang='lat' dir='ltr'>Cn.</span> <span class='ocrx_word' id='word_1_413' title='bbox 358 2117 540 2144; x_wconf 83' lang='lat' dir='ltr'>Sacratissilna</span> <span class='ocrx_word' id='word_1_414' title='bbox 560 2123 637 2155; x_wconf 79' lang='lat' dir='ltr'>atque</span> <span class='ocrx_word' id='word_1_415' title='bbox 663 2130 754 2145; x_wconf 88' lang='lat' dir='ltr'>arcana</span> <span class='ocrx_word' id='word_1_416' title='bbox 778 2130 853 2151; x_wconf 78' lang='lat' dir='ltr'>vasa,</span> <span class='ocrx_word' id='word_1_417' title='bbox 877 2120 919 2146; x_wconf 82' lang='lat' dir='ltr'>vel</span> <span class='ocrx_word' id='word_1_418' title='bbox 942 2125 1040 2152; x_wconf 74' lang='lat' dir='ltr'>vestes,</span> 
     </span>
     <span class='ocr_line' id='line_1_49' title="bbox 202 2160 1041 2199; baseline 0.002 -12"><span class='ocrx_word' id='word_1_419' title='bbox 202 2166 356 2197; x_wconf 80' lang='lat' dir='ltr'>caeteraque</span> <span class='ocrx_word' id='word_1_420' title='bbox 375 2160 491 2193; x_wconf 79' lang='lat' dir='ltr'>donaria,</span> <span class='ocrx_word' id='word_1_421' title='bbox 512 2172 577 2197; x_wconf 86' lang='lat' dir='ltr'>quae</span> <span class='ocrx_word' id='word_1_422' title='bbox 597 2162 628 2188; x_wconf 87' lang='lat' dir='ltr'>ad</span> <span class='ocrx_word' id='word_1_423' title='bbox 648 2162 761 2189; x_wconf 85' lang='lat' dir='ltr'>divinam</span> <span class='ocrx_word' id='word_1_424' title='bbox 781 2163 933 2199; x_wconf 78' lang='lat' dir='ltr'>religionem</span> <span class='ocrx_word' id='word_1_425' title='bbox 952 2173 1041 2189; x_wconf 89' lang='lat' dir='ltr'>neces-</span> 
     </span>
     <span class='ocr_line' id='line_1_50' title="bbox 202 2203 780 2232; baseline 0.003 -2"><span class='ocrx_word' id='word_1_426' title='bbox 202 2205 269 2230; x_wconf 85' lang='lat' dir='ltr'>saria</span> <span class='ocrx_word' id='word_1_427' title='bbox 287 2208 356 2230; x_wconf 90' lang='lat' dir='ltr'>suut.</span> <span class='ocrx_word' id='word_1_428' title='bbox 377 2214 397 2230; x_wconf 88' lang='lat' dir='ltr'>c.</span> <span class='ocrx_word' id='word_1_429' title='bbox 417 2206 458 2230; x_wconf 84' lang='grc'>21.</span> <span class='ocrx_word' id='word_1_430' title='bbox 479 2203 511 2230; x_wconf 85' lang='lat' dir='ltr'>de</span> <span class='ocrx_word' id='word_1_431' title='bbox 531 2204 579 2231; x_wconf 85' lang='lat' dir='ltr'>SS.</span> <span class='ocrx_word' id='word_1_432' title='bbox 600 2205 693 2232; x_wconf 85' lang='lat' dir='ltr'>eccles.</span> <span class='ocrx_word' id='word_1_433' title='bbox 715 2207 736 2231; x_wconf 93' lang='lat'>1.</span> <span class='ocrx_word' id='word_1_434' title='bbox 756 2208 780 2232; x_wconf 78' lang='lat'>2.</span> 
     </span>
    </p>
   </div>
   <div class='ocr_carea' id='block_1_20' title="bbox 196 2254 1041 2635">
    <p class='ocr_par' dir='ltr' id='par_1_20' title="bbox 196 2254 1041 2635">
     <span class='ocr_line' id='line_1_51' title="bbox 236 2254 1041 2291; baseline 0.005 -11"><span class='ocrx_word' id='word_1_435' title='bbox 236 2255 427 2281; x_wconf 78' lang='lat' dir='ltr'>Arcarius.</span> <span class='ocrx_word' id='word_1_436' title='bbox 457 2254 574 2288; x_wconf 81' lang='lat' dir='ltr'>(Subst.)</span> <span class='ocrx_word' id='word_1_437' title='bbox 606 2257 709 2282; x_wconf 78' lang='lat' dir='ltr'>Areae</span> <span class='ocrx_word' id='word_1_438' title='bbox 728 2258 930 2283; x_wconf 77' lang='lat' dir='ltr'>nummariae</span> <span class='ocrx_word' id='word_1_439' title='bbox 946 2267 1041 2291; x_wconf 85' lang='lat' dir='ltr'>prae-</span> 
     </span>
     <span class='ocr_line' id='line_1_52' title="bbox 196 2296 1040 2332; baseline 0.005 -10"><span class='ocrx_word' id='word_1_440' title='bbox 196 2297 315 2332; x_wconf 75' lang='lat' dir='ltr'>fectus.</span> <span class='ocrx_word' id='word_1_441' title='bbox 351 2296 394 2323; x_wconf 92' lang='grc'>111.</span> <span class='ocrx_word' id='word_1_442' title='bbox 410 2298 474 2324; x_wconf 73' lang='grc' dir='ltr'>(7η.</span> <span class='ocrx_word' id='word_1_443' title='bbox 498 2297 568 2324; x_wconf 87' lang='lat' dir='ltr'>luter</span> <span class='ocrx_word' id='word_1_444' title='bbox 587 2298 685 2324; x_wconf 84' lang='lat' dir='ltr'>urbana</span> <span class='ocrx_word' id='word_1_445' title='bbox 704 2300 847 2325; x_wconf 81' lang='lat' dir='ltr'>ministeria</span> <span class='ocrx_word' id='word_1_446' title='bbox 867 2301 1040 2332; x_wconf 72' lang='lat' dir='ltr'>continentur,</span> 
     </span>
     <span class='ocr_line' id='line_1_53' title="bbox 201 2338 1041 2375; baseline 0.006 -11"><span class='ocrx_word' id='word_1_447' title='bbox 201 2340 264 2365; x_wconf 86' lang='lat' dir='ltr'>item</span> <span class='ocrx_word' id='word_1_448' title='bbox 283 2338 468 2369; x_wconf 76' lang='lat' dir='ltr'>obsonatores..</span> <span class='ocrx_word' id='word_1_449' title='bbox 489 2345 514 2367; x_wconf 84' lang='lat' dir='ltr'>et</span> <span class='ocrx_word' id='word_1_450' title='bbox 532 2342 662 2373; x_wconf 76' lang='lat' dir='ltr'>vestiarii,</span> <span class='ocrx_word' id='word_1_451' title='bbox 683 2346 708 2367; x_wconf 89' lang='lat' dir='ltr'>et</span> <span class='ocrx_word' id='word_1_452' title='bbox 727 2341 866 2375; x_wconf 71' lang='lat' dir='ltr'>cellararii,</span> <span class='ocrx_word' id='word_1_453' title='bbox 893 2348 918 2369; x_wconf 83' lang='lat' dir='ltr'>et</span> <span class='ocrx_word' id='word_1_454' title='bbox 937 2343 1041 2369; x_wconf 91' lang='lat' dir='ltr'>cubicu-</span> 
     </span>
     <span class='ocr_line' id='line_1_54' title="bbox 202 2381 1039 2419; baseline 0.006 -12"><span class='ocrx_word' id='word_1_455' title='bbox 202 2381 272 2413; x_wconf 77' lang='lat' dir='ltr'>larii,</span> <span class='ocrx_word' id='word_1_456' title='bbox 293 2386 318 2407; x_wconf 73' lang='lat' dir='ltr'>et.</span> <span class='ocrx_word' id='word_1_457' title='bbox 336 2384 426 2409; x_wconf 84' lang='lat' dir='ltr'>arcarii</span> <span class='ocrx_word' id='word_1_458' title='bbox 446 2388 494 2410; x_wconf 88' lang='lat' dir='ltr'>etc.</span> <span class='ocrx_word' id='word_1_459' title='bbox 523 2383 595 2410; x_wconf 83' lang='lat' dir='ltr'>Paul.</span> <span class='ocrx_word' id='word_1_460' title='bbox 610 2384 651 2410; x_wconf 83' lang='lat' dir='ltr'>IH.</span> <span class='ocrx_word' id='word_1_461' title='bbox 671 2386 694 2411; x_wconf 87' lang='lat'>6.</span> <span class='ocrx_word' id='word_1_462' title='bbox 715 2385 736 2418; x_wconf 90' lang='lat'>3.</span> <span class='ocrx_word' id='word_1_463' title='bbox 752 2386 792 2411; x_wconf 79' lang='lat'>72.</span> <span class='ocrx_word' id='word_1_464' title='bbox 813 2385 844 2412; x_wconf 81' lang='lat' dir='ltr'>cf.</span> <span class='ocrx_word' id='word_1_465' title='bbox 864 2385 894 2412; x_wconf 91' lang='lat' dir='ltr'>fr.</span> <span class='ocrx_word' id='word_1_466' title='bbox 909 2387 950 2412; x_wconf 83' lang='lat'>41.</span> <span class='ocrx_word' id='word_1_467' title='bbox 965 2387 1039 2419; x_wconf 80' lang='lat'><em>317.</em></span> 
     </span>
     <span class='ocr_line' id='line_1_55' title="bbox 203 2424 1039 2465; baseline 0.005 -14"><span class='ocrx_word' id='word_1_468' title='bbox 203 2424 235 2451; x_wconf 77' lang='lat' dir='ltr'>de</span> <span class='ocrx_word' id='word_1_469' title='bbox 254 2425 339 2451; x_wconf 82' lang='lat' dir='ltr'>ssdeic.</span> <span class='ocrx_word' id='word_1_470' title='bbox 359 2424 422 2452; x_wconf 86' lang='lat' dir='ltr'>libb.</span> <span class='ocrx_word' id='word_1_471' title='bbox 442 2427 483 2453; x_wconf 89' lang='lat'>40.</span> <span class='ocrx_word' id='word_1_472' title='bbox 503 2428 527 2453; x_wconf 89' lang='lat'><em>5.</em></span> <span class='ocrx_word' id='word_1_473' title='bbox 564 2427 666 2453; x_wconf 86' lang='lat' dir='ltr'>Arcarii</span> <span class='ocrx_word' id='word_1_474' title='bbox 686 2427 853 2460; x_wconf 71' lang='lat' dir='ltr'>Caesariani,</span> <span class='ocrx_word' id='word_1_475' title='bbox 873 2430 918 2465; x_wconf 83' lang='lat' dir='ltr'>qui</span> <span class='ocrx_word' id='word_1_476' title='bbox 936 2430 963 2455; x_wconf 87' lang='lat' dir='ltr'>in</span> <span class='ocrx_word' id='word_1_477' title='bbox 983 2429 1039 2455; x_wconf 86' lang='lat' dir='ltr'>l&#39;oro</span> 
     </span>
     <span class='ocr_line' id='line_1_56' title="bbox 203 2467 1039 2504; baseline 0.007 -12"><span class='ocrx_word' id='word_1_478' title='bbox 203 2467 308 2493; x_wconf 84' lang='lat' dir='ltr'>Traiani</span> <span class='ocrx_word' id='word_1_479' title='bbox 326 2467 425 2494; x_wconf 75' lang='lat' dir='ltr'>habent</span> <span class='ocrx_word' id='word_1_480' title='bbox 442 2470 577 2496; x_wconf 83' lang='lat' dir='ltr'>stationes.</span> <span class='ocrx_word' id='word_1_481' title='bbox 603 2470 687 2497; x_wconf 64' lang='lat' dir='ltr'>Vatic.</span> <span class='ocrx_word' id='word_1_482' title='bbox 707 2471 729 2504; x_wconf 93' lang='lat'>3.</span> <span class='ocrx_word' id='word_1_483' title='bbox 751 2472 808 2497; x_wconf 86' lang='grc'>134.</span> <span class='ocrx_word' id='word_1_484' title='bbox 845 2471 978 2501; x_wconf 77' lang='lat' dir='ltr'>Arcarius.</span> <span class='ocrx_word' id='word_1_485' title='bbox 997 2472 1039 2498; x_wconf 74' lang='lat' dir='ltr'>vel</span> 
     </span>
     <span class='ocr_line' id='line_1_57' title="bbox 202 2510 1039 2547; baseline 0.007 -12"><span class='ocrx_word' id='word_1_486' title='bbox 202 2515 348 2547; x_wconf 81' lang='lat' dir='ltr'>susceptor.</span> <span class='ocrx_word' id='word_1_487' title='bbox 377 2510 528 2544; x_wconf 69' lang='lat' dir='ltr'>Exactores,</span> <span class='ocrx_word' id='word_1_488' title='bbox 548 2512 678 2544; x_wconf 73' lang='lat' dir='ltr'>tabularii.</span> <span class='ocrx_word' id='word_1_489' title='bbox 697 2515 796 2545; x_wconf 74' lang='lat' dir='ltr'>arcarii,</span> <span class='ocrx_word' id='word_1_490' title='bbox 811 2514 896 2540; x_wconf 82' lang='lat' dir='ltr'>officia</span> <span class='ocrx_word' id='word_1_491' title='bbox 911 2516 1039 2541; x_wconf 87' lang='lat' dir='ltr'>rationum</span> 
     </span>
     <span class='ocr_line' id='line_1_58' title="bbox 203 2552 1037 2594; baseline 0.007 -16"><span class='ocrx_word' id='word_1_492' title='bbox 203 2558 250 2579; x_wconf 82' lang='lat' dir='ltr'>etc.</span> <span class='ocrx_word' id='word_1_493' title='bbox 280 2552 329 2579; x_wconf 87' lang='lat' dir='ltr'>Th.</span> <span class='ocrx_word' id='word_1_494' title='bbox 350 2553 380 2580; x_wconf 89' lang='lat' dir='ltr'>C.</span> <span class='ocrx_word' id='word_1_495' title='bbox 401 2554 457 2580; x_wconf 79' lang='lat' dir='ltr'><em>XII.</em></span> <span class='ocrx_word' id='word_1_496' title='bbox 477 2556 500 2581; x_wconf 84' lang='lat' dir='ltr'>G.</span> <span class='ocrx_word' id='word_1_497' title='bbox 525 2566 546 2582; x_wconf 88' lang='lat' dir='ltr'>c.</span> <span class='ocrx_word' id='word_1_498' title='bbox 566 2558 607 2582; x_wconf 86' lang='grc'>32.</span> <span class='ocrx_word' id='word_1_499' title='bbox 627 2566 666 2593; x_wconf 84' lang='lat' dir='ltr'>pr.</span> <span class='ocrx_word' id='word_1_500' title='bbox 693 2557 714 2590; x_wconf 92' lang='lat'>3.</span> <span class='ocrx_word' id='word_1_501' title='bbox 735 2559 757 2583; x_wconf 96' lang='lat'>1.</span> <span class='ocrx_word' id='word_1_502' title='bbox 778 2557 810 2583; x_wconf 82' lang='lat' dir='ltr'>de</span> <span class='ocrx_word' id='word_1_503' title='bbox 830 2562 976 2594; x_wconf 82' lang='lat' dir='ltr'>susceptor.</span> <span class='ocrx_word' id='word_1_504' title='bbox 1004 2558 1037 2584; x_wconf 84' lang='lat' dir='ltr'>X.</span> 
     </span>
     <span class='ocr_line' id='line_1_59' title="bbox 201 2596 665 2635; baseline 0.006 -13"><span class='ocrx_word' id='word_1_505' title='bbox 201 2598 242 2622; x_wconf 74' lang='lat'>24.</span> <span class='ocrx_word' id='word_1_506' title='bbox 263 2606 284 2622; x_wconf 92' lang='lat' dir='ltr'>c.</span> <span class='ocrx_word' id='word_1_507' title='bbox 305 2597 327 2622; x_wconf 94' lang='lat' dir='ltr'>l.</span> <span class='ocrx_word' id='word_1_508' title='bbox 348 2596 380 2623; x_wconf 79' lang='lat' dir='ltr'>de</span> <span class='ocrx_word' id='word_1_509' title='bbox 399 2596 423 2623; x_wconf 92' lang='lat' dir='ltr'>h.</span> <span class='ocrx_word' id='word_1_510' title='bbox 445 2607 486 2633; x_wconf 87' lang='lat' dir='ltr'>qu.</span> <span class='ocrx_word' id='word_1_511' title='bbox 507 2607 528 2624; x_wconf 91' lang='lat' dir='ltr'>c.</span> <span class='ocrx_word' id='word_1_512' title='bbox 549 2598 665 2635; x_wconf 75' lang='lat' dir='ltr'>dispens.</span> 
     </span>
    </p>
   </div>
   <div class='ocr_carea' id='block_1_21' title="bbox 201 2647 1038 2770">
    <p class='ocr_par' dir='ltr' id='par_1_21' title="bbox 201 2647 1038 2770">
     <span class='ocr_line' id='line_1_60' title="bbox 236 2647 1037 2681; baseline 0.006 -8"><span class='ocrx_word' id='word_1_513' title='bbox 236 2647 428 2674; x_wconf 68' lang='lat' dir='ltr'>Art-arius.</span> <span class='ocrx_word' id='word_1_514' title='bbox 458 2647 594 2681; x_wconf 80' lang='lat' dir='ltr'>(Adieet.)</span> <span class='ocrx_word' id='word_1_515' title='bbox 632 2652 678 2676; x_wconf 68' lang='lat' dir='ltr'>Ad</span> <span class='ocrx_word' id='word_1_516' title='bbox 695 2660 803 2677; x_wconf 84' lang='lat' dir='ltr'>arcam</span> <span class='ocrx_word' id='word_1_517' title='bbox 823 2653 1037 2678; x_wconf 73' lang='lat' dir='ltr'>nummariam</span> 
     </span>
     <span class='ocr_line' id='line_1_61' title="bbox 201 2689 1038 2729; baseline 0.006 -14"><span class='ocrx_word' id='word_1_518' title='bbox 201 2696 358 2723; x_wconf 71' lang='lat' dir='ltr'>spectans.</span> <span class='ocrx_word' id='word_1_519' title='bbox 400 2689 430 2716; x_wconf 93' lang='lat' dir='ltr'>II.</span> <span class='ocrx_word' id='word_1_520' title='bbox 456 2692 522 2724; x_wconf 75' lang='lat' dir='ltr'>Op.</span> <span class='ocrx_word' id='word_1_521' title='bbox 556 2690 773 2729; x_wconf 63' lang='lat' dir='ltr'>Transmipticia,</span> <span class='ocrx_word' id='word_1_522' title='bbox 793 2709 825 2712; x_wconf 98' lang='lat'><strong>—</strong></span> <span class='ocrx_word' id='word_1_523' title='bbox 849 2694 956 2720; x_wconf 85' lang='lat' dir='ltr'>Arcaria</span> <span class='ocrx_word' id='word_1_524' title='bbox 976 2695 1038 2727; x_wconf 92' lang='lat' dir='ltr'>(no-</span> 
     </span>
     <span class='ocr_line' id='line_1_62' title="bbox 201 2732 599 2770; baseline 0.003 -12"><span class='ocrx_word' id='word_1_525' title='bbox 201 2733 294 2765; x_wconf 82' lang='lat' dir='ltr'>mina).</span> <span class='ocrx_word' id='word_1_526' title='bbox 325 2732 380 2758; x_wconf 71' lang='lat' dir='ltr'><em>Gai.</em></span> <span class='ocrx_word' id='word_1_527' title='bbox 400 2732 443 2759; x_wconf 90' lang='lat' dir='ltr'><em>III.</em></span> <span class='ocrx_word' id='word_1_528' title='bbox 464 2735 521 2760; x_wconf 63' lang='lat'><em>1223.</em></span> <span class='ocrx_word' id='word_1_529' title='bbox 542 2743 599 2770; x_wconf 86' lang='lat' dir='ltr'><em>sqq.</em></span> 
     </span>
    </p>
   </div>
   <div class='ocr_carea' id='block_1_22' title="bbox 202 2781 1038 2861">
    <p class='ocr_par' dir='ltr' id='par_1_22' title="bbox 202 2781 1038 2861">
     <span class='ocr_line' id='line_1_63' title="bbox 237 2781 1037 2811; baseline 0.008 -6"><span class='ocrx_word' id='word_1_530' title='bbox 237 2781 392 2806; x_wconf 72' lang='lat' dir='ltr'>Arcera.</span> <span class='ocrx_word' id='word_1_531' title='bbox 431 2781 536 2806; x_wconf 76' lang='lat' dir='ltr'>Genus</span> <span class='ocrx_word' id='word_1_532' title='bbox 562 2782 702 2808; x_wconf 76' lang='lat' dir='ltr'>vehiculi</span> <span class='ocrx_word' id='word_1_533' title='bbox 724 2785 811 2809; x_wconf 79' lang='lat' dir='ltr'>lecti.</span> <span class='ocrx_word' id='word_1_534' title='bbox 848 2782 977 2811; x_wconf 65' lang='lat' dir='ltr'><em>III-(711.</em></span> <span class='ocrx_word' id='word_1_535' title='bbox 1009 2783 1037 2810; x_wconf 86' lang='lat' dir='ltr'>Si</span> 
     </span>
     <span class='ocr_line' id='line_1_64' title="bbox 202 2821 1038 2861; baseline 0.006 -13"><span class='ocrx_word' id='word_1_536' title='bbox 202 2821 309 2849; x_wconf 85' lang='lat' dir='ltr'>morbus</span> <span class='ocrx_word' id='word_1_537' title='bbox 328 2823 460 2849; x_wconf 79' lang='lat' dir='ltr'>aevitasve</span> <span class='ocrx_word' id='word_1_538' title='bbox 478 2824 571 2850; x_wconf 82' lang='lat' dir='ltr'>vitium</span> <span class='ocrx_word' id='word_1_539' title='bbox 590 2825 667 2855; x_wconf 79' lang='lat' dir='ltr'>escit.</span> <span class='ocrx_word' id='word_1_540' title='bbox 694 2825 737 2861; x_wconf 84' lang='lat' dir='ltr'>qui</span> <span class='ocrx_word' id='word_1_541' title='bbox 757 2826 783 2852; x_wconf 89' lang='lat' dir='ltr'>iu</span> <span class='ocrx_word' id='word_1_542' title='bbox 802 2827 842 2852; x_wconf 89' lang='lat' dir='ltr'>ius</span> <span class='ocrx_word' id='word_1_543' title='bbox 861 2826 980 2859; x_wconf 72' lang='lat' dir='ltr'>vocabit.</span> <span class='ocrx_word' id='word_1_544' title='bbox 1001 2827 1038 2853; x_wconf 88' lang='lat' dir='ltr'>iu-</span> 
     </span>
    </p>
   </div>
   <div class='ocr_carea' id='block_1_23' title="bbox 1889 171 1929 200">
    <p class='ocr_par' dir='ltr' id='par_1_23' title="bbox 1889 171 1929 200">
     <span class='ocr_line' id='line_1_65' title="bbox 1889 171 1929 200; baseline -0.025 0"><span class='ocrx_word' id='word_1_545' title='bbox 1889 171 1929 200; x_wconf 84' lang='lat'>79</span> 
     </span>
    </p>
   </div>
   <div class='ocr_carea' id='block_1_24' title="bbox 1064 249 1928 717">
    <p class='ocr_par' dir='ltr' id='par_1_24' title="bbox 1065 249 1925 318">
     <span class='ocr_line' id='line_1_66' title="bbox 1088 249 1925 281; baseline 0.002 -6"><span class='ocrx_word' id='word_1_546' title='bbox 1088 254 1202 275; x_wconf 89' lang='lat' dir='ltr'>mentum</span> <span class='ocrx_word' id='word_1_547' title='bbox 1222 249 1297 281; x_wconf 75' lang='lat' dir='ltr'>dat03</span> <span class='ocrx_word' id='word_1_548' title='bbox 1321 251 1343 276; x_wconf 91' lang='lat' dir='ltr'>si</span> <span class='ocrx_word' id='word_1_549' title='bbox 1368 250 1454 279; x_wconf 83' lang='lat' dir='ltr'>nolet.</span> <span class='ocrx_word' id='word_1_550' title='bbox 1475 261 1590 277; x_wconf 75' lang='lat' dir='ltr'>arceram</span> <span class='ocrx_word' id='word_1_551' title='bbox 1615 261 1646 276; x_wconf 81' lang='lat' dir='ltr'>ne</span> <span class='ocrx_word' id='word_1_552' title='bbox 1665 252 1784 276; x_wconf 74' lang='lat' dir='ltr'>sternito.</span> <span class='ocrx_word' id='word_1_553' title='bbox 1821 250 1850 277; x_wconf 89' lang='lat' dir='ltr'>L.</span> <span class='ocrx_word' id='word_1_554' title='bbox 1869 251 1925 277; x_wconf 77' lang='lat' dir='ltr'><em>Xll.</em></span> 
     </span>
     <span class='ocr_line' id='line_1_67' title="bbox 1065 283 1253 318; baseline 0 0"><span class='ocrx_word' id='word_1_555' title='bbox 1065 283 1066 295; x_wconf 73' lang='grc'>1</span> <span class='ocrx_word' id='word_1_556' title='bbox 1089 291 1171 318; x_wconf 58' lang='lat' dir='ltr'><em>Tam).</em></span> <span class='ocrx_word' id='word_1_557' title='bbox 1192 292 1210 318; x_wconf 94' lang='lat'>1.</span> <span class='ocrx_word' id='word_1_558' title='bbox 1230 294 1253 318; x_wconf 83' lang='lat'>3.</span> 
     </span>
    </p>

    <p class='ocr_par' dir='ltr' id='par_1_25' title="bbox 1064 335 1928 717">
     <span class='ocr_line' id='line_1_68' title="bbox 1121 335 1927 370; baseline -0.001 -8"><span class='ocrx_word' id='word_1_559' title='bbox 1121 337 1274 362; x_wconf 69' lang='lat' dir='ltr'>Arcere.</span> <span class='ocrx_word' id='word_1_560' title='bbox 1305 338 1495 365; x_wconf 76' lang='lat' dir='ltr'>Prohibere.</span> <span class='ocrx_word' id='word_1_561' title='bbox 1516 339 1679 364; x_wconf 79' lang='lat' dir='ltr'>Avertere.</span> <span class='ocrx_word' id='word_1_562' title='bbox 1711 336 1806 370; x_wconf 72' lang='lat' dir='ltr'><em>[Sy.</em></span> <span class='ocrx_word' id='word_1_563' title='bbox 1839 335 1927 362; x_wconf 85' lang='lat' dir='ltr'>I’rohi-</span> 
     </span>
     <span class='ocr_line' id='line_1_69' title="bbox 1088 377 1924 416; baseline 0.001 -12"><span class='ocrx_word' id='word_1_564' title='bbox 1088 378 1156 404; x_wconf 86' lang='lat' dir='ltr'>bere.</span> <span class='ocrx_word' id='word_1_565' title='bbox 1186 377 1269 405; x_wconf 86' lang='lat' dir='ltr'>Vatic.</span> <span class='ocrx_word' id='word_1_566' title='bbox 1290 379 1326 412; x_wconf 95' lang='lat'>33.</span> <span class='ocrx_word' id='word_1_567' title='bbox 1343 380 1401 405; x_wconf 72' lang='lat'><em>323.</em></span> <span class='ocrx_word' id='word_1_568' title='bbox 1417 390 1456 416; x_wconf 83' lang='lat' dir='ltr'>sq.</span> <span class='ocrx_word' id='word_1_569' title='bbox 1472 380 1500 406; x_wconf 82' lang='lat' dir='ltr'>t&#39;r.</span> <span class='ocrx_word' id='word_1_570' title='bbox 1514 382 1536 406; x_wconf 94' lang='lat'>1.</span> <span class='ocrx_word' id='word_1_571' title='bbox 1551 380 1622 413; x_wconf 68' lang='lat'><em>331.</em></span> <span class='ocrx_word' id='word_1_572' title='bbox 1635 389 1673 415; x_wconf 83' lang='lat' dir='ltr'>sq.</span> <span class='ocrx_word' id='word_1_573' title='bbox 1688 381 1711 405; x_wconf 81' lang='grc'>4.</span> <span class='ocrx_word' id='word_1_574' title='bbox 1723 389 1761 415; x_wconf 81' lang='lat' dir='ltr'>sq.</span> <span class='ocrx_word' id='word_1_575' title='bbox 1783 389 1814 405; x_wconf 86' lang='lat' dir='ltr'>ne</span> <span class='ocrx_word' id='word_1_576' title='bbox 1828 380 1868 405; x_wconf 84' lang='lat' dir='ltr'>vis</span> <span class='ocrx_word' id='word_1_577' title='bbox 1882 380 1924 405; x_wconf 85' lang='lat' dir='ltr'>fiat</span> 
     </span>
     <span class='ocr_line' id='line_1_70' title="bbox 1065 419 1925 458; baseline 0.001 -12"><span class='ocrx_word' id='word_1_578' title='bbox 1065 419 1066 440; x_wconf 58' lang='grc' dir='ltr'><strong>ἶ</strong></span> <span class='ocrx_word' id='word_1_579' title='bbox 1088 422 1118 447; x_wconf 87' lang='lat' dir='ltr'>ei.</span> <span class='ocrx_word' id='word_1_580' title='bbox 1138 423 1179 447; x_wconf 85' lang='lat'>43.</span> <span class='ocrx_word' id='word_1_581' title='bbox 1200 422 1223 447; x_wconf 89' lang='lat'>4.</span> <span class='ocrx_word' id='word_1_582' title='bbox 1243 421 1272 447; x_wconf 84' lang='lat' dir='ltr'>fr.</span> <span class='ocrx_word' id='word_1_583' title='bbox 1294 423 1315 447; x_wconf 90' lang='lat'>7.</span> <span class='ocrx_word' id='word_1_584' title='bbox 1336 422 1357 455; x_wconf 89' lang='lat'>3.</span> <span class='ocrx_word' id='word_1_585' title='bbox 1378 424 1419 448; x_wconf 86' lang='grc'>22.</span> <span class='ocrx_word' id='word_1_586' title='bbox 1445 423 1474 449; x_wconf 78' lang='lat' dir='ltr'>t&#39;r.</span> <span class='ocrx_word' id='word_1_587' title='bbox 1494 426 1517 449; x_wconf 66' lang='lat' dir='ltr'>S.</span> <span class='ocrx_word' id='word_1_588' title='bbox 1544 423 1575 449; x_wconf 85' lang='lat' dir='ltr'>de</span> <span class='ocrx_word' id='word_1_589' title='bbox 1595 422 1688 448; x_wconf 83' lang='lat' dir='ltr'>interd.</span> <span class='ocrx_word' id='word_1_590' title='bbox 1710 427 1735 448; x_wconf 86' lang='lat' dir='ltr'>et</span> <span class='ocrx_word' id='word_1_591' title='bbox 1755 422 1858 458; x_wconf 68' lang='lat' dir='ltr'>relegat.</span> <span class='ocrx_word' id='word_1_592' title='bbox 1884 424 1925 448; x_wconf 73' lang='grc'>48.</span> 
     </span>
     <span class='ocr_line' id='line_1_71' title="bbox 1065 464 1924 502; baseline 0 -12"><span class='ocrx_word' id='word_1_593' title='bbox 1065 499 1066 502; x_wconf 17' lang='lat'>¹</span> <span class='ocrx_word' id='word_1_594' title='bbox 1087 466 1127 490; x_wconf 75' lang='grc'>22.</span> <span class='ocrx_word' id='word_1_595' title='bbox 1165 464 1303 500; x_wconf 76' lang='lat' dir='ltr'>Relcgare.</span> <span class='ocrx_word' id='word_1_596' title='bbox 1323 465 1479 491; x_wconf 67' lang='lat' dir='ltr'>Excludere.</span> <span class='ocrx_word' id='word_1_597' title='bbox 1500 465 1529 492; x_wconf 79' lang='lat' dir='ltr'>fr.</span> <span class='ocrx_word' id='word_1_598' title='bbox 1547 468 1567 492; x_wconf 96' lang='lat' dir='ltr'>l.</span> <span class='ocrx_word' id='word_1_599' title='bbox 1588 466 1609 499; x_wconf 86' lang='lat'>3.</span> <span class='ocrx_word' id='word_1_600' title='bbox 1623 467 1647 492; x_wconf 86' lang='grc'>2,</span> <span class='ocrx_word' id='word_1_601' title='bbox 1667 465 1720 491; x_wconf 90' lang='lat' dir='ltr'>nih.</span> <span class='ocrx_word' id='word_1_602' title='bbox 1741 466 1828 491; x_wconf 82' lang='lat' dir='ltr'>innov.</span> <span class='ocrx_word' id='word_1_603' title='bbox 1849 466 1889 491; x_wconf 83' lang='lat'>49.</span> <span class='ocrx_word' id='word_1_604' title='bbox 1902 466 1924 490; x_wconf 93' lang='lat'>7.</span> 
     </span>
     <span class='ocr_line' id='line_1_72' title="bbox 1064 506 1926 541; baseline 0.001 -9"><span class='ocrx_word' id='word_1_605' title='bbox 1064 507 1066 518; x_wconf 67' lang='lat'>&#39;¹</span> <span class='ocrx_word' id='word_1_606' title='bbox 1088 506 1117 533; x_wconf 82' lang='lat' dir='ltr'>fr.</span> <span class='ocrx_word' id='word_1_607' title='bbox 1137 509 1178 533; x_wconf 86' lang='grc'>27.</span> <span class='ocrx_word' id='word_1_608' title='bbox 1199 508 1221 541; x_wconf 90' lang='lat'>3.</span> <span class='ocrx_word' id='word_1_609' title='bbox 1240 509 1263 533; x_wconf 89' lang='lat'>3.</span> <span class='ocrx_word' id='word_1_610' title='bbox 1285 507 1316 533; x_wconf 85' lang='lat' dir='ltr'>ad</span> <span class='ocrx_word' id='word_1_611' title='bbox 1337 509 1432 534; x_wconf 87' lang='lat' dir='ltr'>munic.</span> <span class='ocrx_word' id='word_1_612' title='bbox 1452 511 1493 534; x_wconf 90' lang='lat'>50.</span> <span class='ocrx_word' id='word_1_613' title='bbox 1516 511 1536 535; x_wconf 95' lang='lat'>1.</span> <span class='ocrx_word' id='word_1_614' title='bbox 1567 508 1616 535; x_wconf 88' lang='lat' dir='ltr'>Th.</span> <span class='ocrx_word' id='word_1_615' title='bbox 1633 508 1663 535; x_wconf 83' lang='lat' dir='ltr'>C.</span> <span class='ocrx_word' id='word_1_616' title='bbox 1683 508 1727 534; x_wconf 69' lang='lat' dir='ltr'>IV.</span> <span class='ocrx_word' id='word_1_617' title='bbox 1750 510 1788 534; x_wconf 91' lang='lat'>15.</span> <span class='ocrx_word' id='word_1_618' title='bbox 1810 519 1830 534; x_wconf 86' lang='lat' dir='ltr'>c.</span> <span class='ocrx_word' id='word_1_619' title='bbox 1852 510 1873 534; x_wconf 94' lang='lat'>1.</span> <span class='ocrx_word' id='word_1_620' title='bbox 1895 507 1926 533; x_wconf 89' lang='lat' dir='ltr'>de</span> 
     </span>
     <span class='ocr_line' id='line_1_73' title="bbox 1088 551 1926 587; baseline 0.001 -12"><span class='ocrx_word' id='word_1_621' title='bbox 1088 551 1194 586; x_wconf 81' lang='lat' dir='ltr'>quinqu.</span> <span class='ocrx_word' id='word_1_622' title='bbox 1214 561 1321 587; x_wconf 85' lang='lat' dir='ltr'>praescr</span> <span class='ocrx_word' id='word_1_623' title='bbox 1365 551 1407 577; x_wconf 90' lang='grc'>111.</span> <span class='ocrx_word' id='word_1_624' title='bbox 1434 553 1499 578; x_wconf 67' lang='grc' dir='ltr'>(Ἶι.</span> <span class='ocrx_word' id='word_1_625' title='bbox 1532 551 1634 587; x_wconf 76' lang='lat' dir='ltr'>Aquam</span> <span class='ocrx_word' id='word_1_626' title='bbox 1658 561 1758 583; x_wconf 77' lang='lat' dir='ltr'>arcere,</span> <span class='ocrx_word' id='word_1_627' title='bbox 1785 551 1835 577; x_wconf 88' lang='lat' dir='ltr'>hoc</span> <span class='ocrx_word' id='word_1_628' title='bbox 1855 561 1926 578; x_wconf 87' lang='lat' dir='ltr'>esse.</span> 
     </span>
     <span class='ocr_line' id='line_1_74' title="bbox 1064 593 1928 631; baseline 0 -12"><span class='ocrx_word' id='word_1_629' title='bbox 1064 599 1066 605; x_wconf 59' lang='lat'><em>¹</em></span> <span class='ocrx_word' id='word_1_630' title='bbox 1088 603 1177 619; x_wconf 86' lang='lat' dir='ltr'>curare</span> <span class='ocrx_word' id='word_1_631' title='bbox 1197 604 1228 620; x_wconf 76' lang='lat' dir='ltr'>ne</span> <span class='ocrx_word' id='word_1_632' title='bbox 1247 594 1346 620; x_wconf 78' lang='lat' dir='ltr'>influat.</span> <span class='ocrx_word' id='word_1_633' title='bbox 1376 594 1406 620; x_wconf 80' lang='lat' dir='ltr'>sr.</span> <span class='ocrx_word' id='word_1_634' title='bbox 1426 596 1450 620; x_wconf 77' lang='grc'>2.</span> <span class='ocrx_word' id='word_1_635' title='bbox 1470 595 1491 627; x_wconf 90' lang='lat'>3.</span> <span class='ocrx_word' id='word_1_636' title='bbox 1513 596 1536 620; x_wconf 87' lang='lat'>9.</span> <span class='ocrx_word' id='word_1_637' title='bbox 1562 594 1592 620; x_wconf 85' lang='lat' dir='ltr'>cf.</span> <span class='ocrx_word' id='word_1_638' title='bbox 1614 594 1643 620; x_wconf 72' lang='lat' dir='ltr'>l&#39;r.</span> <span class='ocrx_word' id='word_1_639' title='bbox 1666 597 1687 620; x_wconf 97' lang='lat' dir='ltr'>l.</span> <span class='ocrx_word' id='word_1_640' title='bbox 1707 604 1745 631; x_wconf 89' lang='lat' dir='ltr'>pr.</span> <span class='ocrx_word' id='word_1_641' title='bbox 1766 593 1798 620; x_wconf 86' lang='lat' dir='ltr'>de.</span> <span class='ocrx_word' id='word_1_642' title='bbox 1818 603 1883 629; x_wconf 85' lang='lat' dir='ltr'>aqua</span> <span class='ocrx_word' id='word_1_643' title='bbox 1902 598 1928 619; x_wconf 80' lang='lat' dir='ltr'>et</span> 
     </span>
     <span class='ocr_line' id='line_1_75' title="bbox 1088 636 1305 672; baseline 0.005 -11"><span class='ocrx_word' id='word_1_644' title='bbox 1088 646 1144 671; x_wconf 78' lang='lat' dir='ltr'>aqu.</span> <span class='ocrx_word' id='word_1_645' title='bbox 1165 636 1200 672; x_wconf 90' lang='lat' dir='ltr'>pl.</span> <span class='ocrx_word' id='word_1_646' title='bbox 1220 638 1261 662; x_wconf 83' lang='lat'>39.</span> <span class='ocrx_word' id='word_1_647' title='bbox 1281 638 1305 662; x_wconf 84' lang='lat'>3.</span> 
     </span>
     <span class='ocr_line' id='line_1_76' title="bbox 1087 678 1925 717; baseline 0.001 -14"><span class='ocrx_word' id='word_1_648' title='bbox 1087 678 1195 715; x_wconf 84' lang='lat' dir='ltr'>publico</span> <span class='ocrx_word' id='word_1_649' title='bbox 1209 679 1312 705; x_wconf 79' lang='lat' dir='ltr'>balineo</span> <span class='ocrx_word' id='word_1_650' title='bbox 1328 679 1423 706; x_wconf 78' lang='lat' dir='ltr'>lavare.</span> <span class='ocrx_word' id='word_1_651' title='bbox 1444 684 1485 705; x_wconf 88' lang='lat' dir='ltr'>aut</span> <span class='ocrx_word' id='word_1_652' title='bbox 1506 681 1532 705; x_wconf 87' lang='lat' dir='ltr'>in</span> <span class='ocrx_word' id='word_1_653' title='bbox 1552 679 1653 706; x_wconf 84' lang='lat' dir='ltr'>theatro</span> <span class='ocrx_word' id='word_1_654' title='bbox 1668 685 1787 717; x_wconf 80' lang='lat' dir='ltr'>spectare</span> <span class='ocrx_word' id='word_1_655' title='bbox 1801 684 1925 705; x_wconf 85' lang='lat' dir='ltr'>arceatur.</span> 
     </span>
    </p>
   </div>
   <div class='ocr_carea' id='block_1_25' title="bbox 1344 636 1926 673">
    <p class='ocr_par' dir='ltr' id='par_1_26' title="bbox 1344 636 1926 673">
     <span class='ocr_line' id='line_1_77' title="bbox 1344 636 1926 673; baseline -0.002 -11"><span class='ocrx_word' id='word_1_656' title='bbox 1344 636 1396 671; x_wconf 78' lang='lat' dir='ltr'>Qui</span> <span class='ocrx_word' id='word_1_657' title='bbox 1423 638 1448 662; x_wconf 89' lang='lat' dir='ltr'>in</span> <span class='ocrx_word' id='word_1_658' title='bbox 1469 647 1559 673; x_wconf 81' lang='lat' dir='ltr'>campo</span> <span class='ocrx_word' id='word_1_659' title='bbox 1580 637 1686 673; x_wconf 84' lang='lat' dir='ltr'>publico</span> <span class='ocrx_word' id='word_1_660' title='bbox 1712 637 1814 667; x_wconf 72' lang='lat' dir='ltr'>ludere,</span> <span class='ocrx_word' id='word_1_661' title='bbox 1839 636 1881 662; x_wconf 80' lang='lat' dir='ltr'>vel</span> <span class='ocrx_word' id='word_1_662' title='bbox 1901 637 1926 662; x_wconf 92' lang='lat' dir='ltr'>in</span> 
     </span>
    </p>
   </div>
   <div class='ocr_carea' id='block_1_26' title="bbox 1064 721 1927 1059">
    <p class='ocr_par' dir='ltr' id='par_1_27' title="bbox 1064 721 1927 973">
     <span class='ocr_line' id='line_1_78' title="bbox 1087 721 1926 760; baseline 0 -13"><span class='ocrx_word' id='word_1_663' title='bbox 1087 721 1116 747; x_wconf 76' lang='lat' dir='ltr'>l&#39;r.</span> <span class='ocrx_word' id='word_1_664' title='bbox 1136 724 1160 748; x_wconf 76' lang='lat'>2.</span> <span class='ocrx_word' id='word_1_665' title='bbox 1181 723 1202 756; x_wconf 91' lang='lat'>3</span> <span class='ocrx_word' id='word_1_666' title='bbox 1222 724 1245 748; x_wconf 82' lang='grc'>9.</span> <span class='ocrx_word' id='word_1_667' title='bbox 1266 733 1298 749; x_wconf 85' lang='lat' dir='ltr'>ne</span> <span class='ocrx_word' id='word_1_668' title='bbox 1318 733 1360 759; x_wconf 85' lang='lat' dir='ltr'>qn.</span> <span class='ocrx_word' id='word_1_669' title='bbox 1381 724 1407 749; x_wconf 93' lang='lat' dir='ltr'>in</span> <span class='ocrx_word' id='word_1_670' title='bbox 1427 723 1486 749; x_wconf 86' lang='lat' dir='ltr'>loco</span> <span class='ocrx_word' id='word_1_671' title='bbox 1506 723 1567 760; x_wconf 86' lang='lat' dir='ltr'><em>pub.</em></span> <span class='ocrx_word' id='word_1_672' title='bbox 1588 725 1628 749; x_wconf 80' lang='lat'>43.</span> <span class='ocrx_word' id='word_1_673' title='bbox 1649 725 1672 749; x_wconf 81' lang='lat' dir='ltr'>S.</span> <span class='ocrx_word' id='word_1_674' title='bbox 1710 723 1767 749; x_wconf 72' lang='lat' dir='ltr'>Non</span> <span class='ocrx_word' id='word_1_675' title='bbox 1788 722 1926 753; x_wconf 78' lang='lat' dir='ltr'>arcebitur⁷</span> 
     </span>
     <span class='ocr_line' id='line_1_79' title="bbox 1087 765 1926 803; baseline 0 -13"><span class='ocrx_word' id='word_1_676' title='bbox 1087 775 1171 801; x_wconf 82' lang='lat' dir='ltr'>neque</span> <span class='ocrx_word' id='word_1_677' title='bbox 1191 766 1216 791; x_wconf 88' lang='lat' dir='ltr'>in</span> <span class='ocrx_word' id='word_1_678' title='bbox 1236 765 1321 793; x_wconf 88' lang='lat' dir='ltr'>Italia.</span> <span class='ocrx_word' id='word_1_679' title='bbox 1342 776 1427 802; x_wconf 87' lang='lat' dir='ltr'>neque</span> <span class='ocrx_word' id='word_1_680' title='bbox 1447 767 1472 792; x_wconf 88' lang='lat' dir='ltr'>in</span> <span class='ocrx_word' id='word_1_681' title='bbox 1491 767 1640 803; x_wconf 83' lang='lat' dir='ltr'>provincia.</span> <span class='ocrx_word' id='word_1_682' title='bbox 1661 777 1710 802; x_wconf 80' lang='lat' dir='ltr'>qna</span> <span class='ocrx_word' id='word_1_683' title='bbox 1729 766 1858 802; x_wconf 74' lang='lat' dir='ltr'>relegatus</span> <span class='ocrx_word' id='word_1_684' title='bbox 1878 769 1926 791; x_wconf 82' lang='lat' dir='ltr'>est.</span> 
     </span>
     <span class='ocr_line' id='line_1_80' title="bbox 1088 807 1927 841; baseline 0.001 -8"><span class='ocrx_word' id='word_1_685' title='bbox 1088 807 1117 834; x_wconf 79' lang='lat' dir='ltr'>fr.</span> <span class='ocrx_word' id='word_1_686' title='bbox 1133 810 1154 833; x_wconf 86' lang='lat'>1.</span> <span class='ocrx_word' id='word_1_687' title='bbox 1170 808 1190 841; x_wconf 85' lang='lat'>3.</span> <span class='ocrx_word' id='word_1_688' title='bbox 1204 810 1227 834; x_wconf 82' lang='grc'>2.</span> <span class='ocrx_word' id='word_1_689' title='bbox 1250 808 1301 834; x_wconf 89' lang='lat' dir='ltr'><em>nih.</em></span> <span class='ocrx_word' id='word_1_690' title='bbox 1322 810 1409 835; x_wconf 79' lang='lat' dir='ltr'>iunov.</span> <span class='ocrx_word' id='word_1_691' title='bbox 1429 811 1470 835; x_wconf 85' lang='lat'>49.</span> <span class='ocrx_word' id='word_1_692' title='bbox 1486 811 1508 835; x_wconf 89' lang='grc'>7.</span> <span class='ocrx_word' id='word_1_693' title='bbox 1547 809 1739 836; x_wconf 71' lang='lat' dir='ltr'>Contumeliam</span> <span class='ocrx_word' id='word_1_694' title='bbox 1760 819 1810 835; x_wconf 71' lang='lat' dir='ltr'>arc.</span> <span class='ocrx_word' id='word_1_695' title='bbox 1831 812 1927 840; x_wconf 77' lang='lat' dir='ltr'>(morte</span> 
     </span>
     <span class='ocr_line' id='line_1_81' title="bbox 1087 850 1926 886; baseline 0.001 -11"><span class='ocrx_word' id='word_1_696' title='bbox 1087 851 1217 886; x_wconf 69' lang='lat' dir='ltr'>virginis).</span> <span class='ocrx_word' id='word_1_697' title='bbox 1243 851 1272 877; x_wconf 84' lang='lat' dir='ltr'>fr.</span> <span class='ocrx_word' id='word_1_698' title='bbox 1293 854 1316 877; x_wconf 72' lang='lat'>2.</span> <span class='ocrx_word' id='word_1_699' title='bbox 1337 852 1358 885; x_wconf 91' lang='lat'>3</span> <span class='ocrx_word' id='word_1_700' title='bbox 1379 854 1420 877; x_wconf 81' lang='grc'>24.</span> <span class='ocrx_word' id='word_1_701' title='bbox 1441 851 1473 877; x_wconf 83' lang='lat' dir='ltr'>de</span> <span class='ocrx_word' id='word_1_702' title='bbox 1494 851 1526 878; x_wconf 94' lang='lat' dir='ltr'>O.</span> <span class='ocrx_word' id='word_1_703' title='bbox 1546 851 1564 878; x_wconf 91' lang='lat'>1.</span> <span class='ocrx_word' id='word_1_704' title='bbox 1586 854 1607 878; x_wconf 97' lang='lat'>1.</span> <span class='ocrx_word' id='word_1_705' title='bbox 1627 854 1651 878; x_wconf 73' lang='grc'>2,</span> <span class='ocrx_word' id='word_1_706' title='bbox 1690 853 1769 877; x_wconf 78' lang='lat' dir='ltr'>Omni</span> <span class='ocrx_word' id='word_1_707' title='bbox 1790 850 1926 877; x_wconf 84' lang='lat' dir='ltr'>commodo</span> 
     </span>
     <span class='ocr_line' id='line_1_82' title="bbox 1088 893 1925 930; baseline -0.001 -11"><span class='ocrx_word' id='word_1_708' title='bbox 1088 895 1178 919; x_wconf 85' lang='lat' dir='ltr'>arceri.</span> <span class='ocrx_word' id='word_1_709' title='bbox 1216 894 1257 920; x_wconf 84' lang='lat' dir='ltr'>Ah</span> <span class='ocrx_word' id='word_1_710' title='bbox 1278 894 1326 920; x_wconf 84' lang='lat' dir='ltr'>hac</span> <span class='ocrx_word' id='word_1_711' title='bbox 1346 895 1512 930; x_wconf 75' lang='lat' dir='ltr'>professione</span> <span class='ocrx_word' id='word_1_712' title='bbox 1532 905 1581 921; x_wconf 86' lang='lat' dir='ltr'>arc.</span> <span class='ocrx_word' id='word_1_713' title='bbox 1602 894 1632 921; x_wconf 82' lang='lat' dir='ltr'>fr.</span> <span class='ocrx_word' id='word_1_714' title='bbox 1652 897 1676 921; x_wconf 87' lang='lat'>4.</span> <span class='ocrx_word' id='word_1_715' title='bbox 1697 894 1729 920; x_wconf 89' lang='lat' dir='ltr'>ad</span> <span class='ocrx_word' id='word_1_716' title='bbox 1748 894 1775 920; x_wconf 89' lang='lat' dir='ltr'>S.</span> <span class='ocrx_word' id='word_1_717' title='bbox 1796 893 1826 920; x_wconf 84' lang='lat' dir='ltr'>C.</span> <span class='ocrx_word' id='word_1_718' title='bbox 1847 893 1925 920; x_wconf 84' lang='lat' dir='ltr'>Treh.</span> 
     </span>
     <span class='ocr_line' id='line_1_83' title="bbox 1064 936 1512 973; baseline 0.004 -11"><span class='ocrx_word' id='word_1_719' title='bbox 1064 942 1065 956; x_wconf 98' lang='grc'>1</span> <span class='ocrx_word' id='word_1_720' title='bbox 1087 938 1127 962; x_wconf 85' lang='grc'>36.</span> <span class='ocrx_word' id='word_1_721' title='bbox 1149 939 1171 962; x_wconf 95' lang='lat'>1.</span> <span class='ocrx_word' id='word_1_722' title='bbox 1192 947 1213 962; x_wconf 93' lang='lat' dir='ltr'>c.</span> <span class='ocrx_word' id='word_1_723' title='bbox 1233 939 1256 963; x_wconf 84' lang='lat'>5.</span> <span class='ocrx_word' id='word_1_724' title='bbox 1277 936 1309 963; x_wconf 86' lang='lat' dir='ltr'>de.</span> <span class='ocrx_word' id='word_1_725' title='bbox 1329 938 1426 973; x_wconf 84' lang='lat' dir='ltr'>postul.</span> <span class='ocrx_word' id='word_1_726' title='bbox 1446 940 1469 964; x_wconf 80' lang='grc'>2.</span> <span class='ocrx_word' id='word_1_727' title='bbox 1489 939 1512 964; x_wconf 89' lang='grc'>6.</span> 
     </span>
    </p>

    <p class='ocr_par' dir='ltr' id='par_1_28' title="bbox 1088 979 1926 1059">
     <span class='ocr_line' id='line_1_84' title="bbox 1122 979 1926 1012; baseline -0.001 -6"><span class='ocrx_word' id='word_1_728' title='bbox 1122 981 1337 1007; x_wconf 73' lang='lat' dir='ltr'>Arcossere.</span> <span class='ocrx_word' id='word_1_729' title='bbox 1376 983 1556 1012; x_wconf 66' lang='lat' dir='ltr'>Adam-are,</span> <span class='ocrx_word' id='word_1_730' title='bbox 1587 982 1749 1007; x_wconf 74' lang='lat' dir='ltr'>Adhibere.</span> <span class='ocrx_word' id='word_1_731' title='bbox 1792 979 1833 1006; x_wconf 90' lang='lat' dir='ltr'><em>III.</em></span> <span class='ocrx_word' id='word_1_732' title='bbox 1861 981 1926 1006; x_wconf 78' lang='lat' dir='ltr'>Gn.</span> 
     </span>
     <span class='ocr_line' id='line_1_85' title="bbox 1088 1021 1926 1059; baseline 0.001 -12"><span class='ocrx_word' id='word_1_733' title='bbox 1088 1023 1141 1057; x_wconf 79' lang='lat' dir='ltr'>Qui</span> <span class='ocrx_word' id='word_1_734' title='bbox 1161 1023 1304 1049; x_wconf 82' lang='lat' dir='ltr'>testimonii</span> <span class='ocrx_word' id='word_1_735' title='bbox 1325 1033 1401 1049; x_wconf 84' lang='lat' dir='ltr'>causa</span> <span class='ocrx_word' id='word_1_736' title='bbox 1423 1024 1523 1049; x_wconf 73' lang='lat' dir='ltr'>evocati</span> <span class='ocrx_word' id='word_1_737' title='bbox 1543 1029 1612 1055; x_wconf 80' lang='lat' dir='ltr'>sunt,</span> <span class='ocrx_word' id='word_1_738' title='bbox 1633 1023 1674 1049; x_wconf 79' lang='lat' dir='ltr'>vel</span> <span class='ocrx_word' id='word_1_739' title='bbox 1694 1025 1716 1049; x_wconf 86' lang='lat' dir='ltr'>si</span> <span class='ocrx_word' id='word_1_740' title='bbox 1737 1024 1780 1059; x_wconf 83' lang='lat' dir='ltr'>qui</span> <span class='ocrx_word' id='word_1_741' title='bbox 1795 1021 1926 1049; x_wconf 85' lang='lat' dir='ltr'>iudicandi</span> 
     </span>
    </p>
   </div>
   <div class='ocr_carea' id='block_1_27' title="bbox 1063 252 1067 939">
    <p class='ocr_par' dir='ltr' id='par_1_29' title="bbox 1063 252 1067 939">
     <span class='ocr_line' id='line_1_86' title="bbox 1063 252 1067 939; baseline 0 0"><span class='ocrx_word' id='word_1_742' title='bbox 1063 252 1067 939; x_wconf 95' lang='lat' dir='ltr'> </span> 
     </span>
    </p>
   </div>
   <div class='ocr_carea' id='block_1_28' title="bbox 1062 1062 1927 2864">
    <p class='ocr_par' dir='ltr' id='par_1_30' title="bbox 1064 1062 1927 1317">
     <span class='ocr_line' id='line_1_87' title="bbox 1064 1062 1925 1103; baseline 0.001 -12"><span class='ocrx_word' id='word_1_743' title='bbox 1064 1062 1066 1069; x_wconf 58' lang='lat'><em>&#39;</em></span> <span class='ocrx_word' id='word_1_744' title='bbox 1088 1075 1164 1091; x_wconf 84' lang='lat' dir='ltr'>causa</span> <span class='ocrx_word' id='word_1_745' title='bbox 1184 1067 1311 1094; x_wconf 77' lang='lat' dir='ltr'>arcessiti,</span> <span class='ocrx_word' id='word_1_746' title='bbox 1331 1065 1373 1092; x_wconf 81' lang='lat' dir='ltr'>vel</span> <span class='ocrx_word' id='word_1_747' title='bbox 1394 1068 1418 1092; x_wconf 90' lang='lat' dir='ltr'>in</span> <span class='ocrx_word' id='word_1_748' title='bbox 1439 1067 1600 1103; x_wconf 79' lang='lat' dir='ltr'>provinciam</span> <span class='ocrx_word' id='word_1_749' title='bbox 1620 1066 1750 1092; x_wconf 87' lang='lat' dir='ltr'>destinati.</span> <span class='ocrx_word' id='word_1_750' title='bbox 1771 1066 1801 1092; x_wconf 81' lang='lat' dir='ltr'>fr.</span> <span class='ocrx_word' id='word_1_751' title='bbox 1816 1067 1839 1091; x_wconf 76' lang='grc'>2.</span> <span class='ocrx_word' id='word_1_752' title='bbox 1861 1065 1881 1098; x_wconf 87' lang='lat'>3.</span> <span class='ocrx_word' id='word_1_753' title='bbox 1902 1067 1925 1091; x_wconf 81' lang='lat'>3.</span> 
     </span>
     <span class='ocr_line' id='line_1_88' title="bbox 1064 1108 1927 1145; baseline -0.001 -11"><span class='ocrx_word' id='word_1_754' title='bbox 1064 1122 1066 1145; x_wconf 54' lang='lat'>3</span> <span class='ocrx_word' id='word_1_755' title='bbox 1088 1108 1119 1134; x_wconf 87' lang='lat' dir='ltr'>de</span> <span class='ocrx_word' id='word_1_756' title='bbox 1139 1108 1216 1135; x_wconf 84' lang='lat' dir='ltr'>indic.</span> <span class='ocrx_word' id='word_1_757' title='bbox 1237 1111 1260 1135; x_wconf 84' lang='lat'>5.</span> <span class='ocrx_word' id='word_1_758' title='bbox 1281 1110 1303 1135; x_wconf 94' lang='lat'>1.</span> <span class='ocrx_word' id='word_1_759' title='bbox 1341 1109 1490 1135; x_wconf 85' lang='lat' dir='ltr'>Evocandis</span> <span class='ocrx_word' id='word_1_760' title='bbox 1510 1114 1534 1135; x_wconf 84' lang='lat' dir='ltr'>ct</span> <span class='ocrx_word' id='word_1_761' title='bbox 1554 1109 1718 1135; x_wconf 74' lang='lat' dir='ltr'>arcessendis</span> <span class='ocrx_word' id='word_1_762' title='bbox 1738 1109 1865 1141; x_wconf 76' lang='lat' dir='ltr'>(colonis)</span> <span class='ocrx_word' id='word_1_763' title='bbox 1885 1108 1927 1133; x_wconf 88' lang='lat' dir='ltr'>ab·</span> 
     </span>
     <span class='ocr_line' id='line_1_89' title="bbox 1087 1151 1926 1178; baseline 0 -1"><span class='ocrx_word' id='word_1_764' title='bbox 1087 1152 1192 1177; x_wconf 78' lang='lat' dir='ltr'>stinere.</span> <span class='ocrx_word' id='word_1_765' title='bbox 1219 1162 1239 1177; x_wconf 94' lang='lat' dir='ltr'>c.</span> <span class='ocrx_word' id='word_1_766' title='bbox 1260 1153 1282 1177; x_wconf 83' lang='lat'>7.</span> <span class='ocrx_word' id='word_1_767' title='bbox 1308 1152 1351 1178; x_wconf 89' lang='lat' dir='ltr'>uhi</span> <span class='ocrx_word' id='word_1_768' title='bbox 1372 1162 1441 1178; x_wconf 83' lang='lat' dir='ltr'>cans.</span> <span class='ocrx_word' id='word_1_769' title='bbox 1462 1153 1518 1178; x_wconf 82' lang='lat' dir='ltr'>tisc.</span> <span class='ocrx_word' id='word_1_770' title='bbox 1542 1154 1566 1178; x_wconf 84' lang='lat'>3.</span> <span class='ocrx_word' id='word_1_771' title='bbox 1586 1154 1627 1178; x_wconf 89' lang='grc'>26.</span> <span class='ocrx_word' id='word_1_772' title='bbox 1666 1153 1807 1178; x_wconf 62' lang='lat' dir='ltr'>Arvessiris</span> <span class='ocrx_word' id='word_1_773' title='bbox 1828 1151 1926 1178; x_wconf 71' lang='lat' dir='ltr'>amici-3.</span> 
     </span>
     <span class='ocr_line' id='line_1_90' title="bbox 1064 1194 1926 1229; baseline -0.001 -9"><span class='ocrx_word' id='word_1_774' title='bbox 1064 1203 1066 1215; x_wconf 78' lang='grc'>1</span> <span class='ocrx_word' id='word_1_775' title='bbox 1088 1210 1119 1214; x_wconf 87' lang='lat'>--</span> <span class='ocrx_word' id='word_1_776' title='bbox 1140 1194 1321 1221; x_wconf 73' lang='lat' dir='ltr'>contubernali</span> <span class='ocrx_word' id='word_1_777' title='bbox 1342 1195 1449 1221; x_wconf 76' lang='lat' dir='ltr'>dixisse.</span> <span class='ocrx_word' id='word_1_778' title='bbox 1470 1195 1500 1222; x_wconf 78' lang='lat' dir='ltr'>fr.</span> <span class='ocrx_word' id='word_1_779' title='bbox 1513 1197 1555 1222; x_wconf 83' lang='lat'>39.</span> <span class='ocrx_word' id='word_1_780' title='bbox 1569 1196 1591 1229; x_wconf 89' lang='lat'>3.</span> <span class='ocrx_word' id='word_1_781' title='bbox 1607 1198 1628 1221; x_wconf 93' lang='lat'>1.</span> <span class='ocrx_word' id='word_1_782' title='bbox 1650 1195 1681 1221; x_wconf 82' lang='lat' dir='ltr'>de</span> <span class='ocrx_word' id='word_1_783' title='bbox 1701 1195 1776 1229; x_wconf 68' lang='lat' dir='ltr'>legat.</span> <span class='ocrx_word' id='word_1_784' title='bbox 1795 1194 1838 1220; x_wconf 87' lang='lat' dir='ltr'><em>III.</em></span> <span class='ocrx_word' id='word_1_785' title='bbox 1859 1194 1926 1226; x_wconf 89' lang='grc'>(32.)</span> 
     </span>
     <span class='ocr_line' id='line_1_91' title="bbox 1088 1237 1927 1274; baseline -0.001 -11"><span class='ocrx_word' id='word_1_786' title='bbox 1088 1237 1119 1263; x_wconf 83' lang='lat' dir='ltr'>cf.</span> <span class='ocrx_word' id='word_1_787' title='bbox 1140 1248 1160 1263; x_wconf 89' lang='lat' dir='ltr'>c.</span> <span class='ocrx_word' id='word_1_788' title='bbox 1180 1239 1203 1263; x_wconf 85' lang='grc'>2.</span> <span class='ocrx_word' id='word_1_789' title='bbox 1225 1238 1304 1272; x_wconf 76' lang='lat' dir='ltr'><em>Quib.</em></span> <span class='ocrx_word' id='word_1_790' title='bbox 1326 1248 1377 1264; x_wconf 87' lang='lat' dir='ltr'>non</span> <span class='ocrx_word' id='word_1_791' title='bbox 1401 1238 1477 1265; x_wconf 85' lang='lat' dir='ltr'>obiic.</span> <span class='ocrx_word' id='word_1_792' title='bbox 1499 1241 1521 1265; x_wconf 84' lang='lat'>7.</span> <span class='ocrx_word' id='word_1_793' title='bbox 1535 1240 1576 1264; x_wconf 89' lang='lat'>35.</span> <span class='ocrx_word' id='word_1_794' title='bbox 1615 1238 1772 1274; x_wconf 78' lang='lat' dir='ltr'>Quicunque</span> <span class='ocrx_word' id='word_1_795' title='bbox 1792 1239 1817 1263; x_wconf 91' lang='lat' dir='ltr'>in</span> <span class='ocrx_word' id='word_1_796' title='bbox 1837 1237 1927 1263; x_wconf 83' lang='lat' dir='ltr'>discri-</span> 
     </span>
     <span class='ocr_line' id='line_1_92' title="bbox 1087 1281 1803 1317; baseline 0.001 -11"><span class='ocrx_word' id='word_1_797' title='bbox 1087 1290 1144 1306; x_wconf 85' lang='lat' dir='ltr'>men</span> <span class='ocrx_word' id='word_1_798' title='bbox 1165 1281 1258 1317; x_wconf 84' lang='lat' dir='ltr'>capitis</span> <span class='ocrx_word' id='word_1_799' title='bbox 1278 1283 1427 1307; x_wconf 75' lang='lat' dir='ltr'>arcessitur.</span> <span class='ocrx_word' id='word_1_800' title='bbox 1448 1292 1469 1307; x_wconf 91' lang='lat' dir='ltr'>c.</span> <span class='ocrx_word' id='word_1_801' title='bbox 1491 1283 1530 1307; x_wconf 93' lang='lat'>17.</span> <span class='ocrx_word' id='word_1_802' title='bbox 1551 1281 1583 1307; x_wconf 86' lang='lat' dir='ltr'>de</span> <span class='ocrx_word' id='word_1_803' title='bbox 1603 1286 1714 1307; x_wconf 70' lang='lat' dir='ltr'>accusat.</span> <span class='ocrx_word' id='word_1_804' title='bbox 1736 1282 1759 1307; x_wconf 86' lang='lat'>9.</span> <span class='ocrx_word' id='word_1_805' title='bbox 1779 1282 1803 1306; x_wconf 79' lang='grc'>2.</span> 
     </span>
    </p>

    <p class='ocr_par' dir='ltr' id='par_1_31' title="bbox 1064 1323 1927 1444">
     <span class='ocr_line' id='line_1_93' title="bbox 1121 1323 1927 1359; baseline -0.001 -9"><span class='ocrx_word' id='word_1_806' title='bbox 1121 1325 1323 1351; x_wconf 70' lang='lat' dir='ltr'>Archeota.</span> <span class='ocrx_word' id='word_1_807' title='bbox 1362 1326 1591 1351; x_wconf 66' lang='lat' dir='ltr'>Arelaivarius.</span> <span class='ocrx_word' id='word_1_808' title='bbox 1620 1324 1662 1350; x_wconf 92' lang='lat' dir='ltr'><em>III.</em></span> <span class='ocrx_word' id='word_1_809' title='bbox 1679 1326 1743 1352; x_wconf 71' lang='lat' dir='ltr'>Cn.</span> <span class='ocrx_word' id='word_1_810' title='bbox 1769 1323 1822 1359; x_wconf 80' lang='lat' dir='ltr'>Qui</span> <span class='ocrx_word' id='word_1_811' title='bbox 1842 1328 1927 1349; x_wconf 87' lang='lat' dir='ltr'>custo-</span> 
     </span>
     <span class='ocr_line' id='line_1_94' title="bbox 1088 1366 1927 1403; baseline -0.001 -10"><span class='ocrx_word' id='word_1_812' title='bbox 1088 1366 1133 1393; x_wconf 86' lang='lat' dir='ltr'>dcs</span> <span class='ocrx_word' id='word_1_813' title='bbox 1158 1366 1273 1395; x_wconf 81' lang='lat' dir='ltr'>aedium.</span> <span class='ocrx_word' id='word_1_814' title='bbox 1297 1367 1340 1393; x_wconf 72' lang='lat' dir='ltr'>vel</span> <span class='ocrx_word' id='word_1_815' title='bbox 1364 1367 1515 1397; x_wconf 76' lang='lat' dir='ltr'>archeotae.</span> <span class='ocrx_word' id='word_1_816' title='bbox 1540 1367 1582 1393; x_wconf 83' lang='lat' dir='ltr'>vel</span> <span class='ocrx_word' id='word_1_817' title='bbox 1602 1366 1768 1403; x_wconf 72' lang='lat' dir='ltr'>logographi,</span> <span class='ocrx_word' id='word_1_818' title='bbox 1794 1366 1836 1393; x_wconf 76' lang='lat' dir='ltr'>vel</span> <span class='ocrx_word' id='word_1_819' title='bbox 1855 1366 1927 1392; x_wconf 85' lang='lat' dir='ltr'>tabu-</span> 
     </span>
     <span class='ocr_line' id='line_1_95' title="bbox 1064 1409 1798 1444; baseline 0 -9"><span class='ocrx_word' id='word_1_820' title='bbox 1064 1412 1065 1428; x_wconf 97' lang='grc'>1</span> <span class='ocrx_word' id='word_1_821' title='bbox 1087 1409 1144 1436; x_wconf 87' lang='lat' dir='ltr'>larii</span> <span class='ocrx_word' id='word_1_822' title='bbox 1165 1414 1212 1435; x_wconf 84' lang='lat' dir='ltr'>etc.</span> <span class='ocrx_word' id='word_1_823' title='bbox 1234 1409 1263 1436; x_wconf 83' lang='lat' dir='ltr'>fr.</span> <span class='ocrx_word' id='word_1_824' title='bbox 1284 1412 1324 1437; x_wconf 75' lang='grc'>18.</span> <span class='ocrx_word' id='word_1_825' title='bbox 1344 1411 1427 1444; x_wconf 78' lang='lat'><em>310.</em></span> <span class='ocrx_word' id='word_1_826' title='bbox 1448 1410 1480 1437; x_wconf 88' lang='lat' dir='ltr'>dc</span> <span class='ocrx_word' id='word_1_827' title='bbox 1499 1421 1568 1437; x_wconf 88' lang='lat' dir='ltr'><em>mun.</em></span> <span class='ocrx_word' id='word_1_828' title='bbox 1589 1415 1614 1437; x_wconf 82' lang='lat' dir='ltr'>et</span> <span class='ocrx_word' id='word_1_829' title='bbox 1633 1410 1693 1436; x_wconf 90' lang='lat' dir='ltr'>hon.</span> <span class='ocrx_word' id='word_1_830' title='bbox 1714 1412 1754 1436; x_wconf 87' lang='lat'>50.</span> <span class='ocrx_word' id='word_1_831' title='bbox 1775 1411 1798 1436; x_wconf 87' lang='lat'>4.</span> 
     </span>
    </p>

    <p class='ocr_par' dir='ltr' id='par_1_32' title="bbox 1064 1453 1926 1790">
     <span class='ocr_line' id='line_1_96' title="bbox 1121 1453 1926 1488; baseline 0.002 -10"><span class='ocrx_word' id='word_1_832' title='bbox 1121 1453 1333 1480; x_wconf 71' lang='lat' dir='ltr'>Archiater.</span> <span class='ocrx_word' id='word_1_833' title='bbox 1381 1455 1524 1480; x_wconf 83' lang='lat' dir='ltr'>Medicus</span> <span class='ocrx_word' id='word_1_834' title='bbox 1553 1455 1746 1488; x_wconf 78' lang='lat' dir='ltr'>primarius.</span> <span class='ocrx_word' id='word_1_835' title='bbox 1793 1453 1834 1479; x_wconf 88' lang='lat' dir='ltr'><em>III.</em></span> <span class='ocrx_word' id='word_1_836' title='bbox 1861 1454 1926 1480; x_wconf 69' lang='lat'>011·</span> 
     </span>
     <span class='ocr_line' id='line_1_97' title="bbox 1088 1495 1926 1532; baseline 0 -11"><span class='ocrx_word' id='word_1_837' title='bbox 1088 1496 1162 1531; x_wconf 79' lang='lat' dir='ltr'>Quae</span> <span class='ocrx_word' id='word_1_838' title='bbox 1182 1495 1318 1532; x_wconf 81' lang='lat' dir='ltr'>Principes</span> <span class='ocrx_word' id='word_1_839' title='bbox 1337 1501 1441 1522; x_wconf 83' lang='lat' dir='ltr'>veteres</span> <span class='ocrx_word' id='word_1_840' title='bbox 1466 1497 1614 1525; x_wconf 86' lang='lat' dir='ltr'>archiatris.</span> <span class='ocrx_word' id='word_1_841' title='bbox 1641 1496 1762 1523; x_wconf 84' lang='lat' dir='ltr'>salutaris</span> <span class='ocrx_word' id='word_1_842' title='bbox 1786 1507 1816 1523; x_wconf 89' lang='lat' dir='ltr'>ac</span> <span class='ocrx_word' id='word_1_843' title='bbox 1838 1506 1926 1522; x_wconf 81' lang='lat' dir='ltr'>neces-</span> 
     </span>
     <span class='ocr_line' id='line_1_98' title="bbox 1064 1538 1926 1575; baseline 0 -11"><span class='ocrx_word' id='word_1_844' title='bbox 1064 1544 1065 1555; x_wconf 92' lang='grc'>1</span> <span class='ocrx_word' id='word_1_845' title='bbox 1087 1540 1170 1565; x_wconf 82' lang='lat' dir='ltr'>sariae</span> <span class='ocrx_word' id='word_1_846' title='bbox 1189 1540 1252 1565; x_wconf 83' lang='lat' dir='ltr'>artis</span> <span class='ocrx_word' id='word_1_847' title='bbox 1272 1538 1478 1575; x_wconf 78' lang='lat' dir='ltr'>professoribus,</span> <span class='ocrx_word' id='word_1_848' title='bbox 1498 1556 1531 1560; x_wconf 85' lang='lat'>-—</span> <span class='ocrx_word' id='word_1_849' title='bbox 1551 1540 1709 1566; x_wconf 78' lang='lat' dir='ltr'>detulerunt.</span> <span class='ocrx_word' id='word_1_850' title='bbox 1741 1539 1790 1566; x_wconf 89' lang='lat' dir='ltr'>Th.</span> <span class='ocrx_word' id='word_1_851' title='bbox 1806 1539 1836 1566; x_wconf 89' lang='lat' dir='ltr'>C.</span> <span class='ocrx_word' id='word_1_852' title='bbox 1856 1538 1926 1564; x_wconf 77' lang='lat' dir='ltr'><em>XIII.</em></span> 
     </span>
     <span class='ocr_line' id='line_1_99' title="bbox 1086 1581 1926 1619; baseline -0.001 -12"><span class='ocrx_word' id='word_1_853' title='bbox 1086 1584 1110 1607; x_wconf 91' lang='lat'>3.</span> <span class='ocrx_word' id='word_1_854' title='bbox 1132 1592 1152 1608; x_wconf 84' lang='lat' dir='ltr'>e.</span> <span class='ocrx_word' id='word_1_855' title='bbox 1176 1583 1215 1608; x_wconf 88' lang='grc'>14.</span> <span class='ocrx_word' id='word_1_856' title='bbox 1236 1581 1267 1607; x_wconf 72' lang='lat' dir='ltr'>de</span> <span class='ocrx_word' id='word_1_857' title='bbox 1286 1582 1379 1608; x_wconf 83' lang='lat' dir='ltr'>medic.</span> <span class='ocrx_word' id='word_1_858' title='bbox 1400 1588 1423 1608; x_wconf 80' lang='lat' dir='ltr'>et</span> <span class='ocrx_word' id='word_1_859' title='bbox 1444 1582 1511 1619; x_wconf 89' lang='lat' dir='ltr'>prof.</span> <span class='ocrx_word' id='word_1_860' title='bbox 1554 1583 1699 1615; x_wconf 79' lang='lat' dir='ltr'>Archiatri,</span> <span class='ocrx_word' id='word_1_861' title='bbox 1725 1583 1769 1619; x_wconf 85' lang='lat' dir='ltr'>qui</span> <span class='ocrx_word' id='word_1_862' title='bbox 1794 1583 1860 1608; x_wconf 85' lang='lat' dir='ltr'>intra</span> <span class='ocrx_word' id='word_1_863' title='bbox 1884 1591 1926 1618; x_wconf 78' lang='lat' dir='ltr'>pe-</span> 
     </span>
     <span class='ocr_line' id='line_1_100' title="bbox 1087 1624 1924 1660; baseline -0.001 -10"><span class='ocrx_word' id='word_1_864' title='bbox 1087 1624 1194 1651; x_wconf 80' lang='lat' dir='ltr'>netralia</span> <span class='ocrx_word' id='word_1_865' title='bbox 1214 1624 1308 1660; x_wconf 71' lang='lat' dir='ltr'>regalis</span> <span class='ocrx_word' id='word_1_866' title='bbox 1329 1625 1401 1651; x_wconf 82' lang='lat' dir='ltr'>aulae</span> <span class='ocrx_word' id='word_1_867' title='bbox 1427 1625 1580 1652; x_wconf 86' lang='lat' dir='ltr'>floruerunt.</span> <span class='ocrx_word' id='word_1_868' title='bbox 1609 1626 1645 1652; x_wconf 84' lang='lat' dir='ltr'>lb.</span> <span class='ocrx_word' id='word_1_869' title='bbox 1666 1626 1682 1652; x_wconf 94' lang='lat' dir='ltr'>l.</span> <span class='ocrx_word' id='word_1_870' title='bbox 1703 1626 1719 1652; x_wconf 93' lang='grc'>1.</span> <span class='ocrx_word' id='word_1_871' title='bbox 1741 1636 1761 1652; x_wconf 91' lang='lat' dir='ltr'>c.</span> <span class='ocrx_word' id='word_1_872' title='bbox 1784 1627 1823 1651; x_wconf 72' lang='lat'>12.</span> <span class='ocrx_word' id='word_1_873' title='bbox 1843 1634 1863 1650; x_wconf 85' lang='lat' dir='ltr'>c.</span> <span class='ocrx_word' id='word_1_874' title='bbox 1886 1625 1924 1649; x_wconf 91' lang='lat'>16.</span> 
     </span>
     <span class='ocr_line' id='line_1_101' title="bbox 1087 1665 1925 1703; baseline -0.002 -9"><span class='ocrx_word' id='word_1_875' title='bbox 1087 1678 1108 1694; x_wconf 90' lang='lat' dir='ltr'>c.</span> <span class='ocrx_word' id='word_1_876' title='bbox 1130 1669 1169 1693; x_wconf 70' lang='lat'>18.</span> <span class='ocrx_word' id='word_1_877' title='bbox 1195 1677 1233 1703; x_wconf 86' lang='lat' dir='ltr'>sq.</span> <span class='ocrx_word' id='word_1_878' title='bbox 1264 1667 1306 1694; x_wconf 65' lang='lat' dir='ltr'>YI.</span> <span class='ocrx_word' id='word_1_879' title='bbox 1334 1669 1372 1694; x_wconf 89' lang='grc'>16.</span> <span class='ocrx_word' id='word_1_880' title='bbox 1399 1679 1420 1694; x_wconf 89' lang='lat' dir='ltr'>c.</span> <span class='ocrx_word' id='word_1_881' title='bbox 1447 1671 1468 1694; x_wconf 93' lang='grc'>1.</span> <span class='ocrx_word' id='word_1_882' title='bbox 1494 1668 1526 1695; x_wconf 85' lang='lat' dir='ltr'>de</span> <span class='ocrx_word' id='word_1_883' title='bbox 1550 1670 1636 1695; x_wconf 85' lang='lat' dir='ltr'>comit.</span> <span class='ocrx_word' id='word_1_884' title='bbox 1662 1673 1687 1694; x_wconf 84' lang='lat' dir='ltr'>et</span> <span class='ocrx_word' id='word_1_885' title='bbox 1711 1668 1830 1694; x_wconf 88' lang='lat' dir='ltr'>archiatr.</span> <span class='ocrx_word' id='word_1_886' title='bbox 1868 1665 1925 1693; x_wconf 77' lang='lat' dir='ltr'>VV.</span> 
     </span>
     <span class='ocr_line' id='line_1_102' title="bbox 1088 1710 1925 1747; baseline -0.001 -11"><span class='ocrx_word' id='word_1_887' title='bbox 1088 1710 1133 1747; x_wconf 91' lang='lat' dir='ltr'>Sp.</span> <span class='ocrx_word' id='word_1_888' title='bbox 1159 1710 1277 1737; x_wconf 83' lang='lat' dir='ltr'>Comites</span> <span class='ocrx_word' id='word_1_889' title='bbox 1303 1711 1498 1737; x_wconf 82' lang='lat' dir='ltr'>archiatrorum.</span> <span class='ocrx_word' id='word_1_890' title='bbox 1536 1711 1570 1737; x_wconf 89' lang='lat' dir='ltr'>Ih.</span> <span class='ocrx_word' id='word_1_891' title='bbox 1595 1711 1640 1738; x_wconf 79' lang='lat' dir='ltr'>XI.</span> <span class='ocrx_word' id='word_1_892' title='bbox 1666 1714 1706 1737; x_wconf 66' lang='lat'>18.</span> <span class='ocrx_word' id='word_1_893' title='bbox 1733 1721 1754 1737; x_wconf 92' lang='lat' dir='ltr'>c.</span> <span class='ocrx_word' id='word_1_894' title='bbox 1781 1713 1802 1737; x_wconf 92' lang='lat' dir='ltr'>l.</span> <span class='ocrx_word' id='word_1_895' title='bbox 1836 1710 1887 1746; x_wconf 80' lang='lat' dir='ltr'>Qu.</span> <span class='ocrx_word' id='word_1_896' title='bbox 1913 1720 1925 1735; x_wconf 87' lang='lat' dir='ltr'>a</span> 
     </span>
     <span class='ocr_line' id='line_1_103' title="bbox 1064 1754 1293 1790; baseline 0 -11"><span class='ocrx_word' id='word_1_897' title='bbox 1064 1756 1065 1769; x_wconf 82' lang='grc'>1</span> <span class='ocrx_word' id='word_1_898' title='bbox 1086 1754 1196 1790; x_wconf 84' lang='lat' dir='ltr'>praebit.</span> <span class='ocrx_word' id='word_1_899' title='bbox 1216 1755 1293 1779; x_wconf 86' lang='lat' dir='ltr'>tiron.</span> 
     </span>
    </p>

    <p class='ocr_par' dir='ltr' id='par_1_33' title="bbox 1064 1796 1925 1962">
     <span class='ocr_line' id='line_1_104' title="bbox 1122 1796 1351 1823; baseline -0.004 0"><span class='ocrx_word' id='word_1_900' title='bbox 1122 1796 1351 1823; x_wconf 72' lang='lat' dir='ltr'>Archiatria.</span> 
     </span>
     <span class='ocr_line' id='line_1_105' title="bbox 1088 1839 1925 1876; baseline 0 -11"><span class='ocrx_word' id='word_1_901' title='bbox 1088 1839 1141 1875; x_wconf 78' lang='lat' dir='ltr'>Qui</span> <span class='ocrx_word' id='word_1_902' title='bbox 1161 1844 1185 1865; x_wconf 85' lang='lat' dir='ltr'>et.</span> <span class='ocrx_word' id='word_1_903' title='bbox 1204 1840 1321 1876; x_wconf 80' lang='lat' dir='ltr'>ipsorum</span> <span class='ocrx_word' id='word_1_904' title='bbox 1341 1840 1390 1871; x_wconf 86' lang='lat' dir='ltr'>(sc.</span> <span class='ocrx_word' id='word_1_905' title='bbox 1406 1839 1605 1871; x_wconf 83' lang='lat' dir='ltr'>archiatrorum)</span> <span class='ocrx_word' id='word_1_906' title='bbox 1626 1841 1770 1868; x_wconf 73' lang='lat' dir='ltr'>consortio.</span> <span class='ocrx_word' id='word_1_907' title='bbox 1790 1845 1815 1866; x_wconf 82' lang='lat' dir='ltr'>et</span> <span class='ocrx_word' id='word_1_908' title='bbox 1829 1839 1925 1865; x_wconf 81' lang='lat' dir='ltr'>archia-</span> 
     </span>
     <span class='ocr_line' id='line_1_106' title="bbox 1064 1881 1924 1919; baseline 0.001 -12"><span class='ocrx_word' id='word_1_909' title='bbox 1064 1883 1065 1897; x_wconf 74' lang='grc'>1</span> <span class='ocrx_word' id='word_1_910' title='bbox 1086 1883 1151 1908; x_wconf 82' lang='lat' dir='ltr'>triae</span> <span class='ocrx_word' id='word_1_911' title='bbox 1171 1883 1253 1919; x_wconf 84' lang='lat' dir='ltr'>ipsius</span> <span class='ocrx_word' id='word_1_912' title='bbox 1274 1881 1399 1918; x_wconf 72' lang='lat' dir='ltr'>(lignitate</span> <span class='ocrx_word' id='word_1_913' title='bbox 1423 1898 1455 1902; x_wconf 85' lang='lat'>—</span> <span class='ocrx_word' id='word_1_914' title='bbox 1481 1882 1574 1918; x_wconf 73' lang='lat' dir='ltr'>dignus</span> <span class='ocrx_word' id='word_1_915' title='bbox 1594 1882 1727 1909; x_wconf 80' lang='lat' dir='ltr'>habeatur.</span> <span class='ocrx_word' id='word_1_916' title='bbox 1756 1882 1792 1909; x_wconf 89' lang='lat' dir='ltr'>lh.</span> <span class='ocrx_word' id='word_1_917' title='bbox 1811 1882 1880 1909; x_wconf 81' lang='lat' dir='ltr'><em>XIII.</em></span> <span class='ocrx_word' id='word_1_918' title='bbox 1899 1883 1924 1908; x_wconf 82' lang='lat'>3.</span> 
     </span>
     <span class='ocr_line' id='line_1_107' title="bbox 1087 1925 1781 1962; baseline 0 -11"><span class='ocrx_word' id='word_1_919' title='bbox 1087 1935 1107 1951; x_wconf 89' lang='lat' dir='ltr'>c.</span> <span class='ocrx_word' id='word_1_920' title='bbox 1127 1926 1151 1951; x_wconf 79' lang='lat'>8.</span> <span class='ocrx_word' id='word_1_921' title='bbox 1171 1925 1192 1958; x_wconf 83' lang='lat'>3.</span> <span class='ocrx_word' id='word_1_922' title='bbox 1213 1927 1237 1951; x_wconf 75' lang='lat'>2.</span> <span class='ocrx_word' id='word_1_923' title='bbox 1258 1925 1289 1951; x_wconf 84' lang='lat' dir='ltr'>de</span> <span class='ocrx_word' id='word_1_924' title='bbox 1307 1925 1400 1951; x_wconf 86' lang='lat' dir='ltr'>medic.</span> <span class='ocrx_word' id='word_1_925' title='bbox 1421 1930 1447 1951; x_wconf 88' lang='lat' dir='ltr'>et</span> <span class='ocrx_word' id='word_1_926' title='bbox 1465 1925 1532 1962; x_wconf 87' lang='lat' dir='ltr'>prof.</span> <span class='ocrx_word' id='word_1_927' title='bbox 1779 1950 1781 1955; x_wconf 88' lang='grc'>,</span> 
     </span>
    </p>

    <p class='ocr_par' dir='ltr' id='par_1_34' title="bbox 1062 1968 1924 2431">
     <span class='ocr_line' id='line_1_108' title="bbox 1120 1968 1924 2003; baseline 0 -9"><span class='ocrx_word' id='word_1_928' title='bbox 1120 1968 1434 1995; x_wconf 71' lang='lat' dir='ltr'>Arehidiaconufl.</span> <span class='ocrx_word' id='word_1_929' title='bbox 1471 1970 1630 2003; x_wconf 78' lang='lat' dir='ltr'>Princeps</span> <span class='ocrx_word' id='word_1_930' title='bbox 1654 1971 1741 1996; x_wconf 82' lang='lat' dir='ltr'>inter</span> <span class='ocrx_word' id='word_1_931' title='bbox 1764 1971 1924 1996; x_wconf 78' lang='lat' dir='ltr'>diaconos.</span> 
     </span>
     <span class='ocr_line' id='line_1_109' title="bbox 1086 2011 1924 2039; baseline 0 -2"><span class='ocrx_word' id='word_1_932' title='bbox 1086 2011 1128 2037; x_wconf 90' lang='grc'>111.</span> <span class='ocrx_word' id='word_1_933' title='bbox 1152 2013 1216 2039; x_wconf 77' lang='lat' dir='ltr'>Gn.</span> <span class='ocrx_word' id='word_1_934' title='bbox 1248 2011 1277 2037; x_wconf 90' lang='lat' dir='ltr'>Si</span> <span class='ocrx_word' id='word_1_935' title='bbox 1301 2027 1334 2030; x_wconf 97' lang='lat'><strong>—</strong></span> <span class='ocrx_word' id='word_1_936' title='bbox 1360 2011 1408 2037; x_wconf 88' lang='lat' dir='ltr'>suh</span> <span class='ocrx_word' id='word_1_937' title='bbox 1432 2011 1513 2037; x_wconf 83' lang='lat' dir='ltr'>divini</span> <span class='ocrx_word' id='word_1_938' title='bbox 1536 2012 1675 2038; x_wconf 85' lang='lat' dir='ltr'>ministerii</span> <span class='ocrx_word' id='word_1_939' title='bbox 1701 2013 1839 2038; x_wconf 78' lang='lat' dir='ltr'>occasione</span> <span class='ocrx_word' id='word_1_940' title='bbox 1859 2012 1924 2037; x_wconf 85' lang='lat' dir='ltr'>intra</span> 
     </span>
     <span class='ocr_line' id='line_1_110' title="bbox 1087 2053 1924 2087; baseline 0 -7"><span class='ocrx_word' id='word_1_941' title='bbox 1087 2054 1223 2080; x_wconf 84' lang='lat' dir='ltr'>ecclesiam</span> <span class='ocrx_word' id='word_1_942' title='bbox 1247 2063 1276 2080; x_wconf 82' lang='lat' dir='ltr'>se</span> <span class='ocrx_word' id='word_1_943' title='bbox 1301 2053 1442 2080; x_wconf 81' lang='lat' dir='ltr'>crediderit</span> <span class='ocrx_word' id='word_1_944' title='bbox 1470 2054 1653 2087; x_wconf 58' lang='lat' dir='ltr'>occulendam.</span> <span class='ocrx_word' id='word_1_945' title='bbox 1682 2065 1737 2081; x_wconf 86' lang='lat' dir='ltr'>eam</span> <span class='ocrx_word' id='word_1_946' title='bbox 1765 2055 1924 2081; x_wconf 84' lang='lat' dir='ltr'>constrictus</span> 
     </span>
     <span class='ocr_line' id='line_1_111' title="bbox 1086 2096 1923 2134; baseline 0 -11"><span class='ocrx_word' id='word_1_947' title='bbox 1086 2096 1284 2123; x_wconf 86' lang='lat' dir='ltr'>archidiaconus</span> <span class='ocrx_word' id='word_1_948' title='bbox 1309 2102 1496 2134; x_wconf 83' lang='lat' dir='ltr'>repraesentet.</span> <span class='ocrx_word' id='word_1_949' title='bbox 1529 2097 1596 2124; x_wconf 80' lang='lat' dir='ltr'><em>Nov.</em></span> <span class='ocrx_word' id='word_1_950' title='bbox 1622 2098 1755 2125; x_wconf 82' lang='lat' dir='ltr'>Maiorian.</span> <span class='ocrx_word' id='word_1_951' title='bbox 1779 2097 1811 2123; x_wconf 81' lang='lat' dir='ltr'>de</span> <span class='ocrx_word' id='word_1_952' title='bbox 1835 2096 1923 2124; x_wconf 82' lang='lat' dir='ltr'>curial.</span> 
     </span>
     <span class='ocr_line' id='line_1_112' title="bbox 1086 2140 1790 2178; baseline 0.001 -12"><span class='ocrx_word' id='word_1_953' title='bbox 1086 2140 1129 2167; x_wconf 85' lang='lat' dir='ltr'>[V.</span> <span class='ocrx_word' id='word_1_954' title='bbox 1150 2141 1172 2166; x_wconf 91' lang='lat'>7.</span> <span class='ocrx_word' id='word_1_955' title='bbox 1193 2150 1214 2166; x_wconf 90' lang='lat' dir='ltr'>c.</span> <span class='ocrx_word' id='word_1_956' title='bbox 1236 2142 1258 2166; x_wconf 96' lang='grc'>1.</span> <span class='ocrx_word' id='word_1_957' title='bbox 1277 2140 1299 2173; x_wconf 92' lang='lat'>3.</span> <span class='ocrx_word' id='word_1_958' title='bbox 1314 2142 1336 2166; x_wconf 95' lang='lat'>7.</span> <span class='ocrx_word' id='word_1_959' title='bbox 1357 2140 1389 2166; x_wconf 80' lang='lat' dir='ltr'>de</span> <span class='ocrx_word' id='word_1_960' title='bbox 1408 2142 1524 2178; x_wconf 79' lang='lat' dir='ltr'>episcop.</span> <span class='ocrx_word' id='word_1_961' title='bbox 1545 2140 1597 2167; x_wconf 86' lang='lat' dir='ltr'><em>iud.</em></span> <span class='ocrx_word' id='word_1_962' title='bbox 1618 2140 1662 2167; x_wconf 89' lang='lat' dir='ltr'>IV.</span> <span class='ocrx_word' id='word_1_963' title='bbox 1682 2142 1705 2167; x_wconf 90' lang='lat'>9.</span> <span class='ocrx_word' id='word_1_964' title='bbox 1726 2151 1747 2167; x_wconf 87' lang='lat' dir='ltr'>c.</span> <span class='ocrx_word' id='word_1_965' title='bbox 1769 2143 1790 2167; x_wconf 96' lang='lat' dir='ltr'>l.</span> 
     </span>
     <span class='ocr_line' id='line_1_113' title="bbox 1062 2182 1922 2218; baseline -0.001 -9"><span class='ocrx_word' id='word_1_966' title='bbox 1062 2182 1064 2198; x_wconf 79' lang='lat'><strong>⁴</strong></span> <span class='ocrx_word' id='word_1_967' title='bbox 1121 2183 1448 2216; x_wconf 70' lang='lat' dir='ltr'>Archiepiseopus.</span> <span class='ocrx_word' id='word_1_968' title='bbox 1507 2186 1693 2218; x_wconf 72' lang='lat' dir='ltr'>Episcopus</span> <span class='ocrx_word' id='word_1_969' title='bbox 1732 2185 1922 2218; x_wconf 70' lang='lat' dir='ltr'>primarius.</span> 
     </span>
     <span class='ocr_line' id='line_1_114' title="bbox 1063 2225 1923 2263; baseline -0.001 -11"><span class='ocrx_word' id='word_1_970' title='bbox 1063 2234 1064 2260; x_wconf 58' lang='grc'>1</span> <span class='ocrx_word' id='word_1_971' title='bbox 1086 2225 1128 2252; x_wconf 91' lang='lat'><em>111.</em></span> <span class='ocrx_word' id='word_1_972' title='bbox 1143 2227 1208 2253; x_wconf 69' lang='lat' dir='ltr'>Gn.</span> <span class='ocrx_word' id='word_1_973' title='bbox 1235 2225 1460 2263; x_wconf 82' lang='lat' dir='ltr'>Archicpiscopus</span> <span class='ocrx_word' id='word_1_974' title='bbox 1480 2227 1506 2253; x_wconf 91' lang='lat' dir='ltr'>in</span> <span class='ocrx_word' id='word_1_975' title='bbox 1525 2226 1574 2253; x_wconf 87' lang='lat' dir='ltr'>hac</span> <span class='ocrx_word' id='word_1_976' title='bbox 1592 2227 1657 2253; x_wconf 82' lang='lat' dir='ltr'>urbe</span> <span class='ocrx_word' id='word_1_977' title='bbox 1670 2227 1747 2262; x_wconf 73' lang='lat' dir='ltr'>regia,</span> <span class='ocrx_word' id='word_1_978' title='bbox 1768 2226 1816 2252; x_wconf 92' lang='lat' dir='ltr'>SS.</span> <span class='ocrx_word' id='word_1_979' title='bbox 1837 2225 1923 2252; x_wconf 89' lang='lat' dir='ltr'>ortho-</span> 
     </span>
     <span class='ocr_line' id='line_1_115' title="bbox 1087 2268 1921 2306; baseline -0.001 -12"><span class='ocrx_word' id='word_1_980' title='bbox 1087 2268 1170 2295; x_wconf 82' lang='lat' dir='ltr'>doxae</span> <span class='ocrx_word' id='word_1_981' title='bbox 1191 2268 1318 2295; x_wconf 78' lang='lat' dir='ltr'>ecclesiae</span> <span class='ocrx_word' id='word_1_982' title='bbox 1336 2269 1499 2306; x_wconf 85' lang='lat' dir='ltr'>praesidens.</span> <span class='ocrx_word' id='word_1_983' title='bbox 1520 2280 1540 2296; x_wconf 87' lang='lat' dir='ltr'>c.</span> <span class='ocrx_word' id='word_1_984' title='bbox 1562 2271 1601 2296; x_wconf 91' lang='lat'>14.</span> <span class='ocrx_word' id='word_1_985' title='bbox 1623 2269 1655 2296; x_wconf 88' lang='lat' dir='ltr'>de</span> <span class='ocrx_word' id='word_1_986' title='bbox 1674 2269 1722 2296; x_wconf 90' lang='lat' dir='ltr'>SS.</span> <span class='ocrx_word' id='word_1_987' title='bbox 1743 2269 1835 2296; x_wconf 81' lang='lat' dir='ltr'>eccles.</span> <span class='ocrx_word' id='word_1_988' title='bbox 1857 2270 1878 2293; x_wconf 97' lang='lat'>1.</span> <span class='ocrx_word' id='word_1_989' title='bbox 1897 2269 1921 2293; x_wconf 79' lang='lat'>2.</span> 
     </span>
     <span class='ocr_line' id='line_1_116' title="bbox 1086 2310 1921 2349; baseline -0.004 -11"><span class='ocrx_word' id='word_1_990' title='bbox 1086 2311 1118 2338; x_wconf 83' lang='lat' dir='ltr'>cf.</span> <span class='ocrx_word' id='word_1_991' title='bbox 1139 2322 1160 2338; x_wconf 89' lang='lat' dir='ltr'>c.</span> <span class='ocrx_word' id='word_1_992' title='bbox 1181 2313 1220 2338; x_wconf 80' lang='lat'>13.</span> <span class='ocrx_word' id='word_1_993' title='bbox 1245 2311 1277 2338; x_wconf 89' lang='lat' dir='ltr'>de</span> <span class='ocrx_word' id='word_1_994' title='bbox 1297 2313 1377 2349; x_wconf 87' lang='lat' dir='ltr'>episc.</span> <span class='ocrx_word' id='word_1_995' title='bbox 1398 2312 1456 2338; x_wconf 87' lang='lat' dir='ltr'>aud.</span> <span class='ocrx_word' id='word_1_996' title='bbox 1480 2314 1503 2339; x_wconf 95' lang='lat'>1.</span> <span class='ocrx_word' id='word_1_997' title='bbox 1523 2314 1547 2339; x_wconf 92' lang='lat'>4.</span> <span class='ocrx_word' id='word_1_998' title='bbox 1590 2312 1718 2339; x_wconf 77' lang='lat' dir='ltr'>Civitates</span> <span class='ocrx_word' id='word_1_999' title='bbox 1743 2328 1775 2331; x_wconf 93' lang='lat'><em>-</em></span> <span class='ocrx_word' id='word_1_1000' title='bbox 1798 2310 1921 2348; x_wconf 80' lang='lat' dir='ltr'>potestati</span> 
     </span>
     <span class='ocr_line' id='line_1_117' title="bbox 1086 2354 1920 2393; baseline -0.004 -12"><span class='ocrx_word' id='word_1_1001' title='bbox 1086 2365 1144 2381; x_wconf 85' lang='lat' dir='ltr'>esse</span> <span class='ocrx_word' id='word_1_1002' title='bbox 1172 2355 1303 2381; x_wconf 75' lang='lat' dir='ltr'>subiectas</span> <span class='ocrx_word' id='word_1_1003' title='bbox 1327 2354 1520 2392; x_wconf 79' lang='lat' dir='ltr'>archiepiscopi</span> <span class='ocrx_word' id='word_1_1004' title='bbox 1546 2356 1587 2382; x_wconf 88' lang='lat' dir='ltr'>sui</span> <span class='ocrx_word' id='word_1_1005' title='bbox 1605 2356 1714 2393; x_wconf 85' lang='lat' dir='ltr'>proprii.</span> <span class='ocrx_word' id='word_1_1006' title='bbox 1745 2354 1834 2381; x_wconf 81' lang='lat' dir='ltr'>Iulian.</span> <span class='ocrx_word' id='word_1_1007' title='bbox 1859 2354 1920 2390; x_wconf 85' lang='lat' dir='ltr'>cpit.</span> 
     </span>
     <span class='ocr_line' id='line_1_118' title="bbox 1062 2398 1330 2431; baseline -0.004 -7"><span class='ocrx_word' id='word_1_1008' title='bbox 1062 2405 1063 2416; x_wconf 89' lang='grc'>1</span> <span class='ocrx_word' id='word_1_1009' title='bbox 1084 2408 1144 2424; x_wconf 85' lang='grc' dir='ltr'>ηον.</span> <span class='ocrx_word' id='word_1_1010' title='bbox 1164 2408 1185 2424; x_wconf 91' lang='lat' dir='ltr'>c.</span> <span class='ocrx_word' id='word_1_1011' title='bbox 1205 2399 1227 2424; x_wconf 87' lang='grc'>9.</span> <span class='ocrx_word' id='word_1_1012' title='bbox 1248 2398 1269 2431; x_wconf 87' lang='lat'>3.</span> <span class='ocrx_word' id='word_1_1013' title='bbox 1289 2399 1330 2424; x_wconf 84' lang='lat'>45.</span> 
     </span>
    </p>

    <p class='ocr_par' dir='ltr' id='par_1_35' title="bbox 1082 2441 1921 2564">
     <span class='ocr_line' id='line_1_119' title="bbox 1121 2441 1921 2474; baseline -0.004 -6"><span class='ocrx_word' id='word_1_1014' title='bbox 1121 2441 1410 2474; x_wconf 74' lang='lat' dir='ltr'>Archierosyna.</span> <span class='ocrx_word' id='word_1_1015' title='bbox 1450 2443 1676 2469; x_wconf 76' lang='lat' dir='ltr'>Sacerdotium</span> <span class='ocrx_word' id='word_1_1016' title='bbox 1696 2441 1921 2474; x_wconf 78' lang='lat' dir='ltr'>Aegyptiacae</span> 
     </span>
     <span class='ocr_line' id='line_1_120' title="bbox 1082 2481 1920 2520; baseline -0.006 -9"><span class='ocrx_word' id='word_1_1017' title='bbox 1082 2486 1284 2519; x_wconf 80' lang='lat' dir='ltr'>provinciae.</span> <span class='ocrx_word' id='word_1_1018' title='bbox 1322 2483 1364 2509; x_wconf 89' lang='lat' dir='ltr'><em>III.</em></span> <span class='ocrx_word' id='word_1_1019' title='bbox 1391 2484 1456 2511; x_wconf 64' lang='lat'><em>(7¹¹1.</em></span> <span class='ocrx_word' id='word_1_1020' title='bbox 1484 2483 1513 2510; x_wconf 94' lang='lat' dir='ltr'>In</span> <span class='ocrx_word' id='word_1_1021' title='bbox 1533 2482 1715 2520; x_wconf 80' lang='lat' dir='ltr'>consequenda</span> <span class='ocrx_word' id='word_1_1022' title='bbox 1736 2481 1920 2517; x_wconf 79' lang='lat' dir='ltr'>archierosyna</span> 
     </span>
     <span class='ocr_line' id='line_1_121' title="bbox 1084 2524 1902 2564; baseline -0.005 -10"><span class='ocrx_word' id='word_1_1023' title='bbox 1084 2527 1129 2554; x_wconf 89' lang='lat' dir='ltr'>ille</span> <span class='ocrx_word' id='word_1_1024' title='bbox 1147 2528 1235 2564; x_wconf 86' lang='lat' dir='ltr'>potior</span> <span class='ocrx_word' id='word_1_1025' title='bbox 1254 2528 1289 2552; x_wconf 85' lang='lat' dir='ltr'>sit</span> <span class='ocrx_word' id='word_1_1026' title='bbox 1309 2531 1356 2552; x_wconf 82' lang='lat' dir='ltr'>etc.</span> <span class='ocrx_word' id='word_1_1027' title='bbox 1387 2526 1436 2553; x_wconf 86' lang='lat' dir='ltr'>Th.</span> <span class='ocrx_word' id='word_1_1028' title='bbox 1452 2526 1482 2553; x_wconf 91' lang='lat' dir='ltr'>C.</span> <span class='ocrx_word' id='word_1_1029' title='bbox 1496 2526 1553 2553; x_wconf 84' lang='lat' dir='ltr'><em>XII.</em></span> <span class='ocrx_word' id='word_1_1030' title='bbox 1570 2529 1590 2553; x_wconf 91' lang='grc'>1.</span> <span class='ocrx_word' id='word_1_1031' title='bbox 1606 2537 1625 2553; x_wconf 89' lang='lat' dir='ltr'>c.</span> <span class='ocrx_word' id='word_1_1032' title='bbox 1643 2527 1698 2551; x_wconf 77' lang='grc'>112.</span> <span class='ocrx_word' id='word_1_1033' title='bbox 1719 2524 1751 2550; x_wconf 83' lang='lat' dir='ltr'>de</span> <span class='ocrx_word' id='word_1_1034' title='bbox 1770 2524 1902 2550; x_wconf 85' lang='lat' dir='ltr'>decurion.</span> 
     </span>
    </p>

    <p class='ocr_par' dir='ltr' id='par_1_36' title="bbox 1083 2569 1919 2689">
     <span class='ocr_line' id='line_1_122' title="bbox 1119 2569 1919 2604; baseline -0.005 -7"><span class='ocrx_word' id='word_1_1035' title='bbox 1119 2570 1370 2604; x_wconf 70' lang='lat' dir='ltr'>ArchigalluS.</span> <span class='ocrx_word' id='word_1_1036' title='bbox 1409 2572 1566 2604; x_wconf 79' lang='lat' dir='ltr'>Princeps</span> <span class='ocrx_word' id='word_1_1037' title='bbox 1594 2570 1797 2595; x_wconf 81' lang='lat' dir='ltr'>sacerdotum</span> <span class='ocrx_word' id='word_1_1038' title='bbox 1823 2569 1919 2603; x_wconf 78' lang='lat' dir='ltr'>Cybe-</span> 
     </span>
     <span class='ocr_line' id='line_1_123' title="bbox 1084 2609 1919 2649; baseline -0.005 -10"><span class='ocrx_word' id='word_1_1039' title='bbox 1084 2616 1134 2639; x_wconf 84' lang='lat' dir='ltr'>les.</span> <span class='ocrx_word' id='word_1_1040' title='bbox 1176 2612 1217 2638; x_wconf 87' lang='lat' dir='ltr'><em>III.</em></span> <span class='ocrx_word' id='word_1_1041' title='bbox 1243 2613 1308 2639; x_wconf 65' lang='lat' dir='ltr'>Cn.</span> <span class='ocrx_word' id='word_1_1042' title='bbox 1342 2612 1395 2648; x_wconf 85' lang='lat' dir='ltr'>Qui</span> <span class='ocrx_word' id='word_1_1043' title='bbox 1421 2613 1447 2638; x_wconf 88' lang='lat' dir='ltr'>in</span> <span class='ocrx_word' id='word_1_1044' title='bbox 1470 2617 1549 2649; x_wconf 84' lang='lat' dir='ltr'>portu</span> <span class='ocrx_word' id='word_1_1045' title='bbox 1574 2621 1621 2647; x_wconf 88' lang='lat' dir='ltr'>pro</span> <span class='ocrx_word' id='word_1_1046' title='bbox 1646 2610 1730 2636; x_wconf 84' lang='lat' dir='ltr'>salute</span> <span class='ocrx_word' id='word_1_1047' title='bbox 1751 2609 1919 2647; x_wconf 84' lang='lat' dir='ltr'>Imperatoris</span> 
     </span>
     <span class='ocr_line' id='line_1_124' title="bbox 1083 2652 1901 2689; baseline -0.004 -7"><span class='ocrx_word' id='word_1_1048' title='bbox 1083 2665 1185 2682; x_wconf 85' lang='lat' dir='ltr'>sacrum</span> <span class='ocrx_word' id='word_1_1049' title='bbox 1204 2654 1265 2681; x_wconf 81' lang='lat' dir='ltr'>facit</span> <span class='ocrx_word' id='word_1_1050' title='bbox 1285 2665 1316 2682; x_wconf 76' lang='lat' dir='ltr'>ex</span> <span class='ocrx_word' id='word_1_1051' title='bbox 1335 2656 1519 2681; x_wconf 82' lang='lat' dir='ltr'>vaticinatione</span> <span class='ocrx_word' id='word_1_1052' title='bbox 1539 2653 1679 2689; x_wconf 72' lang='lat' dir='ltr'>archigalli.</span> <span class='ocrx_word' id='word_1_1053' title='bbox 1706 2652 1787 2680; x_wconf 81' lang='lat' dir='ltr'>Vatic.</span> <span class='ocrx_word' id='word_1_1054' title='bbox 1808 2654 1901 2687; x_wconf 78' lang='lat'><em>3148.</em></span> 
     </span>
    </p>

    <p class='ocr_par' dir='ltr' id='par_1_37' title="bbox 1082 2698 1919 2864">
     <span class='ocr_line' id='line_1_125' title="bbox 1118 2698 1919 2732; baseline -0.002 -6"><span class='ocrx_word' id='word_1_1055' title='bbox 1118 2699 1422 2732; x_wconf 72' lang='lat' dir='ltr'>Archigerontes.</span> <span class='ocrx_word' id='word_1_1056' title='bbox 1473 2698 1566 2723; x_wconf 81' lang='lat' dir='ltr'>Senio</span> <span class='ocrx_word' id='word_1_1057' title='bbox 1575 2706 1641 2728; x_wconf 83' lang='lat' dir='ltr'>res,</span> <span class='ocrx_word' id='word_1_1058' title='bbox 1675 2707 1695 2722; x_wconf 81' lang='lat' dir='ltr'>r.</span> <span class='ocrx_word' id='word_1_1059' title='bbox 1728 2698 1919 2724; x_wconf 70' lang='lat' dir='ltr'>Snmmares.</span> 
     </span>
     <span class='ocr_line' id='line_1_126' title="bbox 1082 2739 1919 2775; baseline -0.005 -7"><span class='ocrx_word' id='word_1_1060' title='bbox 1082 2743 1194 2768; x_wconf 81' lang='lat' dir='ltr'>curiae</span> <span class='ocrx_word' id='word_1_1061' title='bbox 1213 2741 1439 2774; x_wconf 71' lang='lat' dir='ltr'>(Alexandrinae).</span> <span class='ocrx_word' id='word_1_1062' title='bbox 1471 2739 1513 2765; x_wconf 90' lang='lat' dir='ltr'><em>III.</em></span> <span class='ocrx_word' id='word_1_1063' title='bbox 1531 2740 1596 2766; x_wconf 70' lang='lat' dir='ltr'>Cn.</span> <span class='ocrx_word' id='word_1_1064' title='bbox 1616 2739 1830 2775; x_wconf 71' lang='lat' dir='ltr'>Archigcrontes.</span> <span class='ocrx_word' id='word_1_1065' title='bbox 1851 2739 1919 2765; x_wconf 84' lang='lat' dir='ltr'>dioe-</span> 
     </span>
     <span class='ocr_line' id='line_1_127' title="bbox 1083 2781 1918 2820; baseline -0.002 -11"><span class='ocrx_word' id='word_1_1066' title='bbox 1083 2789 1206 2820; x_wconf 84' lang='lat' dir='ltr'>cetacquc</span> <span class='ocrx_word' id='word_1_1067' title='bbox 1234 2786 1464 2820; x_wconf 73' lang='lat' dir='ltr'>ergasiotanorum.</span> <span class='ocrx_word' id='word_1_1068' title='bbox 1499 2781 1548 2808; x_wconf 92' lang='lat' dir='ltr'>Th.</span> <span class='ocrx_word' id='word_1_1069' title='bbox 1574 2782 1604 2810; x_wconf 93' lang='lat' dir='ltr'>C.</span> <span class='ocrx_word' id='word_1_1070' title='bbox 1630 2782 1699 2809; x_wconf 70' lang='lat' dir='ltr'><em>XIV.</em></span> <span class='ocrx_word' id='word_1_1071' title='bbox 1723 2784 1764 2808; x_wconf 86' lang='grc'>27.</span> <span class='ocrx_word' id='word_1_1072' title='bbox 1790 2793 1810 2808; x_wconf 93' lang='lat' dir='ltr'>c.</span> <span class='ocrx_word' id='word_1_1073' title='bbox 1837 2784 1857 2808; x_wconf 94' lang='lat'>1.</span> <span class='ocrx_word' id='word_1_1074' title='bbox 1887 2781 1918 2807; x_wconf 81' lang='lat' dir='ltr'>de</span> 
     </span>
     <span class='ocr_line' id='line_1_128' title="bbox 1082 2826 1419 2864; baseline -0.006 -10"><span class='ocrx_word' id='word_1_1075' title='bbox 1082 2827 1209 2854; x_wconf 71' lang='lat' dir='ltr'>Alexand.</span> <span class='ocrx_word' id='word_1_1076' title='bbox 1229 2826 1299 2864; x_wconf 85' lang='lat' dir='ltr'>pleb.</span> <span class='ocrx_word' id='word_1_1077' title='bbox 1319 2828 1419 2863; x_wconf 83' lang='lat' dir='ltr'>primat.</span> 
     </span>
    </p>
   </div>
   <div class='ocr_carea' id='block_1_29' title="bbox 1791 1796 1925 1824">
    <p class='ocr_par' dir='ltr' id='par_1_38' title="bbox 1791 1796 1925 1824">
     <span class='ocr_line' id='line_1_129' title="bbox 1791 1796 1925 1824; baseline 0.007 -2"><span class='ocrx_word' id='word_1_1078' title='bbox 1791 1796 1833 1822; x_wconf 93' lang='lat' dir='ltr'><em>III.</em></span> <span class='ocrx_word' id='word_1_1079' title='bbox 1859 1797 1925 1824; x_wconf 70' lang='lat' dir='ltr'>Cn.</span> 
     </span>
    </p>
   </div>
   <div class='ocr_carea' id='block_1_30' title="bbox 1389 1798 1753 1831">
    <p class='ocr_par' dir='ltr' id='par_1_39' title="bbox 1389 1798 1753 1831">
     <span class='ocr_line' id='line_1_130' title="bbox 1389 1798 1753 1831; baseline 0 -8"><span class='ocrx_word' id='word_1_1080' title='bbox 1389 1798 1564 1823; x_wconf 68' lang='lat' dir='ltr'>Archiatri</span> <span class='ocrx_word' id='word_1_1081' title='bbox 1593 1798 1753 1831; x_wconf 74' lang='lat' dir='ltr'>dignitas.</span> 
     </span>
    </p>
   </div>
   <div class='ocr_carea' id='block_1_31' title="bbox 1060 1349 1068 2889">
    <p class='ocr_par' dir='ltr' id='par_1_40' title="bbox 1060 1349 1068 2889">
     <span class='ocr_line' id='line_1_131' title="bbox 1060 1349 1068 2889; baseline 0 0"><span class='ocrx_word' id='word_1_1082' title='bbox 1060 1349 1068 2889; x_wconf 95' lang='lat' dir='ltr'> </span> 
     </span>
    </p>
   </div>
  </div>
 </body>
</html>
