2197 3121
1033 153 1133 185 FAM.

217 239 241 264 3.
280 236 333 272 Qui
358 235 470 263 familiae
495 240 628 273 praesunt.
654 234 703 261 Th.
729 234 760 261 C.
781 233 848 260 VIII.
873 236 897 261 5.
922 244 943 262 c.
963 236 1005 262 21.
1025 235 1058 261 de

218 290 296 306 cursu
316 279 378 316 pub.
416 279 451 306 Vt
476 284 527 305 tam
551 279 678 309 numeris,
699 287 775 314 quam
796 277 913 309 familiiS,
938 288 986 304 nec
1006 288 1058 304 non

217 328 244 349 et
267 322 477 359 impedimentis,
500 326 606 359 praeter
629 330 672 347 eas
696 330 812 346 annonas
837 336 869 340 —
893 321 1056 358 praebeatur.

216 364 254 391 Ib.
274 364 330 391 VII.
354 366 378 391 4.
405 375 426 392 c.
450 367 491 391 28.
516 374 556 401 pr.
581 363 613 390 cf.
638 373 660 390 c.
686 365 725 389 17.
750 374 771 390 c.
791 365 832 390 31.
862 364 894 390 de
914 374 983 400 erog.
1003 363 1057 390 mil.

216 417 274 434 ann.
295 408 327 434 X.
348 409 370 434 l.
391 417 412 434 c.
435 409 472 434 17.
493 407 525 434 de
544 408 600 435 iure
624 406 690 433 sisci.
715 404 747 426 '—
772 407 802 439 5.
826 408 861 434 Β.
887 409 1059 442 Adgnato-

216 461 299 483 rum,
319 453 458 485 itemque
476 456 689 485 cognatorum.
712 459 836 484 corpus.
874 449 892 476 I.
919 450 980 484 Sy.
1006 448 1058 475 No-

215 503 283 520 men.
304 493 334 520 fr.
353 495 395 520 32.
414 493 436 526 5.
457 494 480 519 6.
500 492 530 519 fr.
551 494 592 518 69.
612 493 649 526 55.
664 494 686 518 1.
706 494 730 518 3.
745 502 785 528 sq.
806 491 926 528 delegat.
943 492 974 518 II.
990 493 1056 525 (31.)

215 535 309 563 Plures
328 545 464 573 personae,
485 545 551 572 quae
569 535 601 561 ab
621 535 737 562 eiusdem
757 535 841 562 ultimi
860 536 987 570 genitoris
1001 545 1058 561 sau-

215 579 293 615 guine
316 578 530 616 proficiscuntur.
557 577 587 604 fr.
614 580 671 604 195.
699 578 720 612 5.
746 579 770 604 4.
797 577 830 604 de
849 577 880 603 V.
901 577 927 603 S.
953 580 993 604 50.
1016 579 1056 604 16.

215 621 340 648 Omnium
360 621 530 657 adgnatorum
549 630 654 658 corpus.
675 620 705 647 fr.
727 622 784 647 195.
803 621 826 654 5.
845 622 869 646 2.
890 619 906 646 l.
922 620 938 646 l.
958 622 1000 647 50.
1016 622 1055 647 16.

214 663 243 690 In
263 669 406 701 potestate,
430 663 459 690 In
484 663 578 690 familia
604 664 693 697 (esse,
717 673 742 689 v.
761 663 894 695 retineri.)
915 663 998 689 Vatic.
1018 664 1055 697 55.

213 708 273 733 294.
293 708 352 733 296.
376 706 449 733 Paul.
470 706 513 733 IV.
539 708 563 733 8.
588 707 626 740 55.
650 708 674 733 8.
699 716 738 742 sq.
765 706 794 733 fr.
814 707 838 732 8.
858 716 897 743 pr.
918 706 950 732 de
970 708 996 732 in
1016 707 1056 732 ius

213 759 271 776 voc.
290 751 314 775 2.
334 751 359 776 4.
395 749 438 776 III.
456 751 521 777 Gn.
559 749 689 776 Ordinum
712 749 824 785 dignitas
849 748 1056 785 familiarumque

212 792 301 825 (salva
326 792 386 825 sit.)
410 792 441 819 sr.
468 795 489 819 l.
515 793 602 827 5.13.
629 792 661 818 (16
684 793 752 828 insp.
773 797 873 818 ventre.
892 794 934 818 25.
954 794 978 818 4.
1016 791 1056 818 Ne

213 834 322 862 fundum
341 834 456 862 alienent
475 837 524 869 (sc.
544 834 667 867 heredes)
688 839 714 861 ct
733 844 765 860 ne.
784 834 816 861 de
830 834 925 861 familia
940 836 1054 861 nominis

211 879 261 904 mei
281 882 364 904 exeat.
384 878 415 905 fr.
435 880 476 905 77.
502 879 584 912 5.11.
611 877 643 904 cf.
670 877 700 904 fr.
721 879 761 904 7³5.
787 878 808 911 5.
828 880 852 904 3.
878 877 908 904 fr.
927 880 968 904 69.
989 878 1010 911 5.
1029 879 1053 904 3.

211 920 245 947 de
263 920 339 956 legat.
360 920 389 947 II.
410 921 479 955 (31.)
500 921 531 947 fr.
547 922 603 946 114.
624 921 700 954 515.
721 920 754 946 de
767 920 842 957 legat.
857 920 875 947 I.
891 921 958 953 (30.)
979 921 1054 956 Quae

211 964 265 997 (sc.
290 963 448 1001 sepulchra)
473 964 532 999 quis
557 963 608 989 sibi
633 962 796 1000 familiaeque.
821 974 883 990 suae
907 965 1052 990 constituit..

210 1006 242 1033 fr.
262 1009 285 1033 5.
306 1006 339 1033 de
359 1006 430 1042 relig.
452 1007 491 1032 11.
511 1007 534 1032 7.
577 1005 704 1043 Princeps
728 1005 841 1032 familiae
860 1006 1002 1039 (Porciae.)
1023 1006 1054 1033 fr.

209 1052 234 1076 2.
254 1050 275 1084 5.
294 1051 336 1076 38.
357 1049 390 1075 de
409 1049 442 1075 Ο.
463 1048 481 1075 I.
502 1050 525 1075 1.
553 1051 578 1075 2.
598 1048 659 1085 le.
679 1048 723 1075 IV.
750 1051 772 1076 l.
798 1049 829 1076 cf.
856 1049 886 1076 fr.
909 1051 965 1075 195.
986 1050 1008 1083 5.
1027 1051 1052 1075 4.

210 1092 243 1119 dc
262 1092 294 1119 V.
315 1092 342 1119 S.
362 1093 403 1118 50.
425 1092 464 1117 16.
502 1090 605 1128 Capitis
628 1092 738 1118 minutio
764 1093 864 1129 privata
888 1092 1002 1119 bominis
1027 1097 1053 1119 et

210 1134 322 1161 familiae
347 1135 403 1160 eius
428 1135 496 1165 iura,
520 1144 573 1160 non
597 1135 724 1165 civitatis,
751 1136 853 1161 amittit.
874 1135 904 1161 fr.
924 1137 948 1162 6.
969 1135 1000 1162 cs.
1021 1135 1050 1162 fr.

208 1179 233 1204 3.
254 1187 293 1214 pr.
314 1176 344 1203 fr.
366 1178 406 1203 11.
427 1175 460 1202 (16
479 1186 535 1213 cap.
555 1178 646 1203 minut.
666 1179 690 1203 4.
709 1180 733 1204 5.
772 1177 800 1204 In
820 1179 860 1204 avi
879 1180 987 1205 materni
1007 1189 1052 1216 po-

208 1224 312 1251 testate,
332 1219 442 1246 alienam
463 1219 585 1246 familiam
604 1225 755 1257 sequentes.
774 1220 845 1247 Paul.
866 1220 910 1248 IV.
930 1223 953 1247 8.
973 1222 1050 1256 510.

208 1262 240 1290 cf.
264 1262 321 1289 Gai.
346 1262 364 1289 I.
391 1264 448 1289 156.
477 1262 519 1289 111.
545 1265 585 1290 71.
623 1263 747 1296 Familia,
772 1263 804 1290 ad
829 1274 905 1301 quam
925 1274 973 1301 per
991 1264 1051 1291 ado-

206 1306 323 1342 ptionem
343 1306 422 1332 venit.
462 1305 598 1343 Adoptiva
618 1306 676 1332 fam.
703 1306 732 1332 fr.
755 1308 776 1332 l.
801 1307 823 1340 5
843 1309 866 1334 4,
888 1307 956 1334 unde
976 1318 1049 1344 cogn.

205 1350 248 1375 38.
267 1349 292 1374 8.
311 1347 342 1374 fr.
362 1350 386 1374 4.
405 1349 488 1382 5.10.
509 1348 541 1375 de
560 1349 659 1385 gradib.
672 1350 714 1375 38.
730 1351 769 1375 10.
808 1349 882 1379 Filia,
902 1361 968 1387 quae
981 1361 1050 1377 man-

206 1392 242 1417 sit
260 1392 286 1418 in
306 1396 447 1428 potestate,
468 1401 525 1418 cum
546 1391 799 1419 eiusdemi'amiliae
818 1394 898 1419 tratre
917 1394 993 1420 heres
1013 1395 1050 1420 iu-

205 1435 305 1461 stituta.
325 1434 355 1460 fr.
375 1436 399 1460 5.
417 1443 457 1471 pr.
477 1433 510 1461 de
529 1433 583 1460 dot.
604 1434 690 1461 collat.
719 1437 761 1462 37.
786 1437 810 1462 7.
848 1436 901 1462 Dat
930 1435 1048 1462 B.Pnem

206 1492 239 1496 -
253 1480 355 1513 quarto,
375 1478 492 1513 cognatis
510 1478 652 1514 proximis;
672 1479 772 1514 quinto,
791 1477 858 1505 Tum
873 1489 950 1515 quem
969 1489 1001 1505 ex
1015 1478 1049 1505 Ia-

205 1518 284 1545 milia.
309 1519 330 1552 5.
350 1520 374 1545 3.
399 1519 416 1545 I.
442 1519 475 1546 de
498 1520 528 1546 B.
554 1519 581 1546 P.
601 1522 625 1546 3.
645 1521 669 1547 9.
707 1520 772 1547 Post
795 1521 917 1548 familiam
934 1523 1047 1558 patroni,

204 1567 283 1588 vocat
305 1561 414 1588 Praetor
438 1567 576 1599 patronum
605 1568 631 1589 et
657 1569 802 1600 patronam.
832 1564 901 1591 Coll.
931 1564 983 1591 LL.
1013 1565 1046 1591 Μ.

204 1604 275 1631 XVI.
295 1606 319 1632 9.
339 1620 371 1624 —-
392 1605 422 1638 ξ.
447 1606 536 1632 zai.
574 1607 733 1633 Natorum
763 1614 949 1634 nostrorum
975 1619 1046 1635 coe-

205 1653 265 1674 tus.
302 1647 320 1673 Ι.
340 1648 402 1682 Sy.
429 1647 527 1674 Liberi.
564 1647 632 1675 Filii.
653 1648 683 1675 fr.
702 1651 744 1676 40.
764 1650 786 1683 5.
806 1653 830 1677 2.
851 1650 883 1677 de
903 1650 935 1676 V.
956 1650 983 1677 S.
1003 1652 1045 1677 50.

207 1691 246 1715 16.
266 1689 315 1716 Th.
336 1690 367 1717 C.
386 1690 444 1717 XII.
465 1692 487 1717 l.
508 1701 529 1717 c.
549 1693 590 1717 57.
611 1691 643 1718 de
663 1691 796 1719 decurion.
832 1692 877 1720 Ill.
897 1695 963 1721 Gn.
994 1693 1046 1720 Illa-

204 1737 270 1758 trem
290 1747 321 1752 --
340 1737 392 1759 tam
411 1733 504 1766 filium,
524 1744 601 1770 quam
614 1734 736 1761 familiam
755 1736 819 1767 eius,
840 1735 999 1762 exhibuisse.
1014 1736 1044 1762 fr.

203 1776 246 1801 34.
266 1774 299 1801 de
317 1774 348 1802 N.
368 1775 400 1802 G.
419 1778 443 1802 3.
463 1779 487 1802 5.
524 1776 681 1804 Liberorum
701 1777 805 1805 familia.
826 1777 883 1804 Gai.
897 1778 914 1804 I.
937 1780 994 1804 195.
1014 1778 1043 1804 fr.

205 1819 245 1844 7⁸.
265 1818 287 1851 5.
307 1819 330 1844 3.
351 1817 383 1844 de
402 1818 478 1854 legat.
492 1818 522 1845 II.
543 1820 611 1852 (31.)
649 1820 678 1846 Si
698 1830 765 1856 quos
778 1821 894 1846 veterani
914 1820 1044 1853 servulos,

204 1860 348 1887 familiasve
367 1860 398 1887 ad
418 1871 506 1897 agrum
526 1861 657 1889 duxerint.
678 1862 728 1889 Th.
749 1863 779 1889 C.
799 1863 855 1889 VII.
874 1865 915 1889 20.
935 1873 956 1889 e.
970 1864 994 1889 8.
1012 1863 1044 1889 de

202 1909 317 1929 veteran.
339 1903 370 1930 cf.
391 1903 446 1930 Vll.
469 1906 490 1930 l.
512 1914 534 1930 c.
552 1906 577 1930 3.
597 1904 629 1931 (16
648 1904 679 1931 R.
693 1905 726 1932 Μ.
765 1906 818 1941 Qui
837 1910 996 1943 potestatem
1009 1906 1044 1932 fa-

202 1945 289 1972 miliae
308 1947 395 1983 potuit
414 1946 520 1973 habere.
551 1947 587 1973 Ib.
611 1947 640 1974 V.
663 1949 685 1974 l.
706 1958 726 1974 c.
747 1949 770 1974 6.
792 1948 824 1974 (16
844 1948 913 1984 legit.
933 1948 1043 1975 heredit.

202 2004 235 2008 «-
259 1989 290 2022 §0
317 1990 353 2015 3.
384 1991 592 2016 l'niversitas
621 1992 669 2017 rei
688 1993 886 2027 familiaris
915 1994 1044 2027 singuli

200 2033 392 2068 patrissant.
412 2031 430 2058 I.
443 2033 504 2066 Sy.
525 2032 682 2065 Facultates,
703 2033 842 2066 Fortunae,
863 2034 977 2066 Census,
997 2034 1043 2061 Pe-

203 2074 291 2106 cunia,
315 2073 397 2100 Bona.
422 2073 452 2100 fr.
474 2076 513 2101 14.
543 2075 563 2109 5.
584 2078 608 2102 ὅ.
633 2075 663 2102 fr.
684 2078 725 2103 16.
750 2086 788 2114 pr.
809 2077 841 2103 ad
861 2076 888 2103 S.
910 2076 940 2104 C.
961 2077 1042 2104 Treb.

201 2116 243 2142 36.
269 2117 290 2142 l.
327 2115 522 2144 Patrimonium.
554 2117 611 2144 Gai.
638 2119 668 2145 11.
693 2121 750 2146 102.
792 2119 931 2147 Hereditas
960 2120 1043 2154 (divi-

203 2157 296 2190 denda,
315 2168 336 2185 s.
356 2160 531 2191 erciscunda.)
552 2160 589 2186 lb.
609 2161 639 2188 11.
659 2164 718 2188 219.
738 2162 768 2189 fr.
790 2165 829 2189 ll.
849 2163 879 2190 fr.
899 2165 938 2189 14.
959 2163 992 2190 de
1006 2163 1042 2190 di-

203 2205 249 2226 str.
279 2202 347 2237 pign.
375 2204 417 2228 20.
445 2205 469 2229 5.
517 2203 559 2230 III.
590 2205 655 2231 Cn.
689 2204 824 2231 Familiam
851 2207 1042 2243 pecuniamque

202 2247 273 2269 tuam
292 2243 358 2270 endo
377 2245 523 2272 mandatam
542 2246 650 2273 tutelam
669 2248 884 2285 custodelamque
902 2259 984 2275 meam
1004 2259 1041 2275 re.-

203 2286 281 2322 cipio.
302 2285 358 2312 Gai.
377 2286 407 2313 lt.
428 2289 484 2315 104.
505 2288 536 2315 cf.
552 2290 609 2315 102.
647 2288 739 2326 Neque
752 2290 863 2317 familiae
876 2296 959 2317 emtor
973 2302 1040 2324 esse,

203 2338 287 2364 neque
310 2329 387 2354 testis
409 2329 571 2367 libripensve
596 2332 654 2358 fieri
677 2343 765 2370 posse.
799 2333 836 2359 Ib.
861 2333 890 2359 11.
917 2336 974 2360 105.
999 2344 1038 2371 sq.

202 2370 263 2406 le.
288 2371 346 2397 XX.
373 2373 396 2397 7.
436 2372 557 2400 Vendere
580 2374 702 2402 familiam
727 2377 770 2409 (et
794 2386 944 2413 nuncupare
962 2382 1040 2404 testa-

202 2414 338 2445 mentum.)
364 2413 420 2440 Gai.
445 2414 474 2441 lI.
501 2418 558 2443 109.
585 2419 641 2444 115.
662 2428 701 2455 sq.
723 2421 780 2445 121.
819 2418 878 2445 Non
897 2419 985 2446 valere
1004 2425 1040 2447 te-

201 2460 371 2487 stamentum,
396 2456 463 2483 sorte
486 2459 556 2493 quod
575 2460 686 2487 familiae
704 2463 861 2498 mancipatio
881 2462 922 2488 vel
942 2472 1039 2489 nuncu-

201 2499 272 2535 patio
292 2498 382 2525 defuit.
402 2498 463 2536 le.
482 2499 603 2529 XXVIII.
623 2505 646 2530 6.
667 2504 699 2530 cf.
718 2505 781 2531 XX.
799 2506 821 2531 9.
844 2506 883 2531 13.
925 2505 954 2532 Si
974 2507 1038 2532 inte-

201 2545 285 2566 status
305 2542 422 2573 moritur,
442 2543 483 2568 cui
503 2552 566 2570 suus
586 2544 661 2572 heres
680 2557 728 2574 nec
741 2548 784 2579 sit,
804 2547 930 2584 adgnatus
948 2549 1037 2585 proxi-

201 2593 258 2609 nms
284 2583 406 2611 familiam
430 2584 532 2612 habeto.
574 2586 629 2614 Frr.
653 2588 682 2615 L.
706 2590 755 2616 XII
779 2590 862 2617 Tabb.
883 2590 914 2617 V.
944 2593 966 2617 4.
996 2602 1035 2628 sq.

200 2626 316 2655 Arbiter.
337 2628 381 2662 qui
400 2626 511 2654 familiae
531 2630 700 2658 erciscundae
713 2632 797 2665 datur,
817 2643 837 2660 s.
852 2633 972 2660 addictus
988 2639 1036 2660 est.

201 2668 231 2694 fr.
251 2670 293 2695 30.
314 2668 371 2694 fam.
393 2671 483 2697 ercisc.
505 2673 544 2697 10.
563 2673 587 2698 2.
619 2671 690 2699 Paul.
709 2674 751 2702 III.
771 2678 795 2702 6.
815 2676 837 2710 5
860 2680 880 2703 1.
919 2676 948 2703 Si
967 2678 1036 2704 inter

201 2710 344 2737 coheredes
364 2711 476 2738 familiae
495 2714 664 2740 erciscundae
683 2721 779 2751 agatur,
798 2724 842 2745 aut
860 2720 928 2746 inter
947 2721 1034 2746 socios

201 2755 328 2780 communi
348 2754 492 2781 dividundo
512 2760 560 2782 etc.
581 2756 637 2783 Gai.
658 2757 701 2784 IV.
721 2760 761 2786 42.
782 2760 842 2798 le.
863 2762 932 2789 XIX.
955 2765 994 2789 16.

234 2797 511 2825 Familiarieus.
540 2799 669 2833 (Adiect.)
698 2803 744 2827 Aa
761 2804 932 2837 familiam
954 2810 1033 2833 (ser-

1883 156 1946 187 367

1104 238 1229 267 vorum)
1253 238 1430 270 pertinens.
1467 237 1510 264 III.
1536 239 1597 265 Cn.
1618 236 1779 263 Familiarica
1799 237 1842 271 [al.
1863 237 1945 264 Fami-

1103 279 1188 314 liaria]
1209 284 1271 306 sunt
1290 281 1339 313 (se.
1360 281 1537 313 vestimenta,)
1559 291 1624 317 quae
1644 280 1676 306 ad
1689 280 1811 306 familiam
1830 282 1943 307 vestien-

1103 322 1160 349 dam
1180 327 1268 360 parata
1289 327 1358 349 sunt.
1379 322 1409 349 fr.
1428 325 1469 349 23.
1491 324 1513 357 5.
1532 325 1554 349 2.
1578 323 1610 349 de
1629 333 1691 349 auro
1712 332 1762 359 arg.
1783 325 1824 349 34.
1844 326 1868 350 2.

1137 366 1368 392 Familiaris.
1405 366 1437 399 §0
1458 367 1492 392 1.
1520 368 1567 392 Ad
1585 369 1704 393 [toruum
1723 372 1752 392 et
1767 368 1943 402 familiam.

1102 415 1256 442 spectans.
1294 408 1312 435 Ι.
1331 410 1392 443 Sy.
1412 409 1590 435 Domesticos.
1612 409 1652 435 Cf.
1673 408 1697 435 h.
1718 419 1741 435 v.
1762 409 1783 442 5.
1808 411 1828 435 Ι.
1867 410 1943 444 Quae

1103 452 1161 487 quis
1181 451 1232 477 sibi
1251 451 1415 488 familiaeque
1435 462 1497 477 suae
1511 453 1656 482 constituit,
1677 451 1823 478 Familiaria
1842 452 1942 489 (sepul-

1103 493 1185 524 chra.)
1209 493 1239 520 fr.
1263 496 1287 521 5.
1310 493 1342 520 de
1365 493 1437 530 relig.
1460 496 1499 521 11.
1519 496 1542 521 7.
1579 495 1621 521 lll.
1642 496 1707 522 Gn.
1734 494 1778 521 Ius
1797 495 1941 532 sepulchri,

1102 541 1154 562 tam
1173 536 1307 563 familiaris
1331 546 1408 573 quam
1434 536 1592 563 hereditarii.
1619 548 1640 563 c.
1662 539 1701 563 13.
1727 537 1758 564 cf.
1788 548 1808 564 c.
1828 539 1852 564 4.
1874 548 1894 564 c.
1915 539 1940 565 8.

1103 579 1160 606 eod.
1179 581 1203 606 3.
1224 581 1266 606 44.
1287 579 1317 606 fr.
1338 582 1361 606 5.
1381 589 1421 616 sq.
1441 579 1458 606 1.
1479 581 1520 606 ll.
1539 582 1562 606 7.
1601 580 1676 615 Quos
1697 591 1754 607 cum
1774 581 1829 607 filio
1849 580 1940 607 educa-

1102 627 1143 648 tos
1164 632 1223 649 esse
1242 626 1353 648 testator
1377 624 1523 660 expressit,
1548 628 1658 660 propter
1681 623 1806 650 familiare
1825 625 1940 651 ministe-

1101 666 1167 691 rium
1187 670 1213 691 et
1231 675 1306 691 usmn
1326 665 1441 692 filiorum
1464 667 1642 692 necessarium
1666 671 1714 692 etc.
1740 677 1760 693 c.
1785 669 1809 693 2.
1842 667 1893 703 Qu.
1914 677 1939 694 n.

1100 717 1172 744 poss.
1199 707 1231 734 ad
1255 707 1342 734 libert.
1368 710 1391 735 7.
1418 711 1457 735 12.
1496 708 1608 741 Servus,
1629 714 1673 735 aut
1692 709 1816 740 colonus,
1835 710 1877 736 vel
1897 710 1940 737 ad-

1100 751 1264 787 scripticius,
1284 750 1431 783 familiaris,
1456 753 1512 778 sive
1532 752 1657 784 libertus,
1682 757 1708 778 et
1727 752 1876 779 huiusmodi
1895 752 1940 779 ali—

1100 803 1149 829 qua
1169 803 1282 832 persona
1302 793 1454 821 domestica.
1480 805 1501 822 c.
1521 796 1544 821 6.
1569 795 1591 829 5.
1611 797 1634 821 5.
1656 794 1686 821 cf.
1712 795 1733 828 5.
1753 796 1776 821 4.
1798 795 1829 821 de
1848 795 1873 822 h.
1895 805 1937 832 qu.

1100 835 1131 862 ad
1151 836 1214 862 eccl.
1236 838 1258 862 l.
1280 838 1318 862 12.
1340 836 1388 864 Th.
1411 837 1440 864 C.
1462 838 1506 864 IX.
1526 839 1549 864 6.
1570 848 1591 865 c.
1605 840 1629 865 3.
1650 848 1682 864 ne
1700 843 1782 875 praet.
1803 839 1873 864 crim.
1888 849 1938 865 ma-

1099 879 1157 904 iest.
1178 894 1210 898 ——-
1230 879 1360 911 §.1.A.
1386 882 1433 907 Ad
1450 887 1570 908 certum
1589 883 1813 917 officialium,
1832 883 1864 907 in
1881 891 1936 915 pa-

1100 923 1183 948 latio
1203 923 1278 955 Imp.
1302 924 1538 955 militantium,
1562 934 1666 959 genus
1687 925 1865 958 pertinens.
1894 923 1936 950 III.

1099 964 1161 991 Cn.
1186 963 1354 991 Notariorum
1378 966 1551 1002 primicerius.
1576 982 1608 986 —
1632 966 1802 994 Praetoriani.
1822 983 1855 987 -——
1880 967 1937 994 Tri-

1097 1006 1161 1033 buni
1180 1006 1279 1034 residui
1298 1007 1407 1034 ordinis.
1428 1024 1459 1027 —
1479 1008 1597 1045 Reliqui,
1622 1020 1688 1046 quos
1709 1009 1882 1036 domesticum
1901 1011 1936 1036 in-

1098 1054 1137 1075 ter
1157 1051 1274 1076 notarios
1294 1055 1319 1076 et
1338 1050 1478 1077 familiares
1497 1052 1574 1077 nobis
1588 1062 1682 1079 nomen
1701 1053 1823 1079 insinuat.
1843 1053 1936 1079 1b.VI.

1098 1094 1138 1118 10.
1159 1102 1180 1118 c.
1199 1094 1224 1118 3.
1245 1092 1277 1119 de
1295 1094 1426 1130 primicer.
1448 1099 1473 1120 et
1493 1099 1575 1121 notar.
1607 1111 1639 1114 -
1671 1096 1701 1128 5.
1726 1097 1760 1122 2.
1793 1098 1935 1128 Amicus,

1097 1136 1312 1162 Coniunctus.
1350 1135 1393 1162 Ill.
1411 1138 1478 1164 021.
1497 1136 1650 1174 Propinqui·
1670 1137 1809 1164 familiares
1829 1143 1877 1165 etc.
1898 1138 1935 1164 lb.

1096 1177 1140 1204 IX.
1160 1179 1200 1204 40.
1222 1188 1243 1204 c.
1265 1179 1304 1205 18.
1325 1178 1358 1205 de
1371 1189 1448 1216 poen.
1486 1180 1511 1206 Is
1524 1180 1573 1206 fuit
1586 1180 1693 1206 Caesari
1708 1180 1933 1207 familiarissimus.

1096 1220 1125 1247 fr.
1146 1222 1170 1247 2.
1198 1221 1235 1255 55.
1255 1222 1296 1247 44.
1316 1223 1358 1248 47.
1383 1222 1416 1249 de
1436 1222 1468 1249 O.
1489 1222 1507 1249 Ι.
1530 1225 1550 1249 1.
1570 1225 1594 1249 2.
1632 1223 1768 1260 Epistolae
1787 1224 1934 1250 familiares.

1096 1262 1137 1290 Cf.
1157 1273 1180 1290 v.
1200 1264 1329 1301 Epistola.
1349 1265 1371 1298 5.
1393 1268 1415 1292 l.
1440 1281 1472 1285 —
1497 1266 1528 1298 §·
1548 1267 1633 1292 2-A.
1672 1269 1846 1299 Solemnis,
1873 1269 1934 1293 ,4η-

1094 1308 1217 1341 tiquus.
1258 1306 1301 1333 III.
1327 1309 1393 1335 Cn.
1432 1308 1505 1344 Quid
1530 1313 1570 1334 est
1594 1309 1662 1334 euim
1686 1308 1728 1335 vel
1749 1310 1863 1335 iustitiae
1883 1314 1935 1336 tam

1094 1350 1251 1385 proximum,
1268 1350 1311 1377 vel
1330 1351 1408 1377 nobis
1431 1353 1513 1388 magis
1537 1351 1676 1383 familiare,
1701 1362 1777 1388 quam
1798 1358 1846 1379 etc.
1866 1352 1933 1379 Nov.

1096 1391 1152 1418 Val.
1171 1392 1212 1418 III.
1233 1392 1266 1418 de
1284 1393 1382 1430 iudulg.
1403 1393 1497 1430 reliqu.
1517 1394 1547 1421 II.
1569 1396 1591 1420 1.
1612 1405 1633 1421 c.
1655 1396 1677 1421 l.
1697 1405 1736 1432 pr.
1758 1394 1789 1421 cf.
1804 1394 1871 1422 Nov.
1883 1395 1932 1422 Th.

1094 1434 1123 1460 II.
1144 1434 1176 1461 de
1195 1440 1282 1462 metat.
1302 1435 1320 1462 I.
1341 1439 1364 1463 5.
1385 1447 1406 1463 c.
1428 1439 1450 1463 1.
1471 1447 1510 1474 pr.
1539 1453 1571 1456 —
1601 1438 1631 1470 §0
1652 1439 1689 1464 3.
1710 1440 1757 1464 Ad
1772 1440 1933 1472 patrimo-

1092 1479 1179 1504 nium
1197 1480 1372 1512 pertinens.
1410 1479 1453 1506 III.
1479 1481 1544 1507 Gn.
1575 1479 1618 1505 Ad
1642 1480 1780 1507 utilitatem
1800 1481 1933 1518 publicam

1092 1521 1262 1557 pertinentia,
1286 1521 1328 1548 vel
1353 1524 1394 1548 sui
1417 1523 1482 1548 iuris
1503 1522 1593 1549 tuendi
1616 1533 1706 1554 causa,
1733 1523 1774 1550 vel
1794 1524 1875 1550 officii
1895 1528 1933 1550 tu-

1092 1563 1152 1590 endi
1172 1574 1257 1596 causa,
1277 1564 1319 1591 vel
1339 1566 1377 1591 rei
1396 1565 1539 1592 familiaris
1565 1566 1595 1592 fr.
1614 1568 1638 1592 2.
1663 1567 1685 1600 5.
1707 1568 1728 1592 l.
1748 1566 1780 1592 de
1800 1566 1931 1593 interdict.

1091 1608 1131 1633 43.
1154 1608 1175 1633 1.
1213 1607 1289 1643 Quos
1309 1607 1416 1644 religio,
1437 1613 1480 1634 aut
1499 1608 1636 1635 honestior
1655 1619 1744 1641 causa,
1769 1609 1811 1635 vel
1830 1609 1932 1636 calami-

1091 1653 1130 1675 tas
1150 1649 1245 1686 aliqua,
1264 1650 1306 1677 vel
1326 1652 1408 1677 maior
1427 1661 1469 1677 res
1489 1651 1623 1678 familiaris
1643 1667 1675 1671 —-
1694 1656 1818 1678 moretur.
1838 1652 1868 1678 fr.
1887 1653 1930 1678 36.

1090 1702 1129 1729 pr.
1150 1692 1182 1718 de
1201 1692 1286 1719 ssdeic.
1306 1693 1370 1720 libb.
1390 1695 1431 1720 40.
1451 1696 1475 1720 5.
1496 1693 1527 1720 cf.
1548 1693 1577 1720 fr.
1600 1696 1638 1721 18.
1659 1705 1697 1731 pr.
1718 1695 1750 1721 de
1769 1694 1847 1721 indic.
1867 1697 1891 1721 5.
1907 1696 1929 1721 1.

1090 1735 1158 1760 Cum
1177 1734 1240 1761 haec
1259 1737 1327 1762 actio
1351 1746 1403 1762 non
1427 1736 1459 1762 ad
1483 1747 1537 1763 rem
1561 1736 1712 1764 familiarem
1732 1737 1863 1769 eiusdem,
1882 1737 1930 1764 sed

1089 1778 1169 1813 magis
1189 1777 1221 1803 ad
1240 1777 1366 1804 ultionem
1384 1779 1522 1815 pertineat.
1543 1778 1572 1806 fr.
1593 1782 1616 1806 6.
1637 1780 1669 1807 de
1687 1780 1787 1818 sepulc.
1806 1781 1868 1807 viol.
1887 1783 1928 1807 47.

1092 1821 1130 1846 12.
1168 1820 1316 1857 Dispendio
1336 1822 1374 1847 rei
1394 1821 1527 1848 familiaris
1551 1822 1647 1859 adfligi.
1674 1833 1694 1849 c.
1714 1826 1738 1849 3.
1758 1823 1790 1850 de
1810 1828 1889 1861 temp.
1909 1823 1927 1850 I.

1089 1861 1106 1888 I.
1126 1861 1199 1889 Rnis.
1219 1866 1243 1889 2.
1263 1865 1304 1890 53.
1342 1863 1512 1890 Substantiae
1531 1865 1665 1892 familiaris
1680 1866 1862 1893 emolumenta.
1877 1866 1926 1893 Th.

1090 1904 1120 1931 C.
1139 1905 1184 1931 XI.
1207 1908 1228 1932 l.
1249 1916 1270 1932 c.
1294 1909 1314 1933 1.
1336 1906 1368 1933 de
1387 1917 1481 1933 aunon.
1501 1913 1526 1934 et
1546 1909 1635 1935 tribut.

1123 1949 1396 1977 Fannium-itas.
1434 1951 1465 1984 §0
1480 1952 1514 1977 1.
1537 1953 1745 1979 Consuetudo
1764 1954 1926 1989 interfu-

1088 1993 1253 2023 miliares,
1273 1995 1321 2019 vel
1339 1995 1467 2020 amicos.
1505 1993 1626 2021 HLCn.
1647 1995 1675 2021 Si
1696 2005 1746 2031 qua
1761 1996 1783 2021 ei
1803 1998 1852 2028 (sc.
1864 1995 1926 2022 Pro-

1088 2035 1155 2067 cos.)
1175 2034 1335 2061 familiaritas
1356 2036 1391 2061 sit
1404 2046 1461 2062 cum
1474 2037 1691 2073 provincialibus,
1711 2038 1753 2064 vel
1767 2040 1924 2065 coniunctio.

1087 2077 1117 2103 fr.
1138 2079 1161 2103 4.
1181 2078 1203 2111 5.
1223 2079 1247 2104 3.
1267 2078 1299 2104 de
1319 2078 1362 2104 off.
1383 2077 1457 2105 Proe.
1478 2084 1504 2105 et
1522 2079 1584 2116 Leg.
1610 2082 1631 2106 1.
1649 2082 1687 2107 16.
1725 2081 1754 2107 Si
1774 2083 1818 2118 qui
1838 2082 1870 2108 de
1889 2083 1925 2108 iu<

1087 2120 1152 2146 dicis
1172 2122 1292 2147 amicitiis
1311 2121 1354 2148 vel
1374 2121 1549 2149 familiaritate
1567 2125 1730 2151 mentientes.
1751 2124 1822 2151 Paul.
1838 2124 1868 2151 V.
1882 2127 1923 2151 25.

1086 2164 1107 2197 5.
1130 2165 1168 2189 13.
1206 2163 1265 2189 Non
1289 2163 1340 2190 levi
1365 2166 1457 2190 notitia
1481 2167 1626 2197 coniuncti,
1646 2166 1693 2193 sed
1713 2167 1808 2203 quibus
1828 2168 1923 2194 fuerint

1086 2208 1140 2233 iura
1161 2216 1218 2232 cum
1239 2207 1387 2243 patresam„
1407 2208 1526 2234 honestis
1547 2208 1729 2236 familiaritatis
1749 2212 1867 2247 quaesita
1886 2221 1922 2237 ra-

1086 2249 1210 2276 tionibus.
1237 2250 1266 2276 t'r.
1292 2253 1349 2277 223.
1379 2252 1400 2284 5.
1426 2253 1448 2277 1.
1477 2251 1509 2277 dc
1529 2251 1559 2278 V.
1585 2252 1611 2278 S.
1632 2254 1673 2279 50.
1696 2255 1734 2279 16.
1767 2270 1798 2272 —
1830 2255 1860 2287 §.
1886 2255 1920 2279 2.

1086 2294 1204 2319 Coetus
1224 2295 1481 2320 domesticorum.
1520 2294 1561 2320 III.
1582 2296 1648 2322 Gn.
1673 2295 1701 2321 Si
1722 2297 1780 2332 quis
1801 2306 1832 2322 rx
1852 2295 1920 2321 fami-

1084 2334 1201 2367 liaribus,
1221 2335 1263 2361 vel
1283 2347 1314 2362 ex
1333 2337 1433 2368 servis,
1454 2338 1479 2363 in
1499 2337 1643 2373 quemlibet
1661 2338 1807 2365 dominum.
1828 2354 1858 2357 —
1879 2348 1920 2364 cu-

1084 2379 1124 2403 ius
1143 2378 1310 2404 lamiliaritati
1328 2379 1369 2405 vel
1390 2379 1505 2406 dominio
1525 2380 1665 2407 inhaeserit
1687 2387 1734 2407 etc.
1756 2381 1803 2407 Th.
1824 2381 1853 2407 C.
1874 2381 1909 2407 IX

1083 2422 1108 2446 6.
1129 2431 1149 2447 c.
1170 2424 1194 2447 3.
1214 2431 1246 2447 ne
1264 2426 1345 2458 praet.
1367 2423 1438 2448 crim.
1459 2424 1516 2449 mai.
1542 2440 1574 2442 —
1600 2425 1629 2456 §.
1654 2426 1690 2450 3.
1712 2425 1917 2453 Similitudo.

1084 2465 1269 2499 Atlfinitua.
1307 2464 1323 2490 I.
1347 2466 1408 2499 Sy.
1429 2465 1567 2492 Similibus
1586 2466 1682 2502 regulis
1702 2466 1835 2492 constitui.
1872 2466 1918 2492 Fa-

1083 2505 1256 2532 miliaritatem
1275 2507 1388 2543 aliquam
1407 2509 1475 2535 inter
1494 2519 1522 2535 se
1542 2509 1643 2535 habere.
1665 2509 1720 2534 Gai.
1731 2508 1773 2534 III.
1791 2510 1915 2536 142145.

1082 2548 1112 2574 fr.
1132 2551 1156 2575 ⁶2.
1176 2559 1214 2586 pr.
1235 2550 1299 2583 5.1.
1320 2550 1396 2577 locat.
1418 2553 1457 2578 19.
1476 2554 1500 2578 2.

1117 2593 1389 2621 Εῆιῃίιίίιτὶῐθῐ.
1418 2595 1530 2627 (Advb.)
1569 2595 1654 2619 More
1672 2595 1851 2621 domestico.
1871 2595 1913 2621 III.

1082 2636 1147 2661 Gn.
1166 2635 1206 2661 Ex
1226 2637 1364 2663 occasione
1383 2639 1489 2665 secreti.
1515 2635 1614 2671 ingredi
1633 2635 1690 2661 fam.
1710 2636 1839 2663 adfectare
1859 2638 1915 2671 (do-

1080 2687 1150 2703 mum
1169 2677 1285 2712 iudicis.)
1305 2679 1354 2706 Th.
1376 2679 1406 2706 C.
1427 2680 1444 2706 1.
1466 2682 1487 2704 7.
1508 2689 1528 2704 c.
1549 2680 1571 2704 7.
1593 2678 1625 2704 de
1644 2678 1687 2704 off.
1707 2678 1781 2705 Rect.
1802 2679 1843 2706 Pr.
1864 2680 1914 2706 De-

1080 2722 1172 2747 votiss.
1193 2721 1353 2753 domesticis.
1374 2732 1440 2758 quos
1459 2721 1535 2746 uobis
1556 2736 1587 2739 —
1608 2720 1758 2748 familiarius
1777 2723 1913 2749 militando

1080 2768 1129 2790 etc.
1151 2764 1186 2790 lb.
1207 2764 1250 2790 Vl.
1269 2767 1311 2791 24.
1332 2776 1352 2791 c.
1372 2769 1395 2790 ὅ.
1416 2764 1447 2790 (16
1467 2764 1578 2789 domest.
1598 2769 1623 2790 et
1642 2769 1752 2801 protect.

1112 2808 1335 2834 Falnositas.
1356 2809 1554 2841 Ignominia.
1575 2806 1617 2834 III.
1630 2809 1695 2835 Cn·
1711 2808 1754 2834 Ob
1775 2808 1911 2845 turpitudi-
