2197 3121
268 173 332 204 686

269 255 303 282 de
322 254 353 281 N.
373 253 405 281 G.
424 255 447 280 3.
468 256 491 280 5.
512 253 543 281 cf.
568 254 625 281 Gai.
645 253 687 280 111.
709 254 749 280 79.
787 252 842 288 Qui
866 252 965 278 invitus
989 250 1114 278 iudicium

270 299 324 336 pati
347 308 400 324 non
423 302 520 334 potest.
544 297 574 323 fr.
594 299 636 322 5⁴.
656 306 696 333 pr.
716 295 749 322 de
768 305 872 333 procur.
892 296 916 321 3.
936 296 960 321 3.
997 293 1053 320 Nee
1073 303 1115 320 co-

269 340 370 378 gendus
389 345 429 366 est
449 341 577 366 actionem
593 341 654 377 pati.
669 355 699 359 -
719 339 753 365 Et
773 339 794 365 si
815 343 910 376 sponte
929 337 1044 374 patiatur
1064 342 1114 363 etc.

270 384 300 411 fr.
322 385 361 410 18.
381 383 417 416 55.
438 384 461 408 4.
481 393 521 419 sq.
545 382 578 409 de
607 387 683 409 castr.
703 392 760 420 pec.
780 383 821 408 49.
844 383 882 407 17.
920 380 949 406 Si
971 394 1002 398 —
1022 384 1115 417 postea
1136 406 1137 411 ¹

269 427 303 454 de
322 426 466 452 hereditate
485 426 692 452 controversiam
710 434 819 463 passus,
846 425 931 450 victus
951 423 987 449 sit
1006 427 1050 448 aut
1068 422 1115 449 lite

270 470 388 496 cesserit.
409 468 440 494 Γι·.
458 470 499 494 63.
520 469 542 502 5.
556 470 580 494 2.
601 468 632 494 ad
649 467 717 495 S.C.
731 467 811 494 Treb.
825 468 867 494 36.
883 469 904 493 l.
942 465 1115 496 Sententiam,

269 524 293 540 v.
314 513 427 539 Poenam
447 513 605 539 sententiae.
626 512 687 549 pati.
708 511 739 538 I'r.
761 513 782 537 1.
803 520 842 547 pr.
863 509 895 536 de
913 518 990 546 poen.
1011 510 1052 535 48.
1075 510 1115 536 19.
1136 516 1138 549 ᾗ

271 567 291 582 c.
310 558 334 582 3.
354 555 387 582 de
406 560 473 581 sent.
493 564 563 592 pass.
583 556 606 580 9.
627 556 668 581 51.
705 553 784 590 Legis
804 562 914 590 poenam
934 552 997 589 pati.
1023 551 1053 579 fr.
1073 553 1115 577 51.
1137 570 1138 575 .

270 600 292 633 5.
313 601 335 624 1.
356 598 388 625 de
407 598 438 624 Α.
458 598 488 624 E.
510 597 541 624 Υ.
562 599 602 624 19.
624 599 646 624 l.
667 597 697 624 fr.
720 599 742 623 l.
762 597 784 630 5.
804 597 827 621 9.
848 594 880 621 ad
894 594 960 621 S.C.
975 594 1058 631 Turp.
1072 596 1114 621 48.
1137 589 1138 607 1

271 644 311 668 16.
351 641 385 667 Vt
404 641 528 677 effugiant
547 640 701 678 periculum.
723 638 793 676 quod
813 637 901 664 solent
920 639 982 675 pati,
1003 638 1048 674 qui
1066 642 1115 664 etc.

270 686 300 712 I'r.
322 687 361 711 15.
391 684 412 717 5.
432 686 456 710 2.
481 684 514 711 de
538 685 639 722 pignor.
659 686 701 710 20.
724 685 744 708 l.
771 681 801 708 fr.
821 682 862 707 60.
887 681 909 714 5.
928 683 952 707 2.
978 680 1011 706 de
1031 679 1063 706 R.
1083 679 1115 706 Ν.

269 730 311 754 23.
331 730 355 754 2.
393 727 532 759 Damnum,
552 738 575 754 v.
596 727 800 757 Detrimentum,
819 725 882 762 pati.
902 723 933 750 I'r.
950 725 988 750 13.
1009 724 1030 758 5.
1048 725 1069 749 l.
1084 723 1117 749 de

271 782 299 798 re
318 770 371 797 iud.
390 772 431 796 42.
453 772 475 796 l.
501 770 530 796 fr.
550 772 591 796 25.
612 780 650 806 pr.
677 769 728 804 Qu.
749 770 775 795 in
794 768 824 794 fr.
850 766 920 794 cred.
940 768 981 793 42.
1001 768 1026 793 8.
1063 766 1118 793 Mo-

270 824 324 841 ram
343 814 553 847 (necessariam)
574 814 635 850 pati.
661 812 691 838 ΓΡ.
711 814 734 838 5.
755 811 787 838 de
806 811 850 837 off.
870 810 946 837 Proc.
967 815 993 837 et
1010 809 1072 847 Leg.
1094 811 1116 836 1.

272 860 312 884 16.
333 857 363 884 fr.
383 859 424 884 35.
446 866 484 893 pr.
505 855 537 882 de
556 855 631 891 legat.
652 855 695 881 111.
715 856 783 888 (32.)
819 854 922 880 Aevum
941 863 1051 890 passura
1071 854 1118 886 (si-

270 900 406 933 mulacra.)
426 899 475 926 Th.
497 898 527 925 C.
547 897 617 924 XVI.
639 900 678 924 10.
698 908 719 924 c.
736 900 776 924 12.
795 898 818 931 5.
831 899 855 923 2.
876 896 909 923 de
928 906 1020 934 pagan.
1047 895 1118 923 Con-

271 945 380 975 vicium,
399 954 423 969 v.
444 942 579 973 Iniuriam,
598 942 660 978 pati.
682 940 711 967 Γπ.
735 943 755 966 1.
775 941 798 974 5.
820 942 859 967 10.
879 940 912 966 de
932 940 976 966 off.
996 939 1049 966 Prf.
1070 938 1116 966 Vr.

272 989 294 1013 l.
316 989 356 1013 12.
377 986 406 1012 fr.
426 987 468 1011 21.
488 984 522 1011 de
541 984 565 1010 h.
586 994 628 1020 qu.
650 989 703 1010 not.
723 983 768 1010 ius.
788 985 812 1010 3.
831 985 856 1010 2.
877 982 951 1010 Paul.
964 982 995 1009 V.
1011 984 1035 1009 4.
1056 983 1117 1016 5.1.

270 1030 470 1066 Adgressuram.
484 1038 508 1054 v.
524 1027 640 1058 Furtum,
660 1027 723 1064 pati.
743 1026 774 1053 fr.
787 1028 810 1052 3.
831 1027 853 1060 5.
867 1028 891 1052 4.
906 1026 938 1053 de
953 1025 1019 1052 S.C.
1034 1025 1116 1052 Silan.

270 1076 312 1100 29.
332 1075 355 1099 5.
376 1072 406 1098 fr.
420 1074 461 1098 27.
482 1071 503 1105 5.
521 1073 545 1096 l.
565 1070 598 1097 de
619 1070 679 1096 surt.
693 1072 734 1096 47.
754 1072 778 1096 2.
817 1069 945 1106 Stuprum
965 1069 1117 1105 (flagitium-

271 1126 322 1153 que
346 1115 495 1152 impurum)
515 1114 576 1151 pati.
601 1113 632 1139 fr.
651 1115 693 1139 25.
714 1112 747 1139 de
766 1113 842 1139 iniur.
863 1114 904 1138 47.
925 1114 964 1138 10.
994 1111 1065 1138 Paul.
1086 1111 1116 1137 11.

269 1161 311 1185 26.
332 1159 415 1192 §.1:3.
454 1157 565 1184 Vincula
585 1157 648 1194 pati,
668 1155 723 1188 (vel
743 1156 874 1189 mortem.)
895 1156 925 1182 I'r.
941 1157 963 1182 7.
984 1155 1044 1188 5.1.
1065 1154 1116 1190 Qu.

270 1207 332 1229 met.
353 1212 373 1228 c.
393 1203 417 1228 4.
437 1203 461 1227 2.
486 1200 517 1226 fr.
539 1202 562 1226 l.
586 1200 608 1233 5.
628 1200 651 1225 3.
673 1198 725 1225 nih.
746 1200 834 1225 iunov.
855 1198 933 1236 pend.
954 1208 1013 1235 app.
1032 1199 1074 1224 49.
1094 1199 1117 1223 7.

271 1246 311 1272 M
330 1254 424 1271 servus
443 1244 554 1270 alienam
573 1243 728 1269 servitutem
748 1243 869 1279 patiatur.
889 1241 919 1268 fr.
936 1243 959 1268 9.
980 1241 1013 1267 de
1032 1240 1117 1267 tideic.

272 1288 336 1315 libb.
356 1289 398 1313 40.
418 1290 442 1313 5.
464 1286 496 1313 cf.
516 1286 547 1312 sr.
569 1288 608 1312 10.
629 1285 661 1312 de
681 1295 748 1311 serv.
770 1290 871 1322 export.
894 1287 933 1311 15.
954 1286 1021 1311 7.-
1041 1285 1072 1317 §-
1082 1285 1117 1310 2.

272 1332 520 1358 [incommodare
543 1339 586 1360 se,
611 1330 774 1355 Τοῖσι-ατε.
813 1327 829 1354 1.
846 1329 908 1362 Sy.
933 1327 993 1353 'Non
1013 1326 1119 1364 adsper-

272 1375 335 1401 nari.
360 1373 390 1399 fr.
414 1375 434 1399 l.
454 1383 493 1410 pr.
520 1373 542 1406 5.
564 1374 585 1398 l.
612 1371 662 1407 Qu.
684 1372 770 1407 quisq.
791 1372 839 1397 iur.
858 1373 882 1397 2.
901 1373 925 1396 2.
964 1370 1119 1397 Patientiam

272 1422 415 1455 praestare,
435 1416 536 1442 sinere.
557 1414 613 1441 Gai.
635 1414 664 1440 ll.
684 1416 744 1440 214.
765 1424 805 1450 sq.
842 1413 872 1440 11.
891 1415 958 1447 01).
977 1413 1119 1441 Recusare.

273 1459 424 1486 Prohibere.
452 1458 482 1484 Γι·.
504 1459 526 1484 l.
552 1458 573 1491 5
596 1459 618 1483 1.
643 1458 665 1483 si
691 1467 733 1493 qu.
758 1458 798 1483 ius
823 1456 873 1483 dic.
893 1459 917 1483 2.
941 1458 966 1483 3.
992 1456 1023 1483 Γπ.
1042 1458 1067 1483 3.
1087 1455 1119 1482 de
1141 1458 1142 1468 ¹

272 1513 333 1529 nox.
354 1506 402 1528 act.
422 1502 446 1527 9.
466 1502 490 1527 4.
527 1500 610 1526 Velle.
631 1516 664 1519 —
693 1499 763 1526 Fieri
782 1501 845 1536 pati.
872 1516 902 1521 —
930 1499 1001 1526 Fieri
1020 1499 1119 1526 iubere.

273 1546 331 1572 Gai.
350 1545 368 1570 1.
388 1545 430 1570 99.
466 1543 544 1569 Iussu
563 1542 680 1569 alterius.
702 1559 732 1563 —
762 1542 869 1569 Sciente
895 1548 920 1569 et
944 1543 1060 1580 patiente
1080 1552 1119 1568 eo.

273 1589 304 1615 I'r.
326 1589 365 1614 19.
390 1587 410 1620 5.
430 1589 454 1613 2.
476 1586 507 1613 ct'.
533 1586 562 1612 sr.
582 1587 606 1612 3.
632 1585 648 1612 1.
671 1585 688 1612 l.
708 1587 732 1612 9.
752 1588 776 1612 4.
813 1585 856 1612 ΙΙΙ.
877 1587 944 1613 Cn.
968 1585 1008 1611 Ne
1031 1584 1120 1621 aliquo

273 1632 314 1658 ius
333 1646 364 1650 —-
389 1629 505 1656 deterius
526 1629 616 1657 faciat.
640 1628 683 1654 vel
707 1628 764 1655 fieri
790 1629 911 1665 patiatur.
936 1628 967 1655 Γπ.
988 1630 1028 1654 11.
1054 1629 1075 1662 5.
1095 1630 1119 1653 2.

273 1674 350 1700 locat.
368 1674 407 1699 19.
427 1674 450 1698 2.
489 1673 543 1707 Qui
564 1671 637 1698 nullo
656 1671 802 1698 voluntatis
821 1671 928 1703 indicio,
948 1672 1065 1709 patiente
1085 1676 1121 1697 ta-

272 1727 333 1744 men
352 1715 473 1746 domiuo,
493 1714 622 1752 possidet.
650 1713 723 1740 Paul.
744 1713 775 1741 V.
795 1716 819 1740 6.
840 1715 861 1748 5.
884 1716 923 1741 11.
962 1714 1016 1750 Qui
1035 1724 1121 1750 neque

274 1760 385 1791 caverit,
415 1768 501 1794 neque
524 1758 550 1783 in
573 1758 747 1794 possessione
773 1767 845 1788 esse,
874 1767 959 1794 neque
983 1756 1122 1794 possidere

274 1812 369 1840 passus
389 1802 446 1827 erit.
467 1800 497 1827 fr.
513 1802 536 1827 7.
556 1810 596 1837 pr.
616 1799 649 1826 de
669 1799 754 1826 damn.
775 1800 818 1827 int'.
832 1802 873 1826 39.
893 1802 918 1826 2.
955 1799 985 1826 Si
1005 1809 1057 1825 non
1077 1799 1122 1825 du-

275 1856 333 1872 cere
352 1846 387 1871 sit
405 1853 510 1882 passus,
530 1842 577 1869 sed
596 1848 769 1880 posteaquam
789 1843 872 1872 duxit.
892 1847 975 1869 ratum
994 1842 1121 1869 habuerit.

275 1889 306 1915 l'r.
322 1890 360 1914 13.
375 1898 413 1924 pr.
434 1886 467 1913 de
487 1886 511 1912 h.
532 1896 574 1922 qu.
596 1891 642 1912 not
663 1886 708 1912 int.
722 1888 746 1913 3.
760 1888 786 1914 2.
823 1887 876 1922 Qui
895 1887 994 1923 patitur
1012 1895 1122 1912 uxorem

275 1941 348 1958 suam
362 1929 524 1965 delinquere.
542 1930 790 1965 matrimoniumque
804 1939 880 1955 suum
894 1930 1047 1960 contemnit,
1067 1929 1122 1965 qui—

276 1984 328 2010 que
349 1973 564 1999 contaminationi
583 1982 634 1998 non
660 1972 816 2008 indignatur.
842 1972 872 1998 sr.
891 1974 914 1998 2.
940 1972 960 2005 5.
981 1973 1005 1998 3.
1030 1971 1059 1997 I'r.
1078 1973 1121 1997 29.

276 2018 298 2051 5.
318 2018 341 2043 4.
362 2015 394 2042 ad
412 2014 442 2041 L.
462 2014 509 2041 Iul.
530 2014 562 2041 de
582 2014 716 2042 adult-18.
737 2019 760 2042 5.
798 2014 935 2052 Stipulari.
950 2028 983 2034 —
997 2018 1025 2040 ut
1044 2014 1120 2040 etiam

276 2063 410 2097 pateretur
429 2059 483 2090 (sc.
504 2057 598 2090 heres)
619 2068 677 2084 eum
697 2057 868 2084 hereditarias
888 2059 1006 2084 actiones
1026 2073 1056 2077 —
1078 2067 1121 2083 ex-

277 2103 361 2139 sequi.
388 2100 444 2127 Gai.
464 2100 495 2127 11.
515 2102 574 2126 252.
612 2100 665 2136 Qui
685 2102 783 2137 patitur
805 2101 836 2127 ab
860 2100 911 2127 alio
936 2100 1065 2132 mandari,
1094 2104 1121 2126 ut

277 2145 328 2171 sibi
348 2144 477 2171 credatur.
498 2142 527 2169 Γπ.
548 2145 586 2169 125.
608 2143 693 2169 mand.
709 2145 748 2170 17.
770 2145 792 2170 1.
830 2143 888 2170 Nisi
907 2148 995 2181 parata
1015 2144 1051 2169 sit
1069 2153 1122 2169 mu-

277 2188 327 2215 lier
344 2188 398 2224 pati
418 2187 537 2213 maritum
557 2186 703 2217 tollentem,
723 2187 899 2219 (exactionem
913 2187 1033 2223 patitur.)
1053 2185 1082 2212 fr.
1097 2188 1121 2211 9.
1144 2203 1145 2206 =

278 2231 311 2257 de
330 2231 391 2267 imp.
412 2230 436 2255 in
457 2239 499 2255 res
520 2229 573 2255 dot.
593 2231 634 2255 25.
657 2231 678 2255 1.
694 2228 725 2255 cf.
746 2229 775 2255 sr.
794 2230 832 2255 14.
852 2230 905 2265 Qu.
926 2230 951 2255 vi
971 2234 1014 2255 aut
1034 2228 1066 2255 el.
1080 2231 1121 2255 43.

277 2276 319 2300 24.
357 2272 427 2299 Metu
446 2273 540 2308 patior⁷
561 2272 587 2298 id
607 2277 632 2298 te
653 2272 744 2298 Iacere.
765 2272 794 2298 fr.
809 2274 832 2298 9.
850 2281 890 2307 pr.
910 2272 962 2307 Qu.
982 2277 1042 2298 met.
1063 2282 1083 2298 c.
1098 2274 1121 2298 4.

277 2318 302 2343 2.
342 2316 464 2352 Corpore
483 2324 530 2341 suo
551 2315 687 2341 muliebria
707 2316 771 2352 pati.
793 2315 822 2341 ΓΡ,
845 2316 865 2340 l.
886 2314 907 2348 5.
928 2315 951 2340 6.
971 2314 1003 2340 de
1023 2314 1121 2351 postul.
1144 2311 1145 2327 ³

277 2362 301 2386 3.
326 2361 346 2385 1.
383 2357 437 2384 Res
457 2358 563 2394 patitur,
585 2363 612 2383 ut
632 2363 680 2384 etc.
697 2374 723 2378 —
748 2357 783 2383 Vt
802 2367 844 2383 res
863 2358 969 2394 patitur.
991 2357 1019 2383 tr.
1041 2358 1062 2383 1.
1083 2367 1121 2393 pr.

279 2401 311 2427 de
331 2411 416 2427 exerc.
437 2405 485 2426 act.
508 2402 545 2426 14.
571 2402 590 2426 1.
611 2401 643 2427 et'.
663 2401 692 2427 t'r.
706 2403 730 2427 2.
752 2400 784 2426 de
803 2405 873 2427 statu
893 2400 961 2426 hom.
978 2401 999 2426 l.
1015 2402 1039 2426 5.
1064 2399 1122 2426 Risi
1144 2394 1145 2406 ³

280 2445 414 2480 angustiae
438 2453 490 2469 nou
513 2442 686 2480 patiebantur.
708 2460 739 2464 -ν-
765 2443 793 2470 Si
818 2443 919 2470 dierum
944 2447 1061 2480 tempora
1080 2453 1123 2479 pa-
1144 2463 1145 2473 ,

281 2488 386 2513 tiautur.
406 2486 436 2512 fr.
456 2489 480 2512 2.
501 2486 522 2519 5.
543 2488 567 2512 8.
587 2486 610 2511 si
630 2495 672 2522 qu.
693 2491 770 2513 cautt.
790 2490 814 2512 2.
836 2487 875 2512 11.
902 2484 987 2512 Vatic.
1006 2485 1043 2519 55.
1063 2487 1122 2511 206.
1144 2483 1146 2515 1

281 2540 320 2566 sq.
341 2528 372 2555 ct'.
394 2530 451 2555 164.
489 2528 570 2564 Quod
589 2529 653 2555 iuris
674 2529 722 2555 civ.
743 2530 817 2560 ratio.
837 2538 860 2554 v.
881 2528 949 2554 bona
969 2527 1050 2559 fides,
1071 2538 1123 2553 non

282 2573 386 2609 patitur.
406 2571 467 2608 Ylp.
487 2570 584 2598 XXIV.
606 2572 645 2598 16.
666 2571 696 2597 I'r.
716 2573 757 2597 25.
777 2571 809 2597 de
824 2571 876 2597 LL.
894 2573 914 2597 1.
928 2573 952 2597 3.
974 2570 1003 2597 fr.
1017 2573 1041 2597 6.
1062 2571 1083 2604 5.
1098 2573 1122 2596 4.
1145 2566 1146 2602 1

283 2615 314 2641 de
338 2615 368 2641 N.
390 2614 420 2641 G.
440 2616 464 2640 3.
484 2616 507 2639 5.
551 2613 736 2641 Moderandum
760 2614 981 2645 iurisdictionem,
1006 2629 1038 2633 ·—
1062 2613 1124 2640 licet
1144 2605 1146 2648 1

284 2657 363 2683 edicti
383 2657 461 2683 verba
483 2667 535 2683 non
555 2658 695 2694 patiantur.
716 2656 746 2683 Γι·.
764 2658 801 2682 11.
822 2656 854 2682 de
874 2658 899 2682 in
919 2658 959 2683 ius
973 2666 1030 2682 voc.
1043 2658 1066 2682 2.
1082 2659 1105 2682 4.

323 2700 552 2727 Patibulum.
578 2702 692 2726 Fur-ca.
729 2698 771 2726 111.
784 2700 849 2727 (In.
871 2699 1004 2735 Denegata
1018 2699 1123 2726 audien—

285 2742 331 2772 tia,
359 2742 477 2777 patibulo
506 2742 592 2777 adfigi.
625 2742 676 2769 Th.
696 2742 728 2768 C.
748 2741 792 2768 IX.
811 2744 836 2767 ὃ.
862 2752 883 2768 e.
906 2743 926 2767 1.
951 2743 1017 2776 5.1.
1042 2743 1074 2769 ad
1093 2741 1122 2768 L.

285 2783 331 2810 lut.
351 2785 408 2809 mai.

324 2826 490 2853 Patiens.
522 2827 650 2860 (Par-tic.)
686 2829 850 2854 Tolerans.
895 2826 936 2853 111.
956 2828 1021 2854 (7η.
1046 2827 1123 2854 Circa

1093 169 1186 200 PAT.

1137 283 1138 290 ἵ
1160 251 1302 286 advocatos
1321 252 1464 288 patientem
1484 262 1543 279 esse
1560 251 1668 279 Procos.
1689 258 1802 290 oportet,
1821 253 1869 280 sed
1888 263 1946 280 eum
1965 254 2003 280 in-

1137 317 1138 330 ¹
1159 295 1243 331 genio.
1268 293 1298 320 fr.
1318 296 1341 321 9.
1367 294 1390 328 5.
1409 297 1433 321 2.
1460 294 1492 322 de
1516 296 1559 322 off.
1580 295 1656 322 Proe.
1677 300 1702 322 et
1720 295 1783 332 Leg.
1805 298 1826 322 l.
1848 297 1887 323 16.
1924 296 2002 323 Freni

1159 338 1261 375 patiens
1281 338 1387 373 (equus,
1406 343 1450 364 aut
1463 339 1549 374 equa.)
1570 338 1600 365 fr.
1615 342 1639 365 2.
1659 338 1719 372 5.1.
1740 338 1772 365 de
1785 340 1880 376 captiv.
1890 341 1931 366 49.
1946 341 1984 365 15.

1197 380 1409 408 Patienter.
1429 380 1542 414 (Advb.)
1562 384 1718 409 Patienti
1737 383 1850 409 auimo.
1879 381 1922 408 ΙΙΙ.
1935 384 2001 410 Cn.

1136 428 1137 456 ξ
1159 423 1259 450 Audias
1278 434 1318 450 me
1337 424 1474 460 patienter.
1493 424 1525 451 ΓΡ.
1544 426 1568 451 3.
1589 424 1621 451 de
1641 424 1665 451 h.
1686 435 1729 461 qu.
1750 426 1776 451 in
1796 429 1897 452 testam.
1915 426 1958 451 28.
1977 427 2002 451 4.

1160 466 1242 493 Multo
1266 468 1292 493 in
1320 471 1456 503 posterum
1485 468 1628 504 patientius
1657 467 1842 499 abstinebunt,
1872 477 1929 493 cum
1953 471 2002 494 ete.

1160 509 1210 536 Th.
1230 509 1261 537 C.
1281 509 1348 536 vlll.
1368 511 1392 535 5.
1418 519 1438 536 c.
1459 511 1500 536 43.
1521 509 1553 537 de
1572 520 1651 537 cursu
1670 510 1733 548 pub.

1198 553 1406 580 Patientia.
1443 553 1474 586 ἓ.
1495 554 1530 580 1.
1558 555 1761 580 Tolerantia.
1803 552 1846 579 111.
1867 553 1933 580 Gn.
1958 551 2005 578 Pa-

1137 616 1138 619 .
1160 596 1267 627 tientia,
1291 597 1348 622 sive
1372 595 1466 622 duritia
1491 601 1695 628 tormentorum,
1721 598 1772 630 (ita
1796 600 1925 622 tormenta
1945 605 2005 621 con-

1137 648 1139 666 ι
1160 643 1276 665 temnere
1294 639 1357 672 etc.)
1377 639 1406 665 Γπ.
1429 641 1451 666 1.
1471 639 1492 674 5.
1512 641 1554 665 23.
1575 639 1607 666 de
1627 641 1773 676 quaestion.
1792 641 1834 665 48.
1851 641 1890 665 18.
1919 637 2005 665 Vin-ite

1160 691 1271 718 corpus,
1294 681 1458 708 muliebriter
1477 683 1661 714 constitutum.
1686 682 1763 709 alieni
1783 691 1863 708 sexus
1883 680 2005 707 damnare

1161 725 1293 761 patientia.
1313 724 1383 751 Coll.
1403 724 1456 751 LL.
1476 724 1508 751 Μ.
1529 724 1560 751 V.
1580 727 1603 751 3.
1625 725 1674 752 Th.
1689 725 1720 752 C.
1734 725 1778 752 lx.
1800 726 1823 751 7.
1843 735 1865 751 c.
1885 725 1908 751 6.
1929 723 1961 750 ad
1973 722 2004 750 L.

1161 766 1208 793 lul.
1229 766 1262 793 de
1280 766 1360 794 adult.
1374 783 1406 787 —
1427 768 1458 801 §-
1472 769 1508 794 2.
1529 770 1751 803 ludmgentia.
1788 768 1881 803 LSy.
1901 767 2004 799 sinere,

1162 809 1232 842 Pati,
1255 809 1409 837 Patientiam
1435 816 1576 848 praestare.
1607 810 1647 838 Cf.
1668 821 1691 837 v.
1712 810 1777 838 Pati.
1802 812 1823 845 5.
1844 814 1868 837 2.
1907 810 2005 837 Conni—

1138 864 1140 889 j
1162 854 1257 880 ventio.
1279 852 1327 880 Th.
1349 853 1380 880 C.
1400 853 1445 880 XI.
1465 855 1506 880 36.
1528 864 1547 880 e.
1569 856 1608 881 10.
1629 864 1650 880 e.
1666 855 1706 880 13.
1726 854 1810 890 Quor.
1829 864 1888 891 app.
1908 863 1932 880 n.
1952 863 2004 879 rec.

1161 896 1192 924 11.
1216 897 1284 930 Op·
1310 895 1462 922 Restituere
1491 897 1602 933 (opus.)
1628 913 1660 917 —
1689 896 1844 924 Patientiam
1872 896 2006 923 dumtaxat

1163 944 1296 977 praestare
1315 939 1487 972 (destruendi
1507 940 1622 976 operis.)
1642 939 1672 966 I'r.
1692 942 1734 966 22.
1754 939 1786 966 de
1806 939 1839 966 Ο.
1860 939 1891 966 N.
1911 938 1943 965 N.
1962 940 2004 965 39.

1165 986 1186 1009 Ι.
1206 982 1236 1009 sr.
1256 984 1279 1008 4.
1300 982 1322 1015 5.
1341 984 1366 1008 2.
1386 982 1416 1008 Γπ.
1435 984 1459 1008 5.
1479 991 1519 1018 sq.
1540 982 1570 1009 I'r.
1593 984 1631 1008 11.
1652 983 1688 1016 55.
1703 985 1727 1009 2.
1742 984 1765 1009 6.
1787 982 1816 1009 Γπ.
1833 985 1872 1009 12.
1893 982 1925 1009 de
1940 992 2006 1019 aqua

1162 1030 1188 1052 et
1207 1035 1265 1062 aqu.
1285 1024 1322 1062 pl.
1336 1026 1378 1052 39.
1396 1027 1419 1051 3.
1457 1024 1499 1051 111.
1514 1026 1580 1053 Cn.
1599 1025 1658 1052 Non
1678 1026 1840 1053 voluntatem
1860 1028 1909 1059 (sc.
1923 1027 2007 1053 scien-

1162 1069 1197 1094 tia
1216 1068 1327 1101 habet‚)
1347 1067 1394 1094 sed
1413 1069 1582 1105 patientiam3
1603 1078 1655 1095 non
1675 1070 1743 1095 enim
1763 1069 1832 1096 velle
1851 1069 1940 1101 debet,
1959 1069 2007 1096 sed

1162 1121 1215 1137 non
1234 1110 1313 1137 nolle.
1338 1110 1368 1137 fr.
1391 1112 1412 1136 1.
1439 1110 1461 1144 5.
1481 1113 1506 1137 3.
1531 1111 1563 1137 de
1587 1112 1677 1138 tribut.
1697 1117 1744 1138 act.
1768 1114 1807 1139 14.
1827 1114 1850 1139 4.
1888 1112 1949 1139 Non
1972 1112 2006 1138 ob

1163 1159 1301 1191 quaestum
1321 1154 1378 1187 (sc.
1398 1154 1452 1190 pati
1472 1163 1580 1180 uxorem
1600 1154 1786 1191 delinquere.)
1807 1155 1855 1183 sed
1875 1155 2007 1191 negligen-

1163 1198 1233 1229 tiam.
1253 1196 1295 1223 vel
1316 1196 1428 1234 culpam,
1448 1196 1491 1223 vel
1511 1196 1640 1233 quandam
1659 1198 1820 1235 patientiam,
1840 1198 1882 1224 vel
1902 1199 2008 1224 nimiam

1163 1240 1353 1267 credulitatem.
1377 1239 1408 1266 I'r.
1428 1241 1469 1266 29.
1494 1240 1515 1273 5.
1536 1242 1559 1266 4.
1584 1239 1617 1266 ad
1635 1240 1665 1267 L.
1689 1239 1736 1267 lul.
1761 1240 1793 1266 de
1817 1240 1897 1267 adult.
1921 1243 1963 1268 48.
1982 1243 2006 1268 5.

1163 1282 1314 1310 Secundum
1338 1284 1444 1320 pietatis
1468 1284 1609 1315 rationem,
1635 1288 1660 1309 et
1683 1284 1760 1310 animi
1786 1285 1827 1310 sui
1846 1285 2008 1321 patientiam,

1164 1326 1297 1362 (lugere.)
1322 1326 1352 1352 I'r.
1372 1328 1414 1352 23.
1439 1325 1471 1352 de
1491 1326 1515 1352 h.
1536 1336 1579 1363 qu.
1599 1331 1653 1352 not.
1679 1326 1724 1353 inf.
1743 1328 1767 1353 3.
1786 1329 1810 1353 2.
1847 1327 1876 1354 In
1900 1327 1941 1353 his
1964 1337 2008 1364 pa-

1164 1370 1281 1396 tientiam
1304 1374 1432 1396 tenemus.
1457 1368 1506 1396 Th.
1528 1369 1560 1395 C.
1580 1368 1636 1396 VII.
1657 1371 1698 1395 18.
1722 1379 1743 1396 c.
1766 1371 1804 1396 14.
1828 1369 1860 1396 de
1879 1369 2007 1396 desertor.

1164 1412 1229 1439 Sera
1249 1417 1289 1439 est
1312 1413 1437 1449 patientia
1461 1412 1577 1444 fruendi,
1602 1422 1668 1448 quae
1691 1412 1811 1439 obfertur
1830 1423 1860 1439 eo
1879 1418 2007 1450 tempore,

1165 1466 1216 1492 quo
1241 1460 1290 1482 etc.
1315 1456 1345 1482 t'r.
1365 1457 1407 1482 24.
1432 1455 1454 1489 5.
1474 1458 1498 1482 4.
1523 1455 1600 1481 locat.
1628 1457 1666 1482 19.
1691 1458 1715 1482 2.
1763 1456 1814 1482 Per
1841 1456 2009 1482 traditionem

1165 1500 1325 1525 constitutae
1344 1499 1400 1531 (sc.
1420 1499 1589 1531 servitutes)
1609 1498 1651 1525 vel
1671 1509 1718 1536 per
1737 1500 1896 1536 patientiam.
1916 1499 1946 1526 fr.
1968 1500 2008 1525 11.

1164 1542 1186 1576 5.
1207 1543 1228 1568 1.
1249 1541 1282 1568 de
1302 1541 1366 1568 Pub.
1388 1543 1414 1568 in
1433 1541 1463 1568 R.
1483 1541 1516 1568 A.
1535 1544 1559 1568 6.
1579 1544 1603 1568 2.
1624 1541 1653 1567 I'r.
1676 1544 1697 1568 1.
1717 1542 1738 1575 5.
1758 1544 1782 1568 2.
1802 1541 1835 1568 de
1854 1542 1882 1568 S.
1897 1541 1924 1568 P.
1938 1541 1969 1568 R.
1983 1543 2007 1568 8.

1164 1588 1188 1611 3.
1208 1584 1362 1611 Patientiam
1377 1590 1402 1611 et
1421 1586 1564 1622 impensam
1578 1590 1719 1622 praestare.
1740 1584 1770 1611 fr.
1786 1586 1825 1611 13.
1846 1585 1867 1619 5.
1882 1587 1905 1611 7.
1925 1585 1955 1611 fr.
1968 1586 2008 1611 15.

1165 1628 1186 1662 5.
1208 1630 1230 1653 l.
1254 1628 1306 1663 Qu.
1327 1628 1353 1653 vi
1372 1632 1415 1654 aut
1435 1627 1467 1654 cl.
1488 1629 1529 1655 43.
1548 1629 1590 1654 24.

1202 1671 1357 1697 Patina.
1399 1672 1459 1697 Fas
1478 1673 1651 1697 escarium.
1690 1670 1732 1697 111.
1753 1672 1818 1698 Cn.
1844 1670 1956 1697 Caccabi
1983 1675 2008 1697 et

1165 1715 1284 1751 patinae,
1304 1729 1335 1733 —
1359 1714 1416 1739 sine
1440 1713 1482 1739 his
1506 1713 1708 1750 pulmentarium
1733 1714 1811 1750 coqui
1834 1723 1887 1740 non
1911 1717 2008 1750 potest.

1167 1756 1197 1783 Γπ.
1219 1757 1257 1783 18.
1278 1757 1300 1790 5.
1313 1758 1337 1782 3.
1358 1755 1391 1782 de
1409 1756 1484 1782 instr.
1504 1755 1554 1792 leg.
1573 1758 1615 1782 33.
1636 1758 1659 1783 7.

1205 1801 1382 1826 Patrare.
1424 1801 1607 1835 Per-ficere,
1638 1801 1781 1826 Sum-ire.
1817 1798 1836 1825 Ι.
1857 1800 1919 1834 Sy.
1947 1798 2009 1826 Pro-

1166 1842 1282 1878 mulgare
1301 1843 1479 1875 (sententiam.
1499 1852 1521 1869 s.
1540 1842 1686 1874 iudicium.)
1706 1841 1756 1868 Th.
1770 1841 1800 1868 C.
1820 1841 1866 1868 IV.
1887 1844 1927 1868 18.
1949 1853 1970 1869 e.
1983 1844 2008 1868 2.

1167 1885 1200 1912 de
1219 1885 1295 1912 fruct.
1316 1889 1341 1911 et
1359 1884 1398 1911 lit.
1419 1895 1478 1922 exp.
1492 1884 1535 1911 lV.
1553 1887 1592 1911 19.
1613 1896 1633 1912 c.
1650 1887 1672 1911 1.
1686 1895 1725 1922 pr.
1746 1884 1778 1911 de
1797 1894 1868 1912 usur.
1883 1886 1921 1912 rei
1939 1885 1991 1912 iud.

1205 1928 1352 1955 PatrIa.
1389 1929 1420 1961 §-
1440 1929 1475 1954 1.
1497 1931 1606 1954 Solum
1626 1931 1743 1955 natale.
1780 1927 1811 1953 11.
1832 1929 1899 1961 Op.
1919 1927 1946 1954 ln
1965 1937 2009 1965 pa-

1167 1972 1242 1997 triam
1261 1971 1367 1997 reverti.
1388 1987 1419 1990 —
1444 1970 1557 2007 Peregre
1576 1971 1658 1997 obire.
1677 1970 1708 1997 sr.
1725 1972 1767 1996 34.
1788 1970 1821 1996 de
1839 1969 1871 1997 N.
1891 1970 1922 1997 G.
1941 1972 1965 1996 3.
1984 1972 2007 1997 5.

1167 2014 1198 2041 cs.
1224 2013 1282 2040 Gai.
1302 2014 1320 2040 1.
1344 2015 1399 2040 160.
1424 2029 1456 2033 —
1485 2014 1518 2047 §-
1536 2015 1572 2041 2.
1601 2016 1733 2048 Bespub.
1754 2015 1784 2040 R.
1807 2015 1936 2040 Civitan
1955 2023 2008 2040 7111—

1167 2059 1258 2084 talis.
1293 2056 1311 2084 I.
1332 2058 1394 2091 Sy.
1415 2056 1525 2089 Civitas,
1546 2057 1624 2084 Vrbs.
1645 2057 1673 2083 fr.
1690 2059 1729 2083 12.
1750 2056 1783 2082 de
1796 2055 1915 2091 legation.
1929 2057 1970 2082 50.
1984 2057 2007 2082 7.

1167 2099 1233 2126 Nov.
1254 2099 1344 2126 Maior.
1369 2099 1402 2126 de
1426 2099 1515 2126 curial.
1534 2099 1578 2126 IV.
1599 2101 1622 2126 7.
1646 2110 1667 2126 c.
1690 2101 1711 2127 l.
1731 2109 1770 2136 pr.
1789 2099 1826 2132 55.
1848 2100 1869 2124 1.
1889 2107 1929 2134 sq.
1967 2098 2008 2125 111.

1167 2144 1234 2171 Cn.
1254 2142 1410 2169 Parentibus
1429 2147 1455 2169 et
1474 2143 1573 2180 patriae
1592 2152 1690 2180 parere.
1715 2141 1746 2168 sr.
1765 2144 1788 2167 2.
1813 2141 1844 2167 de
1864 2140 1881 2168 1.
1902 2146 1927 2167 et
1946 2141 1964 2168 I.
1986 2143 2007 2168 l.

1169 2188 1191 2212 1.
1229 2185 1315 2212 Patria
1336 2190 1494 2222 oppugnata,
1514 2185 1556 2212 vel
1576 2185 1687 2223 prodita.
1708 2183 1756 2210 Th.
1777 2183 1808 2210 C.
1828 2183 1872 2210 IX.
1888 2186 1929 2211 37.
1950 2195 1971 2211 c.
1983 2187 2007 2212 2.

1168 2228 1200 2255 de
1220 2227 1309 2254 abolit.
1347 2227 1430 2254 Roma
1455 2230 1600 2255 communis
1626 2232 1714 2254 nostra
1738 2227 1820 2263 patria
1846 2231 1893 2253 est.
1918 2226 1947 2254 I'r.
1966 2229 2007 2254 33.

1144 2299 1145 2304 ¹
1167 2271 1200 2298 ad
1220 2272 1314 2298 munic.
1335 2273 1376 2297 50.
1399 2273 1420 2298 1.
1441 2270 1491 2298 Th.
1512 2271 1542 2298 C.
1563 2271 1606 2298 VI.
1626 2273 1650 2296 2.
1670 2280 1691 2296 c.
1712 2271 1752 2295 14.
1772 2269 1804 2295 dc
1824 2270 1912 2296 Senat.
1933 2276 1958 2297 et
1976 2270 2008 2297 de

1167 2314 1235 2350 gleb.
1264 2314 1380 2349 Legibus
1400 2315 1499 2351 patriae
1518 2325 1581 2341 suae
1601 2318 1625 2339 et
1640 2313 1790 2349 provinciae
1805 2312 1919 2339 otu-dire.
1940 2313 1970 2339 sr.
1983 2315 2007 2340 3.

1167 2357 1204 2391 55
1221 2359 1242 2383 1.
1258 2360 1280 2383 5.
1303 2356 1335 2382 dc
1354 2367 1423 2383 mun.
1444 2362 1470 2383 et
1488 2357 1549 2383 hon.
1562 2358 1603 2382 50.
1618 2357 1642 2381 4.
1679 2354 1763 2381 Patria
1783 2365 1837 2385 sua.
1857 2357 1919 2382 item
1935 2356 2007 2382 urbe.

1169 2416 1200 2420 —
1220 2399 1280 2426 Non
1304 2401 1386 2436 patria
1411 2410 1471 2430 sua,
1497 2399 1545 2425 sed
1569 2398 1654 2434 aliqua
1679 2399 1784 2424 rivitate
1808 2398 2008 2432 (interdicere.)

1169 2443 1198 2469 t'r.
1219 2445 1241 2469 7.
1262 2443 1361 2477 5511.
1378 2444 1416 2469 15.
1437 2452 1476 2478 sq.
1497 2441 1529 2467 de
1548 2441 1642 2467 interd.
1663 2446 1688 2467 et.
1707 2440 1786 2477 releg.
1799 2442 1839 2467 48.
1853 2444 1894 2467 22.
1923 2441 2008 2468 Patria

1169 2496 1232 2518 mea,
1252 2485 1355 2512 colonia
1367 2485 1620 2511 Beneventanorum.
1641 2483 1669 2510 fr.
1681 2485 1722 2510 57.
1742 2494 1781 2521 pr.
1801 2483 1833 2510 ad
1847 2483 1873 2510 S.
1882 2484 1913 2510 C.
1928 2484 2007 2511 Treb.

1144 2539 1146 2563 ς
1167 2532 1210 2556 36.
1233 2531 1252 2555 l.
1291 2529 1388 2559 Munia,
1407 2527 1536 2555 Honores.
1551 2526 1711 2553 functiones
1731 2527 1852 2564 (patriae,
1872 2537 1895 2553 v.
1915 2527 2008 2564 patria-

1169 2573 1250 2604 rum.)
1271 2571 1320 2598 Th.
1341 2570 1372 2597 C.
1391 2569 1448 2596 XII.
1470 2572 1492 2596 l.
1513 2580 1533 2596 c.
1553 2571 1594 2596 63.
1620 2580 1641 2596 c.
1660 2571 1701 2597 69.
1727 2580 1747 2596 c.
1769 2571 1809 2595 74.
1833 2570 1855 2603 5.
1878 2571 1899 2596 l.
1925 2580 1945 2596 c.
1965 2571 2006 2596 94.

1169 2614 1201 2641 tle
1221 2614 1354 2641 dcem-ion.

1206 2657 1446 2684 Patriarcha.
1484 2658 1612 2682 I’rimas
1632 2657 1718 2681 inter
1736 2657 1921 2681 sacerdotes
1936 2654 2006 2687 (eum

1168 2700 1237 2737 apud
1260 2698 1384 2729 Iudaeos,
1409 2703 1461 2724 tum
1486 2699 1512 2724 in
1536 2698 1646 2725 ecclesia
1671 2697 1837 2729 christiana.)
1874 2696 1915 2723 111.
1940 2697 2006 2724 Cn.

1168 2742 1265 2772 ludaei,
1284 2746 1310 2767 et
1328 2742 1438 2767 maiores
1458 2751 1556 2772 eorum,
1577 2746 1603 2767 et
1622 2739 1791 2777 patriarchae..
1816 2739 1865 2766 Th.
1885 2739 1916 2766 C.
1934 2739 2005 2766 XVI.

1168 2788 1192 2811 ὅ.
1213 2795 1234 2811 c.
1256 2786 1277 2810 1.
1292 2794 1329 2820 pr.
1351 2795 1371 2810 v.
1386 2787 1409 2809 ὅ.
1431 2794 1451 2810 c.
1469 2786 1507 2810 13.
1522 2793 1580 2820 sqq.
1601 2793 1622 2809 c.
1636 2784 1677 2809 29.
1697 2782 1730 2809 de
1743 2782 1797 2808 Iud.
1834 2781 2006 2809 Patri-archae.

1169 2832 1194 2853 et
1217 2826 1425 2863 metropolitani,
1451 2831 1475 2853 et
1501 2826 1544 2853 alii
1569 2826 1696 2863 episcopi.
1727 2825 1773 2852 lul.
1798 2834 1838 2861 ep.
1862 2833 1920 2850 nov.
1942 2834 1962 2850 e.
1981 2826 2004 2851 G.
