2197 3121
255 182 320 214 908

257 273 316 291 cum
334 264 438 290 stativis
461 264 560 293 solitis.
584 263 674 297 (bidui
699 264 880 291 tantummodo
907 269 1010 302 tempus
1036 265 1101 291 acci—

257 309 352 345 piant.)
372 306 421 333 Th.
443 306 472 333 C.
494 306 560 334 VIII.
579 308 602 333 6.
623 317 644 333 c.
664 310 688 334 2.
709 307 741 334 de
761 313 868 334 tractor.
889 313 915 335 et
933 309 1021 334 stativ.

291 352 431 377 Stator.
469 349 509 375 Cf.
529 359 552 376 v.
574 350 686 377 Sti-ator.

291 394 438 420 Statua·
466 394 619 428 Effigies
638 395 813 426 hominum,
832 404 868 421 ex
888 405 973 426 aere,
993 396 1041 421 vel
1060 396 1102 420 la-

254 438 336 472 pide.
373 435 414 461 111.
432 436 498 462 Cn.
518 434 552 461 Vt
566 437 690 472 imagines
708 442 733 463 et
747 441 856 468 statuae,
871 447 936 474 quae
951 441 1101 463 ornamenta

257 480 321 516 reip.
341 483 401 504 sunt
420 477 530 510 futurae,
550 479 575 504 in
595 479 730 516 publicum
744 485 882 517 ponantur.
903 480 933 506 fr.
947 482 971 506 2.
991 479 1024 506 de
1043 478 1102 506 loco

256 522 320 560 pub.
344 520 462 547 fruendo.
487 523 527 547 43.
551 524 575 548 9.
600 522 630 548 fr.
650 525 673 548 5.
701 532 738 559 pr.
763 522 795 549 de
821 533 882 560 opp.
908 523 969 560 pub.
994 525 1036 548 50.
1063 524 1101 548 10.

258 565 373 595 Statuas,
392 569 435 590 aut
454 565 579 599 imagines
599 564 767 602 Imperatoris
787 566 835 591 iam
856 570 1023 592 consecratas
1043 575 1103 592 cou-

258 608 329 634 ssare.
349 607 379 633 fr.
398 609 421 633 6.
443 606 474 633 cf.
495 607 524 633 fr.
544 609 568 634 4.
588 608 609 641 5.
633 610 653 634 1.
675 608 704 635 [ι’.
725 611 747 635 5.
768 608 798 635 ad
819 608 847 634 L.
868 608 914 635 Iul.
939 610 997 635 mai.
1017 610 1058 635 48.
1078 610 1102 634 4.

258 651 312 686 Qui
331 651 380 683 (sc.
401 651 484 681 servi)
503 650 535 676 ad
555 650 611 676 fana
631 650 754 683 deorum,
774 651 815 678 vel
835 651 867 678 ad
886 656 986 678 statuas
1006 651 1103 678 Princi-
1125 657 1127 662 ‘

257 703 319 731 pum
339 693 498 729 confugiunt.
519 694 576 720 Gai.
597 693 614 720 l.
634 696 676 721 53.
699 694 727 720 fr.
750 696 771 720 1.
791 695 828 728 55.
851 697 872 721 1.
887 696 912 721 8.
931 694 964 721 de.
984 694 1028 720 off.
1048 693 1101 721 Prf.

257 736 304 763 Vr.
327 738 348 762 1.
371 738 409 762 12.
446 736 514 762 Cum
534 736 627 763 domus
652 742 762 774 propter
788 747 929 769 marmora,
950 742 975 764 et
995 742 1103 770 statuas,

257 784 285 806 et
303 779 405 805 tabulas
425 780 509 816 pictas
529 785 635 806 ematur.
657 780 687 806 fr.
708 782 750 806 34.
765 790 802 817 pr.
824 780 856 807 de
876 785 960 807 contr.
981 785 1041 807 emt.
1064 782 1103 807 18.

259 823 282 849 l.
302 822 332 848 fr.
352 824 411 849 245.
432 833 470 859 pr.
491 822 523 849 de
544 822 573 849 V.
594 822 620 849 S.
641 823 682 848 50.
705 824 744 849 16.

292 865 519 892 Statuarius.
545 868 737 892 statuarum
757 868 899 903 artifex.
919 866 962 893 ΠΙ.
978 868 1045 894 Gn.
1065 866 1105 893 In-

258 909 396 939 testinarii,
415 909 542 940 statuarii,
562 909 710 941 musivarii,
730 910 822 936 aerarii
842 914 891 936 etc.
913 909 963 936 Th.
983 909 1014 937 C.
1034 909 1103 937 XIII.

259 953 283 978 4,
303 961 324 978 c.
344 953 368 977 2.
388 951 419 977 de
439 961 527 977 excus.
548 951 615 978 artif.

291 995 481 1021 Statuere.
518 994 549 1027 §0
570 996 604 1021 l.
629 997 761 1025 Ponere.
788 996 965 1023 collocare.
1002 995 1020 1022 1.
1042 996 1104 1030 Sy.

258 1037 362 1064 Ponere
385 1037 556 1069 (terminos.)
586 1037 615 1064 fr.
639 1039 663 1063 2.
690 1048 730 1074 sq.
754 1037 787 1064 de
811 1043 885 1065 term.
910 1043 972 1065 mot.
996 1040 1037 1065 47.
1061 1040 1103 1064 21.

259 1080 302 1107 111.
322 1081 387 1107 (111.
412 1079 558 1106 Stationem
581 1080 693 1107 dicimus
718 1092 730 1107 a
755 1082 902 1108 statuendo.
927 1081 957 1108 fr.
979 1083 1001 1107 1.
1021 1081 1103 1115 513.

260 1123 292 1150 de
312 1123 410 1149 flumin.
430 1124 471 1149 43.
494 1125 531 1149 12.
568 1122 649 1150 Iubeo
669 1125 770 1160 signum
789 1123 831 1150 dei
850 1125 876 1150 in
896 1123 940 1150 illa
954 1134 1027 1150 sacra
1041 1123 1104 1150 aede

259 1183 292 1187 —
312 1167 400 1192 statui.
424 1166 454 1192 fr.
479 1167 521 1193 38.
547 1166 568 1200 5.
588 1168 612 1193 2.
637 1166 670 1193 de
695 1177 757 1193 auro
782 1176 833 1203 arg.
857 1168 899 1193 34.
919 1169 942 1193 2.
963 1182 996 1186 -
1016 1167 1046 1200 §.
1067 1168 1103 1194 2.

261 1211 367 1236 Causa
386 1211 520 1244 cognita
544 1212 717 1237 decernere.
756 1210 774 1236 I.
798 1211 860 1244 Sy.
881 1210 1039 1236 Decernere.
1061 1209 1101 1236 Cf.

259 1251 284 1278 h.
306 1262 329 1278 v.
349 1252 370 1285 5.
390 1253 414 1278 3.
435 1251 614 1279 Constituere.
635 1252 676 1279 Cf.
697 1252 721 1279 h.
742 1263 764 1280 v.
785 1253 806 1287 5.
827 1255 850 1279 5.
871 1252 1034 1279 Definitione
1053 1263 1104 1279 am-

258 1294 348 1333 plecti.
368 1294 398 1321 fr.
417 1296 442 1322 4.
460 1296 482 1329 5.
502 1297 526 1322 5.
545 1295 578 1321 de
598 1305 626 1322 re
645 1295 697 1322 iud.
717 1297 758 1322 42.
776 1297 796 1322 l.
817 1295 1002 1322 Pronunciare.
1023 1295 1064 1322 Cf.
1079 1295 1103 1322 h.
1125 1310 1126 1314 =

258 1348 283 1365 v.
303 1338 324 1372 5.
344 1339 367 1364 4.
388 1337 504 1374 Irrogare
523 1339 669 1375 (poenam.)
689 1338 792 1365 Punire.
814 1338 844 1365 fr.
866 1340 888 1365 l.
909 1339 930 1373 5.
948 1341 986 1365 10.
1007 1338 1039 1365 de
1060 1339 1103 1365 off.

258 1380 312 1408 Prs.
332 1380 376 1407 Vr.
393 1383 414 1408 1.
436 1383 475 1407 12.
496 1381 525 1407 fr.
544 1383 567 1407 5.
589 1391 626 1418 pr.
647 1381 679 1408 de
698 1392 774 1419 poen.
787 1384 828 1408 43.
844 1383 883 1408 19.
920 1381 963 1408 III.
978 1382 1044 1409 Cn.
1063 1381 1105 1408 Ab
1126 1385 1128 1391 “

258 1423 432 1461 Imperatore.
457 1434 521 1450 eove
547 1425 588 1450 cui
612 1424 644 1450 de
664 1435 691 1451 ea
711 1435 739 1451 re
762 1424 894 1451 statuendi
914 1429 1033 1462 potestas
1053 1424 1106 1451 fue-

259 1468 306 1497 rit,
334 1466 467 1493 dimissus.
492 1466 522 1493 sr.
544 1469 566 1493 1.
588 1477 627 1503 sq.
648 1467 680 1493 de
699 1467 723 1494 h.
744 1469 787 1504 qui
808 1473 861 1494 not.
886 1468 931 1494 inf.
950 1469 975 1494 3.
994 1469 1018 1494 2.
1056 1467 1107 1494 Ne-

259 1519 310 1546 que
329 1510 409 1537 enim.
430 1510 474 1545 qui
493 1515 581 1547 potest
601 1511 627 1536 in
647 1509 729 1536 furem
749 1515 877 1541 statuere,
897 1521 1007 1538 necesse
1026 1510 1106 1537 habet

260 1552 386 1579 adversus
406 1552 487 1578 furem
508 1552 617 1588 litigare.
638 1552 668 1579 fr.
691 1554 729 1579 17.
749 1563 789 1590 pr.
809 1553 842 1580 de
861 1554 922 1580 furt.
941 1556 983 1581 47.
1002 1556 1027 1580 2.
1048 1553 1106 1580 Nisi
1127 1574 1128 1587 .

260 1595 292 1621 ad
307 1595 356 1621 hoc
370 1596 588 1632 compromissum
602 1597 644 1627 sit,
664 1600 692 1622 ut
706 1596 804 1623 arbiter
816 1602 945 1624 statueret
958 1602 1007 1624 etc.
1023 1596 1051 1623 fr.
1063 1599 1105 1623 32.

260 1639 281 1672 5.
304 1640 342 1665 16.
363 1638 395 1665 de
414 1648 464 1664 rec.
484 1639 528 1675 qui
547 1638 602 1665 arb.
621 1641 644 1665 4.
664 1642 688 1666 8.
726 1639 769 1671 Si,
795 1650 853 1666 cum
876 1640 958 1666 vellet
981 1645 1104 1671 statuere,

259 1680 411 1718 prohibitus
430 1682 478 1713 sit,
505 1691 552 1708 nec
571 1682 692 1708 effectum
717 1682 851 1710 decretum
876 1683 1005 1710 habuerit.
1031 1683 1061 1710 fr.
1082 1685 1104 1709 1.

260 1724 283 1758 5.
301 1726 325 1750 2.
346 1724 398 1759 Qu.
417 1725 503 1761 quisq.
523 1725 571 1751 iur.
591 1727 614 1751 2.
634 1728 658 1751 2.
696 1725 725 1752 Si
739 1725 882 1758 dubitetur,
903 1741 933 1745 —
954 1727 1012 1763 ipse
1031 1726 1106 1752 Prae-

260 1771 302 1793 tor
321 1766 400 1793 debet
418 1777 494 1793 causa
513 1769 615 1803 cognita
639 1773 762 1795 statuere.
788 1769 818 1795 fr.
837 1771 861 1795 2.
886 1769 907 1802 5.
927 1770 950 1796 6.
971 1769 1003 1796 de
1027 1769 1105 1796 iudic.

260 1812 284 1836 5.
306 1812 327 1836 1.
349 1810 378 1836 fr.
398 1813 422 1836 5.
443 1810 487 1836 ubi
506 1820 568 1847 pup.
587 1813 629 1837 27.
648 1814 672 1838 2.
694 1812 725 1839 cf.
746 1812 775 1838 fr.
796 1814 837 1839 32.
858 1822 897 1848 sq.
919 1812 951 1839 de
972 1812 1060 1850 adopt.
1083 1814 1103 1838 1.

261 1854 285 1878 7.
322 1852 378 1888 Qui
395 1854 573 1889 magistratum
592 1859 784 1891 potestatemve
803 1855 924 1887 habebit,
949 1856 971 1882 si
996 1855 1058 1892 quid
1079 1856 1105 1882 in

261 1895 373 1931 aliquem
393 1897 454 1922 novi
474 1898 537 1923 iuris
556 1899 685 1924 statuerit.
705 1898 735 1924 fr.
757 1900 778 1925 l.
798 1899 819 1932 5
837 1901 857 1925 1.
878 1899 929 1934 Qu.
950 1900 1035 1935 quisq.
1056 1900 1104 1925 iur.

260 1940 284 1964 2.
298 1941 322 1964 2.
360 1939 474 1974 Quaero.
488 1940 550 1976 quid
564 1940 691 1967 adversus
709 1951 766 1967 emn
781 1943 816 1968 sit
832 1941 1014 1968 statuendum?
1035 1941 1104 1969 Coll.

261 1981 314 2007 LL.
334 1981 366 2008 M.
387 1981 430 2008 IV.
451 1984 474 2008 9.
511 1983 538 2009 1η
557 1985 706 2010 convictum
726 1994 812 2016 reum,
832 2000 863 2004 —
888 1995 937 2021 pro
962 1985 1040 2012 modo
1061 1985 1104 2011 atl-

261 2026 335 2051 missi
355 2024 472 2055 sceleris.
492 2026 658 2053 statuendum
678 2031 726 2053 est.
740 2026 812 2054 Paul.
827 2027 858 2054 V.
875 2029 913 2054 16.
928 2028 949 2061 5.
966 2030 1004 2054 13.
1020 2028 1049 2055 ir.
1066 2030 1103 2054 12.

261 2078 300 2105 pr.
319 2067 352 2094 de
371 2073 434 2094 cust.
457 2073 482 2094 et
501 2068 587 2095 exliib.
612 2071 652 2095 48.
672 2072 696 2095 3.
717 2086 749 2090 —
773 2070 804 2102 ξ.
824 2072 861 2097 3.
887 2072 1105 2102 Constituere,

261 2113 500 2143 Praescribere,
516 2114 717 2147 I’raefinire.
755 2112 772 2139 Ι.
788 2114 849 2147 Sy.
870 2113 1048 2141 Constituere.
1063 2114 1104 2141 Cf.

261 2154 286 2180 h.
306 2164 329 2179 v.
351 2155 386 2187 55.
405 2156 428 2180 3.
449 2155 472 2180 4.
492 2153 669 2181 Praestituere
687 2155 788 2188 (diem)
809 2156 838 2182 fr.
861 2158 882 2182 1.
902 2157 1053 2190 55.10.12.
1074 2157 1106 2183 de

261 2206 332 2223 succ.
353 2197 429 2223 edict.
448 2199 489 2223 38.
509 2200 531 2224 9.
569 2197 696 2225 III.C'11.
722 2198 751 2223 Si
778 2208 827 2234 qua
852 2198 895 2225 Iex
921 2199 951 2225 ab
977 2200 1052 2226 initio
1072 2215 1104 2219 —

263 2240 354 2266 statuit
377 2241 511 2266 actionem.
541 2240 571 2266 fr.
596 2243 637 2267 23.
665 2241 686 2274 5.
706 2242 728 2267 4.
760 2240 791 2267 de
812 2241 886 2267 cond.
911 2242 995 2268 indeb.
1020 2245 1057 2269 12.
1081 2244 1104 2269 6.

263 2283 448 2320 Quodcunque.
467 2283 610 2320 Imperator
630 2294 675 2320 per
689 2284 827 2321 epistolam
846 2289 871 2309 et
884 2285 1106 2322 subscriptionem

263 2327 362 2352 statuit.
383 2326 412 2352 fr.
434 2327 455 2352 l.
475 2327 498 2359 5.
521 2328 540 2352 1.
562 2326 594 2352 (le
614 2332 697 2353 const.
719 2326 758 2353 Pr.
783 2329 802 2353 l.
823 2328 846 2353 4.
868 2327 909 2354 Cf.
934 2327 963 2353 fr.
990 2330 1025 2354 10.
1047 2339 1105 2365 sqq.

263 2369 295 2396 de
315 2369 366 2395 LL.
389 2371 410 2395 1.
429 2371 453 2395 3.
474 2369 543 2395 Coll.
564 2369 615 2395 LL.
630 2369 662 2396 M.
677 2370 745 2397 xtll.
765 2372 789 2396 3.
809 2369 892 2396 Vatic.
911 2370 932 2403 5.
947 2372 1005 2396 314.
1022 2370 1050 2397 fr.
1066 2373 1105 2401 To,

263 2413 285 2446 5.
312 2414 332 2438 1.
356 2412 389 2438 dv
413 2417 494 2438 contr.
520 2417 579 2438 emt.
608 2413 637 2438 18
672 2414 692 2438 1.
730 2412 852 2439 Statuere
876 2412 1040 2439 venditorem
1065 2413 1107 2439 de-

262 2455 334 2484 bere.
354 2461 439 2482 utrum
461 2472 490 2475 —
510 2455 575 2482 velit
594 2460 642 2481 etc.
667 2455 696 2481 fr.
716 2458 740 2482 4.
760 2456 781 2489 5.
801 2458 825 2482 2.
850 2455 882 2482 de
902 2456 931 2482 L.
952 2466 1044 2483 comm.
1067 2458 1105 2483 18.

262 2500 287 2524 3.
306 2498 361 2530 (Cf.
382 2508 404 2524 v.
425 2498 568 2529 Statutus.)

298 2542 407 2568 Statu
427 2541 487 2567 iri.
526 2543 608 2568 Fore
627 2546 660 2567 ut
679 2546 791 2566 stetur.
821 2541 862 2568 III.
875 2543 940 2569 (711.
956 2542 1106 2578 Repromis-

264 2584 315 2608 sio:
334 2598 364 2602 —
386 2584 515 2610 voluntati
539 2583 655 2610 defuncti
675 2588 744 2609 statu
765 2583 812 2617 [al.
833 2585 940 2618 statum]
962 2586 1001 2611 iri.
1030 2584 1060 2611 fr.
1081 2586 1105 2611 6.

264 2626 285 2659 5.
309 2628 328 2651 1.
350 2632 377 2653 ut
396 2626 470 2661 legat.
491 2637 558 2653 serv.
579 2638 600 2653 c.
620 2629 654 2653 36
680 2628 705 2652 3.

299 2668 518 2697 Statuliber.
544 2672 585 2701 1⁸,
602 2672 654 2697 ceci
667 2676 860 2696 testamento
875 2672 1012 2697 libertas
1027 2673 1105 2697 data

264 2717 323 2741 est,
345 2714 397 2737 suh
416 2715 602 2740 venditione
621 2719 678 2739 αιιΙ
701 2723 736 2739 ex
755 2715 811 2739 die.
850 2712 868 2738 1.
890 2715 951 2747 Sy.
977 2714 1030 2748 Qui
1056 2718 1106 2739 sta-

264 2758 345 2780 tutam
365 2759 391 2779 et
410 2754 572 2783 destinatam.
591 2757 617 2782 in
637 2760 741 2792 tempus
761 2755 802 2782 vel
822 2755 1008 2787 conditionem,
1029 2756 1107 2782 liber-

265 2801 343 2822 tatem
362 2796 449 2823 babet.
469 2798 498 2824 fr.
520 2800 540 2824 1.
561 2809 592 2835 pr
619 2798 651 2825 (le
670 2798 786 2824 statulib.
806 2800 846 2824 40.
872 2800 894 2825 7.
915 2799 971 2825 Gai.
997 2799 1025 2825 II.
1046 2802 1104 2825 200.

264 2838 327 2876 le.
345 2839 374 2866 II.
396 2841 418 2866 1.
455 2839 496 2866 111.
517 2843 582 2868 Cn.
606 2841 752 2868 Statuliber
770 2858 802 2862 —
826 2841 956 2869 libertatis
979 2842 1106 2869 conditio—

1078 182 1172 214 STA.

1145 274 1205 291 nem
1227 274 1316 291 secum
1340 264 1426 292 trabit.
1451 264 1536 293 1d.Il.
1556 267 1580 293 3.
1618 265 1647 293 Si
1673 277 1721 304 per
1749 266 1872 294 heredem
1895 268 1990 295 sactum

1146 309 1194 339 sit,
1217 309 1356 345 quominus
1377 308 1515 335 statuliber
1534 308 1679 335 conditioni
1703 315 1805 346 pareat,
1830 310 1939 348 perinde
1958 311 1989 338 fit

1147 350 1213 377 liber
1233 356 1280 378 etc.
1302 351 1336 377 ld.
1357 350 1388 377 II.
1408 354 1432 378 5.
1470 351 1537 378 Cum
1557 352 1696 378 statuliber
1714 352 1763 379 sub
1784 353 1935 380 conditione
1954 353 1990 381 le-

1146 399 1221 430 gatus
1241 399 1288 423 est.
1304 399 1329 420 et
1343 410 1374 413 —
1389 394 1506 421 conditio
1520 399 1633 421 statutae
1647 394 1777 421 libertatis
1791 395 1889 422 deficit.
1904 396 1934 423 fr.
1948 398 1990 424 81.

1146 438 1167 471 5.
1189 438 1212 463 9.
1232 437 1265 464 de
1283 437 1358 474 legat.
1380 437 1397 464 I.
1417 438 1485 470 (30.)
1505 437 1536 464 cf.
1557 437 1586 464 fr.
1609 440 1648 464 15.
1669 448 1706 475 sq.
1727 438 1760 464 dc
1779 448 1839 465 nox.
1859 443 1907 465 act.
1927 441 1951 466 9.
1965 441 1990 466 4.

1182 480 1349 508 Statura.
1379 482 1507 515 Figura
1526 486 1555 506 et
1574 483 1682 507 modus
1701 483 1851 515 corporis
1872 484 1993 509 anima-

1147 525 1198 550 lis.
1235 523 1278 550 111.
1299 525 1365 551 Gn.
1386 522 1506 549 Militaris
1526 522 1630 550 roboris
1650 534 1679 549 ac
1702 529 1817 550 staturae
1836 526 1889 557 (sc.
1910 526 1993 551 iunio-

1148 567 1216 596 res.)
1241 565 1289 593 Th.
1310 566 1340 593 C.
1361 565 1416 592 VII.
1438 567 1476 593 18.
1504 576 1525 592 c.
1545 568 1569 592 9.
1593 576 1632 604 pr.
1656 566 1688 593 de
1713 566 1841 593 desertor.
1878 567 1906 593 In
1931 567 1993 594 ofse-

1147 608 1237 635 rendis
1256 610 1330 646 equis
1351 613 1445 635 certam
1465 608 1586 641 formam,
1605 614 1744 637 staturam.
1768 615 1878 636 aetatem
1897 626 1929 630 -—
1950 620 1993 637 eu-

1150 651 1288 678 stodienda
1307 662 1374 678 esse.
1396 651 1431 677 lb.
1454 651 1495 678 VI.
1515 654 1557 678 31.
1577 662 1598 678 c.
1621 654 1643 678 1.
1664 652 1696 679 de
1715 658 1820 679 strator.

1183 696 1324 722 status.
1344 694 1464 728 (partic.)
1485 695 1515 728 §.
1531 697 1564 721 1.
1584 697 1778 728 Exhibitus,
1799 697 1993 730 Repraesen-

1148 743 1248 764 talus.
1269 737 1310 764 Cf.
1325 748 1347 764 v.
1362 737 1472 763 Sistere.
1486 752 1519 756 —-
1539 738 1569 771 §0
1584 739 1620 764 2.
1635 740 1863 775 Praefinit11s,
1879 740 1992 765 Fixus.

1148 780 1189 807 III.
1204 782 1269 808 Gn.
1289 780 1420 816 Quoniam
1439 779 1537 806 nullum
1558 786 1658 807 certum
1678 786 1781 818 tempus
1802 781 1920 819 pariendi
1940 785 1992 808 sta-

1148 828 1202 849 tum
1222 823 1362 850 videretur.
1383 823 1424 850 Fr.
1444 823 1508 849 Mas.
1527 823 1626 854 Sabini.
1648 823 1724 850 l.Cti.
1746 825 1795 862 Ap.
1811 824 1879 851 Gell.
1893 824 1936 851 111.
1953 825 1992 851 16.

1149 865 1239 892 Status
1264 865 1320 892 dies
1349 876 1406 892 cum
1435 866 1518 892 hoste.
1542 865 1571 892 L.
1596 866 1645 893 XII
1668 866 1751 893 Tabb.
1777 867 1807 893 II.
1830 869 1854 894 2.
1886 867 1990 894 Statum

1150 908 1275 935 editionis
1295 910 1415 946 pretium.
1435 908 1485 935 Th.
1505 908 1535 935 C.
1557 908 1599 936 Vl.
1620 912 1643 936 4.
1664 919 1685 936 c.
1705 912 1746 936 2⁰.
1766 909 1798 936 de
1812 909 1888 936 Praet
1902 915 1928 937 et
1941 910 1993 946 Qu.

1183 953 1322 979 Status.
1341 952 1458 985 (Subst.)
1479 952 1509 985 §0
1525 954 1558 978 1.
1579 954 1736 979 conditio
1755 963 1858 979 rerum
1873 954 1993 989 firma,

1152 996 1308 1028 Qualitas
1328 1001 1423 1022 certa.
1461 994 1503 1021 111.
1519 996 1584 1022 Gn.
1605 995 1632 1021 In
1652 1005 1700 1021 suo
1720 1000 1790 1022 statu
1815 1000 1841 1021 et
1865 995 1924 1022 loco
1944 1006 1995 1022 ma-

1150 1047 1211 1064 nere
1236 1038 1385 1071 (arborem,
1404 1048 1428 1064 v.
1449 1038 1599 1074 parietem.)
1625 1038 1654 1064 fr.
1675 1040 1697 1064 Τ.
1727 1038 1759 1065 de
1780 1038 1807 1065 S.
1829 1038 1856 1065 P.
1876 1038 1907 1065 V.
1926 1039 1950 1065 8.
1969 1040 1994 1065 2.

1149 1079 1242 1106 Forma
1263 1090 1291 1106 ac
1311 1085 1394 1106 status
1414 1081 1597 1117 (antiquorum
1616 1080 1823 1115 aedssiciorum.)
1843 1081 1872 1108 fr.
1895 1083 1934 1108 11.
1954 1091 1994 1119 pr.

1149 1122 1182 1149 ib.
1203 1124 1227 1149 8.
1246 1125 1272 1149 2.
1293 1122 1341 1150 Th.
1363 1122 1394 1149 C.
1414 1122 1484 1149 XVI.
1501 1125 1539 1149 10.
1558 1133 1578 1149 c.
1601 1125 1639 1149 15.
1661 1123 1694 1150 de
1713 1134 1802 1161 pagan.
1837 1124 1923 1151 Vrbes
1943 1135 1995 1151 ma-

1148 1166 1244 1202 gnifico
1264 1170 1334 1192 statu
1353 1166 1495 1203 praeditae.
1515 1166 1551 1192 lb.
1572 1165 1627 1192 XII.
1645 1168 1669 1193 5.
1689 1177 1710 1193 c.
1727 1168 1752 1193 3.
1773 1167 1901 1203 Quemad.
1921 1177 1992 1194 mun.

1147 1210 1197 1235 civ.
1217 1208 1321 1236 Statum
1340 1209 1441 1246 reipub.
1461 1213 1618 1236 sustentare.
1645 1219 1665 1235 c.
1687 1211 1708 1235 1.
1734 1219 1772 1247 pr.
1800 1209 1833 1236 de
1858 1215 1909 1236 vet.
1937 1211 1995 1237 iure

1149 1251 1232 1278 enucl.
1248 1253 1270 1278 1.
1286 1254 1325 1279 17.
1362 1252 1480 1289 Respub.
1501 1262 1576 1278 suum
1596 1257 1693 1278 statum
1711 1254 1817 1290 recepit.
1833 1252 1863 1279 fr.
1877 1255 1901 1279 2.
1916 1253 1937 1287 5.
1951 1255 1994 1279 24.

1148 1294 1181 1321 de
1201 1294 1233 1321 Ο.
1254 1294 1272 1321 I.
1293 1296 1315 1321 1.
1334 1297 1358 1322 2.
1396 1295 1432 1322 Vt
1455 1296 1481 1321 iu
1505 1294 1643 1332 profanum
1667 1299 1763 1322 statum
1786 1300 1901 1322 transeat
1925 1297 1995 1329 (mo-

1126 1365 1129 1379 .
1149 1339 1313 1371 nasterium.)
1333 1337 1380 1365 Iul.
1400 1348 1440 1375 ep.
1460 1348 1520 1364 nov.
1541 1348 1562 1364 c.
1584 1339 1640 1364 111.
1660 1338 1681 1372 5.
1701 1339 1760 1364 411.
1797 1338 1879 1365 Suum
1898 1344 1996 1366 statum

1150 1385 1176 1407 et
1199 1390 1304 1407 cursum
1328 1386 1428 1409 tenent.
1441 1391 1471 1408 ac
1494 1380 1633 1418 possident
1657 1381 1706 1414 (ab
1731 1383 1845 1418 antiquis
1870 1383 1994 1414 statuta.)

1150 1423 1220 1450 Coll.
1241 1423 1294 1450 LL.
1314 1424 1346 1451 M.
1360 1424 1419 1451 XV.
1433 1426 1458 1451 3.
1495 1423 1523 1450 Iu
1543 1423 1614 1450 aliud
1634 1433 1729 1451 nomen
1749 1424 1880 1461 aliumque
1898 1429 1995 1451 statum

1150 1466 1319 1503 obligationis
1338 1467 1482 1494 transferri.
1504 1484 1534 1488 —
1555 1466 1658 1493 Statum
1679 1472 1704 1494 et
1721 1472 1839 1494 naturam
1858 1467 1995 1504 obligatio-

1150 1511 1190 1536 nis
1210 1511 1303 1536 mutari
1323 1520 1375 1536 non
1395 1520 1481 1547 posse.
1502 1509 1532 1536 fr.
1549 1511 1587 1536 17.
1608 1509 1640 1536 de
1660 1510 1736 1537 cond.
1750 1510 1810 1537 furt.
1828 1512 1866 1537 13.
1882 1512 1903 1537 l.
1924 1510 1954 1537 fr.
1968 1511 1993 1537 9.

1149 1554 1170 1587 5.
1192 1555 1214 1579 1.
1235 1552 1267 1579 de
1288 1552 1318 1580 V.
1339 1553 1371 1580 Ο,
1391 1555 1432 1580 45.
1460 1555 1481 1580 l.
1507 1552 1537 1579 cf.
1565 1552 1594 1579 fr.
1617 1555 1639 1579 1.
1668 1554 1689 1588 5.
1708 1555 1734 1580 2.
1760 1553 1792 1580 de
1817 1553 1899 1580 usufr.
1924 1552 1994 1580 ader.

1150 1598 1173 1622 7.
1197 1597 1220 1622 2.
1245 1595 1276 1622 fr.
1300 1598 1341 1622 21.
1365 1607 1404 1633 pr.
1429 1596 1461 1622 de
1485 1595 1602 1622 fideiuss.
1628 1598 1669 1622 46.
1698 1598 1719 1623 l.
1758 1596 1833 1632 Quae
1859 1597 1914 1630 (sc.
1935 1606 1995 1633 pro-

1149 1639 1254 1671 missio)
1273 1649 1305 1665 ex
1325 1639 1461 1666 voluntate
1480 1640 1658 1676 promittentis
1678 1644 1775 1666 statum
1794 1640 1870 1676 capit.
1891 1638 1921 1665 fr.
1937 1640 1995 1666 108.

1149 1682 1171 1715 5.
1193 1683 1214 1708 1.
1235 1681 1267 1708 de
1287 1681 1318 1708 V.
1338 1682 1371 1709 O.
1391 1684 1432 1709 45.
1454 1684 1476 1708 1.
1500 1682 1530 1709 fr.
1549 1684 1609 1708 201.
1634 1681 1667 1708 de
1690 1681 1721 1709 R.
1741 1682 1759 1709 1.
1779 1684 1820 1708 50.
1841 1684 1881 1708 17.
1918 1681 1995 1708 Prae-

1149 1735 1212 1751 sens
1235 1729 1320 1751 status
1344 1725 1440 1762 peculii
1464 1724 1642 1762 (spectandus
1662 1727 1727 1756 est.)
1753 1724 1782 1751 fr.
1802 1726 1844 1751 32.
1867 1726 1888 1759 5.
1910 1726 1933 1751 l.
1960 1724 1995 1752 de

1150 1767 1234 1805 pecul.
1250 1770 1289 1794 15.
1306 1770 1327 1794 1.
1363 1767 1392 1794 In
1406 1767 1539 1794 meliorem
1553 1773 1650 1794 statum
1664 1773 1820 1795 commutata
1832 1769 1881 1801 (sc.
1896 1768 1996 1802 causa.)

1150 1811 1180 1837 fr.
1199 1812 1240 1837 23.
1261 1811 1294 1837 de
1313 1821 1362 1837 usu
1385 1816 1411 1837 et
1431 1811 1510 1838 habit.
1536 1813 1559 1838 7.
1579 1814 1603 1838 8.
1623 1825 1656 1830 -
1681 1812 1712 1845 §.
1730 1813 1765 1838 Β.
1792 1813 1919 1838 Summa
1943 1821 1995 1838 ea-

1150 1864 1216 1880 rum
1236 1864 1355 1886 rerum,
1378 1864 1414 1880 es
1439 1857 1554 1888 quibus
1576 1857 1713 1888 pendent
1739 1856 1814 1881 iura
1838 1856 1994 1887 hominis,

1150 1898 1264 1929 (ratione
1283 1896 1369 1923 habita
1384 1897 1522 1925 libertatis.
1542 1898 1665 1929 civitatis,
1684 1898 1798 1930 aetatis.)
1834 1896 1853 1923 1.
1868 1898 1930 1932 Sy.
1944 1896 1994 1924 Ca-

1148 1945 1204 1977 put.
1224 1939 1265 1966 Cf.
1286 1939 1310 1966 h.
1330 1950 1354 1966 v.
1374 1940 1395 1973 5.
1415 1942 1438 1966 5.
1459 1940 1509 1966 lus.
1530 1939 1572 1966 Cf.
1592 1940 1618 1966 h.
1639 1951 1662 1967 v.
1677 1941 1698 1974 5.
1712 1940 1764 1966 ΞΒ.
1802 1939 1845 1966 III.
1860 1941 1926 1968 Gn.
1940 1939 1993 1966 Ho-

1149 1984 1226 2009 minis
1245 1984 1301 2009 eius
1321 1988 1405 2009 status
1426 1988 1451 2008 et
1470 1982 1583 2010 habitus.
1603 1983 1634 2010 fr.
1655 1985 1677 2010 7.
1697 1984 1780 2017 5.11.
1801 1984 1853 2018 Qu.
1874 1993 1906 2009 ex
1925 1992 1946 2009 c.
1966 1983 1993 2008 in

1149 2036 1222 2063 poss.
1242 2028 1282 2052 42.
1302 2028 1326 2052 4.
1364 2026 1430 2052 Cum
1450 2025 1482 2052 ad
1501 2031 1597 2052 statum
1617 2036 1693 2053 sumn
1717 2026 1798 2052 frater
1821 2026 1992 2062 pervenisset.

1150 2069 1180 2095 fr.
1201 2071 1241 2096 77.
1261 2070 1344 2103 514.
1364 2068 1396 2094 de
1416 2068 1490 2105 legat.
1512 2069 1542 2096 II.
1562 2070 1632 2102 (31.)
1669 2070 1722 2105 Qui
1746 2074 1842 2095 statum
1866 2078 1941 2095 suum
1965 2069 1993 2095 in

1150 2117 1281 2149 potestate
1305 2111 1390 2138 habet.
1416 2111 1487 2138 Paul.
1507 2111 1536 2139 II.
1564 2114 1602 2139 18.
1627 2113 1648 2146 5
1672 2115 1693 2139 1.
1730 2111 1821 2138 Status
1846 2112 1951 2143 aetatis,
1970 2121 1991 2138 s.

1151 2155 1289 2191 legitimus,
1311 2154 1340 2180 fr.
1363 2157 1400 2181 13.
1421 2154 1453 2180 de
1473 2155 1574 2191 probat.
1593 2156 1634 2181 22.
1648 2156 1672 2181 3.
1694 2165 1714 2182 c.
1728 2156 1752 2180 5.
1773 2154 1823 2189 Qu.
1844 2153 1900 2180 dies
1914 2153 1991 2190 legat.

1150 2200 1173 2224 6.
1193 2199 1233 2224 53.
1271 2198 1305 2224 Et
1324 2202 1433 2229 statum,
1452 2202 1478 2223 et
1497 2198 1663 2234 dignitatem,
1686 2198 1713 2224 iu
1733 2207 1782 2233 qua
1802 2196 1862 2228 fuit,
1882 2212 1914 2216 —
1933 2198 1993 2224 reti-

1150 2251 1219 2267 nere.
1240 2240 1269 2267 fr.
1288 2244 1330 2267 20.
1350 2240 1383 2267 de
1402 2245 1472 2266 statu
1492 2240 1559 2267 hom.
1588 2243 1608 2267 l.
1628 2243 1652 2266 5.
1681 2240 1710 2266 fr.
1731 2242 1755 2265 5.
1787 2239 1825 2272 55.
1848 2241 1868 2265 l.
1888 2249 1928 2276 sq.
1958 2239 1992 2266 de

1151 2288 1216 2310 extr.
1237 2293 1309 2319 cogn.
1324 2285 1365 2309 50.
1382 2285 1420 2309 13.
1458 2283 1498 2309 De
1518 2288 1587 2309 statu
1607 2288 1684 2319 atque
1703 2282 1860 2319 patrimonio
1881 2281 1990 2318 litigare.

1152 2326 1201 2353 Th.
1222 2326 1252 2353 C.
1273 2325 1303 2352 II.
1324 2328 1346 2352 7.
1366 2336 1386 2352 c.
1401 2328 1425 2352 4.
1440 2326 1472 2352 de
1491 2326 1606 2352 dilation.
1629 2327 1682 2361 Qui
1701 2340 1732 2344 —-
1753 2324 1821 2361 apud
1841 2330 1896 2351 acta
1916 2324 1992 2352 Prae-

1151 2369 1216 2396 sidis
1235 2379 1340 2395 servum
1358 2379 1386 2395 se
1406 2379 1465 2395 esse
1485 2370 1608 2395 mentitus
1628 2372 1676 2395 est.
1697 2372 1788 2403 postea
1803 2372 1899 2394 statum
1915 2377 1991 2394 suum

1151 2412 1303 2439 defendenti
1322 2417 1370 2438 etc.
1391 2412 1462 2438 Paul.
1483 2411 1514 2438 V.
1535 2413 1555 2437 1.
1575 2411 1595 2444 5
1610 2412 1634 2436 4.
1653 2410 1744 2436 Status
1758 2411 1933 2446 ingenuitatis.
1953 2410 1990 2438 Id.

1152 2454 1182 2482 V.
1199 2457 1220 2482 1.
1235 2456 1256 2489 5.
1274 2457 1294 2481 l.
1320 2456 1372 2490 Qui
1387 2455 1419 2481 de.
1432 2459 1501 2481 statu
1514 2463 1561 2479 suo
1576 2452 1666 2488 litigat.
1686 2464 1705 2479 5.
1721 2453 1891 2490 periclitatur.
1905 2453 1935 2479 fr.
1948 2454 1991 2479 33.

1152 2498 1172 2530 5.
1196 2500 1216 2524 1.
1239 2498 1267 2524 fr.
1287 2500 1329 2524 39.
1353 2499 1374 2532 5.
1395 2500 1418 2524 5.
1438 2497 1471 2524 de
1489 2506 1593 2533 procur.
1612 2498 1635 2522 3.
1654 2499 1678 2523 3.
1699 2496 1728 2522 fr.
1742 2498 1784 2523 21.
1802 2506 1840 2533 pr.
1862 2496 1913 2531 Qu.
1931 2501 1992 2523 met.

1152 2550 1172 2566 c.
1187 2542 1210 2566 4.
1224 2544 1248 2567 2.
1274 2542 1327 2576 Qui
1339 2540 1371 2567 de
1385 2545 1454 2567 statu
1468 2549 1515 2565 suo
1530 2540 1645 2565 incertus
1659 2544 1707 2565 est.
1723 2538 1782 2576 le.
1796 2539 1855 2565 XX.
1872 2541 1910 2565 11.
1935 2539 1992 2566 Sta-

1151 2588 1204 2609 tum
1224 2593 1327 2610 sumere
1350 2585 1395 2617 (ex
1414 2587 1531 2618 tempore
1551 2583 1732 2619 conceptionis
1752 2583 1813 2615 etc.)
1833 2581 1890 2608 Gai.
1910 2582 1928 2608 1.
1947 2584 1990 2609 89.

1151 2625 1324 2652 Instrumenta
1350 2630 1434 2651 status
1460 2625 1517 2650 mei.
1543 2624 1572 2651 fr.
1592 2628 1615 2651 8.
1640 2626 1705 2659 5.1.
1732 2626 1783 2660 Qu.
1803 2629 1862 2651 met.
1883 2634 1904 2651 c.
1924 2626 1947 2651 4.
1965 2627 1990 2651 2.

1152 2684 1182 2688 -—
1204 2670 1234 2702 ᾖ.
1256 2670 1343 2695 ΕΗΔ.
1366 2670 1454 2700 Quae
1473 2670 1513 2694 ad
1532 2670 1606 2694 iura
1619 2670 1779 2704 familiae
1797 2670 1925 2702 singuli
1942 2669 1990 2694 Ιιο-

1151 2713 1245 2738 ηιίιιίε
1268 2713 1441 2746 pertinent.
1479 2710 1497 2737 l.
1518 2712 1580 2745 Sy.
1608 2710 1702 2747 Caput.
1726 2709 1798 2736 Paul.
1824 2709 1842 2736 1.
1868 2711 1890 2736 7.
1918 2710 1940 2743 5.
1963 2711 1987 2735 2.

1151 2754 1179 2780 fr.
1199 2756 1223 2780 2.
1243 2755 1308 2788 5.1.
1328 2753 1360 2780 de.
1380 2763 1434 2789 cap.
1455 2755 1546 2780 minut.
1570 2756 1594 2780 4.
1614 2756 1638 2780 5.
1675 2753 1717 2780 III.
1737 2753 1803 2780 Cn.
1824 2752 1926 2789 Capitis
1945 2753 1989 2778 mi-

1151 2798 1231 2824 nutio.
1251 2796 1325 2823 salvo
1345 2802 1414 2823 statu
1434 2798 1595 2833 contingens
1616 2796 1645 2823 sr.
1668 2798 1689 2823 1.
1705 2797 1725 2830 5.
1741 2798 1764 2822 8.
1779 2796 1810 2822 ad
1830 2796 1896 2822 S.C.
1917 2795 1988 2821 Tert.

1149 2842 1190 2867 38.
1212 2842 1251 2867 17.
1277 2840 1334 2866 Gai.
1354 2840 1372 2867 1.
1394 2842 1450 2867 162.
1475 2840 1536 2878 le.
1556 2839 1602 2866 XI.
1623 2841 1663 2867 13.
1701 2840 1731 2867 Si
1750 2844 1846 2866 statum
1865 2848 1897 2865 ex
1915 2837 1989 2864 adro-
