2197 3121
233 188 296 219 622

235 270 320 295 occisa
345 279 426 295 uxore
450 270 526 294 etiam
552 267 584 294 (lc
608 267 703 294 familia
727 268 777 294 viri
801 267 920 304 quaestio
943 265 1078 293 habeatur.
1100 273 1102 278 '

236 311 307 338 Paul.
327 311 367 337 111.
389 314 411 337 5.
433 312 453 345 3.
474 314 496 337 5.

269 357 409 382 Nerva.
457 356 641 388 Imperator
672 355 718 385 R..
756 354 813 387 qui
850 353 1080 379 Domitianum
1103 383 1104 392 ἵ

236 403 420 431 regnantem
441 398 574 430 excepit.
612 395 654 422 lll.
670 397 736 423 Gn.
756 395 822 422 Post
841 394 936 421 deinde
954 394 987 421 D.
1003 394 1081 421 Clnu-
1103 400 1104 407 ¹

236 440 295 467 dius
315 440 382 466 duos
401 444 537 476 praetores
557 438 661 466 adiecit.
675 454 707 458 —-
727 448 759 465 ex
779 438 875 475 quibus
894 448 974 464 unum
987 437 1021 464 D.
1036 436 1081 464 Ti-

237 489 278 510 tus
299 482 425 509 detraxit:
450 486 475 507 et
494 481 589 508 adiecit
609 482 642 508 l).
662 481 763 514 Nerva,
788 482 832 518 qui
856 482 924 507 inter
943 481 1036 507 fiscum
1056 484 1082 506 et
1103 484 1105 495 '

236 527 353 563 privatos
374 526 413 551 ius
434 524 541 551 diceret.
562 524 592 551 l'r.
611 527 635 550 2.
655 525 677 558 3.
696 526 738 550 32.
759 524 791 551 ‹lc
811 524 843 550 O.
864 523 882 550 l.
903 525 925 550 1.
945 529 969 550 2.
999 522 1082 559 quue

237 581 249 595 a
269 569 302 595 D.
323 568 408 594 Nerva
429 567 620 595 introductum.
644 571 736 604 postca
757 578 770 593 a
789 566 887 593 Senatu
907 570 1014 593 auctore
1033 565 1082 592 tla-

237 612 328 639 driauo
348 611 501 647 diligentins
521 612 694 637 constitutum
708 615 756 636 est.
776 608 1001 647 Y11·.XX1V.28.
1028 607 1082 635 Pri·
1104 643 1106 647 .

237 665 295 682 mus
319 655 435 681 munium
459 654 492 680 D.
513 653 600 680 Nerva
620 653 706 679 edicto
729 654 814 679 vetuit
833 658 881 679 etc.
908 652 938 679 fr.
954 654 978 678 4.
998 662 1036 689 pr.
1051 661 1084 678 ne
1104 658 1105 671 ¹

238 698 270 725 de
290 702 359 723 statu
379 696 493 723 defunct.
508 699 549 723 40.
566 698 605 723 15.
643 696 712 732 Lege
732 697 839 731 agraria,
860 706 936 732 quam
950 695 984 722 D.
996 694 1084 722 Nerva

239 741 306 768 tulit.
326 745 432 767 cavetur
452 745 500 766 etc.
521 740 550 767 t'r.
570 741 595 766 3.
614 740 636 773 3.
660 741 680 765 l.
701 738 733 765 de
752 743 826 765 term.
846 743 908 765 mot.
928 739 970 764 47.
989 739 1031 764 21.

272 797 412 823 Nerva.
457 796 572 821 Nomen
601 796 734 820 duorum
766 795 943 825 [Oroi-nm,
969 794 1083 827 patris

237 845 265 865 et
281 840 362 875 filii
382 839 536 875 (parentum
556 836 658 863 Nervae
677 836 759 873 Imp.)
796 835 828 862 Il.
847 838 915 871 Op.
934 836 1084 870 (Sabinus)

239 887 264 909 ct
285 882 405 912 Cassius.
426 881 574 916 caeterique
594 881 678 906 nostri
698 884 893 916 praeceptores.
907 895 939 899 —-
958 878 1045 906 Nerva
1060 883 1085 905 et
1106 894 1107 919 ἰ

239 924 377 955 Proculus,
397 924 545 959 caeterique
561 922 632 949 illius
646 922 753 949 scholae
767 927 896 949 auctores.
916 921 972 949 Gai.
984 921 1014 948 Il.
1028 923 1085 948 195.
1106 931 1108 947 ¹.

240 969 269 995 t'r.
286 970 307 994 l.
328 968 348 1001 3
366 969 387 993 1.
408 966 440 993 de
461 971 542 993 contr.
563 971 622 992 emt.
639 967 678 992 18.
700 968 722 992 1.
761 964 841 1001 Quod
854 964 958 992 Nervae
976 964 1084 1003 placuit.

240 1028 272 1031 —
299 1011 397 1037 Sabino
422 1015 447 1035 et
472 1009 566 1036 Cassio
590 1010 684 1035 visum.
714 1008 771 1035 Gai.
791 1007 832 1034 III.
860 1010 916 1035 133.
946 1008 976 1035 fr.
1000 1010 1024 1034 3.
1053 1007 1086 1034 dc

240 1054 321 1082 usul'r.
346 1064 397 1079 ear.
417 1062 465 1079 rer.
487 1054 509 1078 Τ.
529 1054 553 1078 5.
591 1051 634 1078 III.
655 1053 721 1079 (7²1.
746 1051 824 1077 Ateio
844 1050 969 1088 Capitoni
989 1050 1084 1077 masur.
1107 1062 1108 1069 ¹

241 1097 356 1123 Sabinus
376 1096 513 1126 successit.v
533 1094 650 1121 Labeoni
670 1093 764 1121 Nerva.
781 1109 813 1113 -
834 1093 936 1120 Nervae
956 1093 1086 1119 successit
1107 1101 1108 1122 1

241 1139 379 1167 Proculus.
417 1138 477 1165 Fuit
502 1137 594 1164 eodem
618 1142 736 1174 tempore
757 1142 781 1163 et
800 1137 886 1163 'Nerva
906 1136 986 1163 silius.
1011 1136 1041 1162 sr.
1060 1137 1085 1161 2.

240 1185 263 1218 3.
283 1185 324 1209 ⁴7.
345 1182 377 1209 de.
397 1183 430 1208 t).
451 1181 468 1207 Ι.
491 1183 512 1207 l.
531 1183 556 1207 2.
594 1181 653 1216 Qua
673 1185 772 1211 aetate,
798 1185 841 1207 aut
865 1179 954 1217 paullo
979 1180 1085 1210 maiore,
1107 1184 1109 1211 ἦ

241 1227 323 1253 fertur
342 1224 428 1252 Nerva
454 1224 525 1250 tilius
550 1229 575 1250 et
603 1223 710 1260 publice
738 1222 770 1249 d«-
799 1224 855 1249 iure
882 1223 1085 1260 responsitasse.

242 1270 271 1297 fr.
294 1271 315 1295 1.
336 1269 357 1303 3
377 1270 401 1295 3.
423 1268 455 1294 de
475 1265 573 1304 postnl.
592 1268 616 1292 3.
639 1268 660 1293 l.
698 1265 813 1302 Pegasus
839 1270 863 1292 ct
883 1265 969 1292 Nerva
991 1265 1028 1292 fil.
1048 1275 1086 1291 re-

243 1312 415 1350 sponderunt.
436 1310 465 1337 sr.
485 1312 509 1336 2.
530 1310 552 1343 3.
573 1311 596 1335 5.
617 1309 649 1336 de
669 1309 694 1335 h.
717 1319 758 1345 qu.
779 1314 832 1335 not.
853 1308 939 1336 insani.
953 1310 977 1335 3.
991 1310 1015 1335 2.
1038 1307 1087 1334 Fu-

242 1355 321 1383 fidius
342 1356 384 1385 nit.
405 1353 490 1380 Nerva
511 1352 546 1389 til.
568 1357 657 1379 contra
672 1353 759 1378 sentit.
781 1352 810 1378 t‘r.
824 1353 866 1378 25.
887 1351 919 1378 de
932 1361 999 1378 man.
1014 1350 1086 1377 vind.

242 1401 283 1425 40.
303 1400 327 1424 2.

277 1443 437 1468 Nervus.
484 1439 514 1472 §0
544 1440 578 1465 1.
621 1439 746 1464 sirium
774 1445 803 1465 et
835 1439 964 1464 roboris
993 1438 1088 1471 quasi

242 1485 454 1519 praesidinm.
492 1481 534 1507 111.
550 1483 616 1509 sn.
636 1482 754 1507 Succisis
774 1482 849 1518 quasi
869 1479 1033 1517 quarundum
1052 1480 1089 1505 vi-

244 1529 310 1554 rium
330 1526 430 1556 nervis.
451 1524 569 1560 (reliqua
589 1523 770 1557 lababantur.)
791 1523 841 1550 Th.
862 1523 893 1550 C.
912 1522 958 1550 XI.
980 1524 1002 1549 l.
1023 1532 1044 1549 c.
1064 1523 1088 1548 4.

244 1570 276 1597 de
296 1578 389 1595 aunon.
410 1572 435 1594 et
450 1567 540 1593 tribut.
570 1565 650 1593 Nervi
671 1568 735 1604 reip.
756 1567 797 1600 (ac
810 1567 912 1593 viscera
932 1565 1088 1598 civitatum.)

244 1613 310 1640 Nov.
325 1611 458 1639 Maiorian.
479 1609 511 1636 de
531 1609 620 1636 curial.
634 1608 678 1635 IV.
693 1611 716 1636 7.
737 1620 758 1636 c.
774 1611 796 1636 1.
810 1619 849 1646 pr.
865 1608 906 1635 Cf.
926 1608 955 1635 fr.
970 1610 991 1634 1.
1011 1609 1033 1643 3.
1047 1610 1089 1634 20.

245 1656 277 1683 de
296 1655 442 1692 quaestion.
463 1654 503 1679 48.
525 1654 565 1679 18.
586 1668 618 1672 -
642 1652 673 1685 §.
691 1653 725 1678 2.
750 1654 960 1679 Vina-ntorum
977 1660 1089 1686 genus.
1111 1657 1113 1683 l

245 1698 288 1725 Ill.
307 1699 373 1725 Cn.
393 1696 488 1722 Secum
509 1695 606 1727 ducito,
625 1695 738 1727 vincito⁷
759 1699 802 1721 aut
822 1704 903 1721 nervo
923 1698 967 1721 aut
986 1703 1090 1731 compe-

245 1741 330 1769 dibus.
351 1739 380 1766 L.
401 1738 457 1765 ΧΠ.
478 1738 562 1765 Tabb.
582 1737 624 1765 III.
644 1741 668 1765 3.

280 1791 473 1819 Nem-iens.
493 1789 614 1822 (Parme.)
634 1791 807 1825 Ignorans.
844 1787 863 1814 I.
881 1788 943 1822 Sy.
962 1787 1089 1813 Insciens.

247 1835 288 1862 Cl'.
308 1834 333 1860 h.
354 1844 376 1859 v.
415 1832 456 1859 111,
478 1833 544 1860 Cn.
570 1832 712 1859 Nesciente
731 1841 781 1863 me,
800 1830 842 1857 vel
863 1830 977 1857 nolente.
997 1830 1028 1856 fr.
1048 1832 1089 1857 44.

247 1879 269 1912 3.
288 1880 312 1904 3.
333 1876 364 1903 de
384 1875 459 1902 cond.
480 1880 505 1901 et
525 1875 591 1901 dem.
611 1877 652 1902 35.
675 1876 696 1901 1.
734 1873 920 1900 Nescieutibus
939 1873 1026 1906 vobis,
1047 1872 1091 1900 vel

248 1921 323 1947 etiam
352 1918 564 1956 prohibentibus
595 1928 615 1944 c.
639 1920 663 1944 2.
688 1916 720 1944 de
743 1927 804 1943 nox.
830 1921 878 1943 act.
902 1917 926 1942 3.
951 1918 992 1942 41.
1037 1915 1092 1951 Qui

248 1963 370 1989 nesciens
391 1960 446 1987 loca
467 1971 539 1987 sacra
560 1977 589 1981 —
610 1971 658 1998 pro
678 1960 788 1998 privatis
808 1960 977 1997 comparavit.
1000 1958 1031 1986 fr.
1049 1961 1091 1986 62.

248 2007 270 2040 3.
292 2007 313 2031 1.
337 2003 369 2031 de
389 2008 472 2030 contr.
493 2007 552 2029 emt.
574 2004 614 2029 18.
635 2005 656 2029 1.

283 2054 451 2082 Nescire.
472 2056 642 2088 Ignorare.
680 2052 711 2079 11.
725 2053 793 2086 ⁰1).
814 2052 897 2080 Scire.
918 2051 975 2079 Gai.
990 2051 1091 2079 Il.172.

249 2099 279 2125 t'r.
301 2100 322 2124 l.
343 2098 364 2132 3.
386 2098 408 2123 l.
429 2096 461 2123 (le
481 2098 528 2123 iur.
549 2101 573 2122 ct
593 2095 653 2122 facti
673 2096 723 2131 ign.
740 2098 782 2121 22.
802 2097 826 2122 6.
863 2094 1040 2131 Cognoscere.
1062 2094 1091 2121 fr.

249 2144 273 2168 6.
294 2140 326 2166 de
350 2139 460 2166 calumn.
479 2141 503 2166 3.
523 2141 547 2165 6.
584 2138 626 2164 111.
648 2139 714 2166 Cn.
739 2137 768 2164 Si
788 2139 831 2174 qui
853 2139 919 2170 sint,
945 2139 990 2175 qui
1013 2136 1093 2164 latine

250 2184 377 2211 nesciant.
397 2182 440 2209 vel
459 2192 510 2208 non
531 2180 684 2217 intelligant.
704 2180 751 2207 sed
770 2186 854 2207 tamen
869 2182 983 2207 sentiant
1002 2182 1043 2207 cui
1057 2181 1095 2207 rei
1114 2179 1116 2204 l

251 2226 381 2253 intersint.
403 2224 474 2251 Paul.
494 2224 603 2250 111.4Α.
623 2224 699 2258 313.
729 2224 759 2250 Si
778 2223 878 2250 litteras
899 2225 1006 2251 nesciat.
1027 2223 1057 2250 fr.
1068 2225 1092 2250 3.

252 2270 274 2304 3.
294 2271 318 2294 2.
342 2267 373 2294 dc
394 2278 478 2293 accus.
498 2269 538 2293 43.
558 2270 582 2293 2.

984 184 1073 215 NER
1089 202 1127 207 —

288 2318 456 2346 Nescius.
481 2317 610 2350 (Auliect.)
636 2319 802 2349 Ncscieus,
824 2318 960 2344 Oblitus.
998 2315 1016 2342 I.
1031 2317 1094 2351 Sy.
1116 2319 1117 2327 ¹

252 2363 368 2397 Ignarus.
394 2362 414 2394 3.
438 2362 476 2385 16.
497 2359 514 2386 1.
539 2360 570 2386 de
595 2360 647 2387 obl.
673 2371 715 2397 qu.
736 2371 766 2387 ex
786 2359 837 2386 del.
857 2361 880 2385 4.
904 2361 925 2385 1.
963 2358 1005 2385 III.
1028 2360 1094 2386 θη.

253 2405 398 2432 Modestiae
419 2404 536 2434 nescim,
562 2409 586 2429 et
611 2403 720 2440 pudoris
744 2404 856 2439 ignarus.
884 2401 934 2428 Th.
955 2401 986 2428 C.
1006 2401 1050 2428 IX.
1070 2404 1093 2428 4.

254 2459 275 2473 ι’.
298 2450 318 2473 1.
340 2448 361 2473 si
382 2456 423 2482 qu.
445 2445 508 2483 luip.
527 2445 619 2471 malul.
657 2445 735 2477 Pera,
760 2451 786 2472 et
810 2444 921 2482 periculi
944 2445 985 2471 sui
1008 2445 1095 2470 nescia

254 2490 397 2522 (latronum
419 2489 539 2521 insania.)
558 2488 593 2514 lb.
615 2488 631 2514 l.
654 2490 692 2514 ll.
713 2499 734 2515 c.
753 2491 778 2515 3.
799 2488 831 2515 (le
851 2487 950 2515 det'eus.
971 2488 1040 2514 civit.

291 2540 513 2567 Kese-nnius.
552 2540 665 2565 Nomen
685 2549 842 2572 personne
863 2545 971 2565 certae
990 2539 1095 2571 (eonsi-
1116 2528 1117 2558 l

256 2583 317 2608 lium
332 2582 404 2608 Pauli
423 2582 493 2608 1.Cti
513 2581 682 2618 expetentis.)
710 2581 752 2607 111.
765 2583 830 2609 Gn.
850 2581 1000 2607 Nesennius
1014 2580 1095 2618 Apol·
1117 2611 1118 2617 ἵ

257 2624 346 2651 linaris
366 2624 412 2651 lul.
437 2624 517 2650 I'aulo
537 2624 563 2650 S.
589 2623 619 2650 fr.
638 2625 680 2650 34.
705 2622 738 2649 (lc
758 2623 788 2650 N
809 2624 841 2650 G.
860 2627 884 2651 3.
905 2626 927 2650 5.
953 2624 983 2651 sr.
1002 2625 1043 2650 32..
1063 2623 1096 2650 de
1117 2621 1118 2658 J

258 2673 384 2693 excusatt.
404 2669 445 2693 2'1‘.
467 2669 488 2693 1.
510 2667 538 2693 t'r.
558 2669 599 2692 22.
620 2676 659 2703 pr.
679 2665 711 2692 ad
730 2665 758 2692 L.
774 2665 841 2692 Falc.
856 2669 897 2693 35.
911 2670 935 2693 2.
956 2667 985 2693 sr.
1001 2668 1041 2693 41.
1056 2676 1095 2704 pr.
1118 2693 1119 2712 χ

259 2709 291 2735 (le
311 2719 337 2735 re
361 2710 411 2735 iurl.
432 2712 472 2736 42.
496 2712 516 2735 l.

294 2753 498 2778 Nestorius.
530 2753 723 2779 narratione
741 2757 848 2777 seclae
866 2759 980 2778 auctor
999 2758 1026 2778 e!
1046 2762 1097 2779 ca-

258 2801 323 2828 pnt.
362 2793 403 2819 111.
428 2796 492 2821 (Ἢ.
518 2794 662 2831 I'articipes
687 2793 799 2820 nefariae
818 2798 905 2819 sectae
923 2794 1039 2820 Nestorii
1059 2794 1098 2821 Si-

260 2837 373 2862 moniani
395 2846 403 2862 x
413 2848 457 2861 ιιιιιι
462 2842 525 2862 ntur.
547 2837 595 2863 Th.
612 2837 641 2863 C.
656 2836 727 2863 XVl.
745 2838 768 2862 5.
788 2846 808 2862 r.
829 2837 869 2862 156.
890 2846 928 2873 pr.
950 2836 982 2862 de
1001 2836 1097 2864 haeret.

1141 184 1238 215 NEx.

1124 265 1258 303 Ephesina
1282 265 1415 301 synodus,
1436 282 1466 286 -
1491 267 1517 292 in
1542 275 1592 302 qua
1611 265 1728 293 Nestorii
1748 277 1821 294 error
1840 267 1967 305 expulsus

1126 313 1174 335 est.
1195 319 1216 335 c.
1236 311 1261 334 8.
1281 318 1320 345 pr.
1341 307 1398 335 eod.
1419 310 1442 334 l.
1461 310 1483 334 5.

1160 353 1289 378 Notus.
1327 350 1458 384 (l’artic.)
1496 353 1531 378 In
1549 353 1620 388 fila
1640 354 1800 379 deductus.
1837 352 1880 379 lll.
1901 353 1968 380 Cn„

1127 394 1202 430 Quae
1222 397 1275 426 (sc.
1296 393 1370 425 lana)
1391 399 1450 420 neta
1470 399 1523 425 est,
1546 400 1638 432 utputa
1657 400 1757 421 stamen
1779 400 1804 421 et
1823 395 1968 422 subtemen.

1103 457 1105 476 ,¹
1127 436 1156 463 fr.
1177 439 1218 463 70.
1243 437 1264 471 3.
1284 438 1308 463 2.
1334 436 1366 463 de
1390 436 1465 472 legat.
1485 436 1527 464 III.
1547 438 1626 471 (32.)
1664 439 1740 473 Quae
1764 439 1845 464 tincta
1863 443 1925 464 sunt
1944 443 1970 465 et

1127 484 1200 511 neta,
1226 489 1292 516 quae
1311 489 1397 516 neque
1417 478 1522 507 detexta
1541 490 1626 517 neque
1647 486 1770 508 contexta
1789 485 1858 508 sunt.
1878 480 1908 507 sr.
1928 482 1969 507 70.

1128 523 1148 556 3.
1171 524 1210 548 12.
1231 522 1265 549 ib.
1286 523 1353 555 (32.)

1161 567 1278 593 Neve.
1316 565 1357 592 Cf.
1377 575 1401 592 v.
1422 564 1485 592 Nec.

1163 610 1319 636 Neuter.
1358 608 1498 641 (Adiect.)
1535 609 1566 643 §.
1588 610 1622 636 1.
1649 610 1757 644 Neque
1783 611 1847 641 laic,
1874 618 1971 644 neque

1128 653 1191 678 ille.
1229 652 1325 678 Nemo
1348 662 1385 678 ex
1407 654 1568 686 pluribus.
1605 651 1648 678 III.
1669 653 1735 680 Cn.
1759 652 1795 679 Vt
1817 657 1910 679 neuter
1929 651 1972 678 anl-

1128 704 1221 720 versus
1241 694 1350 720 alterum
1375 693 1468 720 habeat
1495 695 1632 721 actionem.
1656 694 1687 721 sr.
1709 697 1748 721 10.
1768 705 1808 733 pr.
1834 695 1867 722 de
1885 694 1918 722 N.
1939 694 1971 721 G.

1106 772 1107 775 Ἰ
1127 738 1151 763 3.
1171 738 1194 763 5.
1216 736 1247 763 ct'.
1267 736 1324 763 Gai.
1343 736 1362 763 1.
1384 738 1440 764 163.
1478 737 1578 764 Neuter
1596 737 1765 773 litigatorum.
1791 738 1821 765 t'r,
1842 740 1865 765 1.
1884 739 1908 764 si
1927 747 1970 774 qu.

1129 785 1207 806 cautt.
1226 782 1250 806 2.
1273 781 1313 806 11.
1350 779 1450 806 Neutro
1470 780 1548 807 modo
1568 779 1657 818 posse.
1677 780 1738 818 le.
1753 780 1820 807 VIII.
1834 782 1878 807 Sa.
1905 780 1972 807 Neu—

1129 828 1169 849 tro
1190 824 1246 850 iure
1265 823 1356 849 teneri.
1377 822 1433 849 Gai.
1451 823 1468 849 1.
1485 825 1542 850 142.
1580 822 1673 850 Neutri
1692 823 1743 860 legi
1762 825 1890 861 paruisse.
1910 822 1971 860 Ytp.

1106 865 1200 893 *XVL
1219 869 1243 892 3.
1261 882 1289 885 —
1312 866 1342 899 ἓ.
1361 867 1396 892 2.
1416 868 1453 893 In
1473 869 1573 893 medio
1590 869 1729 901 positus.
1768 868 1862 893 Nulli
1880 867 1973 901 parti

1106 920 1108 924 ’
1129 911 1288 936 addictus.
1325 907 1368 934 III.
1390 909 1456 936 (3¹11.
1475 908 1550 935 Adeo
1571 924 1603 928 —
1623 909 1736 941 adflicti,
1754 914 1783 936 ut
1801 911 1870 936 inter
1888 910 1973 946 priva-

1130 957 1181 978 tam
1200 953 1280 978 vitam
1294 956 1320 977 et
1332 950 1471 978 militarem
1485 953 1620 978 scientiam
1635 954 1720 979 neutri
1734 957 1886 979 noscantur.
1904 951 1972 978 δον.

1130 994 1179 1022 Th.
1200 994 1230 1021 Il.
1252 1004 1284 1020 ne
1304 993 1406 1029 ducigm.
1425 1004 1449 1020 v.
1469 994 1544 1021 limit.
1564 995 1580 1022 I.
1603 997 1628 1023 2.
1650 1006 1671 1022 c.
1693 997 1714 1022 l.
1735 1006 1774 1033 pr.

1164 1037 1367 1070 ive-itique.
1387 1036 1499 1070 (Advb.)
1520 1039 1726 1072 Neneiquam.
1763 1038 1884 1066 lucu.
1904 1037 1973 1064 Neu-

1130 1082 1203 1117 tique
1222 1079 1361 1117 possidere
1380 1095 1412 1099 —
1432 1079 1605 1108 decernimus.
1626 1080 1676 1108 Th.
1691 1080 1721 1108 C.
1735 1080 1796 1107 XV.
1815 1083 1840 1107 2.
1860 1091 1882 1108 c.
1901 1082 1925 1107 3.
1941 1080 1974 1107 de

1130 1123 1239 1160 aquaed.

1165 1168 1257 1194 Nex.
1295 1166 1327 1199 ξ.
1343 1167 1378 1193 l.
1404 1167 1538 1198 Caedes,
1561 1167 1698 1194 Occisio.
1736 1166 1755 1193 Ι.
1775 1168 1837 1201 Sy.
1862 1165 1974 1193 Caedes.

1107 1213 1109 1222 '
1131 1210 1161 1236 sr.
1181 1211 1205 1236 3.
1225 1209 1246 1243 3.
1268 1210 1308 1235 13.
1328 1208 1359 1235 fr.
1380 1210 1419 1235 16.
1439 1208 1472 1235 de
1492 1208 1558 1235 S.C.
1579 1208 1714 1236 Silan.29.
1728 1211 1752 1236 5.
1789 1209 1912 1236 111οη.
1931 1208 1976 1235 Vi-

1131 1258 1172 1279 tae
1191 1253 1317 1288 necisque
1337 1256 1464 1289 potestas.
1485 1250 1555 1278 Colt.
1571 1250 1625 1278 LL.
1644 1252 1677 1278 M.
1697 1252 1741 1279 lv.
1761 1254 1785 1279 8.
1823 1252 1865 1279 Ad
1884 1261 1976 1278 necem

1132 1305 1237 1327 caesus⁷
1257 1299 1302 1321 aut
1320 1294 1435 1320 letaliter
1457 1293 1619 1321 vulneratus.
1639 1294 1676 1321 lb.
1696 1295 1726 1321 II.
1747 1297 1770 1322 7.
1808 1294 1862 1330 Qui
1882 1311 1914 1314 —
1933 1304 1975 1321 eo-

1132 1349 1189 1366 rum
1209 1337 1273 1374 quid
1293 1337 1384 1364 fecerit
1404 1342 1494 1364 contra
1513 1337 1627 1364 hominis
1651 1348 1754 1370 necem,
1777 1337 1848 1374 quod
1872 1337 1975 1374 legibus

1108 1391 1110 1406 t
1132 1382 1290 1419 permissum
1309 1390 1363 1407 non
1383 1381 1424 1408 sit.
1444 1380 1475 1407 fr.
1495 1382 1519 1407 4.
1538 1391 1577 1418 pr.
1597 1380 1629 1407 ad
1646 1380 1676 1407 L.
1691 1380 1772 1408 Corn.
1792 1380 1826 1407 de
1843 1382 1919 1408 sicar.
1933 1381 1974 1407 48.

1132 1428 1155 1452 8.
1176 1440 1208 1444 -
1227 1425 1258 1458 ξ.
1279 1425 1315 1450 2.
1339 1425 1524 1455 Pernicies,
1550 1425 1710 1451 Exitium.
1748 1424 1765 1450 I.
1785 1425 1847 1458 Sy.
1870 1423 1899 1450 ln
1918 1433 1976 1461 per-

1133 1469 1236 1499 niciem,
1256 1467 1284 1493 In
1304 1476 1396 1493 necem
1415 1466 1546 1500 (alterius,
1565 1476 1602 1493 sc.
1622 1467 1731 1504 puniri.)
1751 1465 1781 1493 fr.
1795 1468 1836 1494 36.
1856 1466 1906 1494 sol.
1925 1477 1976 1493 ma-

1133 1511 1201 1537 trim.
1221 1512 1262 1536 24.
1281 1512 1305 1536 3.
1342 1509 1370 1535 In
1390 1509 1516 1542 fraudem,
1534 1509 1562 1536 In
1582 1519 1671 1536 necem
1691 1510 1816 1546 (patroni,
1835 1520 1872 1537 sc.
1892 1509 1976 1543 dare.)

1110 1571 1112 1577 .
1134 1554 1164 1580 fr.
1185 1555 1208 1580 l.
1227 1553 1325 1587 3319.
1344 1554 1386 1579 22.
1406 1554 1448 1579 24.
1468 1553 1490 1579 si
1510 1563 1554 1589 qu.
1574 1553 1600 1579 in
1620 1552 1650 1579 fr.
1670 1558 1736 1590 patr.
1750 1554 1791 1579 38.
1805 1555 1830 1579 5.
1854 1552 1897 1579 III.
1909 1554 1976 1580 011.

1134 1597 1163 1623 Si
1183 1597 1242 1633 quis
1262 1597 1434 1632 imposturam
1452 1595 1554 1628 fecerit,
1573 1595 1615 1622 vel
1635 1595 1821 1628 collusionem,
1840 1596 1867 1622 in
1886 1605 1977 1622 necem

1135 1639 1250 1666 alterius
1276 1638 1305 1664 tr.
1325 1640 1349 1664 3.
1373 1639 1438 1672 3.1.
1463 1638 1606 1665 stellionat.
1630 1640 1672 1665 47.
1695 1640 1738 1665 ⁶20.
1761 1638 1793 1665 fr.
1814 1640 1854 1665 14.
1879 1648 1918 1676 pr.
1944 1637 1978 1665 de

1135 1692 1194 1720 app.
1215 1686 1241 1708 et
1259 1680 1333 1708 relat.
1353 1682 1394 1707 49.
1416 1683 1438 1707 1.
1476 1681 1535 1708 Non
1560 1692 1662 1708 omnem
1687 1681 1790 1719 dolum,
1814 1681 1862 1708 sed
1887 1682 1932 1718 qui
1950 1682 1978 1707 in

1135 1734 1226 1751 necem
1244 1723 1428 1760 legatariorum
1447 1724 1544 1757 (factus
1559 1725 1620 1757 est.)
1641 1724 1671 1751 fr.
1685 1726 1709 1751 5.
1729 1725 1751 1758 3.
1766 1726 1806 1751 15.
1823 1725 1890 1751 utin
1903 1733 1976 1761 poss.

1135 1767 1211 1803 legat.
1230 1768 1272 1794 36.
1292 1768 1316 1793 4.
1337 1767 1369 1793 cf.
1394 1766 1425 1794 sr.
1445 1769 1469 1794 4.
1488 1778 1528 1805 pr.
1548 1769 1571 1794 si
1590 1778 1633 1804 qu.
1653 1778 1702 1794 om.
1724 1778 1746 1794 c.
1770 1772 1873 1795 testam.
1891 1768 1934 1794 29.
1952 1768 1977 1794 3.

1135 1811 1164 1837 Iu
1183 1820 1275 1837 necem
1294 1809 1442 1841 creditoris,
1462 1811 1477 1837 i.
1492 1821 1513 1837 e.
1534 1810 1669 1848 perditui-0
1688 1820 1766 1838 servo
1780 1810 1823 1837 vel
1836 1810 1902 1842 filio,
1921 1810 1977 1844 (so-

1135 1854 1241 1885 lutum.)
1261 1852 1292 1879 fr.
1314 1855 1353 1879 lo.
1374 1853 1396 1887 3.
1416 1855 1440 1880 6.
1460 1853 1492 1880 de
1511 1854 1538 1880 in
1556 1863 1611 1880 rem
1629 1863 1716 1880 verso.
1738 1855 1777 1880 15.
1796 1855 1820 1880 3.

1171 1898 1329 1923 Nexum·
1365 1898 1427 1923 Per
1451 1907 1505 1923 aes
1529 1903 1557 1923 et
1581 1898 1848 1931 libramgestum.
1887 1896 1976 1922 Man-

1136 1941 1271 1974 cipatio.
1299 1938 1318 1965 I.
1335 1939 1397 1973 Sy·
1418 1939 1497 1975 Quod
1517 1949 1564 1976 per
1583 1950 1626 1965 aes
1646 1944 1672 1965 et
1690 1939 1783 1965 libram
1795 1939 1900 1975 geritur.
1919 1937 1975 1964 Frr.

1136 1982 1250 2014 Manilii,
1270 1982 1322 2017 Qu.
1342 1980 1430 2013 Mucii,
1450 1981 1481 2009 C.
1500 1982 1559 2008 Ael.
1580 1982 1660 2014 Galli,
1679 1981 1824 2008 LCtorum.
1844 1981 1893 2017 Ap.
1913 1979 1977 2007 Var-

1136 2035 1193 2052 ron.
1213 2024 1246 2052 de
1264 2024 1295 2051 L.
1314 2023 1344 2051 L.
1365 2023 1409 2051 VI.
1429 2027 1452 2051 5.
1474 2030 1499 2051 et
1518 2024 1633 2056 Festum,
1655 2035 1679 2051 v.
1700 2024 1810 2051 Nexum.
1846 2023 1889 2050 lfl.
1909 2024 1976 2050 011·

1137 2068 1206 2095 Cum
1225 2077 1321 2094 nexum
1338 2067 1417 2093 faciet
1435 2068 1654 2104 mancipiumque,
1675 2068 1711 2094 uti
1730 2067 1816 2103 lingua
1829 2075 1977 2103 nuncupas-

1137 2112 1180 2143 sit,
1201 2112 1235 2137 ita
1255 2111 1295 2137 ius
1315 2114 1380 2136 esto.
1399 2109 1430 2136 L.
1449 2110 1498 2136 XII
1518 2109 1603 2136 Tabb.
1617 2109 1659 2136 VI.
1676 2112 1697 2136 1.
1734 2109 1803 2136 Nexi
1822 2108 1901 2140 datio,
1918 2109 1977 2135 nexi

1114 2163 1116 2169 ’
1137 2153 1268 2181 liberatio.
1289 2152 1331 2179 Fr.
1346 2151 1377 2178 C.
1391 2151 1449 2178 Aet.
1470 2152 1540 2179 Galli
1560 2152 1638 2179 1.Cti.
1657 2152 1708 2189 Ap.
1728 2151 1836 2178 Festum
1851 2151 1867 2178 l.
1883 2151 1899 2178 1.
1919 2151 1976 2178 Gai.

1136 2196 1180 2223 III.
1205 2197 1263 2222 173.
1304 2195 1372 2221 Esse
1396 2194 1567 2232 provincialis
1591 2194 1642 2222 soli
1666 2205 1761 2221 nexum
1785 2204 1838 2221 non
1862 2199 1911 2221 etc.
1938 2193 1976 2221 Id.

1137 2239 1310 2309 ugk-xus.
1336 2280 1453 2313 (Subst.)
1478 2281 1508 2314 §-
1529 2282 1563 2307 1.
1583 2282 1750 2314 Ligamen.
1787 2279 1829 2306 Ill.
1851 2280 1917 2307 cn.
1935 2278 1978 2306 Li-

1116 2350 1117 2356 ,
1139 2330 1213 2361 gatus
1233 2324 1326 2351 ferreis
1346 2323 1466 2351 nexibus,
1486 2323 1535 2350 Th.
1549 2322 1580 2349 C.
1595 2322 1660 2349 Vltl.
1681 2324 1704 2348 δ’.
1725 2332 1746 2348 c.
1766 2324 1789 2348 9.
1810 2322 1842 2348 de
1862 2327 1977 2349 exsecut.

1116 2380 1117 2403 ἦ
1139 2373 1165 2395 et
1182 2372 1263 2394 exact.
1278 2382 1310 2386 -
1330 2367 1361 2400 §-
1378 2367 1413 2392 Β.
1434 2368 1523 2393 Iuris
1542 2367 1714 2392 vinculum.
1753 2365 1769 2391 l.
1785 2366 1847 2399 Sy.
1866 2364 1978 2391 Vincula

1116 2417 1117 2447 ξ
1139 2411 1248 2444 (iuris.)
1276 2409 1313 2436 lb.
1333 2409 1377 2435 lX.
1398 2411 1420 2435 7.
1440 2418 1462 2434 c.
1482 2409 1504 2434 l.
1525 2407 1556 2434 ad
1575 2407 1604 2434 L.
1626 2407 1671 2434 lul.
1692 2407 1724 2433 (le
1743 2407 1823 2434 adult.
1861 2407 1978 2434 Consor-

1139 2455 1204 2480 tium
1222 2451 1404 2485 (officiorum.)
1422 2450 1459 2477 lb.
1474 2449 1528 2476 VII.
1542 2452 1584 2476 22.
1604 2460 1624 2476 c.
1642 2452 1664 2476 7.
1685 2450 1718 2476 dc
1737 2450 1773 2477 fil.
1793 2449 1897 2477 militar.
1934 2449 1977 2476 Ill.

1116 2510 1117 2517 1
1140 2497 1206 2524 Gn.
1226 2495 1268 2522 Ad
1287 2494 1352 2529 legis
1366 2502 1460 2519 nexum
1474 2497 1499 2518 ct
1512 2492 1689 2519 conditionem
1702 2494 1842 2530 pertinere.
1861 2493 1898 2519 lb.
1908 2492 1977 2520 XIII.

1141 2541 1180 2565 12.
1201 2548 1222 2565 c.
1241 2539 1266 2564 3.
1286 2537 1318 2563 de
1341 2537 1433 2562 incest.
1458 2540 1530 2572 nupt.
1569 2535 1780 2562 Necessitudinis
1804 2534 1910 2567 foedus,
1935 2539 1977 2561 aut

1140 2591 1223 2608 nexus
1241 2580 1382 2616 sanguinis.
1401 2578 1438 2604 lb.
1458 2577 1515 2604 ΧΠ.
1536 2580 1558 2604 1.
1585 2588 1605 2605 c.
1628 2580 1684 2605 122.
1704 2578 1737 2605 de
1756 2578 1889 2605 decuriou.
1926 2576 1977 2604 Cu-

1140 2623 1212 2651 rialis
1232 2624 1317 2659 origo,
1341 2621 1383 2647 vel
1407 2621 1527 2647 ordinum
1551 2630 1634 2647 nexus
1653 2626 1697 2647 aut
1716 2620 1894 2647 cohortalinae
1912 2618 1976 2646 mili-

1140 2668 1199 2694 tiae.
1227 2666 1263 2692 lb.
1283 2664 1353 2692 XVI.
1378 2666 1401 2690 5.
1427 2674 1447 2690 c.
1470 2665 1511 2690 ⁴5.
1536 2663 1568 2690 de
1592 2663 1688 2690 haeret.
1714 2664 1745 2690 ct’.
1765 2663 1821 2690 ΧΙΙ.
1847 2664 1869 2688 1.
1893 2672 1915 2688 c.
1934 2662 1974 2687 45.

1118 2733 1119 2743 ,
1142 2711 1215 2736 c.48.
1236 2708 1269 2734 dc
1287 2707 1420 2733 dccurion.
1459 2705 1608 2733 Famulatus
1623 2706 1734 2732 nexibus
1748 2706 1866 2733 liberare.
1884 2704 1921 2730 lb.
1932 2703 1974 2730 IV.

1142 2754 1166 2778 8.
1187 2761 1208 2777 c.
1228 2752 1251 2777 3.
1272 2749 1304 2776 de
1328 2748 1430 2775 liberali
1449 2759 1470 2775 c.
1497 2763 1528 2768 —
1556 2750 1588 2783 ᾖ.
1607 2750 1645 2776 3.
1673 2750 1857 2784 obligatio,
1882 2748 1975 2773 Debi-

1142 2801 1214 2821 tum.
1252 2792 1270 2819 l.
1286 2794 1346 2826 Sy.
1366 2792 1499 2829 Obligare.
1519 2791 1620 2819 Nexum
1639 2792 1731 2818 facere.
1751 2792 1787 2818 lb.
1806 2790 1836 2817 ll.
1854 2791 1895 2816 30.
1916 2800 1936 2816 c.
1951 2792 1975 2815 2.

1143 2835 1176 2863 de
1195 2836 1296 2873 pignor.
1317 2835 1360 2862 lx.
1380 2837 1421 2862 42.
1441 2845 1463 2862 c.
1484 2837 1506 2861 1.
1526 2835 1547 2869 3.
1565 2836 1589 2861 3.
1610 2834 1642 2861 dc
1662 2834 1721 2861 bon.
1741 2842 1840 2871 proscr.
1864 2831 1894 2858 ll.
1909 2833 1976 2866 ΟΡ.
