2197 3121
959 169 1043 199 REL
1058 169 1210 200 —REM

213 252 253 279 Ex
268 251 367 289 reliqna
382 257 455 289 parte
469 252 605 284 (seribere,
620 261 640 277 5.
655 251 802 281 instituere,
816 249 948 283 heredeS.)
969 250 998 277 fr.
1013 252 1054 277 32.

215 294 244 321 sr.
264 298 305 321 42.
326 295 358 321 (le.
378 294 452 331 legat.
472 294 514 321 111.
535 294 602 327 (32.)
623 293 653 320 fr.
673 295 714 320 45,
735 293 767 320 de
787 293 847 320 bon.
868 293 955 319 libert.
974 294 1015 319 38.
1030 295 1054 319 2.

214 353 244 357 -
266 338 297 371 §.
312 339 347 364 2.
368 340 549 372 Reliquum,
571 347 589 362 s.
607 338 761 371 Reliqua,
781 347 800 363 s.
816 338 984 370 Reliquae,
1004 338 1021 363 i.
1035 346 1054 362 e.

214 382 356 407 Residua
378 390 456 414 pars
481 381 586 406 debiti.

214 465 255 492 CI'.
276 465 300 491 h.
319 475 345 491 v.
370 466 391 499 ξ.
411 467 435 492 3.
472 464 582 501 Reliqua
607 464 717 490 trahere.
748 463 891 500 Reliquari.
917 463 957 490 Cf.
983 464 1006 490 h.
1029 474 1054 490 v.

214 508 256 534 HJ.
275 510 341 536 (711.
360 507 402 539 Id,
423 507 494 544 quod
514 508 709 544 computatione
729 507 856 533 rationum
876 505 977 537 habita,
996 506 1055 532 reli-

214 560 293 587 quum
314 550 400 576 suerit.
420 550 450 576 fr.
472 552 511 576 13.
532 550 553 583 ξ.
573 552 597 576 2.
625 550 654 576 l'r.
673 551 715 576 34.
740 550 762 583 ξ.
784 551 804 575 1.
825 548 857 575 de
876 549 992 575 statulib.
1012 551 1052 574 40.

214 595 236 619 7.
257 592 288 619 cl'.
316 593 346 619 sr.
369 594 407 619 19.
432 593 454 627 ξ.
476 595 497 620 1.
522 592 554 619 de
578 592 610 619 N.
631 592 662 619 G.
687 595 710 619 3.
734 594 759 618 5.
795 591 824 617 Si
853 593 912 628 quis
938 593 1053 618 rationes

213 637 318 672 exigere
341 640 457 667 vetetur,
488 652 517 656 —
548 645 600 662 non
628 635 770 673 impeditur
797 634 912 671 reliquas
940 636 1053 671 exigere,

213 689 277 715 quas
303 678 350 712 [al.
375 678 489 715 reliqua.
509 693 541 697 —-
562 678 643 715 quae]
671 678 730 714 quis
754 677 901 713 reliquavit.
927 676 956 704 fr.
977 679 1000 704 9.
1022 677 1053 703 cf.

212 721 242 748 fr.
262 723 303 747 31.
324 721 346 755 ξ.
368 723 389 747 1.
410 721 442 747 de
462 721 564 747 liberat.
585 721 633 757 leg.
653 723 694 747 34.
708 721 732 746 3.
752 720 836 746 svn-14.
858 719 889 746 ad
903 721 997 746 munic.
1012 722 1053 746 50.

214 765 235 790 1.
272 763 335 789 Sive
354 774 386 790 ex
406 769 542 790 contractu
563 763 625 800 quid
646 763 751 789 domino
771 761 874 793 debeat,
894 763 950 789 sive
970 773 1002 789 ex
1017 773 1055 789 ra-

211 807 311 832 tionum
335 806 452 843 reliquis.
483 807 512 833 fr.
532 808 556 833 9.
585 807 606 840 §.
627 807 650 831 6.
675 804 707 831 de.
731 804 816 842 pecul.
845 807 884 831 15.
910 808 930 832 1.
973 805 1053 841 Quod

210 849 306 875 factum
336 849 409 886 dupli
438 849 547 881 damno,
574 848 616 875 vel
645 847 806 884 reliquorum
836 849 892 874 eius
921 847 1054 875 solutione

210 896 344 929 pensatur.
365 891 406 918 Fr.
428 891 460 919 de
475 892 492 918 1.
508 892 536 918 F.
556 892 576 925 ξ
596 893 619 917 6.
658 891 725 916 Dico
746 901 786 916 me
805 892 948 927 accepisse,
968 896 993 917 et
1012 891 1054 917 ha-

211 934 281 966 bere,
301 939 327 960 et
346 940 454 972 accepto
474 934 568 961 tulisse
587 945 600 960 a
620 933 652 960 C.
670 932 742 959 Titio
762 933 891 970 reliquum
912 944 996 965 omne,
1017 944 1055 960 ra-
1075 950 1076 970 ἱ

631 381 731 412 Quod,
759 380 925 405 subductis
951 381 1077 415 ratio-¹

214 425 318 455 nibus,
338 429 486 457 superest
503 424 757 456 persolvendum.
796 421 813 447 1.
828 422 889 455 Sy.
908 420 1053 457 Reliquiae.
1076 430 1078 450 ζ

1075 935 1077 947 l

210 979 281 1004 tione
301 979 386 1014 posita
408 979 463 1004 eius
483 978 608 1014 pecuniae
628 982 677 1003 etc.
698 976 728 1002 sr.
748 978 789 1002 59.
810 987 846 1013 pr.
869 976 900 1003 de
920 976 1051 1003 solurffi.
1075 979 1076 1005 Ξ

209 1023 233 1046 3.
255 1020 286 1046 eI'.
313 1020 341 1046 fr.
362 1021 403 1046 32.
427 1019 457 1046 11.
483 1021 524 1045 tss.
549 1029 587 1056 pr.
612 1019 643 1045 fr.
663 1021 703 1045 82.
729 1018 759 1045 fr.
786 1021 842 1045 111.
870 1019 901 1046 dc
926 1019 1001 1046 cond.
1028 1025 1054 1046 et
1075 1037 1076 1046 1

210 1062 276 1089 dem.
291 1065 332 1089 35.
348 1064 369 1088 l.
407 1062 564 1089 Debitorum
585 1072 614 1088 ac
634 1061 794 1098 reliquorum
814 1062 919 1089 modum
935 1062 1054 1099 frequen-

1075 1059 1077 1080 ÷
1099 1069 1123 1090 et
1143 1064 1173 1090 Α.
1195 1065 1235 1090 44,
1256 1065 1278 1089 τ.

210 1110 251 1131 ter
278 1107 402 1141 ingerere.
436 1103 485 1130 Th.
511 1104 541 1131 C.
566 1104 633 1130 VIII.
661 1107 682 1130 l.
708 1115 729 1130 c.
753 1107 776 1130 9.
802 1115 840 1141 pr.
865 1105 897 1131 de
926 1115 1053 1131 numerar.
1075 1107 1077 1144 J

1075 1154 1076 1160 ¹
1098 1150 1116 1176 1.
1136 1152 1197 1184 Sy.
1222 1144 1340 1176 Retinet-i
1365 1150 1407 1182 (in
1431 1149 1601 1183 hereditate.)
1629 1151 1664 1177 Id.
1686 1151 1714 1177 Il.
1734 1154 1793 1178 205.
1814 1163 1851 1189 sq.
1877 1153 1937 1190 le.

210 1148 305 1175 Omnia
323 1147 422 1183 reliqua
438 1148 573 1184 praeteriti
588 1149 714 1184 temporis
729 1158 818 1174 curare
832 1148 967 1184 estIgenda⁷
988 1158 1053 1184 quae

210 1200 291 1228 penes
316 1190 506 1222 conductores,
535 1191 652 1227 ipsorum
682 1190 781 1216 desidia
810 1196 853 1216 aut
878 1192 1053 1222 conniventia,

209 1232 371 1259 resederunt.
392 1232 429 1258 Ib.
450 1232 467 1258 I.
486 1234 526 1258 11.
547 1243 568 1259 c.
585 1235 606 1259 1.
627 1233 731 1267 OVck)
751 1233 783 1260 de
804 1234 847 1260 off.
862 1233 935 1259 Com.
957 1235 994 1260 rei
1014 1244 1052 1271 pr.

207 1275 253 1302 XI.
273 1277 296 1301 3.
318 1285 339 1301 c.
356 1277 378 1302 1.
398 1277 455 1301 sine
475 1285 556 1301 ceusu
576 1286 599 1302 v.
620 1275 714 1312 reliqu.
753 1276 833 1311 Quod
853 1277 921 1302 enim
940 1276 971 1302 ad
992 1282 1053 1303 tem-

207 1328 257 1355 pus
282 1318 381 1344 differri
406 1318 525 1349 iubebit,
550 1323 593 1344 aut
617 1324 747 1355 perpetuo
772 1321 911 1351 amittitur,
937 1324 980 1345 aut
1004 1319 1052 1346 sub

207 1361 343 1387 acerbiore
362 1360 523 1398 reliquorum
538 1361 606 1387 mole
621 1361 791 1398 repetendum
811 1367 858 1388 est.
878 1362 914 1389 lb.
929 1362 997 1389 XIII.
1013 1364 1052 1389 11.

208 1414 229 1430 e.
249 1406 273 1430 3,
294 1403 326 1430 de
352 1405 475 1432 censitor.
513 1403 633 1430 Colonus
658 1405 679 1430 si
705 1404 804 1441 reliqua
829 1406 950 1436 traxerit,
976 1410 1001 1431 et
1020 1421 1052 1425 —

207 1446 343 1473 mercedes
369 1448 469 1473 servari
492 1457 544 1473 non
569 1448 713 1484 potuerint.
740 1448 769 1473 l'r.
789 1450 813 1474 3.
840 1449 862 1482 ξ.
884 1450 904 1474 l.
929 1448 962 1474 de
985 1448 1051 1474 adm.

207 1500 257 1516 rer.
277 1489 309 1515 ad
333 1490 381 1516 civ.
406 1491 447 1516 50.
472 1491 496 1516 8.
525 1489 574 1516 Τ11.
596 1489 625 1516 C.
646 1490 690 1516 XI.
712 1492 734 1516 7.
760 1501 780 1517 ς.
802 1492 840 1517 17.
866 1490 898 1517 de.
923 1493 1051 1518 exactiori.

206 1532 274 1559 Nov.
294 1532 372 1559 Marc.
392 1531 425 1558 de
444 1532 542 1569 iudulg.
563 1532 657 1569 reliqu.
671 1533 712 1559 III.
727 1535 750 1559 2.
772 1543 792 1559 c.
810 1535 830 1560 1.
851 1544 889 1571 pr.
928 1535 1052 1560 Omnium

206 1575 343 1602 titulorum
363 1591 395 1594 —
421 1574 520 1612 reliqua
545 1577 666 1602 universa
691 1575 875 1607 concedimus,
895 1587 915 1603 s.
936 1577 1052 1614 indulge-

206 1628 272 1644 mus.
297 1617 346 1644 Th.
368 1617 397 1643 C.
418 1617 463 1643 XI.
483 1621 524 1644 25.
552 1628 572 1645 c.
596 1621 617 1645 1.
644 1630 664 1645 e.
684 1621 708 1645 3.
734 1629 755 1645 c.
775 1622 798 1645 5.
825 1630 837 1645 c
865 1623 888 1645 δ’.
917 1630 938 1645 c.
960 1622 999 1646 ll.
1020 1620 1052 1646 de
1074 1646 1075 1655 ἵ

1073 1696 1074 1700 ¹
1096 1665 1158 1690 iam
1183 1666 1293 1697 elapso
1318 1666 1358 1690 ad
1379 1666 1475 1698 signa
1500 1674 1559 1690 non
1584 1667 1770 1692 revertitur.
1808 1666 1850 1692 111.
1872 1668 1937 1694 Cn.

207 1660 305 1697 indulg.
325 1660 405 1686 debit.
432 1676 463 1679 —
488 1661 518 1694 ξ.
538 1663 575 1688 3.
601 1664 637 1688 In
662 1664 838 1696 reliquum,
864 1664 880 1688 ι’.
900 1673 920 1688 e.
940 1664 977 1689 Ιιι
996 1673 1050 1697 po-

207 1710 332 1730 sterum.
366 1704 411 1729 De
428 1710 563 1730 caetero.
601 1704 630 1730 11.
653 1706 720 1738 01).
745 1705 838 1731 Aetate
858 1707 998 1742 praesenti.
1020 1722 1049 1726 —

208 1746 236 1772 In
256 1746 391 1782 reliquum.
412 1745 449 1771 lb.
471 1745 512 1772 VI.
533 1748 573 1773 26,
594 1758 615 1773 c..
635 1748 658 1773 3.
679 1747 711 1773 de
731 1758 805 1784 prox.
826 1758 891 1774 eom.
912 1748 980 1785 disp.

244 1789 409 1815 Belisus.
430 1788 550 1821 (partic.)
576 1791 786 1821 Dissolutns,
808 1792 968 1817 Beseetns.
1008 1791 1050 1817 111.

207 1833 274 1859 Cn.
300 1830 418 1857 Relisum
440 1831 492 1866 [al.
511 1832 655 1866 Recisum]
682 1833 707 1858 in
731 1843 829 1869 pancos
855 1833 976 1870 puhlicae
996 1834 1050 1860 sun—

207 1875 302 1900 ctionis
323 1884 389 1899 onus
412 1884 575 1911 nequaquam
599 1885 679 1911 posse.
703 1875 818 1902 tolerari.
843 1875 909 1902 Nov.
931 1875 987 1902 Val.
1008 1876 1049 1903 III.

207 1917 239 1943 (le
259 1927 321 1943 succ
349 1916 436 1943 curial.
457 1917 487 1943 11.
506 1920 530 1943 2.
552 1928 571 1943 c.
594 1920 615 1943 1.
637 1928 674 1954 pr.

242 1961 444 1987 Rsslocare·
490 1962 700 1987 Lon-ationem
729 1972 796 1987 eum
826 1964 893 1988 alio
921 1969 1050 1989 contra-

205 2005 290 2034 ltere,
312 2002 427 2034 (abiecto
448 2002 607 2029 conductore
623 2005 782 2040 praesente.)
820 2004 860 2030 III.
876 2006 942 2031 Gn.
962 2004 1008 2037 Vt,
1027 2007 1049 2031 si

206 2045 238 2071 ad
257 2045 325 2072 diem
346 2046 466 2071 effectum
487 2055 538 2071 non
558 2051 629 2072 esset
649 2049 702 2079 (sc.
723 2048 817 2083 opus.)
838 2047 955 2073 relocare
975 2047 1001 2074 id
1021 2048 1049 2074 li-

207 2093 284 2114 ceret.
304 2088 334 2114 fr.
356 2090 395 2114 13.
415 2088 496 2121 ς.10.
518 2088 549 2114 cs.
571 2088 600 2114 fr.
621 2091 660 2115 51.
683 2100 720 2126 pr.
743 2089 817 2115 locat.
843 2093 879 2116 19.
900 2093 923 2116 2.

242 2132 464 2157 Reluctans.
480 2130 601 2162 (Panic.)
624 2134 685 2165 Qui
699 2136 909 2160 contradicit.
930 2133 1047 2161 111ίή.

207 2172 401 2199 concitatorem
426 2173 515 2199 iudicii
536 2191 565 2194 —
592 2176 703 2201 examini
728 2180 772 2201 tuo
792 2178 953 2213 praesentari
973 2187 1049 2214 opor-

208 2220 253 2242 tet.
269 2232 296 2235 —
318 2217 343 2241 in
364 2226 415 2252 quo
435 2222 523 2253 partes
542 2217 694 2244 reluctantis
715 2219 772 2255 ipse
791 2221 930 2257 suscipies
951 2219 1000 2246 Th.
1016 2220 1047 2247 C.

206 2258 239 2284 X.
259 2260 282 2283 ὅ.
303 2268 324 2283 c.
342 2260 365 2284 3.
386 2259 418 2284 de
438 2260 497 2285 bon.
519 2270 572 2286 vac.

244 2301 454 2328 Reluctari.
491 2303 522 2336 ς.
547 2304 581 2330 1.
612 2305 804 2335 ΑΛι-ρνεανί,
836 2305 1047 2340 Oppugnare.

207 2342 237 2369 11.
255 2345 322 2376 Op.
348 2343 487 2379 Adpetere,
508 2346 713 2382 Concupiseere.
735 2346 784 2372 Th.
806 2347 836 2373 C.
857 2346 900 2373 Vl.
920 2350 943 2374 4.
965 2359 984 2374 c.
1008 2351 1046 2375 15.

207 2386 239 2411 de.
264 2385 347 2411 Praet.
373 2390 397 2410 et
421 2386 472 2420 Qu.
508 2388 550 2415 111.
570 2390 635 2416 Cn.
660 2388 766 2416 Mulier.
791 2391 955 2417 matrimonio
979 2391 1048 2418 relu—

208 2433 282 2453 ctata.
308 2428 344 2453 lh.
366 2427 406 2454 III.
433 2430 472 2455 16.
497 2440 517 2456 c.
536 2433 559 2457 2,
586 2443 624 2469 pr.
650 2432 681 2458 de
708 2432 798 2469 repud.
825 2450 853 2453 -
881 2434 911 2466 ξ.
933 2435 967 2460 2.
990 2435 1047 2461 Ob-

206 2473 297 2505 loqui
317 2473 347 2496 1'11
369 2473 501 2497 iudicio.
537 2473 578 2500 Ill.
600 2477 666 2502 Cn·
686 2475 746 2512 Ipso
768 2477 843 2501 etiam
864 2476 1047 2504 dissimulante

207 2513 301 2541 iudice.
321 2513 451 2540 reluctari.
472 2513 508 2540 Ib.
528 2515 573 2542 XI.
592 2518 633 2543 30.
654 2528 674 2544 c.
691 2519 714 2544 8.
735 2528 774 2555 pr.
795 2519 827 2545 de
846 2518 904 2555 adp.
925 2524 949 2545 et
969 2530 1047 2557 poen.

206 2556 343 2582 Adversus
368 2556 528 2583 discussoris
553 2563 647 2586 statum
672 2561 716 2587 rel.
746 2561 782 2587 ll).
808 2571 828 2587 c.
847 2563 888 2587 36.
913 2561 929 2588 l.
950 2562 966 2588 I.
1003 2563 1046 2589 Ad
1068 2593 1069 2599 ἵ

206 2598 386 2625 reluctandum
415 2601 561 2636 pervenire.
590 2611 611 2627 c.
631 2604 654 2628 2.
680 2613 717 2640 pr.
743 2604 775 2630 de
799 2605 903 2630 iureiur.
929 2615 967 2641 pr.
998 2605 1044 2632 cal.

205 2644 228 2668 2.
250 2644 291 2668 59.

242 2685 472 2712 Reluetatio.
515 2688 706 2719 Recusatz'o,
739 2691 960 2717 Contumacia.
1002 2691 1043 2718 Ill.

205 2729 272 2756 Cn.
295 2729 389 2754 Amota
410 2729 479 2754 omni
498 2728 683 2761 reluctatione,
703 2733 830 2759 restituet.
852 2732 900 2760 Th.
922 2733 952 2759 C.
972 2733 1042 2760 XIV.

206 2773 245 2797 17.
267 2782 287 2797 c.
308 2772 331 2797 9.
352 2770 384 2796 de
403 2781 497 2797 annon.
517 2773 566 2798 civ.
604 2771 702 2798 Vocem
721 2773 900 2802 reluctationis
920 2777 1042 2804 obiicere.

205 2812 241 2839 111.
261 2813 316 2840 XII.
338 2815 359 2839 1.
381 2824 400 2840 c.
424 2815 480 2840 179.
500 2813 532 2841 de
552 2814 686 2841 decurion.

1878 173 1941 202 829

1136 251 1433 285 Remaneipare.
1472 254 1520 284 ld,
1550 255 1631 287 quod
1656 255 1691 279 ab
1718 254 1830 287 aliquo
1855 263 1939 280 man-

1100 296 1187 329 cipio
1215 296 1340 328 accepi,
1369 297 1464 321 eidem
1494 297 1541 321 vel
1568 297 1670 322 alteri
1690 306 1747 329 per
1770 306 1822 322 aes
1845 303 1873 322 et
1898 299 1938 322 li-

1099 339 1186 364 bram
1205 339 1390 364 restituere.
1417 337 1446 364 ll.
1462 339 1529 372 Op.
1550 338 1705 375 Mancipare.
1726 337 1855 375 Mancipio
1870 338 1938 365 dare.

1100 379 1156 406 Gai.
1176 379 1194 406 1.
1216 381 1272 406 134.
1299 379 1382 405 Vatie.
1402 380 1423 413 ξ.
1443 382 1484 406 51.
1522 380 1564 406 111.
1588 382 1653 408 Cn.
1677 381 1714 407 Ea
1734 381 1790 417 lege.
1810 382 1939 418 mancipio

1100 422 1168 453 dare,
1189 427 1217 448 ut
1236 422 1286 448 sihi
1307 423 1505 459 remancipetur.
1532 423 1587 449 Gai.
1609 423 1626 449 l.
1649 426 1704 450 140.
1742 424 1765 450 A
1785 424 1940 450 coemtiona-

1099 470 1156 491 tore
1176 466 1348 502 remancipata
1375 466 1410 497 ei,
1436 466 1475 491 cui
1496 467 1552 502 ipsa
1572 465 1649 494 velit.
1674 471 1699 492 et
1723 467 1753 492 ab
1774 476 1804 493 eo
1824 466 1939 492 vindicta

1099 509 1265 534 manumissa.
1290 508 1326 534 Id.
1351 507 1369 534 Ι.
1398 510 1453 534 115.
1474 518 1512 544 sq.
1535 510 1590 534 172.
1613 510 1668 535 195.
1700 509 1740 535 Fr.
1766 509 1836 535 Aelii
1860 509 1939 539 Galli,

1098 550 1178 577 [Cti.
1198 551 1248 588 Ap.
1269 550 1338 577 Fest.
1360 561 1383 577 v.
1401 550 1621 588 Remancipatam.
1658 551 1868 590 Remancipatam
1888 552 1939 579 sihi

1099 604 1152 620 rem
1173 594 1265 620 emtori
1285 598 1425 630 praestare.
1446 593 1517 619 Paul.
1538 593 1567 619 II.
1592 596 1628 620 13.
1648 595 1668 627 ξ.
1689 596 1713 620 3.

1134 637 1441 669 Romane-spatio.
1480 638 1578 663 „alc-Ius
1604 640 1857 671 remancipaudi.
1895 637 1938 664 111.

1099 680 1164 706 Gn.
1179 678 1266 709 Liber⁷
1278 695 1309 698 —
1320 679 1420 716 absque
1433 680 1653 716 remancipatione
1667 681 1849 707 manumissus.
1869 681 1938 707 Coll.

1097 721 1150 748 LL.
1171 721 1202 748 Μ.
1223 721 1294 748 XVI.
1314 723 1337 748 9.

1134 766 1365 792 Bomanere.
1403 765 1433 797 ξ.
1454 767 1488 791 l·
1513 767 1717 797 Permanere,
1746 766 1882 793 Durare.
1920 767 1937 793 I.

1099 808 1160 842 Sy.
1180 807 1292 834 Manere.
1313 807 1353 834 Cl'.
1375 807 1399 833 h.
1419 817 1442 833 ν.
1463 807 1485 840 §.
1504 809 1528 834 3.
1565 808 1595 834 II.
1614 810 1681 842 01).
1700 808 1786 834 Exire.
1808 808 1848 836 Cf.
1870 809 1893 835 h.
1914 820 1937 835 ν.

1099 851 1119 883 ξ.
1139 852 1163 876 2.
1201 849 1290 876 Finiri.
1311 850 1414 876 Perimi.
1436 849 1475 876 Cf.
1496 860 1520 876 ν.
1540 850 1634 877 finire.
1655 851 1677 884 ξ
1696 852 1719 876 2.
1740 861 1760 877 c.
1774 853 1797 877 3.
1818 853 1839 878 si
1860 852 1937 889 pend.

1099 892 1194 929 adpell.
1220 894 1242 919 7.
1262 895 1302 919 66.
1344 892 1466 919 1115111111.
1496 893 1525 919 l'r.
1546 895 1585 920 71.
1611 904 1650 931 pr.
1675 893 1707 920 de
1731 893 1762 920 V.
1784 894 1811 920 S.
1836 898 1876 921 50.
1899 898 1937 921 16.

1098 935 1141 961 III.
1161 937 1227 963 sn.
1248 935 1309 970 Qui7
1331 935 1437 972 impleto
1459 940 1576 973 tempore
1595 936 1795 968 conductionis,
1814 939 1939 964 remansit

1099 979 1124 1004 in
1145 978 1328 1004 conductione.
1348 978 1378 1004 l'r.
1400 980 1439 1004 13.
1460 979 1481 1012 ξ.
1505 981 1542 1005 11.
1564 979 1638 1005 locat.
1660 982 1698 1006 19.
1719 982 1743 1006 2.
1781 980 1939 1017 Obligantur

1099 1026 1138 1052 et,
1159 1022 1181 1047 si
1201 1021 1428 1051 manumittantur,
1449 1021 1556 1058 obligati
1576 1028 1716 1049 remanent.
1743 1023 1773 1050 fr.
1794 1025 1834 1050 14.
1854 1024 1886 1050 de
1907 1025 1938 1050 O.

1317 1063 1344 1089 In
1369 1064 1490 1090 omnibus
1514 1065 1592 1091 rebus
1619 1065 1783 1092 hereditariis
1804 1083 1833 1087 -—
1856 1078 1939 1093 annua

1098 1108 1224 1144 usucapio
1249 1107 1381 1132 remansit.
1407 1106 1462 1132 Gai.
1487 1107 1515 1133 ll.
1536 1109 1577 1134 54.
1604 1125 1633 1129 —
1664 1110 1694 1142 ξ.
1716 1111 1751 1136 2.
1779 1112 1939 1137 Residere.

1075 1190 1077 1211 '¹
1098 1192 1194 1219 XXIV.
1218 1194 1256 1218 13.
1293 1192 1323 1218 II.
1345 1194 1412 1226 ΟΡ.
1434 1192 1529 1224 Reddi,
1550 1193 1656 1220 Reverti
1675 1194 1707 1221 ad
1726 1200 1774 1220 etc.
1795 1195 1830 1221 Id.
1852 1195 1893 1222 VI.
1914 1199 1938 1221 ⁴.

1099 1245 1137 1272 sq.
1158 1235 1187 1261 11.
1207 1236 1264 1261 240.
1286 1234 1318 1261 de
1338 1234 1369 1261 V.
1390 1234 1416 1261 S.
1437 1237 1478 1261 50.
1500 1237 1538 1262 16.
1577 1236 1619 1262 111.
1640 1238 1706 1264 011.
1735 1236 1769 1263 Vt
1789 1238 1938 1264 omnimodo

1098 1277 1229 1314 quadrans
1250 1279 1350 1314 integer
1369 1278 1436 1314 apud
1456 1278 1578 1305 heredem
1599 1284 1735 1305 remaneat.
1762 1279 1820 1317 le.
1841 1281 1937 1308 XXIV.

1097 1322 1139 1346 32.
1166 1320 1222 1347 Gai.
1243 1320 1272 1346 11.
1291 1322 1351 1347 255.
1377 1320 1448 1347 Paul.
1470 1321 1511 1348 IV.
1531 1324 1554 1348 5.
1579 1322 1600 1355 ξ.
1620 1324 1644 1348 5.
1682 1323 1756 1358 Quae
1780 1323 1837 1349 data
1858 1330 1939 1355 erant,

1098 1363 1167 1400 apud
1187 1373 1243 1389 eum
1269 1364 1313 1400 qui
1337 1363 1468 1396 dedisset,
1492 1364 1648 1391 heredemve
1673 1367 1742 1397 eius,
1768 1373 1938 1393 remanerent.

1099 1417 1119 1432 c.
1141 1408 1163 1432 7.
1184 1406 1216 1432 de
1236 1406 1296 1432 don.
1316 1406 1347 1432 A.
1368 1406 1401 1433 N,
1420 1409 1443 1433 5.
1463 1409 1486 1433 3.
1524 1408 1657 1434 Divisisse
1677 1413 1816 1435 maternam
1838 1409 1939 1437 heredi-

1098 1454 1176 1475 tatem
1196 1449 1330 1481 dixerunt,
1355 1449 1472 1486 nihilque
1496 1451 1547 1477 sibi
1566 1461 1703 1477 commune
1722 1453 1880 1479 remansisse
1900 1464 1939 1479 ca-

1096 1497 1199 1518 verunt.
1225 1491 1254 1518 fr.
1275 1494 1316 1518 35.
1341 1491 1373 1518 de
1397 1498 1464 1530 pact.
1488 1495 1512 1519 2.

1097 1540 1231 1561 curatores
1251 1535 1384 1566 remansit,
1404 1545 1496 1561 usuras
1515 1535 1665 1571 exigendas.
1685 1536 1715 1562 sr.
1730 1538 1753 1562 9.
1767 1547 1805 1574 pr.
1821 1538 1853 1564 de
1873 1539 1938 1566 adun.

1097 1588 1146 1604 rer.
1167 1577 1198 1603 ad
1219 1578 1267 1603 civ.
1287 1579 1328 1603 50.
1349 1580 1371 1604 δ’,
1392 1578 1432 1604 Cf.
1454 1578 1483 1604 fr.
1503 1580 1544 1604 47.
1565 1580 1586 1612 ξ.
1610 1581 1630 1604 l.
1650 1578 1682 1605 de
1701 1584 1768 1616 pact.
1782 1582 1806 1607 2.
1829 1583 1868 1608 14.

1132 1622 1359 1648 Remansor·
1381 1622 1490 1652 Miles,
1509 1624 1564 1655 qui
1582 1629 1777 1649 commeatus
1796 1630 1938 1658 tempore

1539 1495 1578 1519 14.
1615 1492 1756 1525 Pecuniae,
1781 1505 1846 1531 quae
1871 1497 1939 1533 apud

1096 1706 1206 1732 Militem
1226 1706 1386 1732 desertorem
1408 1706 1537 1732 faciebant
1556 1709 1603 1738 (sc.
1619 1707 1725 1739 edicta.)
1746 1709 1789 1744 qui
1803 1708 1847 1735 din
1862 1709 1939 1736 afuis-

1096 1754 1150 1780 set,
1173 1753 1201 1774 nt
1221 1749 1243 1774 is
1264 1749 1331 1774 inter
1350 1759 1513 1775 remansores
1535 1749 1582 1783 [al.
1603 1750 1768 1784 emansores]
1790 1751 1937 1779 haberetur.

1096 1791 1126 1818 fr,
1147 1793 1170 1817 4.
1191 1792 1274 1825 §.1:3.
1294 1791 1325 1817 l'r.
1344 1794 1368 1818 5.
1388 1792 1410 1825 ξ.
1430 1793 1453 1818 6.
1474 1792 1506 1818 de
1524 1792 1555 1818 R.
1576 1793 1608 1819 Μ.
1628 1795 1670 1819 49.
1692 1795 1731 1820 16.

1131 1835 1335 1861 Remeato.
1373 1836 1503 1867 Redire,
1528 1837 1666 1862 Reverti.
1706 1836 1722 1862 1.
1744 1837 1806 1871 Sy.
1832 1837 1938 1869 Redire,

1094 1876 1217 1913 Regredi.
1237 1876 1353 1903 Reverti.
1374 1877 1423 1903 Th.
1439 1877 1468 1904 C.
1488 1877 1554 1904 VIII.
1575 1880 1598 1904 8.
1619 1889 1639 1905 c.
1660 1880 1683 1906 9.
1704 1879 1736 1905 de
1756 1886 1872 1907 exsecat.
1892 1881 1936 1908 lx.

1094 1921 1134 1945 43.
1156 1930 1176 1946 c.
1199 1922 1220 1945 1.
1241 1930 1279 1956 pr.
1300 1920 1321 1953 ξ.
1336 1923 1359 1946 2.
1381 1919 1413 1946 (le
1432 1926 1499 1947 sent.
1519 1931 1589 1958 pass.
1604 1921 1673 1948 XIV.
1691 1923 1714 1948 9.
1736 1932 1757 1948 c.
1774 1924 1795 1948 l.
1816 1923 1848 1949 de
1868 1923 1936 1950 stud,

1095 1961 1170 1988 liber.
1191 1962 1247 1988 urb.
1268 1962 1297 1989 11.
1336 1962 1366 1989 II.
1386 1965 1453 1997 ΟΡ.
1478 1962 1652 1990 Perseverare
1672 1966 1714 1997 (in
1735 1965 1884 1999 clericatu.)
1904 1981 1935 1985 —

1094 2004 1167 2031 Rem.
1189 2005 1237 2038 (ad
1256 2005 1415 2032 saecularem
1436 2008 1689 2039 conversationem.)
1717 2018 1737 2034 c.
1758 2009 1798 2034 56.
1820 2009 1840 2042 ξ.
1861 2011 1883 2034 2.
1905 2009 1937 2035 de

1095 2049 1175 2085 episc.
1196 2053 1221 2074 et
1241 2047 1301 2074 cler.
1325 2051 1345 2074 l.
1365 2051 1390 2075 3.
1428 2048 1469 2075 Ill.
1485 2051 1550 2076 Gn.
1576 2050 1618 2076 Ad
1639 2050 1746 2077 eandem
1767 2050 1884 2077 militiam
1905 2069 1935 2072 —-

1094 2090 1225 2117 remeandi
1246 2091 1385 2124 (licentia.)
1406 2091 1455 2118 Th.
1471 2092 1501 2118 C.
1517 2092 1558 2118 VI.
1572 2095 1614 2119 32.
1636 2104 1656 2119 c.
1673 2095 1694 2119 1.
1714 2093 1746 2120 de
1766 2095 1935 2120 castrensian.

1093 2133 1141 2159 llis
1161 2133 1342 2169 delegantibus
1363 2151 1394 2154 —
1415 2135 1621 2172 adpellationum
1645 2136 1676 2162 ad
1701 2146 1747 2162 eos
1766 2137 1822 2163 iure
1842 2137 1936 2163 iudicia

1093 2177 1254 2202 remeabunt.
1277 2188 1297 2203 e.
1314 2179 1334 2203 1.
1355 2178 1407 2213 Qui
1428 2188 1476 2214 pro
1496 2188 1542 2204 sua
1561 2178 1651 2204 iurisd.
1670 2181 1694 2205 3.
1714 2181 1738 2204 4.

1129 2221 1351 2247 Remeatus.
1372 2221 1489 2253 (Subst.)
1515 2223 1568 2247 lus
1587 2224 1777 2248 revertendi.
1806 2221 1848 2248 III.
1869 2224 1935 2249 (¹11.

1094 2261 1284 2293 Commeatum,
1305 2268 1479 2289 remeatumve
1499 2263 1573 2296 (dare
1593 2264 1699 2297 exsuli.)
1719 2264 1748 2290 sr.
1764 2266 1787 2291 4.
1808 2264 1839 2291 de
1858 2275 1934 2301 poen.

1093 2307 1134 2331 -18,
1156 2307 1196 2332 19.

1128 2349 1370 2375 Bennediuln.
1408 2349 1438 2381 §0
1459 2350 1493 2375 l.
1526 2351 1616 2382 Quod
1641 2353 1682 2376 ad
1702 2352 1860 2376 curandos
1885 2361 1935 2376 ue-

1089 2401 1167 2425 gros
1192 2393 1370 2417 adhibetur.
1408 2391 1449 2417 111.
1471 2393 1537 2418 Cn.
1561 2391 1700 2419 Remedia.
1721 2392 1839 2418 humanis
1859 2403 1934 2429 quae-

1092 2434 1141 2459 sita
1162 2434 1326 2470 corporibus.
1347 2433 1396 2460 Th.
1412 2434 1441 2460 C.
1457 2434 1501 2461 IX.
1524 2437 1562 2461 16.
1584 2446 1604 2461 c.
1624 2437 1648 2461 3.
1669 2434 1701 2461 de
1721 2434 1830 2461 malefic.
1855 2436 1934 2471 Quod

1092 2477 1141 2509 (sc.
1162 2476 1335 2507 medicamen)
1356 2476 1387 2502 ad
1407 2476 1516 2503 salutem
1537 2478 1659 2509 hominis,
1679 2477 1720 2503 vel
1740 2477 1772 2503 ad
1791 2478 1934 2504 remedium

1092 2519 1179 2545 datum
1200 2523 1262 2544 erat.
1288 2518 1359 2545 Paul.
1382 2519 1409 2545 V.
1429 2522 1471 2546 23.
1492 2521 1512 2554 ξ.
1537 2522 1574 2547 19.
1600 2536 1630 2539 —
1658 2521 1688 2553 ξ.
1705 2521 1739 2546 2.
1764 2522 1931 2553 Provisio,

1093 2563 1224 2593 Cautio,
1240 2563 1417 2589 Auxilium,
1456 2563 1497 2589 ΙΙΙ.
1513 2564 1578 2590 Cn.
1598 2562 1687 2589 Veteri
1707 2563 1864 2589 sustinendo
1883 2566 1932 2596 (sc.

1092 2606 1177 2641 operi)
1197 2604 1339 2631 remedium
1359 2605 1462 2631 hahere.
1487 2605 1516 2631 l'r.
1540 2608 1559 2631 1.
1580 2606 1663 2638 3513.
1683 2604 1715 2631 de
1735 2605 1767 2632 Ο.
1787 2605 1818 2632 Ν.
1839 2605 1870 2632 N.
1891 2608 1932 2633 39.

1093 2649 1114 2672 1.
1152 2646 1255 2673 Novum
1276 2647 1414 2674 consilium
1436 2653 1460 2675 et
1480 2647 1623 2674 remedium
1642 2658 1788 2684 suggerere.
1810 2649 1839 2675 fr.
1858 2651 1878 2675 Ι.
1893 2660 1931 2686 pr.

1090 2689 1122 2715 de
1141 2690 1234 2726 inspic.
1255 2695 1323 2716 vent.
1338 2693 1379 2717 25,
1400 2693 1423 2716 4.
1461 2690 1567 2717 Remed.
1588 2692 1745 2717 monstravit
1763 2691 1825 2728 Imp.
1844 2709 1873 2712 -—
1895 2703 1933 2718 re-

1089 2733 1196 2768 scripto.
1218 2732 1247 2758 fr.
1270 2735 1291 2759 7.
1312 2734 1333 2766 §.
1354 2736 1377 2759 5.
1398 2733 1430 2759 de
1449 2733 1509 2759 don.
1531 2735 1576 2759 int.
1597 2733 1625 2759 V.
1645 2736 1686 2760 24.
1708 2736 1729 2760 1.
1754 2734 1784 2760 fr.
1805 2737 1845 2760 11.
1866 2735 1886 2768 ξ.
1907 2737 1929 2760 2.

1088 2775 1120 2802 ad
1140 2775 1167 2802 S.
1177 2775 1206 2802 C.
1228 2775 1306 2802 Treb.
1326 2777 1368 2802 36.
1390 2778 1411 2802 1.
1449 2776 1558 2802 Praeses
1579 2775 1620 2802 Pr.
1641 2792 1673 2796 -—
1696 2776 1822 2804 adversus
1848 2777 1933 2803 detre-

1088 2823 1201 2845 ctantem
1221 2819 1380 2855 competenti
1400 2819 1516 2845 remedio
1536 2818 1696 2846 deformitati
1713 2819 1837 2847 auxilium
1857 2819 1929 2845 ferat.
