2197 3121
945 170 1039 202 CON
1064 189 1102 194 —
1127 170 1224 202 COP.

222 253 301 280 telam
320 269 352 273 -—
371 253 553 280 administrare
567 252 696 290 compelli.
717 262 738 278 c.
752 254 776 278 2.
797 252 829 279 de
843 262 932 279 excus,
946 257 1061 279 veteran.

223 298 248 323 5.
267 297 308 323 65.

260 347 511 374 Comum-anus,
960 346 978 372 I.
1000 347 1061 380 Sy.

548 349 699 373 Eiuadem
727 347 793 373 riri
819 347 915 373 Ῐιοηιο.

1045 389 1051 397 ,

224 389 278 425 Qui
301 391 367 416 vicis
392 389 518 426 adscripti
541 394 615 421 sunt,
640 388 745 421 Vicani,
765 388 919 415 Convicani.
953 388 1003 415 Th.
1029 388 1051 415 L

222 431 268 459 XI.
288 433 330 458 ⁵24.
351 442 371 458 c.
391 433 415 458 3.
436 442 474 468 sq.
495 442 516 458 c.
537 432 560 457 6.
580 432 661 466 33.1.
681 434 705 458 3.
726 432 758 458 de
776 436 876 468 patroc.
897 432 979 457 vicor.

258 482 486 510 conviciari·
530 484 686 509 Convicio
707 488 829 516 petere,
855 483 1061 508 Maledicere.

221 525 240 552 1.
256 526 317 560 Sy.
342 524 408 552 Cum
429 525 547 551 convicio
567 524 661 551 iudicis
681 524 821 562 adpellare.
859 524 1010 551 Conviciari
1030 525 1061 556 ei,

223 579 235 595 a
260 578 311 604 quo
335 567 456 605 adpellat.
490 567 562 593 Paul.
588 566 620 594 V.
644 569 685 594 35.
709 568 731 601 3.
750 569 774 593 3.
800 566 830 593 fr.
851 568 875 593 8.
905 567 937 593 de
957 577 1015 604 app.
1037 571 1062 593 et

221 611 295 638 relat.
321 613 362 638 49.
388 613 409 637 1.
460 610 502 637 Ul.
529 612 594 638 Gn.
628 610 664 637 Vt
688 620 740 636 non
766 609 848 642 ultra.
876 620 953 646 quain
976 609 1061 636 litium

220 655 307 691 poscit
329 654 438 685 utilitas,
465 654 492 680 in
511 653 643 680 licentiam
663 652 825 679 conviciandi
845 657 870 679 et
888 652 1061 680 maledicendi

221 698 392 723 temeritatem
411 701 591 733 prorumpant.
617 706 638 723 c.
658 697 682 723 6.
702 694 734 722 de
752 695 850 732 postul.
869 697 893 721 2.
914 697 937 722 6.

257 748 490 776 convicium.
534 748 741 778 Maledictio,
774 747 883 772 serbis
906 756 1060 780 expressa

219 793 355 818 iniuria.
396 790 414 816 I.
440 791 501 825 Sy.
531 789 611 825 Quod
635 790 662 815 in
687 793 764 815 coetu
788 788 885 815 dietum
905 794 958 821 est,
982 789 1060 816 Male-

219 833 318 860 dictum
337 833 408 869 quod
428 844 485 859 cum
504 832 692 859 vociferatione
712 831 811 858 dictum
830 836 879 858 est.
909 832 939 858 fr.
961 834 1001 859 15.
1021 832 1058 866 33.

219 878 260 902 11.
280 886 320 912 sq.
341 875 372 901 cf.
393 876 429 909 33.
449 878 473 902 3.
493 885 552 912 sqq.
573 875 605 901 de
623 875 699 901 iuiur.
718 876 760 901 47.
781 876 821 900 10.
858 874 968 906 Iniuria,
994 885 1059 912 quae

218 918 308 945 verbis
326 918 364 944 fit.
389 918 420 944 fr.
436 920 458 945 1.
478 918 544 952 3.1.
564 918 595 944 sr.
611 919 650 943 15.
670 917 692 950 3.
706 918 730 943 3.
750 917 785 944 ib.
804 919 846 944 47.
867 919 907 944 10.
935 917 977 944 111.
993 919 1058 945 Cn.

218 960 286 988 Cum
305 966 432 998 patronus
452 961 583 987 contemni
602 970 631 986 se
650 970 664 986 a
683 959 778 986 liberto
798 959 908 993 dixerit,
932 960 976 987 vel
999 970 1059 987 con-

217 1003 386 1031 tumeliosum
408 1003 460 1030 sibi
483 1002 607 1029 libertum
631 1007 767 1039 queratur,
791 1002 834 1029 vel
859 1004 1006 1030 convicium
1029 1014 1058 1030 se

217 1046 249 1073 ab
269 1057 299 1073 co
318 1056 433 1083 passum.
462 1045 493 1072 fr.
514 1047 537 1072 l.
557 1046 640 1080 3.10.
661 1045 693 1072 de
713 1046 756 1072 off.
776 1044 829 1072 Prf.
849 1045 895 1072 Vr.
916 1048 938 1072 1.
960 1048 999 1073 12.
1025 1046 1057 1072 cf.

217 1089 246 1116 sr.
268 1091 290 1115 l.
315 1089 347 1115 de
366 1090 421 1115 iure
439 1094 542 1126 patron.
567 1090 609 1115 37.
630 1090 670 1115 14.
712 1087 755 1115 Fit
777 1090 870 1115 iniuria
894 1088 938 1115 vel
956 1090 982 1115 in
1002 1099 1058 1115 cor-

215 1142 289 1170 pore,
310 1131 371 1158 dum
390 1131 536 1164 caedimur,
556 1131 599 1157 vel
617 1131 721 1163 verbis,
747 1131 809 1158 dum
828 1133 974 1158 convicium
993 1133 1058 1169 pati-

215 1185 281 1202 mur.
310 1173 380 1201 Coll.
399 1173 452 1201 LL.
472 1174 506 1201 M.
526 1174 557 1201 II.
577 1177 602 1201 5.
633 1173 664 1200 cf.
686 1173 742 1200 Gai.
762 1174 804 1200 Ill.
824 1176 883 1201 220.
903 1177 962 1201 222.
981 1175 1012 1201 fr.
1032 1177 1056 1201 3.

215 1218 237 1251 3.
259 1219 281 1244 1.
301 1217 331 1243 fr.
345 1218 387 1244 34.
408 1217 440 1243 de
459 1218 536 1244 iniur.
556 1219 596 1243 47.
613 1219 653 1243 10.
689 1216 812 1243 Iniuriam
830 1218 944 1254 patimur
963 1234 995 1237 —
1015 1228 1057 1244 ex-

214 1265 254 1287 tra
278 1270 387 1297 corpus,
414 1261 540 1287 conviciis
564 1265 590 1286 et
613 1260 720 1286 famosis
746 1258 854 1287 libellis.
887 1260 959 1287 Paul.
980 1259 1011 1287 V.
1031 1262 1055 1286 4.

214 1303 236 1337 3.
258 1305 280 1330 1.
317 1302 497 1335 Maledictum,
525 1304 641 1339 itemque
661 1302 807 1328 convicium
826 1302 932 1340 publice
951 1303 1054 1330 sactum.

213 1345 252 1372 lb.
271 1345 288 1372 l.
307 1345 324 1372 l.
350 1346 388 1379 33.
410 1347 449 1372 19.
469 1356 509 1382 sq.
553 1345 607 1381 Qui
631 1344 758 1371 adversus
778 1346 862 1372 bonos
882 1356 968 1372 mores
996 1356 1056 1372 con-

212 1390 310 1415 vicium
335 1390 376 1415 cui
401 1389 497 1415 secisse
521 1404 554 1408 —
579 1388 688 1414 dicetur.
722 1388 753 1414 [ι’.
779 1390 819 1414 15.
844 1389 881 1422 33.
901 1391 925 1415 2.
945 1392 969 1416 5.
995 1400 1054 1426 sqq.

212 1431 231 1459 1.
250 1431 268 1458 l.
288 1433 328 1458 47.
350 1433 390 1458 10.
418 1431 490 1458 Paul.
511 1431 528 1458 l.
549 1430 565 1457 1.
586 1431 607 1465 3.
627 1433 668 1456 21.
706 1430 736 1457 Si
761 1441 818 1457 cum
844 1433 964 1458 convicio
984 1431 1055 1458 dixe-

212 1475 255 1501 rit.
283 1473 314 1500 sr.
328 1475 345 1499 3
374 1473 406 1500 de
425 1474 470 1501 lib.
491 1479 516 1501 et
529 1473 618 1511 posth.
639 1474 680 1499 28.
695 1475 719 1499 2.
749 1473 778 1499 Si
798 1483 850 1499 non
869 1476 981 1501 convicii
995 1485 1054 1501 con-

212 1517 273 1544 silio
293 1522 319 1543 te
338 1516 438 1553 aliquid
461 1518 618 1544 iniuriosum
637 1516 738 1543 dixisse
757 1516 870 1554 probare
887 1522 973 1554 potes.
993 1529 1014 1544 c.
1028 1520 1052 1544 5.

213 1560 246 1587 de
264 1561 340 1586 iniur.
360 1561 383 1586 9.
403 1562 445 1586 35.
482 1560 596 1597 Purgare
616 1560 771 1586 convicium.
797 1560 827 1586 fr.
846 1562 888 1586 25.
909 1560 940 1587 cf.
960 1560 990 1587 fr.
1012 1563 1051 1588 17.

213 1614 271 1641 sqq.
292 1604 325 1630 de
343 1613 448 1640 procur.
468 1605 493 1630 3.
511 1605 535 1632 3,

248 1655 496 1682 convincere.

213 1699 309 1730 quido
335 1699 478 1731 probare.
524 1696 543 1723 I.
566 1698 627 1731 Sy.
656 1696 820 1733 Adprobare.
849 1696 879 1723 fr.
901 1700 942 1723 60.
968 1697 1000 1724 de
1018 1697 1049 1723 R.

212 1738 245 1765 V.
264 1740 287 1765 6.
308 1741 331 1765 1.
366 1739 496 1775 Argue-re,
515 1739 648 1765 Accusare
668 1744 693 1766 et
713 1741 875 1766 convincere.
895 1740 925 1766 fr.
941 1741 998 1767 197.
1019 1740 1051 1766 de

212 1781 244 1808 V.
265 1781 292 1808 S.
311 1784 352 1808 50.
372 1783 412 1808 16.
448 1781 491 1808 111.
511 1783 576 1809 Cn.
605 1782 693 1817 Quive
712 1782 745 1808 ob
766 1783 944 1808 testimonium
964 1782 1051 1808 dicen-

212 1823 282 1856 dum,
301 1823 343 1850 vel
361 1834 414 1850 nou
433 1824 580 1856 dicendum,
599 1826 737 1861 pecuniam
757 1826 892 1862 accepisse
911 1825 1049 1857 iudicatus,
1071 1834 1073 1843 ¹

210 1867 254 1893 vel
273 1868 410 1893 convictus
429 1868 485 1893 erit.
511 1866 542 1892 fr.
556 1869 580 1893 3.
601 1868 622 1900 3.
642 1869 666 1893 5.
687 1867 719 1893 de
738 1868 826 1893 testib.
845 1870 887 1893 22.
907 1869 930 1894 5.
967 1868 1050 1904 Argu-

210 1914 298 1936 mento
318 1911 467 1941 convictus,
493 1914 561 1935 teste
586 1914 738 1946 superatus,
763 1919 828 1936 voce
847 1911 924 1936 etiam
942 1911 1050 1947 propria

211 1953 356 1979 confessus.
395 1952 444 1978 Th.
469 1951 499 1979 C.
523 1951 569 1978 XI.
594 1954 635 1978 30⁴.
667 1962 687 1978 c.
710 1954 732 1978 7.
766 1954 817 1988 Qu.
842 1963 901 1990 app.
924 1963 976 1979 nou
996 1964 1047 1980 rec.

210 1995 340 2022 Convinci
360 2005 411 2021 uon
432 1996 481 2020 nisi
501 1996 632 2031 scriptura
651 1999 696 2021 aut
715 1996 828 2022 testibus
847 2001 945 2033 potest.
975 1995 1048 2022 Paul.

208 2037 241 2065 V.
261 2041 285 2065 5.
305 2038 336 2064 A.
357 2039 379 2071 3.
399 2039 422 2063 3.
461 2036 591 2063 Confecto
611 2047 693 2074 paene
712 2038 818 2070 iudicio,
838 2039 953 2065 facinore.
972 2040 1048 2065 etiam

208 2082 301 2118 agitata
322 2081 476 2117 quaestione
496 2081 625 2106 convicto.
651 2090 672 2106 c.
687 2082 728 2107 19.
747 2081 779 2107 ad
798 2081 827 2108 L.
847 2081 894 2108 Iul.
915 2082 948 2108 de
967 2081 1046 2108 adult.

208 2125 232 2151 9.
251 2126 275 2151 9,
313 2124 418 2156 Debui,
438 2123 579 2149 dummodo
599 2123 729 2150 evidentis
748 2129 827 2161 atque
845 2126 972 2157 convicti,
991 2124 1048 2151 red·
1069 2131 1070 2140 ¹

208 2166 309 2193 bibitio.
340 2177 361 2193 c.
380 2168 405 2192 4.
433 2168 516 2202 Quor.
542 2176 600 2203 app.
626 2176 650 2192 n.
674 2176 726 2192 rec.
752 2168 774 2193 7.
799 2168 840 2193 65.
885 2168 927 2194 Dc
951 2168 1047 2204 quibus

551 1655 756 1689 C0‘1rgueress
788 1655 965 1687 Evincere'
995 1656 1051 1681 Li·
1072 1653 1075 1690 1
1096 1667 1129 1693 ad
1149 1667 1281 1704 quoddam
1305 1667 1421 1703 asylum,
1447 1667 1627 1694 convolarunt.
1658 1668 1696 1694 lb.
1717 1668 1760 1695 H.
1785 1671 1826 1695 27.
1852 1680 1873 1696 c.
1894 1671 1934 1696 18.

1072 1735 1074 1745 Ι
1096 1710 1129 1737 de
1147 1716 1230 1746 agent.
1250 1711 1276 1737 iu
1296 1710 1351 1737 reb.

209 2210 318 2242 (servis)
338 2209 371 2235 ob
391 2219 486 2236 noxam
505 2210 624 2245 quaestio
644 2211 781 2236 tormentis
800 2209 888 2236 habita
907 2212 956 2243 sit,
976 2216 1002 2237 et
1019 2212 1046 2237 in

209 2262 238 2277 ea
257 2262 325 2278 noxa
346 2252 429 2279 fuisse.
452 2253 566 2279 convicti
590 2253 650 2278 sint.
680 2251 736 2278 Gai.
761 2252 779 2278 I.
804 2255 844 2279 13.
875 2253 935 2290 Ylp.
960 2253 978 2280 I.
1004 2256 1044 2280 ll.

208 2294 361 2321 Instandum
379 2297 532 2327 accusatori,
552 2300 581 2322 ut
599 2294 634 2327 id,
655 2294 726 2331 quod
745 2295 871 2329 intendat,
891 2297 1046 2333 comprobet
1066 2309 1067 2327 i

209 2342 287 2373 atque
311 2339 454 2365 convincat.
483 2338 514 2365 fr.
538 2340 578 2364 15.
604 2338 625 2371 3.
651 2340 675 2364 2.
705 2337 737 2364 de
765 2340 910 2374 quaestion.
936 2342 978 2366 48.
1003 2341 1043 2366 18.
1066 2335 1067 2343 ¹

210 2382 269 2416 Qua
288 2380 345 2416 lege
364 2380 507 2414 damnatus,
527 2383 550 2408 si
568 2381 647 2407 alium
667 2382 811 2407 convicerit
830 2386 878 2408 etc.
898 2382 927 2408 fr.
944 2385 966 2408 1.
986 2383 1008 2417 3
1018 2385 1043 2409 2.
1065 2382 1066 2410 1

209 2423 242 2449 ad
260 2423 290 2449 L.
304 2422 351 2448 lul.
371 2423 437 2449 amb.
456 2426 497 2450 48.
513 2426 553 2450 14.
588 2424 630 2450 Ex
648 2424 761 2450 vinculis
781 2434 884 2450 causam
903 2425 998 2458 dicant,
1018 2431 1044 2452 et
1065 2431 1066 2444 ³

209 2466 335 2497 convicti,
359 2465 467 2502 perinde
486 2477 515 2493 ac
533 2468 616 2499 servi,
639 2468 793 2503 puniantur-3
819 2472 844 2493 et
863 2469 899 2500 ei,
920 2469 964 2504 qui
984 2478 1043 2495 cou-
1064 2477 1065 2482 ¹

207 2509 302 2535 vicerit
321 2513 368 2534 etc.
399 2508 429 2534 sr.
448 2510 490 2534 25.
513 2509 578 2542 3.1.
598 2509 630 2536 de
649 2510 677 2536 S.
698 2509 728 2537 C.
749 2510 830 2537 Silan.
850 2512 892 2536 29.
911 2514 935 2537 5.
974 2511 1043 2538 Con-

207 2553 292 2578 victus
312 2561 341 2577 ac
359 2551 488 2587 proditus.
520 2551 569 2578 Th.
592 2553 624 2579 C.
649 2552 704 2579 VII.
730 2555 769 2579 13.
799 2564 819 2580 c.
841 2555 881 2580 11.
905 2553 937 2580 dc
964 2555 1041 2581 tiron.
1063 2552 1065 2577 1

207 2594 368 2626 Convictus,
387 2600 415 2620 ut
434 2596 473 2620 vis
493 2594 612 2631 publicae
631 2606 700 2622 reus.
721 2595 792 2622 Paul.
813 2596 844 2622 V.
863 2599 905 2623 30.
924 2597 955 2623 Λ.
975 2598 1040 2631 3.1.

205 2638 235 2664 In
260 2639 407 2664 convictum
430 2648 516 2667 reum.
546 2653 579 2657 ——
606 2648 654 2674 pro
683 2639 761 2665 modo
791 2639 898 2666 admissi
921 2640 1040 2673 sceleris,
1061 2658 1063 2683 »¹

206 2680 372 2707 statuendum
392 2685 438 2706 est.
467 2680 504 2706 lb.
523 2679 555 2707 V.
576 2682 615 2706 16.
635 2681 657 2714 3.
678 2683 717 2708 13.
738 2682 769 2708 cf.
790 2681 821 2708 V.
842 2685 883 2710 25,
904 2682 925 2715 3.
946 2685 986 2710 13.
1061 2687 1062 2740 ἱ

242 2732 421 2759 Conviva·
451 2733 564 2757 Socius
583 2733 615 2757 in
633 2735 788 2760 convivio.
813 2733 855 2760 III.
870 2736 935 2762 Gn.
954 2736 1040 2763 Etiam
1060 2742 1062 2768 Ι

205 2783 263 2800 cum
276 2775 394 2800 convivis
408 2778 433 2799 et
446 2773 596 2810 hospitibus
609 2784 689 2811 posse
702 2776 738 2801 uti
758 2776 820 2809 (his,
840 2787 905 2814 quae
919 2780 944 2805 in
957 2779 1039 2805 fundo
1060 2782 1061 2794 ¹

204 2818 373 2851 nascuntur).
392 2816 422 2843 [Γ.
444 2819 484 2843 12.
504 2817 526 2851 3.
547 2819 570 2843 1.
590 2817 622 2844 de
641 2827 691 2844 usu
710 2823 736 2844 et
755 2819 834 2847 habit.
855 2823 877 2847 7.
897 2823 920 2847 ὅ.

1883 177 1945 207 221

1143 253 1378 281 Convivium.
1409 256 1512 282 Coena
1532 257 1618 283 inter
1638 259 1755 283 multos
1774 258 1946 285 celebrata.

1107 295 1125 322 I.
1146 298 1207 330 Sy.
1231 295 1281 322 Per
1294 306 1418 329 mensam.
1439 297 1562 325 Convivii
1577 299 1746 329 adhibitione.
1767 300 1946 333 (manumitti).

1107 339 1177 376 Epit.
1197 339 1260 366 Inst.
1282 339 1348 366 Gaii.
1368 340 1424 367 I.1.
1445 342 1467 374 3.
1480 344 1504 367 2.
1543 341 1685 379 Theophili
1703 342 1824 379 paraphr.
1844 343 1905 368 inst.
1926 342 1945 369 Ι.

1106 384 1130 407 5.
1151 383 1172 416 3.
1192 384 1216 409 4.
1239 381 1269 408 L.
1289 381 1364 408 Rom.
1384 382 1462 418 Burg.
1487 384 1528 409 43.
1566 384 1608 411 ΙΙΙ.
1624 386 1688 412 Cn.
1715 385 1787 411 Neve
1807 386 1880 421 quis.
1901 386 1946 421 qui

1107 425 1143 451 ibi
1161 426 1339 461 magistratum
1358 430 1549 462 potestatemve
1569 427 1684 460 habebit,
1704 438 1762 454 eum
1775 438 1833 454 cum
1847 428 1945 455 Senatu

1107 483 1139 487 —
1171 473 1303 505 spectare,
1333 478 1399 494 neve
1428 469 1455 494 in
1486 471 1607 496 convivio
1635 470 1742 508 publico
1770 481 1829 497 esse
1855 472 1944 497 sinito.

1107 509 1172 536 Tab.
1192 510 1294 537 Heracl.
1313 510 1358 537 lin.
1378 512 1419 536 59.
1440 521 1491 537 aer.
1511 511 1592 549 Κρίῳ.
1635 514 1772 540 Conviviis
1797 519 1822 539 et
1844 519 1945 550 specta-

1107 553 1173 579 culis
1193 553 1317 580 adhibere
1341 553 1516 587 (fidicinam).
1546 554 1595 581 Th.
1624 555 1654 582 C.
1673 556 1732 583 XV.
1758 558 1781 582 7.
1806 566 1826 583 c.
1848 559 1887 583 10.
1911 556 1944 582 de

1106 597 1218 622 scaenic.
1244 596 1275 622 cf.
1289 596 1360 623 XVI.
1375 598 1414 623 10,
1435 607 1457 623 c.
1473 599 1512 623 17.
1532 597 1564 623 de
1584 607 1673 634 pagan.
1712 599 1765 635 Qui
1784 599 1863 636 luget,
1883 599 1942 625 abs-

1106 639 1189 665 tinere
1208 638 1287 665 debet
1306 650 1319 665 a
1338 640 1480 672 conviviis,
1505 642 1679 674 ornamentis,
1702 652 1817 679 purpura
1841 647 1866 668 et
1884 641 1942 668 alba

1105 686 1186 707 veste.
1214 681 1285 708 Paul.
1306 682 1324 709 1.
1343 684 1385 709 21.
1404 683 1426 716 3.
1448 684 1488 709 14.

1141 725 1373 752 convocare.
1410 727 1593 758 Advocare,
1622 728 1798 754 Art-essere.
1835 727 1853 754 1.
1880 729 1942 762 Sy·

1104 766 1133 792 In
1153 777 1231 793 unum
1252 768 1400 794 convocari.
1426 767 1583 795 Conveuire.
1604 769 1634 795 fr.
1654 771 1677 796 2.
1698 770 1719 803 3.
1734 771 1757 796 9.
1778 770 1809 796 de
1825 770 1858 797 Ο.
1878 770 1896 797 Ι.
1918 772 1941 797 1.

1103 811 1127 835 2.
1148 810 1169 843 3.
1190 812 1213 835 5.
1234 809 1252 836 1.
1272 810 1305 836 de
1323 810 1342 836 1.
1361 810 1393 837 N.
1414 812 1437 836 1.
1456 812 1480 837 2.
1517 811 1561 838 ΠΙ.
1582 813 1647 840 Gn.
1667 812 1751 839 Cuius
1770 823 1848 850 opera
1869 813 1893 840 d.
1907 823 1940 839 m.

1104 852 1243 878 consilium
1263 853 1355 879 initum
1375 854 1432 885 erit,
1452 869 1484 873 -—
1505 864 1556 890 quo
1577 860 1667 882 coetus
1688 861 1867 882 conventusve
1885 856 1940 888 fiat,

1103 894 1257 920 hominesve
1276 895 1308 921 ad
1327 895 1484 922 seditionem
1508 903 1694 925 convocentur.
1723 898 1753 925 fr.
1773 900 1796 925 1.
1820 898 1842 932 3.
1863 900 1885 924 l.
1909 898 1942 925 ad

1102 936 1132 964 L.
1152 937 1199 963 Iul.
1220 938 1278 963 mai.
1298 939 1339 964 48.
1359 940 1382 964 4.
1404 938 1435 965 cs.
1455 939 1485 965 fr.
1499 941 1522 966 3.
1543 941 1565 974 3.
1578 943 1602 967 2.
1622 941 1654 967 ad
1672 941 1702 968 L.
1721 941 1769 968 Iul.
1789 941 1821 968 de
1839 943 1865 968 vi
1878 942 1940 979 pub.

1101 981 1143 1006 48.
1163 981 1187 1006 6.
1225 979 1254 1006 Si
1278 981 1337 1016 quis
1361 981 1419 1017 ipse
1442 982 1544 1009 turbam
1569 989 1749 1010 convocasset.
1777 984 1808 1010 fr.
1827 986 1851 1011 4.
1875 985 1896 1019 3.
1916 986 1940 1010 6.

1103 1022 1135 1049 cf.
1154 1023 1238 1056 3.14.
1262 1023 1288 1049 vi
1307 1023 1368 1049 bon.
1389 1028 1454 1061 rapt.
1478 1027 1520 1051 47.
1540 1029 1563 1052 ὅ.
1605 1026 1658 1061 Qui
1684 1028 1834 1053 convocatis
1859 1028 1941 1054 homi-

1103 1065 1180 1091 nibus
1200 1066 1253 1091 vim
1272 1065 1370 1092 fecerit.
1397 1066 1427 1093 fr.
1447 1069 1471 1093 2.
1491 1078 1530 1104 sq.
1551 1068 1583 1095 ad
1601 1068 1629 1095 L.
1650 1069 1696 1095 lul.
1717 1069 1749 1096 de
1768 1071 1794 1096 vi
1812 1071 1879 1108 priv.
1897 1072 1939 1097 48.

1104 1110 1126 1135 7.
1147 1108 1179 1135 cf.
1199 1108 1231 1135 fr.
1252 1110 1292 1135 10.
1312 1110 1333 1143 3.
1356 1111 1377 1135 l.
1399 1109 1431 1136 ad
1448 1109 1478 1137 L.
1499 1110 1546 1137 Iul.
1566 1111 1599 1137 de
1616 1113 1642 1138 vi
1660 1112 1722 1149 pub.
1742 1114 1783 1139 48.
1803 1115 1827 1140 6.

1138 1152 1382 1180 Corn-ocium.
1411 1154 1618 1189 l'ociferatio
1637 1157 1788 1188 plurium.
1816 1156 1858 1183 111.
1873 1157 1939 1184 Gn.

1102 1194 1260 1221 Convicium
1279 1194 1427 1232 adpellatur
1445 1211 1478 1214 —
1497 1206 1510 1222 a
1529 1196 1670 1224 collatione
1688 1208 1794 1231 vocum,
1813 1215 1845 1219 —
1864 1200 1939 1236 quasi

1103 1239 1268 1264 convociuin.
1297 1237 1327 1264 fr.
1349 1240 1388 1264 15.
1409 1239 1430 1272 3.
1450 1240 1474 1264 4.
1494 1238 1526 1265 de
1544 1240 1620 1266 iniur.
1640 1242 1681 1266 47.
1702 1242 1742 1267 10.

1139 1281 1362 1308 convolare.
1400 1283 1588 1314 festinare,
1609 1284 1802 1319 Confugere.
1838 1283 1856 1310 1.
1877 1285 1938 1319 Sy.

1101 1323 1234 1350 Transire.
1255 1323 1285 1350 fr.
1305 1325 1346 1350 33.
1367 1323 1400 1349 de
1419 1323 1494 1360 legat.
1514 1324 1532 1351 Ι.
1554 1326 1630 1359 (30.)
1651 1325 1701 1352 Th.
1722 1326 1752 1352 C.
1771 1326 1816 1353 IV.
1835 1328 1859 1353 4.
1879 1338 1900 1353 c.
1915 1329 1938 1354 7.

1099 1377 1139 1404 pr.
1159 1367 1241 1400 33.1.
1261 1376 1300 1403 sq.
1322 1366 1354 1392 de
1372 1371 1475 1393 testam.
1495 1372 1521 1393 et
1540 1368 1623 1394 codic.
1660 1368 1818 1405 Properare,
1841 1369 1939 1397 Confu-

1099 1420 1167 1445 gere.
1195 1409 1232 1435 lb.
1253 1408 1321 1435 VIII.
1340 1410 1364 1435 4.
1385 1419 1407 1436 c.
1426 1411 1468 1436 22.
1488 1420 1509 1436 c.
1528 1412 1570 1437 25.
1590 1411 1622 1437 de
1642 1411 1767 1438 cohortal.
1791 1412 1836 1439 ΙΧ.
1855 1414 1897 1439 45.
1917 1423 1938 1440 c.

1099 1454 1122 1479 4.
1137 1463 1176 1489 sq.
1198 1452 1230 1478 de
1244 1451 1268 1478 h.
1289 1462 1332 1488 qu.
1353 1451 1385 1477 ad
1399 1452 1462 1478 eccl.
1499 1452 1543 1479 ΙΙΙ.
1559 1455 1624 1480 Cn.
1652 1454 1809 1482 Ademtione
1823 1467 1836 1482 a
1850 1457 1939 1493 priore

1098 1495 1222 1532 legatario
1243 1494 1323 1527 sacta,
1347 1494 1379 1520 ad
1403 1495 1548 1521 secundum
1571 1496 1683 1532 legatum
1707 1502 1859 1525 testatorem
1879 1509 1938 1525 con-

1098 1539 1211 1565 volasse.
1242 1538 1273 1564 fr.
1286 1539 1328 1564 33.
1348 1537 1365 1564 l.
1386 1538 1453 1571 (30.)
1491 1537 1519 1564 Si
1539 1540 1598 1575 quis
1618 1555 1650 1558 ——
1669 1540 1695 1565 in
1714 1542 1770 1566 eius
1789 1541 1938 1578 amplexum

1097 1597 1130 1601 —-
1150 1580 1337 1608 convolaverit.
1371 1580 1421 1607 Th.
1442 1580 1473 1607 C.
1492 1581 1535 1607 ΙΙΙ.
1557 1583 1596 1608 12.
1617 1592 1637 1608 c.
1659 1584 1681 1608 l.
1701 1582 1734 1609 de
1752 1584 1844 1611 incest.
1863 1589 1936 1621 nupt.

1097 1624 1140 1650 Ad
1159 1623 1277 1650 scholam
1300 1628 1421 1660 agentum
1445 1625 1472 1650 in
1497 1624 1576 1650 rebus
1598 1626 1698 1661 passim
1720 1626 1839 1662 plurimi,
1863 1627 1937 1653 velut

1131 1753 1427 1786 Conpertorium.
1475 1755 1637 1788 Stragula
1666 1757 1778 1787 vestis,
1813 1758 1853 1782 ad
1886 1766 1935 1783 co-

1095 1798 1303 1829 operiendum
1327 1803 1412 1829 apta.
1456 1795 1498 1821 ΠΙ.
1519 1797 1585 1823 Cn.
1614 1796 1785 1834 Semproniae
1804 1797 1865 1825 Piae
1883 1798 1935 1826 hoe

1095 1838 1206 1875 amplius
1227 1840 1391 1875 coopertoria
1411 1838 1540 1871 Tabiana,
1566 1844 1592 1865 et
1610 1841 1711 1866 tunicas
1731 1845 1784 1867 tres
1805 1852 1862 1868 cum
1879 1842 1934 1879 pal-

1094 1881 1165 1907 liolis
1185 1897 1217 1900 —
1238 1881 1293 1907 dari
1312 1881 1382 1907 volo.
1402 1881 1432 1908 sr.
1452 1883 1493 1908 38.
1513 1883 1579 1916 3.1.
1599 1883 1632 1909 de
1651 1893 1713 1909 auro
1733 1894 1784 1920 arg.
1804 1886 1845 1911 34.
1865 1887 1889 1911 2.

1136 1925 1353 1957 ooopertus.
1392 1924 1523 1958 (Partic.)
1579 1927 1743 1953 Obductus
1781 1930 1931 1962 undique,

1097 1969 1221 1994 Tectus.
1258 1966 1288 1992 11.
1305 1968 1372 2000 Op.
1397 1966 1502 1999 Solida,
1522 1983 1555 1987 --
1574 1967 1706 2005 Cooperta
1726 1976 1832 2007 argento
1851 1972 1932 2005 (men-

1093 2011 1147 2042 sa).
1174 2010 1205 2036 fr.
1225 2011 1266 2036 41.
1287 2010 1353 2043 3.1.
1374 2010 1406 2036 de
1426 2015 1508 2037 contr.
1528 2015 1587 2037 emt.
1608 2013 1648 2038 18.
1670 2014 1692 2038 l.

1129 2054 1326 2086 cooptare.
1365 2055 1534 2089 Adlegere,
1560 2056 1749 2083 Adsciscere
1769 2059 1817 2088 (in
1836 2059 1930 2084 colle-

1090 2098 1207 2131 gium).
1250 2095 1291 2121 111.
1316 2097 1381 2123 Gn.
1409 2096 1449 2123 Ne
1473 2098 1532 2133 quis
1551 2107 1640 2123 eorum
1660 2108 1736 2134 quem
1755 2100 1830 2127 ineo
1849 2101 1930 2126 muni-

1093 2140 1162 2176 cipio
1182 2155 1214 2158 —
1234 2139 1260 2164 in
1280 2143 1412 2171 senatum.
1433 2139 1602 2172 decuriones,
1623 2143 1821 2178 conscriptosve
1839 2142 1928 2179 legitO,

1091 2192 1157 2208 neve
1176 2181 1316 2217 sublegito,
1340 2192 1406 2208 neve
1426 2188 1558 2220 cooptato,
1578 2193 1643 2209 neve
1661 2185 1810 2212 recitandos
1829 2190 1926 2212 curato.

1091 2225 1156 2251 Tab.
1176 2224 1278 2251 Hei-acl.
1298 2224 1343 2251 lin.
1366 2227 1405 2251 ll.
1426 2235 1465 2261 sq.
1486 2236 1536 2252 aer.
1556 2226 1638 2263 Neap.

1126 2268 1254 2301 CopIa.
1292 2269 1323 2301 §-
1348 2269 1381 2294 l.
1412 2271 1629 2296 Abundantia.
1671 2270 1700 2296 Il.
1722 2272 1787 2304 011.
1815 2270 1925 2296 Penuria

1090 2312 1217 2343 (virorum
1236 2310 1414 2341 honestorum,
1434 2321 1458 2337 v.
1479 2321 1568 2338 eorum
1588 2314 1632 2348 qui
1651 2314 1827 2349 magistratum
1843 2312 1924 2337 susci-

1088 2354 1188 2390 piunt).
1220 2354 1249 2380 sr.
1272 2355 1310 2379 12.
1336 2353 1368 2380 de
1387 2353 1474 2380 (Iecur.
1494 2356 1535 2380 50.
1555 2357 1578 2381 2.
1604 2355 1634 2382 fr.
1656 2358 1695 2382 11.
1720 2357 1740 2389 3.
1760 2358 1783 2381 2.
1804 2355 1836 2381 de
1853 2364 1922 2381 mun.

1089 2401 1113 2422 et
1140 2396 1200 2422 bon.
1224 2399 1265 2422 50.
1286 2398 1309 2422 4.
1339 2407 1359 2422 c.
1384 2398 1407 2422 3.
1434 2396 1561 2431 Quemad.
1587 2399 1635 2425 civ.
1659 2409 1728 2425 mun.
1757 2400 1796 2423 10.
1820 2399 1860 2423 42.
1890 2413 1922 2417 --

1087 2440 1117 2472 §-
1138 2441 1172 2465 2.
1195 2440 1330 2472 Copiae,
1351 2441 1367 2465 i.
1387 2451 1407 2466 e.
1427 2441 1605 2467 Exercitus
1624 2444 1770 2468 militnm.
1798 2440 1841 2466 III.
1856 2441 1920 2468 Gn.

1087 2481 1205 2508 Maximis
1225 2481 1379 2507 Hunnorum
1398 2497 1431 2501 ἡ
1451 2484 1535 2519 copiis
1554 2483 1627 2510 fusis.
1657 2483 1705 2510 Th.
1720 2482 1750 2509 C.
1770 2481 1801 2509 V.
1820 2484 1844 2508 4.
1864 2493 1885 2509 c.
1895 2484 1919 2510 3.

1087 2524 1191 2557 (wok.)
1212 2524 1244 2549 de
1264 2524 1323 2550 bon.
1338 2524 1412 2551 milit.
1432 2541 1465 2544 —
1484 2527 1515 2559 §.
1536 2527 1572 2553 3.
1594 2528 1725 2560 Copiae,
1745 2527 1762 2551 i.
1781 2535 1800 2551 e.
1819 2527 1920 2552 Prae-

1086 2569 1225 2593 bitz'onex
1241 2569 1404 2600 publicae,
1426 2570 1632 2595 Commeatus.
1668 2567 1710 2593 111.
1726 2568 1791 2594 Cn.
1811 2567 1854 2594 Ob
1875 2578 1917 2595 ne-

1085 2611 1183 2645 gotium
1203 2611 1344 2646 copiarum,
1365 2611 1541 2648 expeditionis
1561 2616 1676 2646 tempore
1695 2610 1856 2643 mandatum,
1877 2621 1918 2638 cu-

1450 2656 1491 2680 20,
1518 2654 1550 2679 de
1574 2662 1705 2689 compens.
1730 2655 1768 2680 16.
1793 2656 1817 2680 2.
1855 2654 1919 2689 Qui-

1086 2695 1135 2721 bus
1157 2696 1241 2731 ropiis
1263 2698 1315 2729 (sc.
1336 2698 1404 2722 4000
1424 2696 1592 2722 obsoniorum
1612 2696 1673 2728 etc.)
1691 2696 1806 2733 populus
1825 2698 1918 2724 anime-

1084 2743 1132 2764 tur.
1163 2737 1212 2764 Th.
1229 2739 1259 2764 C.
1280 2739 1350 2765 XIV.
1370 2741 1393 2765 4.
1414 2749 1434 2764 c.
1451 2740 1489 2763 10.
1510 2738 1530 2771 3.
1545 2740 1568 2764 5.
1589 2738 1621 2764 de
1639 2748 1707 2764 suar.
1746 2739 1861 2765 fiscales
1876 2750 1917 2766 co-

1082 2782 1139 2818 pias
1159 2780 1301 2808 laborasse.
1321 2782 1358 2807 Ib.
1376 2780 1434 2807 XV.
1456 2782 1477 2806 1.
1498 2790 1519 2806 c.
1535 2782 1558 2807 4.
1579 2781 1610 2807 dc
1624 2791 1684 2818 opp.
1698 2782 1759 2819 pub.
1780 2798 1812 2801 —
1831 2783 1862 2816 §-
1876 2784 1915 2809 —l-

1084 2825 1197 2857 Copia,
1223 2826 1240 2851 i.
1259 2835 1277 2850 e.
1299 2824 1493 2850 Substantia
1516 2825 1673 2851 banorum.
1710 2825 1753 2851 111.
1774 2826 1839 2852 (711.
1870 2824 1915 2850 Pe-

1085 2658 1156 2678 rator
1175 2653 1371 2680 condemnatus,
1401 2654 1431 2680 sr.
